4064 6274
344 446 478 510 1141

1666 454 2252 522 ANTHOLOGIUM.

3451 472 3601 538 1142-

402 573 499 637 5:.
540 572 630 625 Ἔν
652 571 733 638 οἷς
759 581 952 647 κρατεί
975 575 1144 646 ἔλεος,
1171 582 1264 637 καὶ
1290 584 1534 656 ἀλήθεια,
1563 588 1620 643 ἐν
1649 591 1861 656 ἐκείνοις

2082 578 2170 632 67.
2200 577 2259 632 1η
2295 579 2498 650 quibus
2528 591 2721 652 regnat
2773 582 3156 640 misericordia
3190 594 3248 640 et
3279 587 3503 652 veritas,
3536 591 3590 644 in

327 663 422 716 καί
443 665 552 717 πᾶν
597 667 650 719 εἴ
673 681 725 719 τι
753 667 1064 739 θεάρεστον.
1111 675 1174 728 Ἦ
1204 677 1304 746 μὲν
1333 679 1438 750 γὰρ
1466 681 1659 735 οὐδένα
1698 686 1896 753 κρίνει,

324 753 510 847 ἐλέους
551 757 750 825 χωρίς·
775 759 805 810 ὁ
833 761 887 814 δέ
920 763 1424 836 φιλανθρωπεύεται
1451 773 1508 824 ἐν
1538 773 1735 841 οὐδενὶ,
1766 777 1896 847 ἀλη-

322 843 474 907 θείας
503 848 682 911 ἐκτός.

392 935 493 1005 ξη’.
521 938 598 1008 τῇ
634 939 898 1011 ἁπλότητι
926 948 1302 1016 κερασάμενος
1337 951 1435 1022 τὴν
1463 955 1810 1024 ἐγκράτειαν,
1836 959 1893 1011 ἐν

317 1025 609 1095 περιλήψει
639 1030 843 1100 γενήσῃ
865 1032 962 1101 τῆς
989 1034 1195 1088 ἐκεῖθεν
1221 1040 1643 1113 μακαριότητος.

388 1117 488 1205 ξθ’.
526 1118 641 1172 Οὐκ
687 1119 806 1189 ὄψει
861 1123 1079 1187 πάντως
1110 1126 1178 1179 τὰ
1231 1129 1572 1200 πολεμοῦντά
1619 1150 1678 1187 σε
1717 1134 1886 1205 πάθη.

314 1206 366 1258 εἰ
391 1204 465 1275 μὴ
496 1207 762 1278 πρότερον
794 1209 891 1281 τὴν
921 1212 1042 1282 γῆν,
1067 1213 1123 1280 ἐξ
1147 1209 1214 1286 ἦς
1243 1219 1533 1288 ἐτρέφοντο
1560 1222 1725 1292 ἐάσῃς
1755 1224 1887 1291 ἀνή-

314 1313 492 1367 ροτον.

383 1394 444 1443 o'.
477 1389 540 1442 Οἰ
570 1389 670 1460 μὲν
698 1390 796 1460 τὴν
837 1392 932 1446 τοῦ
965 1393 1215 1464 σώματος
1239 1396 1373 1469 ὕλην
1397 1400 1556 1467 μόνον
1579 1404 1886 1477 ἐκκαθᾶραι

313 1478 643 1534 σπεύδουσιν
663 1497 677 1511 ·
707 1483 756 1534 οἰ
790 1482 846 1536 δὲ
888 1484 980 1537 καὶ
1021 1486 1120 1556 τῆς
1149 1486 1347 1558 ψυχῆς.
1379 1491 1443 1543 Οἰ
1481 1493 1579 1561 μὲν
1608 1494 1714 1564 γὰρ
1747 1495 1884 1565 πρὸς

312 1569 482 1639 μόνην
513 1570 612 1641 τὴν
646 1572 767 1625 κατ’
809 1573 1091 1643 ἐνέργειαν
1141 1578 1421 1648 ἁμαρτίαν
1457 1582 1609 1651 ἰσχὺν
1654 1582 1880 1637 ἔλαϐον·

305 1659 359 1712 οἰ
389 1660 445 1712 δὲ
480 1662 614 1730 πρὸς
645 1663 707 1716 τὺ
737 1663 926 1728 πάθος.
964 1666 1107 1738 Πρὸς
1159 1666 1216 1720 δὲ
1247 1668 1347 1740 τήν
1391 1673 1512 1724 κατ’
1559 1672 1878 1745 ἐπιθυμίαν,

305 1751 452 1804 πάνυ
480 1751 772 1822 ἐλάχιστοι.

386 1955 484 2012 οα’.
527 1959 668 2032 ’Υλη
702 1966 918 2036 πονηρὰ
953 1967 1240 2040 σώματος,
1272 1974 1567 2044 ἐμπάθεια·
1601 1978 1778 2050 ψυχῆς
1807 1979 1908 2047 δὲ..

2015 667 2098 721 eis
2121 667 2266 722 inest
2296 670 2565 741 quidquid
2587 672 2700 727 Deo
2739 672 2958 743 placet:
2984 673 3099 728 haec
3129 674 3278 730 enim
3311 676 3591 732 neminem

2007 762 2222 832 judicat
2245 763 2456 834 absque
2486 767 2870 822 misericordia
2897 807 2914 834 ,
2944 767 3036 822 illa
3065 782 3198 822 vero
3233 769 3443 824 nemini
3488 769 3590 825 be.-

2013 859 2217 915 nefacit
2248 860 2367 916 sine
2396 862 2631 932 justitia.

2083 950 2174 1006 68.
2210 951 2314 1019 Qui
2351 954 2693 1024 simplicitati
2737 955 2919 1026 jungit
2961 958 3404 1026 temperantiam,
3436 956 3587 1012 futu-

2013 1060 2128 1098 ram
2163 1046 2601 1116 comprehendet
2633 1047 2978 1104 felicitatem.

2079 1137 2170 1194 69.
2217 1138 2338 1194 Non
2376 1138 2532 1208 prius
2580 1140 2866 1208 passiones
2895 1156 3088 1197 omnes
3138 1140 3392 1198 succides
3423 1155 3587 1212 quam

2010 1238 2238 1296 terram,
2288 1230 2436 1287 unde
2505 1231 2616 1286 illis
2686 1233 3114 1300 incrementum,
3161 1234 3428 1290 inaratam
3495 1249 3584 1289 re-

2007 1320 2261 1390 liqueris.

2078 1412 2166 1469 70.
2199 1412 2432 1482 Quidam
2490 1429 2692 1485 corpus
2730 1415 3018 1482 duntaxat,
3059 1416 3290 1483 quidam
3337 1415 3583 1471 animam

2007 1515 2272 1576 praeterea
2301 1522 2606 1578 expurgare
2640 1508 2912 1564 laborant.
2941 1509 3048 1563 Alii
3079 1509 3354 1578 siquidem
3387 1511 3576 1564 adver-

2004 1613 2100 1654 sus
2131 1609 2417 1667 peccatum
2445 1601 2630 1671 Operis
2653 1601 3038 1656 tantummodo
3093 1601 3243 1656 vires
3297 1617 3365 1657 ac
3410 1601 3583 1656 robur

2004 1701 2358 1761 acceperunt,
2387 1693 2481 1746 alii
2508 1694 2640 1750 item
2678 1693 2942 1750 adversus
2976 1695 3450 1764 perturbationes,
3480 1695 3584 1750 ad-

2004 1799 2208 1839 versus
2232 1785 2589 1854 cupiditatem
2631 1801 2763 1841 vero
2798 1800 2896 1840 seu
2931 1786 3435 1857 concupiscentiam
3461 1787 3580 1842 lon-

1921 1925 1970 1984 Β
2001 1889 2066 1946 ge
2094 1875 2446 1943 paucissimi.

2068 1966 2158 2023 71.
2190 1966 2419 2022 Materia
2436 1967 2640 2024 vitiosa
2659 1971 2916 2040 corporis
2942 1979 3044 2026 est-
3063 1969 3322 2037 aﬂeetio;
3371 1969 3578 2026 animai

309 2047 638 2141 ἡδυπάθεια·
673 2057 1020 2126 προσπάθεια
1065 2059 1146 2125 δὲ,
1185 2061 1279 2116 τοῦ
1316 2065 1455 2129 νοός.
1487 2047 1861 2141 Κατηγορεττα

1994 2068 2205 2126 autem,
2236 2061 2535 2131 voluptas:
2559 2061 2792 2132 spiritus
2819 2061 3080 2134 denique,
3105 2063 3403 2134 cupiditas.
3431 2063 3578 2120 Can-

308 2140 368 2234 δέ
395 2142 495 2234 τῆς
525 2143 664 2234 μὲν,
698 2146 808 2218 ἁφή
831 2163 847 2178 ·
887 2148 988 2218 τῆς
1013 2149 1093 2216 δέ,
1130 2155 1186 2207 αἰ
1218 2155 1405 2209 λοιπαὶ
1441 2140 1725 2227 αἰσθήσεις
1745 2177 1760 2192 ·
1789 2164 1861 2234 τῆ

1994 2166 2056 2208 sa
2102 2153 2294 2222 prima;
2346 2161 2434 2208 est
2492 2161 2704 2221 tactas;
2766 2154 3046 2222 secundae,
3094 2155 3287 2212 σειοιὶ
3333 2170 3578 2220 sensus;

306 2229 368 2284 δὲ
394 2231 735 2299 τελευταίας,
777 2237 997 2293 ἐναντία
1028 2239 1289 2308 διάθεσις.

377 2319 476 2392 οβὀ
519 2322 578 2377 ’θ
606 2325 706 2394 μὲν
738 2327 1022 2400 ἡδυπαθὴς
1047 2331 1278 2404 πλησίον
1309 2337 1426 2389 ἐστὶ
1456 2337 1552 2391 τοῦ
1577 2339 1880 2409 ἐμπαθοῦς·

1993 2241 2221 2309 ultimae,
2257 2246 2538 2301 contraria
2559 2245 2892 2317 dispositio-

2063 2332 2155 2387 12.
2189 2333 2560 2404 Voluptuosus
2590 2336 2880 2406 proximus
2898 2336 3224 2406 estaﬂeelo,
3251 2345 3310 2394 et
3335 2338 3588 2409 cupidus.

305 2411 422 2504 bet
458 2415 780 2504 προσπαθὴς
808 2419 904 2472 τοῦ
952 2421 1257 2491 ήδυπαθοῦς
1279 2440 1293 2456 ·
1349 2431 1570 2499 μακρὰν
1608 2430 1665 2484 δὲ
1704 2433 1861 2504 ἀμφο

1994 2424 2326 2495 voluptuosa
2375 2427 2473 2483 sed
2506 2427 2668 2499 longe
2698 2439 2945 2486 remotus
2989 2430 3058 2486 ab
3089 2437 3326 2500 utroque
3359 2432 3572 2501 impas-

303 2500 480 2570 τέρων
510 2501 538 2554 ό
571 2503 808 2575 ἀπαθής.

371 2588 472 2656 στ’.
517 2593 806 2665 Ἐμπαθής
847 2597 1032 2664 ἐστιν,
1064 2601 1096 2653 ὁ
1129 2601 1191 2653 τὸ
1234 2603 1612 2676 ἁμαρτητικδν
1645 2609 1742 2663 τοῦ
1792 2611 1877 2665 λο-

301 2679 505 2749 γισμοῦ
567 2681 871 2756 βιαιότερον
919 2687 1090 2758 ἔχων,
1130 2690 1233 2744 κᾶν
1270 2693 1407 2756 τέως
1462 2695 1538 2767 μὴ
1583 2699 1871 2776 ἁμαρτάνῃ

302 2770 493 2862 ἐκτός·
529 2773 810 2862 ἡδυπαθὴς
840 2777 928 2843 δὲ,
959 2781 988 2832 ό
1010 2780 1111 2852 τὴν
1143 2782 1423 2853 ἐνέργειαν
1459 2788 1554 2857 τῆς
1597 2770 1872 2862 ἁμαρτίας

302 2859 441 2953 έχων
467 2861 561 2914 τοῦ
573 2863 873 2953 λογισμοῦ,
898 2870 1003 2923 κᾶν
1036 2872 1221 2943 πάσχῃ
1247 2874 1417 2937 ἐντός·
1448 2859 1766 2953 προσπαθῆς
1789 2884 1866 2951 δὲ,

297 2948 328 3001 ό
351 2951 418 3042 τῇ
440 2950 722 3024 ἐλευθερίᾳ
751 2955 949 3023 μᾶλλον
970 2957 1085 3028 ῆτῇ
1111 2960 1326 3032 δουλείᾳ
1349 2962 1458 3016 τῶν
1488 2967 1668 3036 μέσων
1696 2948 1866 3042 προσ-λ

297 3037 583 3108 κείμενος·
609 3042 826 3114 ἀπαθὴς
883 3046 929 3099 δ’
958 3047 1025 3100 ἂν
1049 3049 1156 3116 ατη,
1184 3051 1213 3103 ι
1256 3049 1470 3106 τούτων
1501 3037 1864 3136 πάντων-τήν

295 3127 558 3197 διαφορὰν
591 3132 817 3196 ἀγνοῶν.

363 3208 456 3263 οδν.
503 3209 821 3264 ’Δπόλλυται
853 3211 919 3264 ἐκ
949 3210 1130 3281 ψυχῆς
1163 3213 1440 3282 ἐμπάθεια
1490 3214 1611 3284 μὲν,
1652 3215 1740 3270 διὰ
1768 3233 1861 3288 νη-

297 3299 501 3364 στείας,
527 3300 622 3352 καὶ
648 3301 979 3372 προσευχῆς·
1007 3301 1306 3371 ἡδυπάθεια
1334 3305 1412 3368 δὲ,
1438 3305 1505 3360 δι’
1532 3305 1854 3375 ἀγρυπνίας,

294 3388 390 3441 καὶ
414 3389 642 3457 σιωπῆς·
669 3392 702 3459 ἡ
731 3389 786 3442 δὲ
809 3393 1174 3462 προσπάθεια,
1191 3395 1280 3448 διὰ
1299 3397 1546 3467 ἡσυχίας,
1572 3397 1663 3450 καὶ
1687 3412 1857 3468 προσ-

293 3478 447 3548 οχῆς·
473 3478 706 3533 ἀπάθεια
731 3480 788 3533 δὲ
824 3483 1136 3537 συνίσταται
1167 3487 1231 3538 ἐκ
1262 3489 1480 3558 μνήμης
1500 3487 1656 3541 Θεοῦ.

367 3596 457 3644 οῖ’.
492 3591 604 3662 Τῆς
645 3594 915 3658 ἀπαθείας
957 3596 1066 3650 ἀπὸ
1097 3597 1356 3667 χειλέων,
1398 3601 1598 3672 κηρεία
1646 3600 1860 3672 μέλιτος

291 3677 382 3735 οἷα
439 3681 584 3751 λόγοι
613 3684 715 3754 τῆς
751 3687 972 3740 αἰωνίου
1015 3686 1162 3757 ζωῆς
1197 3691 1586 3755 ἀποστάζουσι.
1633 3693 1728 3757 Τίς
1765 3691 1858 3749 οὖν

288 3770 546 3843 ἀξιωθείη
571 3777 681 3837 τοῖς
703 3776 936 3845 χείλεσιν
967 3777 1180 3848 ἐκείνης
1209 3781 1484 3850 προσάψαι
1506 3782 1576 3835 τὰ
1605 3783 1729 3836 raw
1763 3785 1858 3837 καὶ

293 3863 537 3929 μασθοὺς
593 3864 868 3930 ἀναμέσον
921 3867 1092 3934 αὐτῆς
1141 3867 1479 3937 αὐλισθῆναι,
1536 3870 1632 3923 καὶ
1684 3873 1857 3941 ὀσμῆς

1989 2515 2178 2573 sibilis-

2063 2608 2150 2663 '23.
2197 2610 2482 2682 Ἑμπαθὴς
2529 2621 2636 2678 est,
2668 2612 2729 2668 in
2755 2630 2868 2684 quo
2892 2614 2975 2671 vis
3016 2615 3280 2686 peccandi
3311 2615 3370 2670 in
3397 2615 3580 2670 ratio-

1988 2716 2116 2756 nem
2145 2701 2489 2769 dominatur,
2549 2706 2655 2760 etsi
2691 2704 2904 2762 interea
2947 2706 3082 2762 loris
3117 2722 3230 2763 non
3267 2716 3530 2777 peccetur
3551 2723 3582 2774 ;

1987 2791 2297 2864 ἡδυπαθὴς.
2361 2796 2416 2850 in
2446 2812 2558 2867 quo
2581 2799 2876 2855 efﬁcientia
2905 2801 3116 2871 peccati
3167 2801 3380 2858 ratione
3415 2801 3582 2857 inﬁr-

1989 2882 2135 2938 mior
2159 2894 2272 2949 est,
2297 2885 2430 2942 licet
2461 2887 2609 2945 intus
2641 2888 2910 2945 adiciatur
2941 2908 2958 2958 ;
2989 2893 3337 2964 προσπαθὴς,
3386 2892 3479 2963 qui
3503 2892 3568 2947 li-

1988 2973 2193 3033 bertati
2227 2991 2326 3033 seu
2349 2981 2537 3049 potius
2595 2983 2848 3038 servituti
2920 2985 3230 3041 mediorum
3280 2986 3567 3054 adhaaret;

1988 3066 2230 3140 ἀπαθὴς,
2259 3070 2357 3140 qui
2384 3071 2586 3127 horum
2619 3076 2869 3130 omnium
2893 3075 3195 3134 discrimen
3215 3078 3466 3150 ignorat.

2058 3212 2150 3269 74.
2187 3211 2273 3269 Ab
2298 3213 2481 3270 anima
2508 3217 2848 3288 exstirpatnr
2880 3219 3100 3278 all‘eetio
3146 3239 3246 3294 per
3287 3225 3587 3298 jejpnium,

1983 3314 2042 3363 et
2077 3307 2408 3374 orationem,
2439 3309 2696 3381 voluptas
2730 3327 2828 3382 per
2885 3315 3128 3386 vigiliam
3155 3327 3210 3374 et
3254 3319 3566 3388 silentium,

1982 3411 2039 3456 et
2071 3401 2348 3471 cupiditas
2380 3417 2483 3473 per
2508 3404 2752 3475 quietem
2775 3415 2833 3461 et
2857 3408 3216 3466 attentionem
3239 3429 3278 3478 ;,
3313 3411 3559 3484 impassi:

1981 3493 2166 3550 bilitas
2201 3509 2336 3550 vero
2382 3497 2738 3553 constituitur
2768 3515 2868 3570 per
2899 3501 2998 3556 Dei
3035 3506 3396 3562 memoriam..

2050 3610 2140 3666 75.
2168 3611 2254 3666 Ab
2281 3610 2740 3681 impassibilitatis
2761 3615 2924 3672 labiis
2956 3617 3220 3675 utafavus.
3258 3624 3436 3680 mellis
3473 3624 3585 3681 di--

1979 3702 2198 3756 stillant
2225 3702 2394 3757 verba
2429 3704 2812 3762 vinumet-nae.
2841 3708 2998 3774 Quis
3023 3712 3191 3783 igitur
3221 3714 3420 3786 dignus
3451 3717 3555 3773 ha-

1977 3792 2201 3848 bebitur
2233 3795 2326 3863 qui
2359 3795 2521 3852 labiis
2563 3796 2710 3852 illius
2736 3801 2956 3870 propria
2988 3804 3295 3872 tigatlabia,
3323 3819 3380 3863 et
3408 3809 3564 3865 inter

1973 3886 2101 3957 ejns
2138 3885 2309 3941 ubera
2365 3888 2699 3957 requiescat,
2735 3906 3043 3963 suavesque
3093 3897 3569 3956 vestimentorum-

287 3952 473 4019 ἡδείας
507 3953 830 4020 μεταλαὸεἰν
865 3957 1096 4024 ἱματίων
1124 3959 1336 4026 ἐκείνης
1354 3975 1368 3989 ·
1400 3960 1645 4012 τουτέστι
1674 3962 1861 4030 νόμοις

1999 3952 2156 4048 psius
2185 3979 2394 4049 aspiret
2422 3952 2650 4050 odores,
2707 3985 2762 4040 id
2815 3995 2921 4053 est,
2952 3952 3195 4058 llegibus
3242 3991 3564 4048 delectetur

287 4044 642 4114 ἐνηδυνθῆναι
671 4049 776 4099 τῶν
800 4047 1032 4115 ἀρετῶν.
1065 4050 1172 4101 τῶν
1205 4050 1343 4120 ὑπὲρ
1374 4052 1570 4116 πάντα,
1605 4055 1754 4123 φησὶ,
1788 4054 1861 4106 τὰ.

1994 4071 2264 4137 virtutum,
2303 4075 2632 4142 quaeomnia
2666 4089 2932 4146 superant
2961 4091 3209 4138 aromata
3266 4084 3548 4141 sensibilis

287 4135 557 4206 ἀρώματα
584 4135 753 4191 ὄντων
783 4137 884 4208 τῆς
922 4138 1242 4210 αἰσθητικῆς
1269 4141 1630 4211 διαγνώσεως.
1970 4135 2363 4233 ρενοθριίονηίέδ

356 4249 462 4313 ος’.
506 4249 706 4316 Γυμνοί
741 4250 834 4304 τοῦ
865 4253 963 4322 μέν
989 4253 1085 4322 τῆς
1134 4253 1418 4322 φιλαυτίας
1446 4256 1690 4326 χιτῶνος,
1725 4258 1860 4320 ἴσως

2037 4255 2126 4311 76.
2173 4255 2376 4312 Nudati
2431 4258 2765 4316 vestimento
2821 4264 3030 4333 proprii
3089 4266 3295 4320 amoris
3335 4267 3571 4320 .forsan-

287 4337 508 4391 πολλοί·
542 4340 712 4408 ὀλίγοι
746 4341 804 4395 δὲ
835 4343 930 4395 τοῦ
965 4344 1062 4413 τῆς
1093 4345 1449 4416 φιλοκοσμίας
1492 4347 1599 4400 εἰσί
1621 4363 1636 4378 ·
1671 4347 1764 4400 τοῦ
1795 4348 1852 4400 δέ

1994 4347 2124 4402 inulti
2160 4357 2326 4415 sunt;
2358 4353 2568 4407 amoris
2601 4367 2734 4406 vero
2756 4353 2969 4419 mundi,
3001 4355 3361 4422 paucissimi;
3395 4355 3566 4410 inani.

283 4428 384 4496 τῆς
411 4430 736 4498 κενοδοξίας,
767 4433 824 4495 ὃς
850 4435 943 4487 καὶ
975 4434 1202 4505 ἔσχατος
1226 4437 1462 4504 λέγεται,
1503 4439 1741 4509 γυμνοὺς
1765 4439 1856 4492 εὑ-

1999 4451 2148 4498 utem
2181 4443 2355 4513 gloria
2385 4453 2616 4500 exutum
2649 4445 2897 4500 invenies
2923 4447 3174 4515 quemvis
3228 4446 3551 4516 impassibi-

285 4519 470 4584 ρήσεις
503 4521 628 4582 τοὺς
661 4522 906 4587 ἀπαθεῖς.

1994 4549 2090 4598 am,
2127 4534 2280 4589 illum
2307 4534 2476 4591 etiam
2510 4537 2606 4605 qui
2641 4535 2845 4591 dicitur
2891 4545 3190 4593 extremus.

348 4626 446 4689 σε’.
473 4629 578 4681 Τοῦ
615 4631 715 4699 μὲν
742 4634 1018 4702 ὁρωμένου
1075 4636 1350 4702 σώματος,
1381 4637 1529 4688 πᾶσα
1575 4637 1719 4706 ψυχὴ
1747 4655 1846 4706 γυι-

2036 4628 2123 4682 77.
2162 4627 2379 4684 Visibili
2403 4629 2626 4700 quidem
2668 4643 2901 4702 corpore
2948 4622 3129 4685 omnis
3164 4631 3344 4686 anima
3376 4646 3565 4688 exue.-

283 4716 646 4804 μνωθήσεται·
684 4721 778 4775 τοῦ
827 4725 883 4777 δέ
913 4727 1009 4794 τῆς
1040 4729 1350 4800 ἁμαρτίας,
1385 4735 1416 4804 ἡ
1455 4735 1556 4804 τῆς
1605 4740 1838 4799 ἐνταῦθα

1994 4738 2085 4788 ur;
2111 4736 2354 4790 corpore
2383 4731 2568 4776 autem
2605 4721 2837 4791 peccati,
2865 4737 2930 4776 ea
2968 4729 3179 4777 tantum
3242 4737 3364 4791 qua:
3418 4723 3560 4778 vita:

279 4803 421 4876 ζωῆς
441 4807 621 4877 ὀλίγον
647 4813 756 4866 τῶν
790 4815 959 4884 ἡδέων
990 4803 1520 4887 προσαπολαύσασα.

1994 4812 2244 4868 msentis
2274 4812 2655 4882 voluptatibus
2699 4827 2892 4882 parum
2937 4812 3214 4870 indulsit..

345 4903 446 4966 οη’.
491 4900 693 4971 Νεκροὶ
727 4903 826 4972 μὲν
867 4907 928 4959 ἐκ
967 4908 1204 4970 ζώντων,
1242 4912 1438 4977 πάντες
1489 4915 1833 4989 ὀφθήσονται.

272 4983 727 5059 Νεκρωθήσονται
772 4996 829 5048 δὲ
869 4999 965 5068 τῆς
997 5001 1304 5074 ἁμαρτίας,
1339 5003 1488 5073 μόνοι
1521 4983 1568 5062 οἱ
1603 4983 1666 5064 ἐκ
1714 5014 1833 5068 δια-

270 5074 472 5142 θέσεως
501 5080 705 5150 ταύτην
741 5087 1091 5155 μισήσαντες.

335 5163 432 5220 σθ’.
466 5168 558 5229 Τίς
587 5171 778 5224 ἐαυτὸν
803 5175 908 5244 πρὸ
929 5177 1022 5230 τοῦ
1055 5181 1232 5236 κοινοῦ
1258 5184 1488 5242 θανάτου
1518 5192 1612 5244 τοῦ
1644 5192 1831 5263 σώμα-

260 5269 352 5316 τος
377 5255 460 5328 ἴδῃ
481 5259 582 5323 τῆς
604 5261 875 5332 ἁμαρτίας
893 5269 1099 5336 γυμνόν
1120 5289 1134 5336 ;
1168 5275 1264 5327 καὶ
1288 5277 1372 5341 τίς
1401 5281 1429 5332 ό
1456 5282 1616 5347 γνοὺς
1641 5255 1831 5338 ἐαῦτόν

257 5361 317 5396 τε
346 5347 440 5399 καὶ
606 5351 740 5404 ἰδίαν
767 5355 950 5423 φύσιν,
984 5361 1142 5415 ὁποία
1169 5365 1286 5420 ἐστὶ
1346 5371 1451 5439 πρὸ
1473 5371 1577 5442 τῆς
1602 5375 1829 5444 μελλοῦς
1853 5413 1855 5415 ι

257 5449 356 5502 σης
389 5437 719 5503 γυμνώσεως
740 5457 754 5504 ;

399 5551 616 5638 Ξτρχῂν
643 5554 811 5638 ἔρωτι
849 5563 1122 5638 sev/(gem?)
1136 5570 1538 5638 τετρωμένην,

392 5621 477 5671 Εὐ
482 5638 516 5686 χ
527 5622 559 5688 ὴ
570 5625 917 5680 συνάπτειν
932 5621 1102 5684 piam;
1124 5621 1514 5708 ὦδένιῖμρί

323 5707 540 5810 π’.-Τοῦ
564 5713 825 5785 αἰσθητοῦ
859 5736 950 5784 τε,
987 5726 1082 5776 καὶ
1111 5727 1296 5796 νοεροῦ
1348 5731 1525 5796 φωτὸς
1568 5735 1600 5803 ἡ
1628 5735 1824 5810 λογικὴ-

243 5799 305 5851 iv
339 5799 828 5897 pseopitp‘xstpévq
865 5810 1032 5884 ψυχὴ,
1059 5814 1147 5868 διὰ
1178 5817 1280 5886 μὲν
1307 5819 1498 5874 τούτου
1525 5799 1620 5877 καὶ
1651 5799 1820 5897 πράτί

242 5905 359 5942 τειν
400 5891 470 5945 τὰ
515 5893 604 5946 τοῦ
639 5897 887 5966 σώματος
931 5903 1249 5975 ἐπετράπη·
1287 5908 1353 5960 δι’
1395 5911 1603 5966 ἐκείνου
1628 5891 1708 5976 δὲξ
1747 5919 1816 5974 τὰ

2029 4905 2118 4960 78.
2154 4905 2359 4960 Mortui
2407 4905 2647 4960 exvivis
2665 4919 2862 4959 omnes
2908 4905 3074 4972 ﬁent;
3101 4919 3328 4976 peccato
3352 4923 3558 4969 autem-

1956 4997 1993 5051 ii
2033 5002 2250 5052 tantum
2309 4998 2613 5053 morientur
2652 4997 2745 5066 qui
2808 4997 2951 5052 istud
2979 5003 3270 5058 ex..corde
3330 5004 3563 5061 fuerinv

1951 5091 2234 5147 detestati.

2019 5183 2109 5237 79.
2171 5183 2602 5254 Quisseipsum
2660 5192 2789 5239 ante
2842 5199 3192 5241 communem
3279 5191 3552 5258 corporis.

1950 5285 2190 5332 mortem
2227 5284 2456 5347 peccato
2506 5284 2733 5332 exutum
2777 5277 3027 5333 videbit?
3054 5273 3189 5345 Quis
3237 5295 3552 5352 cognoscetis

1947 5369 2197 5441 seipSum
2245 5384 2512 5440 suamque
2550 5380 2802 5426 naturam
2850 5372 3029 5443 qualis
3076 5373 3168 5436 sit.
3211 5380 3342 5427 ante
3380 5373 3550 5429 futu-t

1948 5481 2071 5522 ram
2099 5465 2453 5521 nudationem
2479 5465 2512 5517 i

2163 5560 2412 5631 Animam
2439 5574 2621 5631 amore
2666 5557 2854 5631 εροηεὶ
2881 5559 3216 5631 vulneratam
3250 5591 3252 5593 ›

2163 5629 2348 5685 Oratio
2380 5646 2499 5683 cum
2523 5629 2726 5698 Sponsa
2753 5632 3054 5684 consociare
3084 5629 3236 5684 solet.

2019 5724 2108 5782 8t}.
2131 5723 2343 5778 Animae
2373 5723 2649 5789 rationali,
2717 5723 2992 5780 sensibile.
3033 5723 3398 5794 acspirituale
3435 5728 3542 5783 lu-.

1949 5833 2072 5873 men
2105 5817 2478 5887 interjacenti,
2518 5815 2684 5885 hujus
2721 5830 2825 5884 ope
2859 5816 2947 5870 vel
2970 5815 3300 5887 corporalia,
3333 5829 3392 5873 et
3418 5834 3541 5890 cpe-

1949 5912 2094 5970 illius
2121 5911 2287 5967 etiam
2319 5909 2621 5978 spiritualia
2650 5907 2885 5966 faciendi
2911 5925 3044 5967 cura
3073 5907 3176 5964 fuit
3199 5912 3548 5969 commissam.
