4064 6274
551 437 689 506 ῙῙΠ
1941 429 2138 489 ELUE

2198 429 2428 490 ECDlCl
3701 435 3803 503 1148

547 549 889 620 compositis,
915 555 971 603 et
995 546 1063 601 de
1125 543 1385 599 felicitate
1427 557 1649 597 omnem
1705 541 2122 614 intelligentiam

2246 538 2540 607 λογισμῶν,
2579 542 2672 594 καὶ
2699 543 2765 596 τὰ
2792 545 2917 614 περὶ
2946 545 3046 616 τῆς
3076 545 3252 602 πάντα
3280 549 3422 604 νοῦν
3441 551 3808 626 ὑπερεχούσης

548 651 844 713 superante
867 638 1184 701 meditatur,
1217 645 1273 689 et
1297 635 1423 690 inde
1461 635 1617 704 quasi
1660 635 1846 690 divina
1887 635 2122 705 quadam

2246 627 2698 701 διασκεπτόμενος
2727 635 2822 687 καί
2851 652 2993 700 τινος
3032 639 3241 693 ἐκεῖθεν
3283 639 3631 712 θεοφανείας
3671 663 3805 701 κατα-

548 733 890 804 apparitionc
934 731 1259 784 honoratur.

941 731 1259 784 honoratur.
2246 718 2546 789 ξιούμενος.

627 824 744 880 105.
776 823 911 878 Cum
944 822 1013 875 ab
1040 819 1283 875 externis
1309 818 1492 873 anima
1524 833 1644 874 sese
1705 833 1934 872 vacuam
1987 831 2131 886 pra:—

2317 812 2413 884 ρε’,
2459 815 2686 870 Ὀπόταν
2714 818 2820 872 ἀπὸ
2857 818 2966 875 τῶν
3009 821 3207 888 ἔξωθεν
3255 827 3591 897 σχολάσασα
3624 834 3658 900 ἡ
3693 833 3813 903 ψυχὴ

550 915 772 980 stiterit,
805 923 917 967 tum
948 928 1070 968 σου]
1117 911 1334 966 flamma
1368 911 1618 981 quaedam
1673 911 1917 980 undique
1969 925 2126 964 com-

2247 904 2488 976 συναφθῇ
2518 908 2582 976 τῇ
2611 908 2764 978 εὐχῇ,
2795 908 2916 962 τότε
2943 904 3034 963 οἷά
3068 928 3153 976 τις
3184 912 3312 982 φλὸξ
3356 918 3814 986 περικυκλὼσασσ

551 1009 704 1076 plexa
735 1003 1165 1076 quodammodo,
1198 1019 1299 1059 ceu
1330 1005 1471 1075 ignis
1511 1003 1744 1069 ferrum,
1776 1011 1947 1058 totam
2002 1015 2133 1059 ean-

2241 994 2444 1064 ταύτην
2473 997 2653 1068 ἐκείνη
2677 1038 2692 1062 ,
2727 997 2944 1069 σίδηρον
2989 1000 3240 1074 καθάπερ
3290 1005 3356 1058 τδ
3403 1007 3551 1079 πῦρ,
3588 1027 3813 1080 πεπυρα-

549 1102 771 1157 dcntem
828 1100 1028 1162 etlieit;
1090 1107 1146 1153 et
1198 1113 1324 1152 cum
1372 1098 1444 1152 sit
1484 1098 1668 1151 anima
1723 1097 1943 1163 eadem,
2019 1113 2130 1152 non

2239 1084 2525 1155 κτωμένην
2561 1085 2690 1156 ὃλην
2734 1089 3076 1159 καθίστησιν.
3118 1093 3228 1146 Καὶ
3276 1095 3398 1149 ἔστι
3453 1098 3611 1169 ψυχὴ
3663 1099 3811 1171 μὲνή

551 1203 734 1248 tamen
767 1201 848 1247 est
881 1189 1312 1254 contrectabilis,
1346 1197 1408 1244 ut
1431 1205 1610 1260 neque
1641 1189 1848 1244 ferrum
1898 1190 2129 1261 ignitum

2239 1174 2398 1245 αὐτὴ,
2429 1175 2528 1228 οὐκ
2559 1177 2638 1231 ἔτι
2667 1179 2723 1232 δὲ
2763 1182 2855 1234 καλ⁸
2883 1183 3048 1253 ἁπτή⁶
3088 1186 3205 1240 οὐδὲ
3233 1189 3343 1260 γὰρ
3379 1193 3412 1246 6
3445 1195 3815 1264 πυρακτωθεὶς

551 1287 806 1340 manibus
852 1284 1090 1354 contingi
1139 1291 1341 1354 potest.

2243 1265 2478 1336 σίδηρος,
2510 1272 2627 1332 ταῖς
2660 1269 2857 1334 ἔξωθεν
2886 1275 3143 1343 ἐπαφαῖς.

626 1377 746 1430 106.
773 1377 977 1430 Beatus
1003 1376 1098 1444 qui
1127 1376 1181 1428 in
1213 1375 1317 1429 hac
1344 1375 1455 1430 vita
1484 1375 1609 1431 talis
1637 1374 1877 1446 spectari
1903 1373 2128 1438 meruit,

2248 1446 2259 1448 _
2278 1365 2423 1448 ᾲρςη
2454 1361 2735 1430 Μακάριος
2764 1365 2792 1416 6
2824 1365 2880 1416 ὲν
2910 1366 2988 1436 τῷ
3029 1367 3128 1438 βίῳ
3154 1371 3326 1440 τούτῳ
3371 1373 3590 1428 οὑτωσὶ
3628 1377 3813 1448 θεωρη-

546 1480 604 1524 et
637 1470 992 1524 simulacrum
1035 1483 1196 1522 suum
1232 1467 1364 1538 (hoc
1405 1476 1491 1523 est
1534 1467 1772 1521 animam
1809 1467 1904 1522 Dei
1935 1467 2130 1536 imagi-

2239 1445 2398 1515 θῆναι
2448 1449 2839 1516 καταξιωθεὶς,
2881 1455 3104 1509 καὶτὸν
3155 1459 3319 1512 αὑτοῦ
3379 1461 3556 1532 φύσει
3612 1445 3812 1537 πήλιῶ

550 1563 720 1634 nem),
757 1571 948 1617 natura
988 1563 1136 1616 velut
1163 1562 1397 1626 luteum,
1437 1562 1614 1633 gratia
1645 1562 1868 1633 igneum
1896 1561 2127 1632 aspexit.

1692 1577 1868 1627 meum
1896 1561 2127 1632 aspexi.”
2238 1537 2546 1634 ἀνδριάηζτα,
2581 1544 2761 1613 χάριτι
2790 1545 3014 1616 πύρινον
3047 1549 3297 1606 κατιδών.

623 1629 746 1710 167.
784 1657 1018 1711 Novitiis
1047 1657 1230 1711 adhuc
1254 1671 1354 1711 seu
1388 1629 1769 1712 tiroriibuslex
1789 1629 1981 1710 orandi
2014 1665 2132 1708 tan.

2312 1629 2411 1698 ρξ’.
2434 1632 2557 1695 Τοῖς
2586 1635 2682 1702 μὲν
2705 1637 3100 1706 εἰσαγομένοις,
3125 1639 3294 1710 βαρὺς
3324 1639 3418 1697 οἷά
3445 1663 3538 1709 τις
3565 1647 3808 1718 δεσπότης

549 1767 714 1820 quam
745 1751 1010 1805 molestus
1031 1749 1232 1819 aliquis
1252 1757 1308 1803 et
1333 1763 1587 1804 morosus
1610 1748 1870 1804 dominus
1891 1748 2130 1817 imponi-

2237 1722 2265 1820 δ
2297 1723 2458 1790 νόμος
2496 1725 2766 1779 ἐπίκειται
2794 1729 2890 1797 τῆς
2925 1730 3109 1801 εὐχῆς
3140 1735 3252 1794 τοῖς
3281 1737 3612 1806 προκόψασι
3645 1741 3715 1793 δὲ.
3744 1743 3805 1805 ὡς

552 1849 670 1904 tur;
697 1838 1145 1908 provectioribus
1163 1846 1346 1892 autem
1369 1846 1457 1894 est
1481 1854 1657 1904 amor,
1684 1854 1794 1908 quo
1819 1837 2131 1893 esurientes

2212 1863 2215 1865 _
2236 1813 2394 1882 ἔρως,
2419 1818 2446 1869 6
2469 1816 2806 1872 συνελαύνων
2828 1821 3095 1875 πεινῶντα
3113 1823 3366 1896 καθάπερ
3393 1828 3670 1900 πολυτελῆ
3694 1832 3803 1902 πρὸς

550 1907 711 1983 velut
730 1929 796 1984 ad
833 1930 1150 1984 convivium
1176 1937 1564 1999 sumptuosum
1593 1930 2022 1999 compelluntur.

890 1930 1150 1984 mvivium
1176 1937 1564 1999 sumptuosum
1593 1930 2022 1999 compelluntur.
2165 1937 2207 1990 Β
2236 1907 2495 1962 έστίασινο

623 2021 746 2077 108.
781 2021 885 2088 Qui
946 2022 1118 2092 probe
1169 2023 1226 2077 in
1257 2023 1374 2078 vita
1431 2023 1610 2079 activa
1659 2031 1978 2091 versantur,
2035 2038 2137 2079 eos

2309 2004 2411 2092 pn'.
2444 1999 2575 2092 ,Τοῖς
2621 1999 2804 2062 καλῶς
2859 2004 3278 2074 μετερχομένοις
3312 2007 3420 2079 τὴν
3463 2011 3795 2081 πρακτικὴν,

552 2111 732 2167 oratio
759 2091 1063 2178 interdum,
1125 2121 1187 2168 ut
1234 2113 1416 2169 nubes
1473 2113 1843 2182 obumbrans,
1909 2123 2138 2171 urentes

2232 2091 2365 2145 ποτὲ
2399 2091 2498 2175 μὶν
2519 2094 2552 2164 ἡ
2575 2092 2706 2164 εὐχὴ
2735 2093 2931 2164 νεφέλη
2960 2096 3212 2168 καθάπερ
3236 2099 3664 2167 ἐπισκιάζουσα,
3692 2105 3794 2165 τοὺς

550 2204 948 2276 cogitationum
997 2203 1187 2261 radios
1236 2204 1308 2260 ab
1373 2204 1482 2262 illis
1539 2215 1692 2263 arcet
1731 2222 1800 2264 ac
1849 2204 2132 2264 defendit:

2231 2183 2851 2276 xeuﬂtxobc_dmipyst
2889 2184 2948 2252 ἐξ
2992 2186 3173 2241 αὐτῶν
3219 2189 3567 2262 λογισμούς·
3603 2195 3723 2248 ποτὲ
3747 2194 3793 2247 ἃ

552 2267 832 2352 interdum
861 2297 1224 2368 lacrymarum
1253 2299 1410 2368 quasi
1444 2299 1742 2357 stillicidiis
1771 2315 1870 2357 eos
1901 2299 2134 2372 perfun-

2233 2271 2499 2339 στατόνας
2531 2267 2620 2327 οἷα
2662 2271 2915 2344 δακρύων
2957 2275 3180 2339 τούτους
3215 2277 3673 2348 ἑπιψεκάξουσα,
3699 2281 3789 2333 δεῖ·

551 2389 654 2454 dit,
686 2405 752 2444 ac
777 2363 1089 2460 spiritualia
1113 2407 1237 2462 quae
1271 2363 1726 2464 contemplemur
1763 2363 2130 2450 demonstrat.

1635 2401 1726 2450 tur
1763 2363 2130 2450 demonstrat.
2231 2379 2390 2475 κνῗξξ
2418 2363 2859 2475 τξξπξξνευξσξτξξὰ
2887 2366 3240 2475 θεωρήιίοξταο

621 2453 748 2537 109.
782 2453 983 2537 έυονίε
1001 2453 1224 2552 quidem
1256 2453 1567 2554 reperietur
1598 2499 1772 2540 sonus
1812 2483 1882 2540 ab
1944 2484 2133 2554 aliquo

2302 2453 2403 2522 ρθ’.
2445 2455 2574 2509 Ἥδὺ
2627 2457 2724 2525 μὲν
2766 2457 2981 2527 ἥδυσμα
3033 2461 3264 2532 κιθάρας
3317 2460 3424 2531 τῆς
3476 2462 3786 2534 κρουομένης

549 2572 862 2628 forinsecus
915 2573 1180 2643 pulsatae;
1215 2576 1399 2632 anima
1438 2592 1592 2642 vero,
1637 2592 1750 2632 non
1791 2585 2133 2632 consonante

2233 2545 2339 2598 ὑπό
2355 2563 2498 2605 τινος
2524 2545 2721 2610 ἔξωθεν
2751 2547 3104 2619 εὑρεθήσεται
3124 2569 3135 2583 ·
3167 2551 3312 2623 ψυχὴ
3332 2552 3412 2617 δὲ,
3446 2553 3522 2621 μὴ
3554 2550 3783 2622 συνηχού-

2235 2652 2333 2662 ...-
2368 2635 2501 2662 ...ε-ι
2537 2635 2595 2662 ι...
2640 2637 2764 2662 -.ιηα
2804 2639 2900 2662 -g-
2927 2639 2983 2662 ι-.
3339 2660 3367 2662 η
3400 2643 3610 2662 ad},
3648 2657 3761 2662 ____

547 2669 656 2724 sibi
689 2671 831 2726 intra
861 2671 1169 2728 orationem
1220 2676 1450 2745 mystica
1477 2674 1720 2745 Spiritus
1766 2673 2130 2740 allocutione,

2233 2652 2333 2706 σης
2365 2637 2503 2706 αὐτῇ
2535 2637 2595 2689 ὲν
2638 2637 2768 2708 εὐχῇ
2803 2639 2900 2706 τῆς
2925 2639 2984 2692 ὲν
3034 2641 3304 2710 πνεύματι
3335 2643 3614 2712 μυστικῆς
3643 2657 3779 2710 προσ-

548 2771 793 2818 sanctam
823 2764 1030 2820 sentire
1055 2767 1248 2837 nequit
1279 2729 1794 2839 compun-ctionem.
1828 2768 1956 2826 Hac
1980 2769 2129 2825 enim

2236 2729 2560 2796 φωνήσεως,
2611 2730 3008 2794 εὐκατάνυκτος
3060 2733 3122 2785 οὺ
3163 2735 3373 2802 πέφυκε
3431 2734 3693 2804 γενεσθαι.
3723 2730 3781 2784 Τδ

2232 2816 2334 2839 -,l__
2410 2819 2508 2839 _'I'I!
2545 2836 2695 2839 ,,-,__
2743 2819 2794 2839 ΡΙ
2875 2821 2900 2839 Λ
3047 2824 3206 2839 Α...»
3307 2825 3324 2839 Δ
3436 2825 3485 2839 .-
3760 2821 3772 2839 ι

559 2816 569 2818 -
781 2816 789 2817 ,
1055 2816 1246 2837 --Ἴ-η
1289 2816 1794 2839 ___-,_---------_--
1829 2816 1956 2826 η..-
1983 2816 2129 2825 --..-..

549 2856 740 2920 verba,
777 2874 797 2908 ι
863 2857 1009 2925 Quid
1054 2873 1278 2917 oremus
1343 2861 1488 2918 sicut
1517 2870 1738 2932 oportet
1771 2862 2072 2929 nescimus,
2104 2881 2125 2916 ι

549 2947 615 2977 ‘1‘
644 2949 750 2977 LA‘
781 2948 1047 2977 ξεν-,Ι-ιΑ---ιι
1074 2962 1316 2977 Αμ-Δριμ

2232 2816 2358 2886 γὰρ,
2401 2837 2421 2870 ‹
2443 2819 2508 2871 Τί
2533 2819 2940 2890 προσευξόμεθα
2971 2824 3105 2876 καθὸ
3125 2824 3226 2888 δεῖ,
3271 2825 3372 2878 οὐκ
3401 2825 3643 2897 οἴδαμεν,
3666 2843 3684 2876 ι
3702 2821 3777 2876 καὶ

2231 2909 2299 2963 τὰ
2337 2909 2481 2977 ἑξῆς,
2514 2911 2594 2974 εἰς
2623 2911 2779 2965 τοῦτο
2808 2913 2993 2977 ἐνάγει
3019 2915 3110 2966 τὸν
3131 2917 3588 2977 προσευχόμενον.

547 2947 616 3004 ad
644 2949 750 3006 hoc
781 2948 1050 3008 inducunt
1070 2962 1340 3009 orantem.
1554 2930 1570 2932 ⁷

2231 2930 2299 2963 τα
2337 2930 2481 2977 εςης,
2514 2930 2594 2974 εις
2623 2930 2779 2965 τουτο
2808 2930 2993 2980 εναγει
3019 2930 3110 2966 τον
3131 2930 3587 2988 προσευχομενον.

3334 3120 3768 3142 ωη-ῌ

1501 3279 1732 3364 ΤΟΥ
1805 3278 2188 3368 ΑΥΤΟΥ
2261 3279 2858 3366 ΓΝΩΣΤΙΚΑ.

1254 3453 1562 3517 Φωτίζεται
1593 3458 1738 3524 νοῦς
1767 3458 2112 3529 πωστικῆς
2138 3462 2387 3529 θεωρίας

1251 3553 1408 3620 Πρὸς
1431 3554 1592 3623 ὕψος
1617 3556 1837 3623 ἀρθεὶς,
1879 3556 2004 3623 τοῖς
2033 3557 2086 3611 δ’
2114 3557 2467 3626 ἐπεντυχὼν
2489 3560 2694 3630 λόγοις
2711 3575 2728 3591 ο

1255 3646 1592 3716 Σκοτίζεται
1621 3651 1676 3703 δ’
1708 3647 1810 3716 αὖ,
1839 3653 2199 3722 ἐγκλυσθεὶς
2230 3657 2319 3720 εις
2346 3653 2560 3720 πάθος.

1140 3905 1676 4078 ΕᾶυέΒΕΜ
1758 3986 2384 4080 GNOSTICJE
2457 3989 2745 4082 SEN'I

1611 3989 1676 4076 M
1758 3986 2384 4080 GNOSTICJE
2457 3989 3216 4082 SENTENTUE.

1253 4177 1606 4234 Illuminatur
1639 4180 1849 4234 animus
1882 4181 1952 4233 ad
1977 4181 2226 4252 gnostictz
2260 4180 2472 4236 theoria:

1260 4273 1555 4344 Fastigium
1586 4275 1840 4340 elevatus,
1875 4285 1923 4329 et
1957 4278 2187 4330 rationes
2222 4292 2400 4329 rerum
2434 4276 2657 4344 detegit;

1252 4363 1451 4421 Recidit
1485 4382 1604 4420 vero
1634 4369 1688 4419 in
1720 4365 2023 4436 caliginem,
2056 4368 2101 4421 si
2133 4367 2473 4436 demergatur
2496 4367 2550 4418 in
2579 4367 2917 4437 cupiditates.

619 4689 668 4739 l.
714 4685 865 4740 Scire
902 4687 1066 4742 debet
1088 4690 1368 4758 gnosticus
1405 4689 1626 4758 quando
1655 4691 1873 4745 animus
1902 4692 1956 4746 in
1985 4691 2132 4746 idea—
2159 4701 2200 4756 C

2160 4701 2200 4756 C
2302 4695 2370 4750 α’.
2405 4696 2724 4762 ’Δναγκαῖον
2759 4695 2955 4749 εἰδέναι
2994 4696 3084 4748 τδν
3114 4697 3432 4764 γνωστικδν,
3491 4697 3615 4749 πότε
3640 4685 3765 4762 μὲνδ

547 4796 693 4841 rum,
737 4781 957 4849 quando
999 4782 1052 4834 in
1111 4781 1553 4846 ratiociniorum,
1590 4783 1811 4852 quando
1843 4787 1896 4838 in
1938 4800 2131 4841 sensa-

2228 4781 2352 4844 νοῦς
2385 4783 2546 4834 αὐτοῦ
2575 4785 2654 4844 εἰς
2683 4783 2780 4852 τὴν
2826 4783 3008 4854 χώραν
3040 4785 3148 4838 τῶν
3177 4787 3466 4856 νοημάτων
3497 4787 3628 4844 ἐστὶ,
3659 4781 3761 4833 πότε

546 4873 758 4926 tionmn
792 4883 1045 4926 versetur
1067 4873 1312 4938 regione,
1355 4889 1416 4928 ac
1445 4891 1639 4930 rursus
1673 4878 1728 4929 in
1763 4877 1866 4932 liae
1911 4878 2128 4944 ultima,

2227 4871 2303 4934 δὲ,
2337 4872 2416 4932 εις
2465 4871 2562 4938 τὴν
2614 4871 2722 4922 τῶν
2769 4872 3044 4942 λογισμῶν
3067 4913 3080 4936 ,
3118 4876 3211 4926 καὶ
3238 4876 3370 4927 πότε
3429 4878 3511 4938 εἰς
3545 4875 3635 4943 τὴν
3666 4862 3763 4921 κατ’

543 4976 726 5020 utrum
779 4966 831 5018 in
869 4963 1225 5032 tempestivis,
1277 4980 1347 5017 an
1381 4965 1435 5018 in
1479 4965 1882 5036 intempestivis
1937 4986 2128 5028 sensa-

2228 4962 2510 5032 αἴσθησιν·
2559 4964 2652 5015 καὶ
2711 4964 2767 5014 ὲν
2829 4965 3004 5035 ταύτῃ
3059 4964 3239 5030 πάλιν,
3305 4966 3352 5017 ει
3411 4965 3470 5018 ὲν
3508 4967 3613 5028 τοῖς
3651 4955 3765 5010 κατὰ

544 5057 785 5110 tionibus
816 5054 986 5122 magis
1036 5055 1362 5122 reperiatur.

2227 5050 2519 5121 καιρὸννῆ
2577 5053 2768 5115 ἐντοῖς
2826 5052 2975 5122 παρὰ
3036 5054 3226 5124 καιρὸν
3289 5054 3488 5122 μᾶλλον
3549 5051 3766 5122 εὑρίσκε-

2226 5159 2335 5194 ται.

610 5242 666 5295 2.
696 5238 929 5306 Quando
953 5239 1172 5296 animus
1215 5243 1272 5298 in
1302 5243 1441 5301 ideis
1473 5261 1581 5302 non
1600 5259 1705 5312 est,
1735 5249 1790 5304 in
1815 5253 2125 5309 ratiociniis

2299 5256 2363 5326 β’.
2408 5257 2495 5308 Ἐν
2521 5258 2785 5326 νοήμασιν
2809 5260 2910 5312 οὐκ
2943 5260 3018 5314 ὣν
3049 5263 3076 5314 6
3097 5261 3241 5325 νοῦς,
3279 5263 3338 5315 ὲν
3361 5261 3633 5329 λογισμοῖς
3654 5251 3764 5307 πάν·

538 5347 625 5391 cst
657 5350 877 5405 semper
906 5351 920 5401 ;
953 5335 1174 5405 quando
1203 5335 1260 5391 in
1279 5339 1582 5395 ratiociniis
1603 5352 1709 5410 est,
1747 5345 1802 5398 in
1833 5345 1975 5400 ideis
2010 5362 2120 5401 non

2223 5365 2329 5410 τως
2357 5347 2522 5401 ἐστίν.
2586 5349 2674 5401 Ἐν
2726 5349 3008 5420 λογισμοῖς
3059 5352 3116 5405 δὲ
3172 5350 3268 5417 ὢν,
3301 5355 3360 5405 ὲν
3393 5353 3650 5420 νοήμασιν
3683 5345 3760 5396 οὒκ

539 5439 625 5482 est
655 5445 669 5494 ;
704 5427 928 5496 quando
984 5427 1227 5498 denique
1287 5438 1373 5485 est
1420 5431 1476 5485 in
1524 5435 1954 5502 sensationibus,
1995 5453 2120 5492 cum

2225 5439 2371 5491 ἔστιν
2397 5454 2410 5468 ·
2441 5439 2499 5490 ὲν
2518 5439 2574 5492 δὲ
2607 5441 2672 5509 τῇ
2709 5439 2960 5512 αἰσθήσει
3021 5443 3330 5512 γενόμενος.
3393 5443 3534 5512 μετὰ
3581 5440 3761 5494 πάντων

543 5518 786 5586 utrisque
822 5526 928 5573 est.

782 5538 786 5568 ι
822 5526 928 5573 est.
2219 5531 2387 5584 ἐστίν.

610 5631 661 5684 5.
689 5632 788 5682 l‘cr
808 5631 1193 5699 cogitationem
1214 5648 1367 5687 mens
1388 5634 1452 5688 ad
1479 5635 1872 5692 intellectualia
1899 5639 2118 5705 transit,

2285 5650 2354 5712 γ’.
2385 5645 2483 5697 Διὰ
2503 5645 2602 5697 τοῦ
2635 5647 2904 5712 νοήοιατος
2945 5647 3043 5715 μὲν
3077 5649 3104 5700 6
3157 5646 3281 5709 νοῦς
3329 5647 3602 5717 διέρχεται
3647 5639 3755 5709 πρδς

540 5737 640 5791 per
693 5722 1168 5781 ratiocinationem
1197 5727 1265 5781 ad
1319 5729 1608 5784 rationalia
1655 5732 1817 5802 ratio,
1851 5736 1918 5791 ad
1949 5737 2124 5792 actio-

2214 5734 2281 5787 τὰ
2307 5735 2509 5805 νοητάο
2556 5735 2642 5788 διὰ
2692 5735 2748 5787 δὲ
2781 5735 2872 5787 τοῦ
2905 5736 3168 5805 λογισμοῦ
3188 5776 3202 5799 ,
3235 5737 3371 5806 πρὸς
3433 5736 3501 5789 τὰ
3550 5724 3757 5800 λογικὰά

541 5828 664 5867 nem
705 5831 803 5884 per
848 5816 1294 5889 imaginationem
1331 5834 1548 5876 sensus.

2215 5825 2388 5892 λόγος,
2441 5827 2578 5896 πρὸς
2609 5827 2665 5880 δὲ
2718 5827 2786 5881 τὰ
2818 5827 3119 5897 πρακτικὰ,
3150 5825 3240 5880 διὰ
3274 5827 3370 5895 τῆς
3424 5821 3702 5895 φαντασίας
3729 5814 3759 5879 ἦ

2213 5917 2489 5986 αἴσθησις.
