4054 6278
362 381 499 446 lli)

1551 393 1945 448 UNUS'l'lU/E
1976 398 2448 455 SEN'I'EN'I‘IAS.

3503 422 3641 476 11le

437 499 496 553 δ’.
536 499 626 561 El;
654 500 846 553 ἑαυτὸν
872 503 900 552 6
923 501 1046 565 νοῦς
1079 505 1466 573 συναγόμενος,
1493 507 1661 570 οὐδὲν,
1679 508 1804 562 οὔτε
1834 510 1924 562 τῶι

2136 506 2187 559 4.
2223 506 2283 560 ln
2308 507 2549 577 seipsum
2581 509 2802 565 animus
2843 513 3194 580 recollectos,
3242 516 3382 573 nihil
3415 535 3480 574 es
3512 537 3642 578 sen-

365 592 486 642 κατ’
519 589 799 661 αἴσθησιν,
834 589 954 643 οὕτε
983 592 1089 644 τῶν
1109 593 1258 646 ,κατὰ
1284 593 1542 664 λογισμὸν
1577 597 1770 668 θεωρεῖ
1797 617 1810 630 ·
1841 617 1944 668 γυο

365 680 531 750 μνοὺς
557 679 612 732 δὲ
638 680 765 742 νόας
793 681 883 733 καὶ⁵
907 680 1056 744 θείας
1079 682 1254 751 αὐγὰς
1301 682 1604 752 βλυζούσας
1633 689 1854 759 εἰρήνην
1881 705 1941 743 τε

360 771 455 824 acati.
479 771 674 840 χαράν.

427 886 490 933 ε’.
531 879 694 932 ’Δλλο
727 881 756 931 6
793 880 914 943 νοῦς
947 881 1040 934 τοῦ
1058 882 1404 952 πράγματος,
1433 886 1530 939 καὶ
1553 887 1681 942 ἄλλο
1712 889 1740 942 6
1768 888 1927 958 λόγος

354 971 544 1031 αὑτοῦ,
571 972 663 1023 καὶ
687 970 874 1040 ἕτερον
907 971 967 1024 τὸ
1001 972 1104 1024 ὑπὸ
1133 974 1230 1042 τὴν
1263 975 1520 1044 αἴσθησιν
1553 978 1887 1049 ἀναγόμενον
1916 999 1931 1012 ·

354 1064 451 1114 καὶ
474 1061 534 1114 τὸ
554 1061 653 1131 μέν
687 1064 834 1114 ἐστιν
857 1063 1032 1128 οὐσία,
1064 1064 1124 1116 τὸ
1156 1064 1234 1130 δὲ,
1272 1066 1620 1137 συμϐεϐηκός
1648 1087 1660 1099 ·
1693 1071 1753 1124 τὸ
1786 1071 1863 1138 δὲ,
1898 1073 1931 1142 ἠ

353 1151 446 1204 τοῦ
479 1151 842 1219 ὑποκειμένου
873 1151 1122 1220 διαφορά.

427 1251 501 1306 ς’.
545 1243 750 1303 Πολλὰς
787 1243 939 1304 ὁδοὺς
990 1241 1308 1311 ἀνατέμνων
1358 1245 1386 1296 6
1435 1242 1581 1305 νοῦς,
1633 1244 1930 1314 ἀκόρεστος

352 1335 670 1388 δείκνυται·
727 1333 862 1403 πρὸς
922 1335 1050 1403 μίαν
1095 1335 1148 1387 δὲ
1207 1334 1572 1404 συναγόμενος
1609 1335 1705 1400 τῆς
1739 1335 1926 1404 εὐχῆς,

355 1427 464 1495 πρὸ
492 1428 591 1496 τῆς
617 1427 906 1491 ὲντελείας,
948 1428 1444 1497 στενοχωρούμενος
1473 1429 1742 1496 φαίνεται,
1774 1427 1930 1479 λιπα-

357 1516 466 1588 ρῶν
493 1518 585 1570 τὸν
629 1517 856 1587 μέτοχον
893 1518 1227 1588 ἀπολυθῆναι
1283 1519 1418 1587 πρὸς
1456 1519 1523 1571 τὰ
1584 1520 1679 1588 ἀφ’
1731 1513 1804 1571 ὧν
1839 1519 1927 1582 ἐξ-

360 1603 632 1677 ελήλυθεν.

429 1697 759 1763 ζ’.“Ἀνωθεν
807 1699 1044 1769 ἠγμένος
1087 1700 1114 1752 6
1162 1701 1321 1764 νοῦς,
1383 1700 1482 1752 οὐκ
1539 1701 1929 1771 άναδραμεῖται

358 1785 516 1852 αὖθις
568 1791 767 1855 ἐκεῖσε,
828 1793 875 1842 εί
933 1791 1007 1860 μὴ
1055 1790 1264 1842 τελείαν
1301 1791 1399 1860 τὴν
1443 1792 1592 1843 κάτω
1649 1792 1932 1860 ποιήσεται

357 1880 783 1950 καταφρόνησιν,
820 1880 906 1933 διὰ
932 1883 1029 1948 τῆς
1068 1881 1194 1950 περὶ
1241 1882 1307 1933 τὰ
1337 1880 1452 1932 θεῖα
1489 1883 1705 1950 σχολῆς.

432 1971 502 2037 η’.
543 1973 604 2023 El
636 1970 710 2040 μὴ
741 1971 839 2042 τὴν
872 1973 1049 2041 ψυχήν
1068 1988 1160 2024 σου
1186 1970 1316 2043 δύνῃ
1352 1973 1489 2042 μετὰ
1515 1974 1690 2042 μόνων
1711 1974 1932 2042 ποιῆσαι

352 2059 462 2113 τῶν
485 2060 612 2131 περὶ
635 2061 804 2129 αὐτὴν
834 2060 1137 2130 λογισμῶν,
1169 2059 1272 2114 κᾶν
1297 2063 1358 2115 τὸ
1387 2061 1546 2133 σῶμά
1567 2079 1661 2117 σου
1682 2063 1934 2134 μονάζειν

355 2151 684 2220 ἀνάγκασον,
719 2151 816 2222 τὴν
866 2152 992 2223 περὶ
1025 2152 1156 2206 αὐτὸ
1185 2152 1473 2224 ἀθλιότητα
1500 2154 1790 2219 διαπαντὸς
1829 2159 1920 2209 ὲν-

355 2242 665 2314 νοούμενος.
697 2242 854 2298 Οὕτω
871 2243 979 2315 γὰρ
999 2244 1079 2314 τῷ
1103 2243 1300 2314 χρόνῳ,
1329 2244 1468 2299 ἐλέει
1496 2244 1653 2312 Θεοῦ,
1687 2248 1934 2318 καὶπρὸς

345 2337 416 2389 τὸ
483 2337 700 2409 πρῶτον
759 2337 1092 2409 ἀναδραμεῖν
1174 2335 1402 2408 δυνήσῃ,
1478 2337 1579 2406 τῆς
1654 2339 1932 2407 εὐγενείας

353 2426 591 2496 ἀξίωμα.

424 2534 490 2590 θ’.
533 2539 591 2592 '0
624 2539 724 2609 μὲν
753 2540 1060 2610 πρακτικὸς
1081 2582 1098 2609 ,
1131 2541 1462 2596 ὕπο-τάσσειν
1489 2544 1582 2598 τὸν
1613 2543 1742 2600 νοῦν
1765 2545 1930 2600 εὐκόο

353 2629 461 2693 λως
483 2629 706 2683 δύναται
751 2633 817 2701 τῇ
851 2631 985 2703 εὐχῇ
1018 2648 1033 2664 ο
1058 2633 1088 2686 6
1121 2632 1178 2686 δὲ
1204 2632 1560 2704 θεωρητικὸς,
1616 2633 1714 2705 τὴν
1764 2636 1932 2708 εὐχὴν

353 2717 431 2786 τῷ
459 2720 541 2771 νοΐ
569 2735 584 2750 θ
618 2721 646 2772 6
679 2721 778 2789 μὲν
809 2721 919 2775 ἀπὸ
944 2721 1053 2775 τῶν
1083 2723 1425 2791 φαινομένων
1459 2722 1763 2778 συστέλλων
1794 2743 1929 2796 σχη-

357 2811 542 2877 μάτων
567 2811 666 2880 τὴν
700 2811 977 2876 αἴσθησιν,
1011 2814 1040 2865 6
1073 2813 1128 2865 δὲ
1149 2813 1247 2882 τὴν
1279 2813 1456 2883 ψυχὴν
1497 2815 1633 2885 πρὸς
1664 2815 1791 2878 τοὺς
1834 2819 1929 2885 εγ·

355 2905 770 2972 κεκρυμμένους
824 2908 940 2968 τοῖς
998 2907 1240 2976 σχήμασι
1289 2906 1479 2974 λόγους
1522 2907 1924 2976 μεταϐιϐάζων.

355 2992 465 3044 Καὶ
486 2995 514 3045 6
540 2995 638 3062 μὲν
673 2995 942 3063 σωμάτων
979 2996 1157 3049 πείθει
1185 2995 1374 3066 λόγους
1406 2997 1496 3051 τὸν
1534 2998 1658 3052 νοῦν
1689 3001 1928 3068 ἀγνοεῖν,

358 3085 388 3135 6
439 3084 496 3137 δὲ
553 3087 858 3154 ἀσωμάτων
913 3090 1215 3142 κατανοεῖν.
1261 3087 1552 3157 Ἀσὼματα
1595 3090 1654 3144 δέ
1682 3091 1786 3145 είσι
1840 3093 1930 3145 λό-

355 3191 444 3241 γοι
475 3175 767 3241 σωμάτων,
797 3177 1057 3246 ἰδιότητες
1093 3195 1176 3244 τε,
1213 3180 1305 3232 καὶ
1329 3181 1506 3232 οὐσίαι
1535 3181 1734 3237 αὐτῶν.

428 3271 481 3321 ι’.
536 3266 709 3320 ὐταν
769 3268 860 3321 τὸν
919 3268 1046 3322 νοῦν
1092 3287 1187 3323 σου
1227 3272 1324 3342 τῆς
1354 3271 1464 3324 τῶν
1497 3273 1790 3341 σωμάτων,
1821 3275 1926 3328 καὶ

356 3357 676 3424 χρημάτων,
711 3351 806 3412 κει).
841 3359 1146 3429 βρωμάτων
1175 3363 1508 3432 ἡδυπαθείας
1530 3363 1922 3437 ὲλευθερὼσῃς.

355 3445 476 3497 τότε
503 3447 597 3498 καὶ
621 3447 757 3518 ὅπερ
786 3449 852 3500 ἂν
875 3451 1053 3519 ποιῇς,
1083 3451 1256 3521 δῶρον
1308 3453 1545 3522 καθαρὸν
1574 3453 1652 3524 τῷ
1680 3453 1799 3525 Θεῷ
1837 3455 1926 3508 λο-

355 3536 692 3607 γισθήσεται,
753 3539 1161 3610 ἁντιδοθήσεται
1214 3542 1270 3594 δέ
1331 3560 1434 3610 σοι,
1485 3545 1547 3597 τὺ
1589 3545 1924 3616 διανοιγῆναι

355 3625 480 3686 τοὺς
510 3627 608 3694 τῆς
647 3625 875 3695 καρδίας
900 3644 994 3680 σου
1035 3628 1365 3696 ὀφθαλμοὺς,
1393 3633 1486 3684 καὶ
1515 3635 1728 3702 τρανῶς
1755 3636 1925 3706 ἐμμε-

358 3717 519 3786 λετᾷν
568 3716 700 3780 τοὺς
729 3717 1216 3788 ἐγγεγραμμένους
1247 3723 1305 3774 ὲν
1335 3722 1484 3792 αὑτῷ
1527 3724 1716 3792 λόγους
1751 3725 1919 3780 Θεοῦο

354 3807 549 3870 οἵτινες
583 3807 721 3877 ὑπὲρ
749 3807 870 3878 μέλι
907 3795 1001 3862 καὶ⁵
1031 3812 1241 3881 κηρίον,
1287 3813 1365 3884 τῷ
1393 3815 1568 3884 νοητῷ
1621 3833 1716 3868 σου
1771 3817 1920 3885 λογι-

358 3899 648 3966 σθήσονται
695 3897 952 3969 λάρυγγι,
981 3906 1047 3974 τῇ
1085 3905 1180 3956 απ*
1211 3904 1390 3958 αὐτῶν
1441 3906 1756 3979 ὲκδιδομὲνῃ
1790 3909 1920 3980 ἠδύ-

355 4004 496 4056 τητα

426 4089 511 4134 ια’.
547 4085 621 4138 Οὐ
651 4087 855 4156 δυνήσῃ
889 4085 1156 4154 σωμάτων
1185 4086 1276 4138 καὶ
1324 4086 1620 4156 χρημάτων
1679 4090 1773 4142 καὶ
1821 4090 1922 4159 τῆς

352 4173 461 4226 τῶν
489 4175 590 4227 οὐκ
611 4176 924 4243 ἀναγκαίων
959 4175 1266 4246 βρωμάτων
1299 4176 1591 4246 ἐπιθυμίας
1620 4179 1920 4250 ὑπέρτερον

353 4263 577 4331 ποιῆσαι
596 4265 686 4318 τὸν
723 4266 866 4330 νοῦν,
902 4267 951 4318 εί
988 4265 1063 4335 μὴ
1096 4267 1150 4317 ὲν
1186 4267 1254 4336 τῇ
1289 4267 1503 4338 καθαρᾷ
1536 4269 1645 4322 τῶν
1697 4271 1920 4324 δικαίων

353 4351 505 4421 χώρα
532 4353 754 4426 εἰσάξῃς
803 4354 963 4406 αὐτόν
995 4370 1010 4386 ·
1045 4353 1165 4406 καθ’
1193 4355 1258 4425 ἣν
1294 4356 1328 4424 ἧ
1351 4374 1410 4408 τε
1437 4355 1529 4408 τοῦ
1557 4357 1804 4422 θανάτου,
1828 4360 1920 4412 καὶ

353 4443 505 4510 ἡτοῦ
556 4445 690 4498 Θεοῦ
757 4447 944 4517 μνήμη
1021 4447 1478 4514 ὲπαναϐλύσασα,
1551 4452 1657 4504 ἀπὸ
1727 4454 1920 4524 γηῖνης

354 4534 575 4600 καρδίας
604 4536 897 4605 ἀπαλείφει
928 4538 1034 4590 πᾶν
1062 4538 1354 4607 ἐπιθυμίας
1375 4540 1683 4610 ἀνάστημα.

424 4622 507 4691 ιβ’.
557 4625 742 4686 Οὗδὲν,
800 4623 921 4678 οὔτε
965 4627 1173 4688 ἑννοίας
1229 4628 1459 4681 θανάτου
1519 4628 1914 4702 φοϐερώτερον,

351 4711 469 4765 οὔτε
504 4715 638 4766 Θεοῦ
675 4719 896 4783 μνήμης
931 4716 1375 4787 θαυμασιώτερον
1404 4735 1418 4750 ·
1455 4721 1487 4788 ἡ
1521 4721 1620 4789 μὲν
1655 4723 1762 4790 γάρ
1799 4722 1917 4774 ἐστι

351 4806 524 4874 λύπης
581 4807 956 4876 σωτηριὼδους
996 4810 1333 4879 παρεκτικὴ,
1386 4813 1418 4880 ἡ
1463 4812 1520 4864 δὲ
1580 4814 1918 4883 εὐφροσύνης

356 4899 668 4966 χαριστική.
699 4917 717 4947 ι
750 4897 1056 4968 Ἐμνήσθην
1085 4901 1212 4968 γὰρ,
1242 4902 1424 4968 φησὶν,
1449 4904 1802 4975 όΠριιφήτης,
1822 4905 1914 4957 τοῦ

352 4984 503 5048 Θεοῦ,
525 4989 620 5037 καὶ
644 4987 960 5057 ηὐφράνθην
977 5000 990 5013 ⁸
1014 5007 1032 5037 ι
1057 4989 1149 5040 καὶ
1175 4990 1201 5040 6
1221 4989 1387 5056 Σοφός
1411 5005 1423 5018 ·
1449 5010 1467 5040 ι
1496 4992 1819 5062 Μιμνήσκου
1845 4995 1915 5046 τὰ

351 5073 550 5142 ἔσχατά
589 5092 704 5139 σου,
746 5077 838 5128 καὶ
865 5077 962 5146 οὐχ
1001 5077 1316 5147 ἁμαρτήσῃ.
1351 5099 1369 5129 ι
1417 5080 1700 5135 Ἀδύνατον
1737 5085 1794 5136 δὲ
1823 5084 1914 5136 τοῦ

347 5165 597 5235 δευτέρου
627 5169 745 5220 τινὰ
768 5169 825 5219 ὲν
853 5169 1174 5238 κατασχέσει
1199 5170 1470 5236 γενέσθαι,
1510 5173 1584 5239 μὴ
1608 5177 1800 5242 πεῖραν
1819 5178 1917 5245 τῆς

347 5257 440 5310 τοῦ
467 5259 734 5328 προτέρου
783 5258 1013 5310 λαϐόντα
1046 5260 1459 5329 στρυφνότητος.

417 5357 505 5416 ιγ’.
541 5351 684 5413 Ἕως
748 5350 813 5404 ἂν
861 5351 960 5421 τὴν
988 5351 1084 5404 τοῦ
1122 5353 1258 5404 Θεοῦ
1319 5353 1476 5416 δόξαν
1534 5355 1914 5428 ἀνακεκαλυμ·

2019 5185 2186 5239 porro
2249 5169 2319 5221 im
2329 5167 2590 5236 possibile
2657 5180 2988 5233 quemquam

2019 5261 2293 5322 obtinere,
2324 5258 2426 5312 nisi
2461 5265 2620 5310 antea
2663 5256 2862 5325 prioris
2913 5255 3216 5309 amaritiem
3271 5255 3592 5322 gustaverit.

2066 596 2395 662 sationibus,
2442 598 2674 655 nihilex
2706 602 3017 657 ratiociniis
3077 606 3362 675 perspicit,
3393 608 3487 663 sed
3537 602 3640 666 nué

2064 687 2162 744 das
2189 690 2341 744 ideas
2378 691 2704 762 divinosque
2728 693 3052 763 splendores
3077 711 3107 751 a
3138 697 3342 766 quibus
3383 713 3642 756 emanant

2063 797 2165 851 pax
2200 792 2256 837 et
2289 783 2497 837 latitia.

2135 875 2189 929 5.
2232 875 2396 930 Aliud
2451 877 2573 950 idea
2629 878 2733 945 rei,
2782 879 2931 934 aliud
2975 881 3098 950 ejus
3125 882 3288 948 ratio,
3344 891 3401 939 et
3489 885 3641 940 aliud

2060 965 2350 1020 sensibiles
2373 967 2495 1036 ejus
2524 969 2890 1037 proprietates
2928 989 2942 1026 :
2974 973 3214 1041 primum
3240 983 3328 1030 est
3355 976 3594 1032 essentia
3620 995 3637 1044 ;

2060 1057 2386 1125 secundum,
2440 1059 2781 1129 accidentia;
2848 1065 3094 1131 tertium,
3161 1066 3398 1137 subjecti
3476 1069 3641 1127 dilfe~

2061 1149 2260 1204 rentia.

2131 1239 2184 1293 6.
2215 1240 2421 1296 Multas
2478 1242 2596 1296 vias
2630 1257 2821 1298 secans
2847 1244 3085 1309 animus,
3111 1245 3442 1302 insatiabilis
3477 1248 3637 1304 vide-

2061 1343 2180 1396 tur;
2249 1333 2508 1387 redactus
2580 1342 2764 1387 autem
2806 1334 2874 1388 ad
2922 1351 3088 1389 unam
3135 1339 3402 1394 orationis
3465 1341 3634 1405 viam,

2063 1421 2385 1491 priusquam
2453 1424 2733 1492 perfectus
2758 1425 2851 1489 sit,
2875 1436 2958 1480 est
2987 1429 3138 1482 velut
3176 1431 3354 1484 viator
3385 1434 3637 1502 angustia

2056 1527 2302 1581 pressus,
2337 1516 2430 1583 qui
2482 1515 2689 1586 ﬂagitat
2741 1518 3000 1570 comitem
3051 1527 3112 1572 ut
3167 1520 3357 1575 redeat
3391 1537 3458 1576 eo
3481 1523 3629 1578 unde

2056 1605 2210 1659 exiit.

2125 1699 2177 1752 7.
2212 1697 2314 1754 Ubi
2340 1699 2891 1766 descenditanimus,
2951 1717 3064 1756 non
3126 1703 3326 1757 iterum
3362 1702 3632 1768 ascendit,

2056 1789 2161 1843 nisi
2197 1805 2320 1858 quae
2381 1791 2636 1846 deorsum
2669 1802 2797 1847 sunt
2848 1794 3087 1863 perfecte
3133 1794 3421 1864 despiciat,
3467 1795 3635 1849 rebus

1989 1855 2025 1905 ϐ
2055 1882 2260 1937 divinis
2297 1886 2564 1938 vacando.

2123 1974 2176 2029 8.
2209 1973 2267 2029 Si
2300 1976 2516 2031 efﬁcere
2562 1992 2807 2046 nequeas
2847 1985 2906 2032 ut
2930 1977 3115 2032 anima
3169 1986 3260 2032 tua
3317 1976 3384 2032 de
3416 1993 3475 2032 se
3517 1977 3633 2033 sola

2051 2066 2274 2135 cogitet,
2303 2065 2599 2136 ipsummet
2645 2083 2847 2137 corpus
2887 2067 3129 2122 invitum
3164 2067 3274 2122 duc
3300 2068 3354 2122 in
3376 2067 3634 2122 solitudi-

2051 2170 2202 2222 nem,
2234 2157 2303 2214 de
2327 2157 2445 2213 sola
2474 2158 2594 2229 ejus
2646 2157 2872 2213 miseria
2914 2173 3133 2229 semper
3184 2157 3485 2214 meditans.
3541 2157 3632 2214 Sic

2048 2248 2197 2302 enim
2220 2249 2465 2316 tandem,
2500 2247 2599 2304 Dei
2623 2249 3030 2316 misericordia,
3065 2249 3136 2307 ad
3162 2249 3485 2320 primaevam
3509 2249 3628 2315 ori-

2049 2337 2196 2410 ginis
2225 2337 2551 2409 dignitatem
2581 2339 2764 2396 redire
2797 2340 3030 2412 poteris.

2119 2525 2174 2586 9.
2201 2528 2487 2585 Practicus
2507 2527 2734 2599 quidem
2791 2526 2951 2584 facile
2981 2526 3255 2598 subjicere
3300 2535 3486 2598 potest
3505 2529 3628 2586 ani-

2046 2638 2197 2680 mum
2214 2620 2472 2687 orationi,
2504 2618 2844 2676 theoreticus
2874 2634 3006 2676 vero
3031 2618 3339 2676 orationem
3374 2621 3562 2677 animo
3608 2642 3624 2679 :

2048 2715 2143 2770 ille
2167 2729 2234 2770 ex
2264 2711 2664 2784 apparentibus
2710 2710 2904 2766 formis
2931 2709 3193 2781 colligens
3231 2711 3626 2784 sensationem,

2050 2806 2143 2861 hic
2171 2807 2408 2860 animam
2439 2802 2506 2858 ad
2540 2802 2778 2858 latentes
2813 2802 2915 2856 sub
2940 2800 3135 2856 formis
3164 2802 3408 2858 rationes
3439 2811 3624 2859 trans-

2050 2897 2256 2952 ferens.
2303 2895 2458 2952 Unus
2492 2893 2666 2948 menti
2709 2892 2905 2947 suadet
2945 2899 3006 2945 ut
3059 2889 3355 2962 corporum
3382 2894 3623 2950 rationes

2045 2988 2299 3058 ignoret;
2325 2985 2488 3051 alter,
2513 2992 2575 3038 ut
2596 2981 2968 3051 incorporalia
3008 2981 3285 3052 concipiat
3310 3000 3329 3038 ι
3367 2983 3620 3056 incorpo-

2046 3079 2178 3133 ralia
2205 3087 2389 3133 autem
2415 3085 2545 3132 sunt
2601 3089 2896 3145 corporum
2928 3074 3195 3141 rationes,
3255 3077 3620 3147 proprietates

1969 3188 2012 3247 c
2044 3182 2100 3227 et
2136 3171 2410 3226 essentia.

2114 3263 2204 3316 lli.
2227 3260 2368 3318 Cum
2428 3269 2669 3316 mentem
2715 3267 2864 3314 tuam
2894 3273 2926 3312 a
2995 3259 3414 3328 perturbatione
3466 3263 3616 3316 circa

2042 3369 2294 3422 corpora,
2359 3351 2505 3408 circa
2548 3367 2729 3408 escam
2790 3359 2848 3406 et
2920 3351 3210 3422 pecuniam
3269 3352 3617 3419 liberaveris,

2044 3454 2174 3500 tunc
2204 3445 2371 3509 Deus,
2393 3442 2539 3514 quod
2567 3442 2765 3498 feceris
2791 3458 2893 3513 pro
2915 3457 3144 3498 munere
3172 3459 3312 3513 puro
3333 3453 3614 3514 agnoscet,

2038 3548 2098 3593 et
2126 3547 2178 3593 te
2210 3551 2574 3592 remunerans
2600 3535 2813 3605 aperiet
2857 3535 3048 3590 oculos
3092 3522 3275 3591 cordis
3303 3535 3404 3600 tui,
3467 3545 3529 3591 ut
3559 3537 3613 3592 in

2039 3628 2381 3684 absconditis
2431 3627 2486 3681 in
2516 3642 2584 3683 eo
2615 3627 2818 3682 divinis
2869 3627 3082 3698 legibus
3112 3629 3407 3699 perspicue
3435 3630 3611 3685 medi-

2041 3722 2176 3777 teris
2206 3739 2220 3775 :
2255 3736 2378 3785 quae
2411 3719 2768 3774 intellectuali
2811 3719 3018 3789 gutturi
3057 3727 3152 3775 tuo
3185 3730 3413 3790 propter
3441 3723 3610 3777 emis-

2037 3829 2150 3868 sam
2178 3828 2244 3867 ex
2276 3827 2335 3866 se
2365 3810 2692 3865 suavitatem
2721 3825 2888 3881 super
2912 3810 3018 3866 mel
3045 3820 3102 3866 et
3141 3809 3325 3866 favum
3363 3811 3610 3869 dulciora

2037 3910 2223 3957 erunt.

2108 4066 2193 4120 ll.
2223 4064 2340 4120 Non
2376 4062 2584 4132 poteris
2635 4061 2880 4115 animum
2919 4075 3288 4130 acorporum,
3350 4064 3605 4132 pecunia-

2037 4175 2182 4223 rum,
2211 4157 2500 4226 epularum
2559 4154 3009 4222 concupiscentia
3043 4155 3305 4209 invictum
3355 4157 3606 4220 reddere,

2033 4252 2137 4307 nisi
2169 4267 2296 4305 eum
2326 4250 2380 4303 in
2415 4263 2610 4320 puram
2639 4250 2917 4319 justorum
2964 4248 3246 4317 regionem
3283 4247 3603 4302 introduxe-

2032 4346 2130 4408 ris.
2165 4344 2259 4398 ubi
2312 4341 2505 4395 mortis
2537 4349 2590 4393 et
2623 4339 2719 4393 Dei
2775 4339 3040 4392 memoria
3089 4353 3257 4407 super
3317 4354 3442 4393 eum
3489 4356 3602 4396 sca-

2033 4434 2292 4505 turiginis
2319 4433 2491 4487 instar
2516 4444 2834 4498 erumpens,
2868 4443 2898 4482 e
2929 4436 3149 4482 terreno
3185 4429 3353 4484 corde
3386 4446 3602 4488 omnem

1961 4531 2014 4602 ι),
2030 4527 2415 4600 cogitationem
2443 4524 2814 4594 insurgentem
2836 4521 3002 4575 eluet.

2103 4620 2190 4672 12.
2223 4616 2370 4671 Nihil
2411 4628 2589 4681 neque
2621 4611 2953 4680 cogitatione
3006 4610 3201 4664 mortis
3253 4611 3600 4677 horribilius,

2029 4726 2209 4781 neque
2261 4705 2644 4762 recordatione
2683 4705 2780 4758 Dei
2845 4704 3161 4758 mirabilius
3196 4714 3300 4758 est.
3355 4706 3445 4759 Illa
3503 4708 3597 4759 tri-

2019 4803 2226 4858 stitiam
2275 4799 2569 4854 salutarem
2625 4798 2910 4861 continet;
2943 4795 3060 4850 haec
3115 4795 3362 4850 laetitiam
3409 4798 3596 4866 donat.

2021 4897 2113 4951 Ait
2137 4895 2338 4965 quippe
2383 4891 2655 4960 Propheta
2687 4891 2731 4921 “
2769 4907 2784 4944 :
2853 4908 2871 4940 ι
2911 4889 3121 4943 Memor
3150 4888 3228 4943 fui
3261 4889 3377 4954 Dei,
3407 4897 3461 4943 et
3502 4890 3595 4944 de-

2021 4988 2258 5042 lectatus
2285 5001 2428 5041 sum.
2468 5004 2486 5036 ι
2518 4984 2586 5037 Ει
2618 4982 2848 5052 Sapiens
2881 4982 2925 5014 ¹³
2961 5000 2976 5038 ;
3011 5000 3029 5034 ι
3087 4982 3384 5036 Memorare
3411 4984 3595 5037 novis-

2023 5079 2162 5134 sima
2223 5088 2353 5142 tua,
2412 5085 2467 5131 et
2515 5078 2568 5129 in
2619 5085 2886 5130 aeternum
2935 5091 3045 5128 non
3097 5074 3377 5143 peccabis.
3442 5093 3459 5125 ι
3501 5075 3593 5128 Est

3079 5161 3381 5219 secundum
3461 5163 3593 5215 illud

2093 5353 2178 5405 15.
2211 5349 2461 5414 Quandiu
2493 5363 2650 5402 mens
2679 5347 2910 5417 gloriam
2941 5347 3038 5400 Dei
3093 5345 3332 5400 revelata
3390 5343 3526 5398 facie
3551 5343 3590 5374 ’δ

351 5443 492 5511 μένῳ
527 5441 797 5512 προσώπῳ
821 5444 902 5513 ι’δῃ
930 5445 956 5495 6
986 5443 1129 5506 νοῦς,
1155 5445 1214 5494 οὐ
1246 5443 1468 5497 δύναται
1495 5449 1525 5515 ή
1560 5446 1703 5518 ψυχὴ
1737 5450 1913 5518 λέγειν

2042 5442 2323 5505 ionvidct,
2372 5456 2480 5493 non
2535 5447 2716 5508 potest
2773 5439 2954 5492 anima
3009 5439 3128 5506 ejus
3176 5435 3371 5488 all‘ecta
3425 5451 3588 5488 sensu

348 5533 402 5583 ὲν
426 5533 672 5602 αίσθήσει
701 5534 869 5601 αὐτῆς
890 5573 904 5596 ,
935 5551 952 5583 ι
996 5533 1136 5601 Ἐγὼ
1177 5533 1232 5584 δὲ
1275 5535 1667 5606 ἀγαλλιάσομαι
1717 5541 1807 5593 ἐπὶ
1835 5543 1913 5610 τῷ

2042 5535 2288 5588 Ιίοοιιεει
2363 5532 2476 5602 Ego
2525 5539 2707 5584 autem
2761 5528 3048 5585 exsultabo
3093 5529 3146 5581 in
3203 5526 3458 5589 Domino,
3533 5536 3587 5581 et

347 5624 552 5692 Κυρίῳ,
594 5624 970 5692 τερφθήσομαι
1006 5623 1096 5674 ἐπὶ
1131 5622 1208 5691 τῷ
1238 5626 1490 5695 σωτηρίῳ
1520 5629 1706 5684 αὑτοῦ.
1747 5651 1762 5682 ι
1798 5633 1912 5686 Κάο

2018 5625 2336 5680 delectabor
2375 5639 2542 5692 super
2567 5621 2792 5677 salutari
2830 5633 2930 5674 suo
2959 5620 3026 5672 ¹⁸.
3069 5638 3086 5671 ι
3131 5619 3390 5675 Velamen
3438 5619 3584 5674 enim

348 5711 532 5780 λυμμα
561 5713 667 5780 γὰρ
696 5716 873 5766 κεῖται
899 5715 959 5766 τὸ
987 5715 1085 5784 τῆς
1119 5714 1404 5780 φιλαυτίας
1438 5718 1530 5769 ἐπὶ
1558 5720 1656 5787 τὴν
1687 5723 1910 5791 καρδίαν

2042 5717 2290 5770 diilautia:
2324 5717 2558 5785 positum
2603 5723 2688 5768 est
2719 5726 2886 5781 super
2911 5726 3007 5766 eor
3030 5711 3172 5781 ejus,
3210 5711 3356 5780 quod
3392 5710 3442 5764 ci
3473 5725 3582 5764 non

415 5884 455 5911 ”
487 5880 603 5934 i’sal
655 5899 833 5947 ωτι-ι,
869 5884 916 5936 l.
999 5885 1038 5914 ’³
1071 5883 1232 5939 Eccli.
1264 5898 1361 5949 vn,
1400 5884 1485 5938 40.
1566 5883 1608 5914 ¹”
1637 5883 1680 5936 ll
1709 5880 1834 5936 Cor.
1870 5896 1924 5934 ιιι

2042 5888 2065 5935 ἱ.
2146 5882 2186 5912 ’⁵
2218 5880 2357 5934 l‘sal.
2391 5889 2572 5940 xxxiv,
2605 5877 2659 5930 9.
