  <div class='ocr_page' id='page_1' title='image "/cluster/home/n/w/nwhite01/storage/ocr_20150623/127/mdp.39015038085968/054.png"; bbox 0 0 4054 6278; ppageno 0'>
   <div class='ocr_carea' id='block_1_1' title="bbox 291 201 422 263">
    <p class='ocr_par' dir='ltr' id='par_1_1' title="bbox 291 201 422 263">
     <span class='ocr_line' id='line_1_1' title="bbox 291 201 422 263; baseline -0.023 0"><span class='ocrx_word' id='word_1_1' title='bbox 291 201 422 263; x_wconf 72' lang='grc'><strong>1157</strong></span> 
     </span>
    </p>
   </div>
   <div class='ocr_carea' id='block_1_2' title="bbox 1443 214 2355 290">
    <p class='ocr_par' dir='ltr' id='par_1_2' title="bbox 1443 214 2355 290">
     <span class='ocr_line' id='line_1_2' title="bbox 1443 214 2355 290; baseline 0.016 -16"><span class='ocrx_word' id='word_1_2' title='bbox 1443 214 1843 279; x_wconf 70' lang='grc' dir='ltr'><strong>ΟΝΟΞΤΙΟᾸΞ</strong></span> <span class='ocrx_word' id='word_1_3' title='bbox 1884 222 2355 290; x_wconf 78' lang='lat' dir='ltr'><strong>SENTENTl/E.</strong></span> 
     </span>
    </p>
   </div>
   <div class='ocr_carea' id='block_1_3' title="bbox 3390 239 3528 305">
    <p class='ocr_par' dir='ltr' id='par_1_3' title="bbox 3390 239 3528 305">
     <span class='ocr_line' id='line_1_3' title="bbox 3390 239 3528 305; baseline 0.029 -4"><span class='ocrx_word' id='word_1_4' title='bbox 3390 239 3528 305; x_wconf 77' lang='grc'><strong>1158</strong></span> 
     </span>
    </p>
   </div>
   <div class='ocr_carea' id='block_1_4' title="bbox 300 325 1836 410">
    <p class='ocr_par' dir='ltr' id='par_1_4' title="bbox 300 325 1820 407">
     <span class='ocr_line' id='line_1_4' title="bbox 300 325 1820 407; baseline 0.014 -33"><span class='ocrx_word' id='word_1_5' title='bbox 300 340 446 384; x_wconf 84' lang='grc' dir='ltr'>κτος,</span> <span class='ocrx_word' id='word_1_6' title='bbox 475 325 710 388; x_wconf 81' lang='grc' dir='ltr'>αίνέσεις</span> <span class='ocrx_word' id='word_1_7' title='bbox 743 329 1035 397; x_wconf 70' lang='grc' dir='ltr'>προσάγων</span> <span class='ocrx_word' id='word_1_8' title='bbox 1088 333 1164 402; x_wconf 81' lang='grc' dir='ltr'>τῷ</span> <span class='ocrx_word' id='word_1_9' title='bbox 1209 339 1435 406; x_wconf 80' lang='grc' dir='ltr'>συνοχεῖ·</span> <span class='ocrx_word' id='word_1_10' title='bbox 1478 340 1570 391; x_wconf 88' lang='grc' dir='ltr'><strong>τοῦ</strong></span> <span class='ocrx_word' id='word_1_11' title='bbox 1623 349 1820 407; x_wconf 86' lang='grc' dir='ltr'>παντός</span> 
     </span>
    </p>
   </div>
   <div class='ocr_carea' id='block_1_5' title="bbox 1956 325 3544 410">
    <p class='ocr_par' dir='ltr' id='par_1_5' title="bbox 1973 334 3544 410">
     <span class='ocr_line' id='line_1_5' title="bbox 1973 334 3544 410; baseline 0.014 -27"><span class='ocrx_word' id='word_1_12' title='bbox 1973 335 2146 386; x_wconf 91' lang='lat' dir='ltr'><strong>melos</strong></span> <span class='ocrx_word' id='word_1_13' title='bbox 2193 334 2480 396; x_wconf 78' lang='lat' dir='ltr'><strong>inchoans.</strong></span> <span class='ocrx_word' id='word_1_14' title='bbox 2512 351 2622 393; x_wconf 73' lang='lat' dir='ltr'><strong>sua:</strong></span> <span class='ocrx_word' id='word_1_15' title='bbox 2670 338 2843 410; x_wconf 85' lang='lat' dir='ltr'><strong>ipsius</strong></span> <span class='ocrx_word' id='word_1_16' title='bbox 2887 341 3130 396; x_wconf 88' lang='lat' dir='ltr'><strong>concinit</strong></span> <span class='ocrx_word' id='word_1_17' title='bbox 3161 345 3377 410; x_wconf 68' lang='lat' dir='ltr'><strong>animm,</strong></span> <span class='ocrx_word' id='word_1_18' title='bbox 3413 351 3544 406; x_wconf 87' lang='lat' dir='ltr'><strong>salsi</strong></span> 
     </span>
    </p>
   </div>
   <div class='ocr_carea' id='block_1_6' title="bbox 299 411 1862 503">
    <p class='ocr_par' dir='ltr' id='par_1_6' title="bbox 299 411 1862 503">
     <span class='ocr_line' id='line_1_6' title="bbox 299 411 1862 503; baseline 0.015 -42"><span class='ocrx_word' id='word_1_19' title='bbox 299 411 391 461; x_wconf 85' lang='grc' dir='ltr'><strong>καί</strong></span> <span class='ocrx_word' id='word_1_20' title='bbox 422 428 519 461; x_wconf 83' lang='grc' dir='ltr'><strong>που</strong></span> <span class='ocrx_word' id='word_1_21' title='bbox 565 413 617 464; x_wconf 91' lang='grc' dir='ltr'><strong>τί</strong></span> <span class='ocrx_word' id='word_1_22' title='bbox 648 415 742 467; x_wconf 70' lang='grc' dir='ltr'><strong>καὶ</strong></span> <span class='ocrx_word' id='word_1_23' title='bbox 799 418 958 482; x_wconf 80' lang='grc' dir='ltr'><strong>μέλος</strong></span> <span class='ocrx_word' id='word_1_24' title='bbox 995 421 1260 490; x_wconf 76' lang='grc' dir='ltr'>ἐρωτικὸν</span> <span class='ocrx_word' id='word_1_25' title='bbox 1319 427 1744 496; x_wconf 77' lang='grc' dir='ltr'>ἀναλαὸόμενος,</span> <span class='ocrx_word' id='word_1_26' title='bbox 1799 438 1862 503; x_wconf 84' lang='grc' dir='ltr'>τῇ</span> 
     </span>
    </p>
   </div>
   <div class='ocr_carea' id='block_1_7' title="bbox 296 504 1865 595">
    <p class='ocr_par' dir='ltr' id='par_1_7' title="bbox 296 504 1865 595">
     <span class='ocr_line' id='line_1_7' title="bbox 296 504 1865 595; baseline 0.014 -39"><span class='ocrx_word' id='word_1_27' title='bbox 296 504 487 556; x_wconf 82' lang='grc' dir='ltr'>ἑαυτοῦ</span> <span class='ocrx_word' id='word_1_28' title='bbox 533 508 863 577; x_wconf 65' lang='grc' dir='ltr'>προσεπᾴδει</span> <span class='ocrx_word' id='word_1_29' title='bbox 917 511 1085 583; x_wconf 59' lang='grc' dir='ltr'>ψυχῇ,</span> <span class='ocrx_word' id='word_1_30' title='bbox 1114 517 1363 586; x_wconf 66' lang='grc' dir='ltr'>τοὺςτῆς</span> <span class='ocrx_word' id='word_1_31' title='bbox 1411 519 1545 589; x_wconf 75' lang='grc' dir='ltr'>ἄλης</span> <span class='ocrx_word' id='word_1_32' title='bbox 1591 521 1865 595; x_wconf 78' lang='grc' dir='ltr'><strong>θαλάσσης</strong></span> 
     </span>
    </p>
   </div>
   <div class='ocr_carea' id='block_1_8' title="bbox 292 596 1859 684">
    <p class='ocr_par' dir='ltr' id='par_1_8' title="bbox 292 596 1859 684">
     <span class='ocr_line' id='line_1_8' title="bbox 292 596 1859 684; baseline 0.015 -39"><span class='ocrx_word' id='word_1_33' title='bbox 292 596 620 648; x_wconf 73' lang='grc' dir='ltr'>ἀποσκοπῶν</span> <span class='ocrx_word' id='word_1_34' title='bbox 673 605 1101 671; x_wconf 78' lang='grc' dir='ltr'>μετεωρισμοὺς,</span> <span class='ocrx_word' id='word_1_35' title='bbox 1178 610 1273 659; x_wconf 71' lang='grc' dir='ltr'><strong>καὶ</strong></span> <span class='ocrx_word' id='word_1_36' title='bbox 1328 610 1546 679; x_wconf 80' lang='grc' dir='ltr'>ροθέους</span> <span class='ocrx_word' id='word_1_37' title='bbox 1597 616 1859 684; x_wconf 85' lang='grc' dir='ltr'>κινήσεις,</span> 
     </span>
    </p>
   </div>
   <div class='ocr_carea' id='block_1_9' title="bbox 294 684 1859 765">
    <p class='ocr_par' dir='ltr' id='par_1_9' title="bbox 294 684 1859 765">
     <span class='ocr_line' id='line_1_9' title="bbox 294 684 1859 765; baseline 0.015 -29"><span class='ocrx_word' id='word_1_38' title='bbox 294 685 359 738; x_wconf 78' lang='grc' dir='ltr'>τὰ</span> <span class='ocrx_word' id='word_1_39' title='bbox 391 684 510 738; x_wconf 84' lang='grc' dir='ltr'>θεία</span> <span class='ocrx_word' id='word_1_40' title='bbox 559 688 1073 760; x_wconf 78' lang='grc' dir='ltr'><strong>καταπληττόμενος</strong></span> <span class='ocrx_word' id='word_1_41' title='bbox 1119 696 1361 765; x_wconf 42' lang='grc' dir='ltr'>κρίσιατά</span> <span class='ocrx_word' id='word_1_42' title='bbox 1401 718 1456 753; x_wconf 89' lang='grc' dir='ltr'><strong>τε</strong></span> <span class='ocrx_word' id='word_1_43' title='bbox 1491 703 1584 756; x_wconf 77' lang='grc' dir='ltr'><strong>καὶ</strong></span> <span class='ocrx_word' id='word_1_44' title='bbox 1637 703 1859 758; x_wconf 82' lang='grc' dir='ltr'>δικαιώ-</span> 
     </span>
    </p>
   </div>
   <div class='ocr_carea' id='block_1_10' title="bbox 293 795 458 846">
    <p class='ocr_par' dir='ltr' id='par_1_10' title="bbox 293 795 458 846">
     <span class='ocr_line' id='line_1_10' title="bbox 293 795 458 846; baseline -0.012 -15"><span class='ocrx_word' id='word_1_45' title='bbox 293 795 458 846; x_wconf 86' lang='grc' dir='ltr'>ματα.</span> 
     </span>
    </p>
   </div>
   <div class='ocr_carea' id='block_1_11' title="bbox 362 867 1850 956">
    <p class='ocr_par' dir='ltr' id='par_1_11' title="bbox 362 867 1850 956">
     <span class='ocr_line' id='line_1_11' title="bbox 362 867 1850 956; baseline 0.011 -36"><span class='ocrx_word' id='word_1_46' title='bbox 362 867 480 936; x_wconf 64' lang='grc' dir='ltr'>μετ’.</span> <span class='ocrx_word' id='word_1_47' title='bbox 529 869 588 921; x_wconf 90' lang='lat' dir='ltr'><strong>&#39;O</strong></span> <span class='ocrx_word' id='word_1_48' title='bbox 625 869 804 939; x_wconf 81' lang='grc' dir='ltr'><strong>μέσως</strong></span> <span class='ocrx_word' id='word_1_49' title='bbox 854 873 993 943; x_wconf 78' lang='grc' dir='ltr'>ἔχων</span> <span class='ocrx_word' id='word_1_50' title='bbox 1045 877 1174 946; x_wconf 74' lang='grc' dir='ltr'>περὶ</span> <span class='ocrx_word' id='word_1_51' title='bbox 1202 879 1396 948; x_wconf 79' lang='grc' dir='ltr'>πρᾶξιν</span> <span class='ocrx_word' id='word_1_52' title='bbox 1451 883 1544 935; x_wconf 71' lang='grc' dir='ltr'>καὶ</span> <span class='ocrx_word' id='word_1_53' title='bbox 1599 884 1850 956; x_wconf 89' lang='grc' dir='ltr'>θεωρίαν,</span> 
     </span>
    </p>
   </div>
   <div class='ocr_carea' id='block_1_12' title="bbox 289 957 1850 1038">
    <p class='ocr_par' dir='ltr' id='par_1_12' title="bbox 289 957 1850 1038">
     <span class='ocr_line' id='line_1_12' title="bbox 289 957 1850 1038; baseline 0.013 -29"><span class='ocrx_word' id='word_1_54' title='bbox 289 957 406 1010; x_wconf 80' lang='grc' dir='ltr'>οὔτε</span> <span class='ocrx_word' id='word_1_55' title='bbox 433 960 609 1032; x_wconf 81' lang='grc' dir='ltr'>πάντῃ</span> <span class='ocrx_word' id='word_1_56' title='bbox 629 965 750 1024; x_wconf 85' lang='grc' dir='ltr'>ταῖς</span> <span class='ocrx_word' id='word_1_57' title='bbox 767 964 978 1028; x_wconf 83' lang='grc' dir='ltr'>κώπαις</span> <span class='ocrx_word' id='word_1_58' title='bbox 1005 969 1145 1021; x_wconf 84' lang='grc' dir='ltr'><strong>κατά</strong></span> <span class='ocrx_word' id='word_1_59' title='bbox 1164 971 1288 1031; x_wconf 79' lang='grc' dir='ltr'>τοὺς</span> <span class='ocrx_word' id='word_1_60' title='bbox 1311 976 1592 1038; x_wconf 75' lang='grc' dir='ltr'>ναυτικοὺς</span> <span class='ocrx_word' id='word_1_61' title='bbox 1620 979 1850 1030; x_wconf 81' lang='grc' dir='ltr'>ποιεῖται</span> 
     </span>
    </p>
   </div>
   <div class='ocr_carea' id='block_1_13' title="bbox 283 1050 1848 1129">
    <p class='ocr_par' dir='ltr' id='par_1_13' title="bbox 283 1050 1848 1129">
     <span class='ocr_line' id='line_1_13' title="bbox 283 1050 1848 1129; baseline 0.014 -29"><span class='ocrx_word' id='word_1_62' title='bbox 283 1050 372 1100; x_wconf 69' lang='grc' dir='ltr'>τὸν</span> <span class='ocrx_word' id='word_1_63' title='bbox 403 1051 591 1115; x_wconf 82' lang='grc' dir='ltr'><strong>πλοῦν,</strong></span> <span class='ocrx_word' id='word_1_64' title='bbox 625 1053 740 1106; x_wconf 78' lang='grc' dir='ltr'>οὔθ’</span> <span class='ocrx_word' id='word_1_65' title='bbox 763 1057 900 1120; x_wconf 82' lang='grc' dir='ltr'>ὅλως</span> <span class='ocrx_word' id='word_1_66' title='bbox 929 1061 1041 1123; x_wconf 83' lang='grc' dir='ltr'>τοῖς</span> <span class='ocrx_word' id='word_1_67' title='bbox 1081 1064 1290 1128; x_wconf 76' lang='grc' dir='ltr'><strong>νοητοῖς</strong></span> <span class='ocrx_word' id='word_1_68' title='bbox 1325 1063 1535 1129; x_wconf 86' lang='grc' dir='ltr'>ίστίοις,</span> <span class='ocrx_word' id='word_1_69' title='bbox 1593 1067 1731 1120; x_wconf 83' lang='grc' dir='ltr'><strong>ἀλλά</strong></span> <span class='ocrx_word' id='word_1_70' title='bbox 1779 1068 1848 1122; x_wconf 80' lang='grc' dir='ltr'>δι’</span> 
     </span>
    </p>
   </div>
   <div class='ocr_carea' id='block_1_14' title="bbox 295 1144 1847 1226">
    <p class='ocr_par' dir='ltr' id='par_1_14' title="bbox 295 1144 1847 1226">
     <span class='ocr_line' id='line_1_14' title="bbox 295 1144 1847 1226; baseline 0.011 -29"><span class='ocrx_word' id='word_1_71' title='bbox 295 1145 618 1215; x_wconf 80' lang='grc' dir='ltr'><strong>ἀμφοτέρων</strong></span> <span class='ocrx_word' id='word_1_72' title='bbox 665 1144 762 1215; x_wconf 72' lang='grc' dir='ltr'>τὴν</span> <span class='ocrx_word' id='word_1_73' title='bbox 818 1147 1007 1217; x_wconf 89' lang='grc' dir='ltr'>χρείαν</span> <span class='ocrx_word' id='word_1_74' title='bbox 1059 1150 1159 1220; x_wconf 85' lang='grc' dir='ltr'><strong>τῆς</strong></span> <span class='ocrx_word' id='word_1_75' title='bbox 1208 1151 1459 1216; x_wconf 84' lang='grc' dir='ltr'>εὐπλοῖας</span> <span class='ocrx_word' id='word_1_76' title='bbox 1541 1159 1847 1226; x_wconf 77' lang='grc' dir='ltr'><strong>ἐργάζεται,</strong></span> 
     </span>
    </p>
   </div>
   <div class='ocr_carea' id='block_1_15' title="bbox 296 1235 1849 1311">
    <p class='ocr_par' dir='ltr' id='par_1_15' title="bbox 296 1235 1849 1311">
     <span class='ocr_line' id='line_1_15' title="bbox 296 1235 1849 1311; baseline 0.011 -25"><span class='ocrx_word' id='word_1_77' title='bbox 296 1235 461 1303; x_wconf 66' lang='grc' dir='ltr'>ἡδέως</span> <span class='ocrx_word' id='word_1_78' title='bbox 491 1235 673 1304; x_wconf 83' lang='grc' dir='ltr'>φέρων</span> <span class='ocrx_word' id='word_1_79' title='bbox 726 1236 822 1288; x_wconf 78' lang='grc' dir='ltr'>καὶ</span> <span class='ocrx_word' id='word_1_80' title='bbox 869 1238 994 1301; x_wconf 82' lang='grc' dir='ltr'>τοὺς</span> <span class='ocrx_word' id='word_1_81' title='bbox 1022 1239 1215 1300; x_wconf 80' lang='grc' dir='ltr'><strong>πόνους</strong></span> <span class='ocrx_word' id='word_1_82' title='bbox 1247 1245 1343 1307; x_wconf 85' lang='grc' dir='ltr'><strong>τῆς</strong></span> <span class='ocrx_word' id='word_1_83' title='bbox 1369 1245 1641 1311; x_wconf 77' lang='grc' dir='ltr'>πράξεως,</span> <span class='ocrx_word' id='word_1_84' title='bbox 1677 1249 1765 1302; x_wconf 76' lang='grc' dir='ltr'>διὰ</span> <span class='ocrx_word' id='word_1_85' title='bbox 1789 1251 1849 1304; x_wconf 84' lang='grc' dir='ltr'><strong>τὸ</strong></span> 
     </span>
    </p>
   </div>
   <div class='ocr_carea' id='block_1_16' title="bbox 294 1327 1848 1406">
    <p class='ocr_par' dir='ltr' id='par_1_16' title="bbox 294 1327 1848 1406">
     <span class='ocr_line' id='line_1_16' title="bbox 294 1327 1848 1406; baseline 0.013 -31"><span class='ocrx_word' id='word_1_86' title='bbox 294 1327 490 1394; x_wconf 84' lang='grc' dir='ltr'>μέτρον</span> <span class='ocrx_word' id='word_1_87' title='bbox 524 1327 620 1396; x_wconf 82' lang='grc' dir='ltr'>τῆς</span> <span class='ocrx_word' id='word_1_88' title='bbox 643 1328 894 1395; x_wconf 74' lang='grc' dir='ltr'>θεωρίας,</span> <span class='ocrx_word' id='word_1_89' title='bbox 938 1331 1032 1381; x_wconf 78' lang='grc' dir='ltr'><strong>καὶ</strong></span> <span class='ocrx_word' id='word_1_90' title='bbox 1084 1333 1208 1394; x_wconf 83' lang='grc' dir='ltr'>τοὺς</span> <span class='ocrx_word' id='word_1_91' title='bbox 1252 1333 1441 1400; x_wconf 80' lang='grc' dir='ltr'>λόγους</span> <span class='ocrx_word' id='word_1_92' title='bbox 1474 1337 1572 1406; x_wconf 79' lang='grc' dir='ltr'>τῆς</span> <span class='ocrx_word' id='word_1_93' title='bbox 1627 1341 1848 1406; x_wconf 77' lang='grc' dir='ltr'>ἀτελοῦς</span> 
     </span>
    </p>
   </div>
   <div class='ocr_carea' id='block_1_17' title="bbox 291 1416 1633 1494">
    <p class='ocr_par' dir='ltr' id='par_1_17' title="bbox 291 1416 1633 1494">
     <span class='ocr_line' id='line_1_17' title="bbox 291 1416 1633 1494; baseline 0.01 -26"><span class='ocrx_word' id='word_1_94' title='bbox 291 1416 542 1484; x_wconf 77' lang='grc' dir='ltr'><strong>θεωρίας,</strong></span> <span class='ocrx_word' id='word_1_95' title='bbox 563 1417 653 1469; x_wconf 82' lang='grc' dir='ltr'>διὰ</span> <span class='ocrx_word' id='word_1_96' title='bbox 677 1417 737 1471; x_wconf 77' lang='grc' dir='ltr'>τὸ</span> <span class='ocrx_word' id='word_1_97' title='bbox 766 1417 1071 1488; x_wconf 75' lang='grc' dir='ltr'><strong>βοηθεῖσθαι</strong></span> <span class='ocrx_word' id='word_1_98' title='bbox 1113 1423 1215 1475; x_wconf 84' lang='grc' dir='ltr'><strong>ὑπὸ</strong></span> <span class='ocrx_word' id='word_1_99' title='bbox 1237 1425 1334 1493; x_wconf 87' lang='grc' dir='ltr'>τῆς</span> <span class='ocrx_word' id='word_1_100' title='bbox 1365 1427 1633 1494; x_wconf 79' lang='grc' dir='ltr'>πράξεως.</span> 
     </span>
    </p>
   </div>
   <div class='ocr_carea' id='block_1_18' title="bbox 363 1506 1846 1592">
    <p class='ocr_par' dir='ltr' id='par_1_18' title="bbox 363 1506 1846 1592">
     <span class='ocr_line' id='line_1_18' title="bbox 363 1506 1846 1592; baseline 0.011 -31"><span class='ocrx_word' id='word_1_101' title='bbox 363 1506 472 1574; x_wconf 79' lang='grc' dir='ltr'><strong>μζ’.</strong></span> <span class='ocrx_word' id='word_1_102' title='bbox 511 1507 570 1560; x_wconf 85' lang='grc' dir='ltr'>Ὁ</span> <span class='ocrx_word' id='word_1_103' title='bbox 601 1509 697 1577; x_wconf 84' lang='grc' dir='ltr'><strong>μὲν</strong></span> <span class='ocrx_word' id='word_1_104' title='bbox 721 1509 1048 1578; x_wconf 84' lang='grc' dir='ltr'>θεωρητικὸς</span> <span class='ocrx_word' id='word_1_105' title='bbox 1079 1516 1143 1582; x_wconf 85' lang='grc' dir='ltr'>τῇ</span> <span class='ocrx_word' id='word_1_106' title='bbox 1178 1515 1370 1586; x_wconf 86' lang='grc' dir='ltr'>γνώμῃ</span> <span class='ocrx_word' id='word_1_107' title='bbox 1397 1517 1492 1586; x_wconf 80' lang='grc' dir='ltr'><strong>τὴν</strong></span> <span class='ocrx_word' id='word_1_108' title='bbox 1528 1521 1686 1588; x_wconf 81' lang='grc' dir='ltr'>φύσιν</span> <span class='ocrx_word' id='word_1_109' title='bbox 1708 1522 1846 1592; x_wconf 79' lang='grc' dir='ltr'>ἔχων</span> 
     </span>
    </p>
   </div>
   <div class='ocr_carea' id='block_1_19' title="bbox 289 1597 1846 1672">
    <p class='ocr_par' dir='ltr' id='par_1_19' title="bbox 289 1597 1846 1672">
     <span class='ocr_line' id='line_1_19' title="bbox 289 1597 1846 1672; baseline 0.012 -23"><span class='ocrx_word' id='word_1_110' title='bbox 289 1599 702 1669; x_wconf 83' lang='grc' dir='ltr'>συντρέχουσαν,</span> <span class='ocrx_word' id='word_1_111' title='bbox 732 1601 806 1663; x_wconf 86' lang='grc' dir='ltr'>ὼς</span> <span class='ocrx_word' id='word_1_112' title='bbox 836 1597 946 1654; x_wconf 79' lang='grc' dir='ltr'>οἷόν</span> <span class='ocrx_word' id='word_1_113' title='bbox 971 1620 1022 1654; x_wconf 89' lang='grc' dir='ltr'><strong>τι</strong></span> <span class='ocrx_word' id='word_1_114' title='bbox 1062 1603 1238 1672; x_wconf 80' lang='grc' dir='ltr'>ῥεῦμα</span> <span class='ocrx_word' id='word_1_115' title='bbox 1285 1607 1499 1670; x_wconf 81' lang='grc' dir='ltr'>ἀπόνως</span> <span class='ocrx_word' id='word_1_116' title='bbox 1529 1615 1758 1666; x_wconf 86' lang='grc' dir='ltr'>ποιεῖται</span> <span class='ocrx_word' id='word_1_117' title='bbox 1786 1615 1846 1668; x_wconf 85' lang='grc' dir='ltr'>τὸ</span> 
     </span>
    </p>
   </div>
   <div class='ocr_carea' id='block_1_20' title="bbox 1977 427 3538 507">
    <p class='ocr_par' dir='ltr' id='par_1_20' title="bbox 1977 427 3538 507">
     <span class='ocr_line' id='line_1_20' title="bbox 1977 427 3538 507; baseline 0.014 -30"><span class='ocrx_word' id='word_1_118' title='bbox 1977 427 2143 479; x_wconf 87' lang='lat' dir='ltr'><strong>maris</strong></span> <span class='ocrx_word' id='word_1_119' title='bbox 2190 431 2571 499; x_wconf 77' lang='lat' dir='ltr'><strong>contemplans</strong></span> <span class='ocrx_word' id='word_1_120' title='bbox 2615 433 2886 488; x_wconf 88' lang='lat' dir='ltr'><strong>elationes</strong></span> <span class='ocrx_word' id='word_1_121' title='bbox 2929 435 3289 505; x_wconf 84' lang='lat' dir='ltr'><strong>fragososque</strong></span> <span class='ocrx_word' id='word_1_122' title='bbox 3334 451 3538 507; x_wconf 89' lang='lat' dir='ltr'><strong>motus,</strong></span> 
     </span>
    </p>
   </div>
   <div class='ocr_carea' id='block_1_21' title="bbox 1973 507 3220 598">
    <p class='ocr_par' dir='ltr' id='par_1_21' title="bbox 1973 507 3220 598">
     <span class='ocr_line' id='line_1_21' title="bbox 1973 507 3220 598; baseline 0.013 -27"><span class='ocrx_word' id='word_1_123' title='bbox 1973 507 2178 588; x_wconf 85' lang='lat' dir='ltr'><strong>Deique</strong></span> <span class='ocrx_word' id='word_1_124' title='bbox 2215 530 2444 590; x_wconf 91' lang='lat' dir='ltr'><strong>stupens</strong></span> <span class='ocrx_word' id='word_1_125' title='bbox 2464 524 2672 594; x_wconf 87' lang='lat' dir='ltr'><strong>judicia</strong></span> <span class='ocrx_word' id='word_1_126' title='bbox 2705 537 2759 582; x_wconf 92' lang='lat' dir='ltr'><strong>et</strong></span> <span class='ocrx_word' id='word_1_127' title='bbox 2778 527 3220 598; x_wconf 84' lang='lat' dir='ltr'><strong>justilicationcs.</strong></span> 
     </span>
    </p>
   </div>
   <div class='ocr_carea' id='block_1_22' title="bbox 2039 868 3546 954">
    <p class='ocr_par' dir='ltr' id='par_1_22' title="bbox 2039 868 3546 954">
     <span class='ocr_line' id='line_1_22' title="bbox 2039 868 3546 954; baseline 0.011 -33"><span class='ocrx_word' id='word_1_128' title='bbox 2039 868 2128 923; x_wconf 81' lang='grc'><strong>46.</strong></span> <span class='ocrx_word' id='word_1_129' title='bbox 2162 868 2264 935; x_wconf 85' lang='lat' dir='ltr'><strong>Qui</strong></span> <span class='ocrx_word' id='word_1_130' title='bbox 2316 873 2526 940; x_wconf 82' lang='lat' dir='ltr'><strong>praxim</strong></span> <span class='ocrx_word' id='word_1_131' title='bbox 2579 875 2958 948; x_wconf 87' lang='lat' dir='ltr'><strong>theoriamque</strong></span> <span class='ocrx_word' id='word_1_132' title='bbox 3008 880 3314 951; x_wconf 85' lang='lat' dir='ltr'><strong>interjacet,</strong></span> <span class='ocrx_word' id='word_1_133' title='bbox 3367 899 3546 954; x_wconf 86' lang='lat' dir='ltr'><strong>neque</strong></span> 
     </span>
    </p>
   </div>
   <div class='ocr_carea' id='block_1_23' title="bbox 1969 963 3544 1045">
    <p class='ocr_par' dir='ltr' id='par_1_23' title="bbox 1969 963 3544 1045">
     <span class='ocr_line' id='line_1_23' title="bbox 1969 963 3544 1045; baseline 0.011 -31"><span class='ocrx_word' id='word_1_134' title='bbox 1969 963 2196 1016; x_wconf 89' lang='lat' dir='ltr'><strong>omnino</strong></span> <span class='ocrx_word' id='word_1_135' title='bbox 2263 965 2430 1019; x_wconf 90' lang='lat' dir='ltr'><strong>remis</strong></span> <span class='ocrx_word' id='word_1_136' title='bbox 2489 981 2642 1023; x_wconf 89' lang='lat' dir='ltr'><strong>more</strong></span> <span class='ocrx_word' id='word_1_137' title='bbox 2703 980 2994 1026; x_wconf 82' lang='lat' dir='ltr'><strong>nautarum</strong></span> <span class='ocrx_word' id='word_1_138' title='bbox 3061 975 3304 1042; x_wconf 77' lang='lat' dir='ltr'><strong>navigat,</strong></span> <span class='ocrx_word' id='word_1_139' title='bbox 3364 991 3544 1045; x_wconf 90' lang='lat' dir='ltr'><strong>neque</strong></span> 
     </span>
    </p>
   </div>
   <div class='ocr_carea' id='block_1_24' title="bbox 1968 1056 3542 1137">
    <p class='ocr_par' dir='ltr' id='par_1_24' title="bbox 1968 1056 3542 1137">
     <span class='ocr_line' id='line_1_24' title="bbox 1968 1056 3542 1137; baseline 0.01 -31"><span class='ocrx_word' id='word_1_140' title='bbox 1968 1056 2194 1110; x_wconf 90' lang='lat' dir='ltr'><strong>omnino</strong></span> <span class='ocrx_word' id='word_1_141' title='bbox 2245 1060 2629 1128; x_wconf 87' lang='lat' dir='ltr'><strong>spiritualibus</strong></span> <span class='ocrx_word' id='word_1_142' title='bbox 2688 1065 2879 1129; x_wconf 87' lang='lat' dir='ltr'><strong>remis,</strong></span> <span class='ocrx_word' id='word_1_143' title='bbox 2928 1066 3022 1119; x_wconf 82' lang='lat' dir='ltr'><strong>sed</strong></span> <span class='ocrx_word' id='word_1_144' title='bbox 3085 1069 3376 1121; x_wconf 88' lang='lat' dir='ltr'><strong>amborum</strong></span> <span class='ocrx_word' id='word_1_145' title='bbox 3438 1084 3542 1137; x_wconf 90' lang='lat' dir='ltr'><strong>ope</strong></span> 
     </span>
    </p>
   </div>
   <div class='ocr_carea' id='block_1_25' title="bbox 1967 1144 3539 1223">
    <p class='ocr_par' dir='ltr' id='par_1_25' title="bbox 1967 1144 3539 1223">
     <span class='ocr_line' id='line_1_25' title="bbox 1967 1144 3539 1223; baseline 0.011 -26"><span class='ocrx_word' id='word_1_146' title='bbox 1967 1144 2178 1200; x_wconf 73' lang='lat' dir='ltr'><strong>felicem</strong></span> <span class='ocrx_word' id='word_1_147' title='bbox 2213 1151 2426 1219; x_wconf 80' lang='lat' dir='ltr'><strong>peragit</strong></span> <span class='ocrx_word' id='word_1_148' title='bbox 2455 1166 2698 1217; x_wconf 90' lang='lat' dir='ltr'><strong>cursum,</strong></span> <span class='ocrx_word' id='word_1_149' title='bbox 2728 1155 2971 1223; x_wconf 89' lang='lat' dir='ltr'><strong>jucunde</strong></span> <span class='ocrx_word' id='word_1_150' title='bbox 2998 1156 3182 1212; x_wconf 81' lang='lat' dir='ltr'><strong>ferens</strong></span> <span class='ocrx_word' id='word_1_151' title='bbox 3220 1168 3276 1213; x_wconf 89' lang='lat' dir='ltr'><strong>et</strong></span> <span class='ocrx_word' id='word_1_152' title='bbox 3321 1160 3539 1215; x_wconf 78' lang='lat' dir='ltr'><strong>labores</strong></span> 
     </span>
    </p>
   </div>
   <div class='ocr_carea' id='block_1_26' title="bbox 1968 1239 3539 1315">
    <p class='ocr_par' dir='ltr' id='par_1_26' title="bbox 1968 1239 3539 1315">
     <span class='ocr_line' id='line_1_26' title="bbox 1968 1239 3539 1315; baseline 0.011 -25"><span class='ocrx_word' id='word_1_153' title='bbox 1968 1239 2170 1306; x_wconf 83' lang='lat' dir='ltr'><strong>praxis,</strong></span> <span class='ocrx_word' id='word_1_154' title='bbox 2206 1243 2408 1310; x_wconf 91' lang='lat' dir='ltr'><strong>quippe</strong></span> <span class='ocrx_word' id='word_1_155' title='bbox 2442 1260 2580 1313; x_wconf 86' lang='lat' dir='ltr'><strong>quos</strong></span> <span class='ocrx_word' id='word_1_156' title='bbox 2615 1248 2933 1302; x_wconf 78' lang='lat' dir='ltr'><strong>moderatur</strong></span> <span class='ocrx_word' id='word_1_157' title='bbox 2977 1251 3212 1315; x_wconf 88' lang='lat' dir='ltr'><strong>tbeoria,</strong></span> <span class='ocrx_word' id='word_1_158' title='bbox 3241 1261 3297 1307; x_wconf 76' lang='lat' dir='ltr'><strong>e2</strong></span> <span class='ocrx_word' id='word_1_159' title='bbox 3326 1268 3539 1307; x_wconf 86' lang='lat' dir='ltr'><strong>sermo-</strong></span> 
     </span>
    </p>
   </div>
   <div class='ocr_carea' id='block_1_27' title="bbox 1967 1335 3539 1418">
    <p class='ocr_par' dir='ltr' id='par_1_27' title="bbox 1967 1335 3539 1418">
     <span class='ocr_line' id='line_1_27' title="bbox 1967 1335 3539 1418; baseline 0.01 -33"><span class='ocrx_word' id='word_1_160' title='bbox 1967 1347 2064 1386; x_wconf 89' lang='lat' dir='ltr'><strong>nes</strong></span> <span class='ocrx_word' id='word_1_161' title='bbox 2128 1335 2460 1403; x_wconf 67' lang='lat' dir='ltr'><strong>imperl‘ectaa</strong></span> <span class='ocrx_word' id='word_1_162' title='bbox 2525 1340 2770 1408; x_wconf 71' lang='lat' dir='ltr'><strong>theoriae,</strong></span> <span class='ocrx_word' id='word_1_163' title='bbox 2825 1343 3029 1414; x_wconf 87' lang='lat' dir='ltr'><strong>quippe</strong></span> <span class='ocrx_word' id='word_1_164' title='bbox 3089 1361 3251 1414; x_wconf 88' lang='lat' dir='ltr'><strong>quam</strong></span> <span class='ocrx_word' id='word_1_165' title='bbox 3317 1349 3539 1418; x_wconf 75' lang='lat' dir='ltr'><strong>adjuvat</strong></span> 
     </span>
    </p>
   </div>
   <div class='ocr_carea' id='block_1_28' title="bbox 1966 1439 2174 1492">
    <p class='ocr_par' dir='ltr' id='par_1_28' title="bbox 1966 1439 2174 1492">
     <span class='ocr_line' id='line_1_28' title="bbox 1966 1439 2174 1492; baseline 0.019 -18"><span class='ocrx_word' id='word_1_166' title='bbox 1966 1439 2174 1492; x_wconf 76' lang='lat' dir='ltr'><strong>praxxs.</strong></span> 
     </span>
    </p>
   </div>
   <div class='ocr_carea' id='block_1_29' title="bbox 2037 1516 3538 1585">
    <p class='ocr_par' dir='ltr' id='par_1_29' title="bbox 2037 1516 3538 1585">
     <span class='ocr_line' id='line_1_29' title="bbox 2037 1516 3538 1585; baseline 0.011 -17"><span class='ocrx_word' id='word_1_167' title='bbox 2037 1516 2123 1569; x_wconf 77' lang='grc'><strong>47.</strong></span> <span class='ocrx_word' id='word_1_168' title='bbox 2169 1518 2531 1577; x_wconf 88' lang='lat' dir='ltr'><strong>Theorcticus</strong></span> <span class='ocrx_word' id='word_1_169' title='bbox 2560 1526 2823 1581; x_wconf 83' lang='lat' dir='ltr'><strong>voluntati</strong></span> <span class='ocrx_word' id='word_1_170' title='bbox 2873 1537 3122 1582; x_wconf 87' lang='lat' dir='ltr'><strong>naturam</strong></span> <span class='ocrx_word' id='word_1_171' title='bbox 3165 1529 3374 1583; x_wconf 84' lang='lat' dir='ltr'><strong>habens</strong></span> <span class='ocrx_word' id='word_1_172' title='bbox 3401 1547 3538 1585; x_wconf 88' lang='lat' dir='ltr'><strong>con-</strong></span> 
     </span>
    </p>
   </div>
   <div class='ocr_carea' id='block_1_30' title="bbox 1965 1615 3540 1692">
    <p class='ocr_par' dir='ltr' id='par_1_30' title="bbox 1965 1615 3540 1692">
     <span class='ocr_line' id='line_1_30' title="bbox 1965 1615 3540 1692; baseline 0.009 -29"><span class='ocrx_word' id='word_1_173' title='bbox 1965 1618 2306 1678; x_wconf 71' lang='lat' dir='ltr'><strong>sentancam,</strong></span> <span class='ocrx_word' id='word_1_174' title='bbox 2371 1615 2560 1671; x_wconf 84' lang='lat' dir='ltr'><strong>ﬂuenti</strong></span> <span class='ocrx_word' id='word_1_175' title='bbox 2632 1621 2807 1674; x_wconf 84' lang='lat' dir='ltr'><strong>instar</strong></span> <span class='ocrx_word' id='word_1_176' title='bbox 2863 1622 2983 1675; x_wconf 83' lang='lat' dir='ltr'><strong>sine</strong></span> <span class='ocrx_word' id='word_1_177' title='bbox 3043 1622 3234 1675; x_wconf 87' lang='lat' dir='ltr'><strong>labore</strong></span> <span class='ocrx_word' id='word_1_178' title='bbox 3297 1624 3540 1692; x_wconf 83' lang='lat' dir='ltr'><strong>navigat,</strong></span> 
     </span>
    </p>
   </div>
   <div class='ocr_carea' id='block_1_31' title="bbox 288 1675 1836 1781">
    <p class='ocr_par' dir='ltr' id='par_1_31' title="bbox 288 1686 1836 1775">
     <span class='ocr_line' id='line_1_31' title="bbox 288 1686 1836 1775; baseline 0.01 -35"><span class='ocrx_word' id='word_1_179' title='bbox 288 1686 547 1758; x_wconf 81' lang='grc' dir='ltr'>πλώϊμον,</span> <span class='ocrx_word' id='word_1_180' title='bbox 578 1691 605 1741; x_wconf 90' lang='lat'><strong>6</strong></span> <span class='ocrx_word' id='word_1_181' title='bbox 645 1690 700 1741; x_wconf 87' lang='grc' dir='ltr'>δὲ</span> <span class='ocrx_word' id='word_1_182' title='bbox 730 1694 1027 1760; x_wconf 81' lang='grc' dir='ltr'>πρακτικὸς</span> <span class='ocrx_word' id='word_1_183' title='bbox 1049 1695 1464 1765; x_wconf 74' lang='grc' dir='ltr'>ἐναντιουμένην</span> <span class='ocrx_word' id='word_1_184' title='bbox 1487 1700 1752 1768; x_wconf 81' lang='grc' dir='ltr'><strong>εὑρίσκων</strong></span> <span class='ocrx_word' id='word_1_185' title='bbox 1778 1709 1836 1775; x_wconf 78' lang='grc' dir='ltr'>τῇ</span> 
     </span>
    </p>
   </div>
   <div class='ocr_carea' id='block_1_32' title="bbox 1956 1675 3539 1781">
    <p class='ocr_par' dir='ltr' id='par_1_32' title="bbox 1965 1704 3539 1781">
     <span class='ocr_line' id='line_1_32' title="bbox 1965 1704 3539 1781; baseline 0.006 -27"><span class='ocrx_word' id='word_1_186' title='bbox 1965 1704 2246 1770; x_wconf 88' lang='lat' dir='ltr'><strong>practicus</strong></span> <span class='ocrx_word' id='word_1_187' title='bbox 2303 1715 2489 1762; x_wconf 87' lang='lat' dir='ltr'><strong>autem</strong></span> <span class='ocrx_word' id='word_1_188' title='bbox 2549 1712 2865 1780; x_wconf 90' lang='lat' dir='ltr'><strong>oppositum</strong></span> <span class='ocrx_word' id='word_1_189' title='bbox 2924 1711 3210 1781; x_wconf 77' lang='lat' dir='ltr'><strong>reperiens</strong></span> <span class='ocrx_word' id='word_1_190' title='bbox 3268 1711 3539 1766; x_wconf 87' lang='lat' dir='ltr'><strong>voluntati</strong></span> 
     </span>
    </p>
   </div>
   <div class='ocr_carea' id='block_1_33' title="bbox 288 1779 1843 1857">
    <p class='ocr_par' dir='ltr' id='par_1_33' title="bbox 288 1779 1843 1857">
     <span class='ocr_line' id='line_1_33' title="bbox 288 1779 1843 1857; baseline 0.011 -28"><span class='ocrx_word' id='word_1_191' title='bbox 288 1781 601 1848; x_wconf 80' lang='grc' dir='ltr'>προαιρέσει</span> <span class='ocrx_word' id='word_1_192' title='bbox 629 1779 726 1849; x_wconf 85' lang='grc' dir='ltr'><strong>τὴν</strong></span> <span class='ocrx_word' id='word_1_193' title='bbox 762 1781 967 1848; x_wconf 76' lang='grc' dir='ltr'>σχέσιν,</span> <span class='ocrx_word' id='word_1_194' title='bbox 1004 1783 1171 1835; x_wconf 87' lang='grc' dir='ltr'>πολὺν</span> <span class='ocrx_word' id='word_1_195' title='bbox 1222 1784 1497 1855; x_wconf 82' lang='grc' dir='ltr'>λογισμῶν</span> <span class='ocrx_word' id='word_1_196' title='bbox 1553 1779 1843 1857; x_wconf 79' lang='grc' dir='ltr'>ὐφίσταται</span> 
     </span>
    </p>
   </div>
   <div class='ocr_carea' id='block_1_34' title="bbox 285 1868 1844 1946">
    <p class='ocr_par' dir='ltr' id='par_1_34' title="bbox 285 1868 1844 1946">
     <span class='ocr_line' id='line_1_34' title="bbox 285 1868 1844 1946; baseline 0.011 -26"><span class='ocrx_word' id='word_1_197' title='bbox 285 1868 550 1930; x_wconf 86' lang='grc' dir='ltr'>κλύδωνα,</span> <span class='ocrx_word' id='word_1_198' title='bbox 606 1870 701 1922; x_wconf 82' lang='grc' dir='ltr'>καὶ</span> <span class='ocrx_word' id='word_1_199' title='bbox 732 1873 811 1934; x_wconf 86' lang='grc' dir='ltr'><strong>είς</strong></span> <span class='ocrx_word' id='word_1_200' title='bbox 846 1873 1193 1941; x_wconf 85' lang='grc' dir='ltr'>ἁπευδοκίαν,</span> <span class='ocrx_word' id='word_1_201' title='bbox 1233 1877 1433 1946; x_wconf 86' lang='grc' dir='ltr'>μικροῦ</span> <span class='ocrx_word' id='word_1_202' title='bbox 1480 1879 1613 1944; x_wconf 83' lang='grc' dir='ltr'>δεῖν,</span> <span class='ocrx_word' id='word_1_203' title='bbox 1664 1885 1844 1937; x_wconf 82' lang='grc' dir='ltr'>κινδυ-</span> 
     </span>
    </p>
   </div>
   <div class='ocr_carea' id='block_1_35' title="bbox 282 1959 1050 2031">
    <p class='ocr_par' dir='ltr' id='par_1_35' title="bbox 282 1959 1050 2031">
     <span class='ocr_line' id='line_1_35' title="bbox 282 1959 1050 2031; baseline 0.007 -19"><span class='ocrx_word' id='word_1_204' title='bbox 282 1959 424 2012; x_wconf 84' lang='grc' dir='ltr'>νεύει</span> <span class='ocrx_word' id='word_1_205' title='bbox 453 1960 538 2013; x_wconf 81' lang='grc' dir='ltr'>διὰ</span> <span class='ocrx_word' id='word_1_206' title='bbox 574 1961 634 2014; x_wconf 78' lang='grc' dir='ltr'>τὸ</span> <span class='ocrx_word' id='word_1_207' title='bbox 663 1961 827 2031; x_wconf 84' lang='grc' dir='ltr'>βάρος</span> <span class='ocrx_word' id='word_1_208' title='bbox 856 1963 1050 2018; x_wconf 86' lang='grc' dir='ltr'>ἐλθεῖν.</span> 
     </span>
    </p>
   </div>
   <div class='ocr_carea' id='block_1_36' title="bbox 353 2069 1842 2152">
    <p class='ocr_par' dir='ltr' id='par_1_36' title="bbox 353 2069 1842 2152">
     <span class='ocr_line' id='line_1_36' title="bbox 353 2069 1842 2152; baseline 0.013 -30"><span class='ocrx_word' id='word_1_209' title='bbox 353 2069 459 2139; x_wconf 88' lang='grc' dir='ltr'>μη’.</span> <span class='ocrx_word' id='word_1_210' title='bbox 494 2072 628 2125; x_wconf 79' lang='grc' dir='ltr'>Οὔτε</span> <span class='ocrx_word' id='word_1_211' title='bbox 679 2073 828 2144; x_wconf 85' lang='grc' dir='ltr'>χώρα</span> <span class='ocrx_word' id='word_1_212' title='bbox 863 2075 937 2146; x_wconf 84' lang='grc' dir='ltr'>μὴ</span> <span class='ocrx_word' id='word_1_213' title='bbox 975 2077 1152 2140; x_wconf 87' lang='grc' dir='ltr'>καλῶς</span> <span class='ocrx_word' id='word_1_214' title='bbox 1182 2083 1627 2152; x_wconf 81' lang='grc' dir='ltr'>κατεργασθεῖσα,</span> <span class='ocrx_word' id='word_1_215' title='bbox 1680 2089 1842 2143; x_wconf 83' lang='grc' dir='ltr'>πολύ-</span> 
     </span>
    </p>
   </div>
   <div class='ocr_carea' id='block_1_37' title="bbox 282 2163 1838 2246">
    <p class='ocr_par' dir='ltr' id='par_1_37' title="bbox 282 2163 1838 2246">
     <span class='ocr_line' id='line_1_37' title="bbox 282 2163 1838 2246; baseline 0.013 -34"><span class='ocrx_word' id='word_1_216' title='bbox 282 2176 408 2230; x_wconf 79' lang='grc' dir='ltr'>χουν</span> <span class='ocrx_word' id='word_1_217' title='bbox 434 2163 527 2215; x_wconf 76' lang='grc' dir='ltr'><strong>καὶ</strong></span> <span class='ocrx_word' id='word_1_218' title='bbox 558 2163 796 2233; x_wconf 85' lang='grc' dir='ltr'>καθαρὸν</span> <span class='ocrx_word' id='word_1_219' title='bbox 830 2167 1210 2238; x_wconf 81' lang='grc' dir='ltr'>ἀντιπαρέχειν</span> <span class='ocrx_word' id='word_1_220' title='bbox 1239 2172 1297 2223; x_wconf 78' lang='grc' dir='ltr'><strong>τὸ</strong></span> <span class='ocrx_word' id='word_1_221' title='bbox 1331 2173 1550 2243; x_wconf 84' lang='grc' dir='ltr'>σπέρμα</span> <span class='ocrx_word' id='word_1_222' title='bbox 1580 2176 1656 2246; x_wconf 84' lang='grc' dir='ltr'><strong>τῷ</strong></span> <span class='ocrx_word' id='word_1_223' title='bbox 1687 2180 1838 2231; x_wconf 86' lang='grc' dir='ltr'>σπεί-</span> 
     </span>
    </p>
   </div>
   <div class='ocr_carea' id='block_1_38' title="bbox 282 2252 1837 2338">
    <p class='ocr_par' dir='ltr' id='par_1_38' title="bbox 282 2252 1837 2338">
     <span class='ocr_line' id='line_1_38' title="bbox 282 2252 1837 2338; baseline 0.015 -37"><span class='ocrx_word' id='word_1_224' title='bbox 282 2267 425 2320; x_wconf 86' lang='grc' dir='ltr'>ροντι</span> <span class='ocrx_word' id='word_1_225' title='bbox 460 2252 674 2320; x_wconf 78' lang='grc' dir='ltr'>είωθεν,</span> <span class='ocrx_word' id='word_1_226' title='bbox 703 2252 825 2307; x_wconf 72' lang='grc' dir='ltr'>οὔτε</span> <span class='ocrx_word' id='word_1_227' title='bbox 876 2258 902 2308; x_wconf 91' lang='lat'><strong>6</strong></span> <span class='ocrx_word' id='word_1_228' title='bbox 933 2257 1029 2323; x_wconf 84' lang='grc' dir='ltr'>τὴν</span> <span class='ocrx_word' id='word_1_229' title='bbox 1064 2262 1370 2332; x_wconf 88' lang='grc' dir='ltr'>πρακτικὴν</span> <span class='ocrx_word' id='word_1_230' title='bbox 1425 2269 1837 2338; x_wconf 83' lang='grc' dir='ltr'>μετερχόμενος,</span> 
     </span>
    </p>
   </div>
   <div class='ocr_carea' id='block_1_39' title="bbox 184 2341 1833 2433">
    <p class='ocr_par' dir='ltr' id='par_1_39' title="bbox 184 2341 1833 2433">
     <span class='ocr_line' id='line_1_39' title="bbox 184 2341 1833 2433; baseline 0.013 -40"><span class='ocrx_word' id='word_1_231' title='bbox 184 2385 197 2393; x_wconf 92' lang='grc'><strong>.</strong></span> <span class='ocrx_word' id='word_1_232' title='bbox 276 2341 326 2394; x_wconf 83' lang='grc' dir='ltr'><strong>εί</strong></span> <span class='ocrx_word' id='word_1_233' title='bbox 357 2342 430 2413; x_wconf 81' lang='grc' dir='ltr'>μὴ</span> <span class='ocrx_word' id='word_1_234' title='bbox 465 2345 739 2414; x_wconf 79' lang='grc' dir='ltr'>ἐπιμελῶς</span> <span class='ocrx_word' id='word_1_235' title='bbox 765 2347 987 2418; x_wconf 82' lang='grc' dir='ltr'>ταύτην,</span> <span class='ocrx_word' id='word_1_236' title='bbox 1030 2351 1123 2403; x_wconf 80' lang='grc' dir='ltr'><strong>καὶ</strong></span> <span class='ocrx_word' id='word_1_237' title='bbox 1157 2355 1422 2420; x_wconf 76' lang='grc' dir='ltr'>φανητίας</span> <span class='ocrx_word' id='word_1_238' title='bbox 1457 2357 1604 2423; x_wconf 73' lang='grc' dir='ltr'>ἄνευ,</span> <span class='ocrx_word' id='word_1_239' title='bbox 1642 2363 1833 2433; x_wconf 87' lang='grc' dir='ltr'>μετέρ-</span> 
     </span>
    </p>
   </div>
   <div class='ocr_carea' id='block_1_40' title="bbox 274 2437 1838 2517">
    <p class='ocr_par' dir='ltr' id='par_1_40' title="bbox 274 2437 1838 2517">
     <span class='ocr_line' id='line_1_40' title="bbox 274 2437 1838 2517; baseline 0.014 -33"><span class='ocrx_word' id='word_1_240' title='bbox 274 2450 448 2501; x_wconf 87' lang='grc' dir='ltr'>χεται,</span> <span class='ocrx_word' id='word_1_241' title='bbox 504 2437 595 2488; x_wconf 75' lang='grc' dir='ltr'>τὸν</span> <span class='ocrx_word' id='word_1_242' title='bbox 653 2437 710 2502; x_wconf 80' lang='grc' dir='ltr'>ἐξ</span> <span class='ocrx_word' id='word_1_243' title='bbox 769 2440 934 2509; x_wconf 85' lang='grc' dir='ltr'>εὐχῆς</span> <span class='ocrx_word' id='word_1_244' title='bbox 988 2440 1180 2510; x_wconf 75' lang='grc' dir='ltr'>ὄψεται</span> <span class='ocrx_word' id='word_1_245' title='bbox 1209 2447 1418 2517; x_wconf 85' lang='grc' dir='ltr'>καρπὸν</span> <span class='ocrx_word' id='word_1_246' title='bbox 1466 2451 1632 2506; x_wconf 82' lang='grc' dir='ltr'>πολύν</span> <span class='ocrx_word' id='word_1_247' title='bbox 1660 2469 1719 2505; x_wconf 90' lang='grc' dir='ltr'><strong>τε</strong></span> <span class='ocrx_word' id='word_1_248' title='bbox 1746 2456 1838 2508; x_wconf 71' lang='grc' dir='ltr'>καὶ</span> 
     </span>
    </p>
   </div>
   <div class='ocr_carea' id='block_1_41' title="bbox 273 2524 530 2594">
    <p class='ocr_par' dir='ltr' id='par_1_41' title="bbox 273 2524 530 2594">
     <span class='ocr_line' id='line_1_41' title="bbox 273 2524 530 2594; baseline 0.012 -18"><span class='ocrx_word' id='word_1_249' title='bbox 273 2524 530 2594; x_wconf 88' lang='grc' dir='ltr'>καθαρόν.</span> 
     </span>
    </p>
   </div>
   <div class='ocr_carea' id='block_1_42' title="bbox 344 2615 1834 2705">
    <p class='ocr_par' dir='ltr' id='par_1_42' title="bbox 344 2615 1834 2705">
     <span class='ocr_line' id='line_1_42' title="bbox 344 2615 1834 2705; baseline 0.013 -36"><span class='ocrx_word' id='word_1_250' title='bbox 344 2615 449 2686; x_wconf 87' lang='grc' dir='ltr'>μθ’.</span> <span class='ocrx_word' id='word_1_251' title='bbox 484 2619 526 2671; x_wconf 89' lang='grc' dir='ltr'>Τ</span> <span class='ocrx_word' id='word_1_252' title='bbox 529 2621 562 2689; x_wconf 74' lang='grc' dir='ltr'><strong>ᾗ</strong></span> <span class='ocrx_word' id='word_1_253' title='bbox 616 2622 924 2695; x_wconf 79' lang='grc' dir='ltr'>πατουμένη</span> <span class='ocrx_word' id='word_1_254' title='bbox 959 2625 1166 2694; x_wconf 90' lang='grc' dir='ltr'>συχνῶς</span> <span class='ocrx_word' id='word_1_255' title='bbox 1219 2625 1361 2680; x_wconf 77' lang='grc' dir='ltr'>ἔοικε</span> <span class='ocrx_word' id='word_1_256' title='bbox 1415 2631 1506 2700; x_wconf 81' lang='grc' dir='ltr'>γῇ,</span> <span class='ocrx_word' id='word_1_257' title='bbox 1555 2630 1759 2687; x_wconf 84' lang='grc' dir='ltr'>διάνοια</span> <span class='ocrx_word' id='word_1_258' title='bbox 1803 2637 1834 2705; x_wconf 78' lang='grc' dir='ltr'>ἡ</span> 
     </span>
    </p>
   </div>
   <div class='ocr_carea' id='block_1_43' title="bbox 161 2707 1839 2796">
    <p class='ocr_par' dir='ltr' id='par_1_43' title="bbox 161 2707 1839 2796">
     <span class='ocr_line' id='line_1_43' title="bbox 161 2707 1839 2796; baseline 0.013 -38"><span class='ocrx_word' id='word_1_259' title='bbox 161 2714 165 2716; x_wconf 77' lang='grc'><strong><em>’</em></strong></span> <span class='ocrx_word' id='word_1_260' title='bbox 271 2707 633 2773; x_wconf 75' lang='grc' dir='ltr'>ἀδιαλείπτοις</span> <span class='ocrx_word' id='word_1_261' title='bbox 665 2712 825 2781; x_wconf 83' lang='grc' dir='ltr'>εὐχῆς</span> <span class='ocrx_word' id='word_1_262' title='bbox 853 2715 1023 2784; x_wconf 84' lang='grc' dir='ltr'>ίχνεσι</span> <span class='ocrx_word' id='word_1_263' title='bbox 1045 2717 1357 2787; x_wconf 78' lang='grc' dir='ltr'>τριδομένη.</span> <span class='ocrx_word' id='word_1_264' title='bbox 1408 2720 1620 2792; x_wconf 85' lang='grc' dir='ltr'>Ἐκείνη</span> <span class='ocrx_word' id='word_1_265' title='bbox 1644 2741 1704 2777; x_wconf 89' lang='grc' dir='ltr'><strong>τε</strong></span> <span class='ocrx_word' id='word_1_266' title='bbox 1731 2727 1839 2796; x_wconf 69' lang='grc' dir='ltr'><strong>γὰρ</strong></span> 
     </span>
    </p>
   </div>
   <div class='ocr_carea' id='block_1_44' title="bbox 271 2796 1837 2888">
    <p class='ocr_par' dir='ltr' id='par_1_44' title="bbox 271 2796 1837 2888">
     <span class='ocr_line' id='line_1_44' title="bbox 271 2796 1837 2888; baseline 0.011 -38"><span class='ocrx_word' id='word_1_267' title='bbox 271 2796 390 2850; x_wconf 84' lang='grc' dir='ltr'>λεία</span> <span class='ocrx_word' id='word_1_268' title='bbox 413 2799 586 2864; x_wconf 77' lang='grc' dir='ltr'>ἔσται,</span> <span class='ocrx_word' id='word_1_269' title='bbox 617 2803 710 2855; x_wconf 77' lang='grc' dir='ltr'><strong>καὶ</strong></span> <span class='ocrx_word' id='word_1_270' title='bbox 742 2803 878 2874; x_wconf 80' lang='grc' dir='ltr'>αὕτη</span> <span class='ocrx_word' id='word_1_271' title='bbox 910 2806 1091 2860; x_wconf 83' lang='grc' dir='ltr'>εὐθεῖα</span> <span class='ocrx_word' id='word_1_272' title='bbox 1125 2809 1260 2878; x_wconf 82' lang='grc' dir='ltr'>πρὸς</span> <span class='ocrx_word' id='word_1_273' title='bbox 1296 2809 1562 2882; x_wconf 84' lang='grc' dir='ltr'>ὑποδοχήν</span> <span class='ocrx_word' id='word_1_274' title='bbox 1593 2829 1606 2842; x_wconf 83' lang='lat'><strong>&#39;</strong></span> <span class='ocrx_word' id='word_1_275' title='bbox 1656 2816 1837 2888; x_wconf 86' lang='grc' dir='ltr'>ἐκείνη</span> 
     </span>
    </p>
   </div>
   <div class='ocr_carea' id='block_1_45' title="bbox 273 2889 1838 2974">
    <p class='ocr_par' dir='ltr' id='par_1_45' title="bbox 273 2889 1838 2974">
     <span class='ocr_line' id='line_1_45' title="bbox 273 2889 1838 2974; baseline 0.013 -34"><span class='ocrx_word' id='word_1_276' title='bbox 273 2889 370 2960; x_wconf 82' lang='grc' dir='ltr'>μὲν</span> <span class='ocrx_word' id='word_1_277' title='bbox 450 2892 626 2946; x_wconf 83' lang='grc' dir='ltr'>ποδῶν</span> <span class='ocrx_word' id='word_1_278' title='bbox 681 2896 1011 2966; x_wconf 83' lang='grc' dir='ltr'>τρυφερῶν,</span> <span class='ocrx_word' id='word_1_279' title='bbox 1073 2901 1168 2952; x_wconf 78' lang='grc' dir='ltr'>καὶ</span> <span class='ocrx_word' id='word_1_280' title='bbox 1229 2899 1366 2970; x_wconf 77' lang='grc' dir='ltr'>αὕτη</span> <span class='ocrx_word' id='word_1_281' title='bbox 1428 2903 1607 2974; x_wconf 84' lang='grc' dir='ltr'>εὐχῶν</span> <span class='ocrx_word' id='word_1_282' title='bbox 1663 2905 1838 2959; x_wconf 85' lang='grc' dir='ltr'>καθα-</span> 
     </span>
    </p>
   </div>
   <div class='ocr_carea' id='block_1_46' title="bbox 273 2996 402 3051">
    <p class='ocr_par' dir='ltr' id='par_1_46' title="bbox 273 2996 402 3051">
     <span class='ocr_line' id='line_1_46' title="bbox 273 2996 402 3051; baseline 0.031 -19"><span class='ocrx_word' id='word_1_283' title='bbox 273 2996 402 3051; x_wconf 84' lang='grc' dir='ltr'>ρων.</span> 
     </span>
    </p>
   </div>
   <div class='ocr_carea' id='block_1_47' title="bbox 339 3073 1838 3154">
    <p class='ocr_par' dir='ltr' id='par_1_47' title="bbox 339 3073 1838 3154">
     <span class='ocr_line' id='line_1_47' title="bbox 339 3073 1838 3154; baseline 0.009 -29"><span class='ocrx_word' id='word_1_284' title='bbox 339 3078 403 3128; x_wconf 86' lang='grc' dir='ltr'><strong>ν’.</strong></span> <span class='ocrx_word' id='word_1_285' title='bbox 439 3073 565 3129; x_wconf 76' lang='grc' dir='ltr'><strong>Ἐπὶ</strong></span> <span class='ocrx_word' id='word_1_286' title='bbox 598 3076 696 3145; x_wconf 84' lang='grc' dir='ltr'><strong>μέν</strong></span> <span class='ocrx_word' id='word_1_287' title='bbox 726 3075 834 3130; x_wconf 90' lang='grc' dir='ltr'><strong>τῶν</strong></span> <span class='ocrx_word' id='word_1_288' title='bbox 882 3078 1104 3144; x_wconf 88' lang='grc' dir='ltr'>ἐνύλων,</span> <span class='ocrx_word' id='word_1_289' title='bbox 1165 3081 1194 3134; x_wconf 89' lang='lat'><strong>6</strong></span> <span class='ocrx_word' id='word_1_290' title='bbox 1247 3079 1372 3144; x_wconf 87' lang='grc' dir='ltr'>νοῦς</span> <span class='ocrx_word' id='word_1_291' title='bbox 1411 3083 1673 3154; x_wconf 79' lang='grc' dir='ltr'>συνεργὸν</span> <span class='ocrx_word' id='word_1_292' title='bbox 1726 3084 1838 3154; x_wconf 70' lang='grc' dir='ltr'>ἔχει</span> 
     </span>
    </p>
   </div>
   <div class='ocr_carea' id='block_1_48' title="bbox 269 3164 1839 3252">
    <p class='ocr_par' dir='ltr' id='par_1_48' title="bbox 269 3164 1839 3252">
     <span class='ocr_line' id='line_1_48' title="bbox 269 3164 1839 3252; baseline 0.009 -35"><span class='ocrx_word' id='word_1_293' title='bbox 269 3164 360 3218; x_wconf 77' lang='grc' dir='ltr'>τὸν</span> <span class='ocrx_word' id='word_1_294' title='bbox 415 3165 693 3238; x_wconf 79' lang='grc' dir='ltr'>λογισμὸν,</span> <span class='ocrx_word' id='word_1_295' title='bbox 755 3171 847 3222; x_wconf 74' lang='grc' dir='ltr'><strong>ἐπὶ</strong></span> <span class='ocrx_word' id='word_1_296' title='bbox 911 3171 968 3224; x_wconf 80' lang='grc' dir='ltr'>δὲ</span> <span class='ocrx_word' id='word_1_297' title='bbox 1025 3172 1133 3225; x_wconf 89' lang='grc' dir='ltr'><strong>τῶν</strong></span> <span class='ocrx_word' id='word_1_298' title='bbox 1189 3171 1410 3241; x_wconf 78' lang='grc' dir='ltr'>ἀθλων,</span> <span class='ocrx_word' id='word_1_299' title='bbox 1461 3175 1511 3228; x_wconf 87' lang='grc' dir='ltr'><strong>εί</strong></span> <span class='ocrx_word' id='word_1_300' title='bbox 1575 3176 1649 3246; x_wconf 77' lang='grc' dir='ltr'>μὴ</span> <span class='ocrx_word' id='word_1_301' title='bbox 1676 3177 1839 3252; x_wconf 69' lang='grc' dir='ltr'>αὐτὸν</span> 
     </span>
    </p>
   </div>
   <div class='ocr_carea' id='block_1_49' title="bbox 274 3259 1838 3337">
    <p class='ocr_par' dir='ltr' id='par_1_49' title="bbox 274 3259 1838 3337">
     <span class='ocr_line' id='line_1_49' title="bbox 274 3259 1838 3337; baseline 0.01 -29"><span class='ocrx_word' id='word_1_302' title='bbox 274 3259 711 3329; x_wconf 81' lang='grc' dir='ltr'>παραιτήσεται,</span> <span class='ocrx_word' id='word_1_303' title='bbox 771 3262 847 3326; x_wconf 83' lang='grc' dir='ltr'>ὡς</span> <span class='ocrx_word' id='word_1_304' title='bbox 937 3263 1179 3317; x_wconf 82' lang='grc' dir='ltr'>σκόλοπα</span> <span class='ocrx_word' id='word_1_305' title='bbox 1245 3263 1358 3332; x_wconf 75' lang='grc' dir='ltr'>ἕξει</span> <span class='ocrx_word' id='word_1_306' title='bbox 1446 3266 1538 3320; x_wconf 72' lang='grc' dir='ltr'>τὸν</span> <span class='ocrx_word' id='word_1_307' title='bbox 1617 3269 1838 3337; x_wconf 78' lang='grc' dir='ltr'>κολαφί-</span> 
     </span>
    </p>
   </div>
   <div class='ocr_carea' id='block_1_50' title="bbox 265 3345 448 3410">
    <p class='ocr_par' dir='ltr' id='par_1_50' title="bbox 265 3345 448 3410">
     <span class='ocr_line' id='line_1_50' title="bbox 265 3345 448 3410; baseline 0.011 -9"><span class='ocrx_word' id='word_1_308' title='bbox 265 3345 448 3410; x_wconf 79' lang='grc' dir='ltr'>ζοντα.</span> 
     </span>
    </p>
   </div>
   <div class='ocr_carea' id='block_1_51' title="bbox 339 3441 1838 3521">
    <p class='ocr_par' dir='ltr' id='par_1_51' title="bbox 339 3441 1838 3521">
     <span class='ocr_line' id='line_1_51' title="bbox 339 3441 1838 3521; baseline 0.008 -30"><span class='ocrx_word' id='word_1_309' title='bbox 339 3444 438 3493; x_wconf 69' lang='grc' dir='ltr'>ναθ.</span> <span class='ocrx_word' id='word_1_310' title='bbox 471 3441 748 3513; x_wconf 79' lang='grc' dir='ltr'>Κάλυμμα</span> <span class='ocrx_word' id='word_1_311' title='bbox 785 3444 882 3514; x_wconf 79' lang='grc' dir='ltr'>μὲν</span> <span class='ocrx_word' id='word_1_312' title='bbox 911 3443 1020 3514; x_wconf 82' lang='grc' dir='ltr'>ἐχει</span> <span class='ocrx_word' id='word_1_313' title='bbox 1059 3445 1086 3498; x_wconf 92' lang='lat'><strong>6</strong></span> <span class='ocrx_word' id='word_1_314' title='bbox 1111 3445 1411 3516; x_wconf 79' lang='grc' dir='ltr'>πρακτικὸς</span> <span class='ocrx_word' id='word_1_315' title='bbox 1442 3449 1536 3500; x_wconf 76' lang='grc' dir='ltr'>ἐπὶ</span> <span class='ocrx_word' id='word_1_316' title='bbox 1574 3449 1674 3518; x_wconf 86' lang='grc' dir='ltr'>τῆς</span> <span class='ocrx_word' id='word_1_317' title='bbox 1703 3467 1838 3521; x_wconf 82' lang='grc' dir='ltr'>καρ-</span> 
     </span>
    </p>
   </div>
   <div class='ocr_carea' id='block_1_52' title="bbox 262 3523 1836 3606">
    <p class='ocr_par' dir='ltr' id='par_1_52' title="bbox 262 3523 1836 3606">
     <span class='ocr_line' id='line_1_52' title="bbox 262 3523 1836 3606; baseline 0.011 -30"><span class='ocrx_word' id='word_1_318' title='bbox 262 3523 382 3590; x_wconf 86' lang='grc' dir='ltr'>δίας</span> <span class='ocrx_word' id='word_1_319' title='bbox 414 3528 578 3582; x_wconf 86' lang='grc' dir='ltr'>αὐτοῦ</span> <span class='ocrx_word' id='word_1_320' title='bbox 609 3531 667 3583; x_wconf 87' lang='grc' dir='ltr'><strong>ἐν</strong></span> <span class='ocrx_word' id='word_1_321' title='bbox 695 3532 854 3602; x_wconf 83' lang='grc' dir='ltr'>εὐχῇ,</span> <span class='ocrx_word' id='word_1_322' title='bbox 887 3533 986 3602; x_wconf 87' lang='grc' dir='ltr'>τὴν</span> <span class='ocrx_word' id='word_1_323' title='bbox 1013 3533 1215 3602; x_wconf 83' lang='grc' dir='ltr'>γνῶσιν</span> <span class='ocrx_word' id='word_1_324' title='bbox 1241 3534 1350 3589; x_wconf 89' lang='grc' dir='ltr'><strong>τῶν</strong></span> <span class='ocrx_word' id='word_1_325' title='bbox 1379 3538 1671 3606; x_wconf 74' lang='grc' dir='ltr'>αἰσθητῶν,</span> <span class='ocrx_word' id='word_1_326' title='bbox 1706 3540 1836 3594; x_wconf 85' lang='grc' dir='ltr'>ἀνα-</span> 
     </span>
    </p>
   </div>
   <div class='ocr_carea' id='block_1_53' title="bbox 263 3617 1834 3700">
    <p class='ocr_par' dir='ltr' id='par_1_53' title="bbox 263 3617 1834 3700">
     <span class='ocr_line' id='line_1_53' title="bbox 263 3617 1834 3700; baseline 0.011 -32"><span class='ocrx_word' id='word_1_327' title='bbox 263 3617 602 3689; x_wconf 61' lang='grc' dir='ltr'>καλυφθῖψαι</span> <span class='ocrx_word' id='word_1_328' title='bbox 638 3621 725 3676; x_wconf 76' lang='grc' dir='ltr'>διὰ</span> <span class='ocrx_word' id='word_1_329' title='bbox 757 3622 855 3694; x_wconf 73' lang='grc' dir='ltr'>τὴν</span> <span class='ocrx_word' id='word_1_330' title='bbox 885 3623 1074 3693; x_wconf 84' lang='grc' dir='ltr'>σχέσιν</span> <span class='ocrx_word' id='word_1_331' title='bbox 1108 3624 1182 3695; x_wconf 76' lang='grc' dir='ltr'>μὴ</span> <span class='ocrx_word' id='word_1_332' title='bbox 1231 3625 1551 3697; x_wconf 85' lang='grc' dir='ltr'>δυνάμενον,</span> <span class='ocrx_word' id='word_1_333' title='bbox 1588 3631 1747 3700; x_wconf 82' lang='grc' dir='ltr'>μόνος</span> <span class='ocrx_word' id='word_1_334' title='bbox 1777 3633 1834 3686; x_wconf 83' lang='grc' dir='ltr'>δὲ</span> 
     </span>
    </p>
   </div>
   <div class='ocr_carea' id='block_1_54' title="bbox 261 3704 1836 3795">
    <p class='ocr_par' dir='ltr' id='par_1_54' title="bbox 261 3704 1836 3795">
     <span class='ocr_line' id='line_1_54' title="bbox 261 3704 1836 3795; baseline 0.013 -37"><span class='ocrx_word' id='word_1_335' title='bbox 261 3704 293 3758; x_wconf 97' lang='lat'><strong>6</strong></span> <span class='ocrx_word' id='word_1_336' title='bbox 319 3704 646 3780; x_wconf 84' lang='grc' dir='ltr'>θεωρητικὸς</span> <span class='ocrx_word' id='word_1_337' title='bbox 661 3711 749 3768; x_wconf 77' lang='grc' dir='ltr'>διὰ</span> <span class='ocrx_word' id='word_1_338' title='bbox 771 3709 832 3767; x_wconf 82' lang='grc' dir='ltr'>τὸ</span> <span class='ocrx_word' id='word_1_339' title='bbox 856 3713 1105 3785; x_wconf 79' lang='grc' dir='ltr'>ἄσχετον,</span> <span class='ocrx_word' id='word_1_340' title='bbox 1144 3715 1647 3793; x_wconf 71' lang='grc' dir='ltr'>ἀνακεκαλυμμένῳ</span> <span class='ocrx_word' id='word_1_341' title='bbox 1667 3742 1836 3795; x_wconf 88' lang='grc' dir='ltr'>προσ-</span> 
     </span>
    </p>
   </div>
   <div class='ocr_carea' id='block_1_55' title="bbox 263 3797 1832 3880">
    <p class='ocr_par' dir='ltr' id='par_1_55' title="bbox 263 3797 1832 3880">
     <span class='ocr_line' id='line_1_55' title="bbox 263 3797 1832 3880; baseline 0.013 -32"><span class='ocrx_word' id='word_1_342' title='bbox 263 3797 398 3868; x_wconf 80' lang='grc' dir='ltr'><strong>ώπῳ</strong></span> <span class='ocrx_word' id='word_1_343' title='bbox 468 3800 600 3872; x_wconf 80' lang='grc' dir='ltr'>όρᾷν</span> <span class='ocrx_word' id='word_1_344' title='bbox 651 3802 760 3856; x_wconf 85' lang='grc' dir='ltr'><strong>ἀπὸ</strong></span> <span class='ocrx_word' id='word_1_345' title='bbox 829 3803 1032 3874; x_wconf 83' lang='grc' dir='ltr'>μέρους</span> <span class='ocrx_word' id='word_1_346' title='bbox 1091 3804 1317 3861; x_wconf 85' lang='grc' dir='ltr'>δύναται</span> <span class='ocrx_word' id='word_1_347' title='bbox 1369 3808 1469 3880; x_wconf 81' lang='grc' dir='ltr'><strong>τὴν</strong></span> <span class='ocrx_word' id='word_1_348' title='bbox 1519 3811 1678 3878; x_wconf 82' lang='grc' dir='ltr'>δόξαν</span> <span class='ocrx_word' id='word_1_349' title='bbox 1735 3813 1832 3868; x_wconf 88' lang='grc' dir='ltr'><strong>τοῦ</strong></span> 
     </span>
    </p>
   </div>
   <div class='ocr_carea' id='block_1_56' title="bbox 261 3885 418 3942">
    <p class='ocr_par' dir='ltr' id='par_1_56' title="bbox 261 3885 418 3942">
     <span class='ocr_line' id='line_1_56' title="bbox 261 3885 418 3942; baseline 0.025 -4"><span class='ocrx_word' id='word_1_350' title='bbox 261 3885 418 3942; x_wconf 85' lang='grc' dir='ltr'>Θεοῦ.</span> 
     </span>
    </p>
   </div>
   <div class='ocr_carea' id='block_1_57' title="bbox 334 3978 1830 4068">
    <p class='ocr_par' dir='ltr' id='par_1_57' title="bbox 334 3978 1830 4068">
     <span class='ocr_line' id='line_1_57' title="bbox 334 3978 1830 4068; baseline 0.021 -39"><span class='ocrx_word' id='word_1_351' title='bbox 334 3978 429 4047; x_wconf 83' lang='grc' dir='ltr'>νβ’.</span> <span class='ocrx_word' id='word_1_352' title='bbox 474 3979 536 4033; x_wconf 87' lang='grc' dir='ltr'><strong>Ἦ</strong></span> <span class='ocrx_word' id='word_1_353' title='bbox 557 4000 692 4050; x_wconf 78' lang='grc' dir='ltr'>μετα</span> <span class='ocrx_word' id='word_1_354' title='bbox 717 3990 1093 4056; x_wconf 79' lang='grc' dir='ltr'>πνευματικῆς</span> <span class='ocrx_word' id='word_1_355' title='bbox 1116 3989 1346 4062; x_wconf 83' lang='grc' dir='ltr'>θεωρίας</span> <span class='ocrx_word' id='word_1_356' title='bbox 1369 3995 1523 4066; x_wconf 82' lang='grc' dir='ltr'>εὐχὴ.</span> <span class='ocrx_word' id='word_1_357' title='bbox 1559 3997 1591 4068; x_wconf 79' lang='grc' dir='ltr'>ἠ</span> <span class='ocrx_word' id='word_1_358' title='bbox 1621 3997 1694 4067; x_wconf 86' lang='grc' dir='ltr'>γῆ</span> <span class='ocrx_word' id='word_1_359' title='bbox 1732 3999 1830 4068; x_wconf 81' lang='grc' dir='ltr'><strong>τῆς</strong></span> 
     </span>
    </p>
   </div>
   <div class='ocr_carea' id='block_1_58' title="bbox 263 4070 1829 4162">
    <p class='ocr_par' dir='ltr' id='par_1_58' title="bbox 263 4070 1829 4162">
     <span class='ocr_line' id='line_1_58' title="bbox 263 4070 1829 4162; baseline 0.016 -42"><span class='ocrx_word' id='word_1_360' title='bbox 263 4070 588 4138; x_wconf 77' lang='grc' dir='ltr'>ἐπαγγελίας</span> <span class='ocrx_word' id='word_1_361' title='bbox 611 4075 748 4139; x_wconf 72' lang='grc' dir='ltr'>ἐστὶ,</span> <span class='ocrx_word' id='word_1_362' title='bbox 781 4079 991 4149; x_wconf 84' lang='grc' dir='ltr'>καθ’ἥν</span> <span class='ocrx_word' id='word_1_363' title='bbox 1016 4083 1147 4151; x_wconf 68' lang='grc' dir='ltr'>ῥέει,</span> <span class='ocrx_word' id='word_1_364' title='bbox 1198 4085 1275 4148; x_wconf 87' lang='grc' dir='ltr'>ὠς</span> <span class='ocrx_word' id='word_1_365' title='bbox 1308 4085 1449 4154; x_wconf 84' lang='grc' dir='ltr'>γάλα</span> <span class='ocrx_word' id='word_1_366' title='bbox 1478 4089 1572 4141; x_wconf 68' lang='grc' dir='ltr'><strong>καὶ</strong></span> <span class='ocrx_word' id='word_1_367' title='bbox 1608 4089 1752 4158; x_wconf 82' lang='grc' dir='ltr'>μέλι,</span> <span class='ocrx_word' id='word_1_368' title='bbox 1797 4093 1829 4162; x_wconf 82' lang='grc' dir='ltr'><strong>ἡ</strong></span> 
     </span>
    </p>
   </div>
   <div class='ocr_carea' id='block_1_59' title="bbox 264 4160 1824 4245">
    <p class='ocr_par' dir='ltr' id='par_1_59' title="bbox 264 4160 1824 4245">
     <span class='ocr_line' id='line_1_59' title="bbox 264 4160 1824 4245; baseline 0.015 -35"><span class='ocrx_word' id='word_1_369' title='bbox 264 4160 462 4225; x_wconf 72' lang='grc' dir='ltr'>γνῶσις</span> <span class='ocrx_word' id='word_1_370' title='bbox 486 4165 594 4214; x_wconf 78' lang='grc' dir='ltr'><strong>τῶν</strong></span> <span class='ocrx_word' id='word_1_371' title='bbox 627 4169 751 4232; x_wconf 72' lang='grc' dir='ltr'>περὶ</span> <span class='ocrx_word' id='word_1_372' title='bbox 783 4173 1058 4236; x_wconf 84' lang='grc' dir='ltr'>προνοίας,</span> <span class='ocrx_word' id='word_1_373' title='bbox 1087 4175 1176 4225; x_wconf 73' lang='grc' dir='ltr'><strong>καὶ</strong></span> <span class='ocrx_word' id='word_1_374' title='bbox 1202 4176 1432 4244; x_wconf 81' lang='grc' dir='ltr'>κρίσεως</span> <span class='ocrx_word' id='word_1_375' title='bbox 1459 4177 1630 4245; x_wconf 88' lang='grc' dir='ltr'>λόγων</span> <span class='ocrx_word' id='word_1_376' title='bbox 1670 4160 1824 4236; x_wconf 86' lang='grc' dir='ltr'>Θεοῦ.</span> 
     </span>
    </p>
   </div>
   <div class='ocr_carea' id='block_1_60' title="bbox 275 4251 1828 4342">
    <p class='ocr_par' dir='ltr' id='par_1_60' title="bbox 275 4251 1828 4342">
     <span class='ocr_line' id='line_1_60' title="bbox 275 4251 1828 4342; baseline 0.014 -41"><span class='ocrx_word' id='word_1_377' title='bbox 275 4251 340 4303; x_wconf 85' lang='grc' dir='ltr'>Ἡ</span> <span class='ocrx_word' id='word_1_378' title='bbox 373 4252 429 4303; x_wconf 84' lang='grc' dir='ltr'><strong>δὲ</strong></span> <span class='ocrx_word' id='word_1_379' title='bbox 462 4255 596 4321; x_wconf 86' lang='grc' dir='ltr'>μετά</span> <span class='ocrx_word' id='word_1_380' title='bbox 631 4273 773 4320; x_wconf 87' lang='grc' dir='ltr'>τινος</span> <span class='ocrx_word' id='word_1_381' title='bbox 813 4263 1068 4331; x_wconf 74' lang='grc' dir='ltr'>φυσικῆς,</span> <span class='ocrx_word' id='word_1_382' title='bbox 1122 4265 1471 4334; x_wconf 72' lang='grc' dir='ltr'>ήΑίγυπτος,</span> <span class='ocrx_word' id='word_1_383' title='bbox 1525 4271 1581 4320; x_wconf 88' lang='grc' dir='ltr'><strong>ἐν</strong></span> <span class='ocrx_word' id='word_1_384' title='bbox 1718 4271 1828 4324; x_wconf 88' lang='grc' dir='ltr'><strong>τῶν</strong></span> 
     </span>
    </p>
   </div>
   <div class='ocr_carea' id='block_1_61' title="bbox 1965 1795 3539 1874">
    <p class='ocr_par' dir='ltr' id='par_1_61' title="bbox 1965 1795 3539 1874">
     <span class='ocr_line' id='line_1_61' title="bbox 1965 1795 3539 1874; baseline 0.006 -25"><span class='ocrx_word' id='word_1_385' title='bbox 1965 1795 2235 1864; x_wconf 88' lang='lat' dir='ltr'><strong>habitum,</strong></span> <span class='ocrx_word' id='word_1_386' title='bbox 2272 1801 2498 1854; x_wconf 85' lang='lat' dir='ltr'><strong>multam</strong></span> <span class='ocrx_word' id='word_1_387' title='bbox 2541 1803 2688 1856; x_wconf 83' lang='lat' dir='ltr'><strong>subit</strong></span> <span class='ocrx_word' id='word_1_388' title='bbox 2734 1803 3127 1874; x_wconf 81' lang='lat' dir='ltr'><strong>cogitationum</strong></span> <span class='ocrx_word' id='word_1_389' title='bbox 3163 1805 3539 1873; x_wconf 86' lang='lat' dir='ltr'><strong>perturbatio-</strong></span> 
     </span>
    </p>
   </div>
   <div class='ocr_carea' id='block_1_62' title="bbox 1962 1891 3537 1964">
    <p class='ocr_par' dir='ltr' id='par_1_62' title="bbox 1962 1891 3537 1964">
     <span class='ocr_line' id='line_1_62' title="bbox 1962 1891 3537 1964; baseline 0.01 -27"><span class='ocrx_word' id='word_1_390' title='bbox 1962 1899 2112 1949; x_wconf 89' lang='lat' dir='ltr'><strong>nem,</strong></span> <span class='ocrx_word' id='word_1_391' title='bbox 2139 1902 2202 1941; x_wconf 89' lang='lat' dir='ltr'><strong>ac</strong></span> <span class='ocrx_word' id='word_1_392' title='bbox 2228 1904 2365 1956; x_wconf 89' lang='lat' dir='ltr'><strong>pene</strong></span> <span class='ocrx_word' id='word_1_393' title='bbox 2385 1891 2730 1958; x_wconf 86' lang='lat' dir='ltr'><strong>periclitatur</strong></span> <span class='ocrx_word' id='word_1_394' title='bbox 2753 1909 2820 1947; x_wconf 91' lang='lat' dir='ltr'><strong>ne</strong></span> <span class='ocrx_word' id='word_1_395' title='bbox 2843 1893 2897 1946; x_wconf 89' lang='lat' dir='ltr'><strong>in</strong></span> <span class='ocrx_word' id='word_1_396' title='bbox 2922 1894 3364 1964; x_wconf 86' lang='lat' dir='ltr'><strong>reprobationem</strong></span> <span class='ocrx_word' id='word_1_397' title='bbox 3391 1904 3537 1952; x_wconf 83' lang='lat' dir='ltr'><strong>tanta</strong></span> 
     </span>
    </p>
   </div>
   <div class='ocr_carea' id='block_1_63' title="bbox 1963 1978 2784 2054">
    <p class='ocr_par' dir='ltr' id='par_1_63' title="bbox 1963 1978 2784 2054">
     <span class='ocr_line' id='line_1_63' title="bbox 1963 1978 2784 2054; baseline 0.012 -25"><span class='ocrx_word' id='word_1_398' title='bbox 1963 1978 2107 2031; x_wconf 89' lang='lat' dir='ltr'><strong>mole</strong></span> <span class='ocrx_word' id='word_1_399' title='bbox 2138 1978 2371 2034; x_wconf 86' lang='lat' dir='ltr'><strong>obrutus</strong></span> <span class='ocrx_word' id='word_1_400' title='bbox 2409 1982 2784 2054; x_wconf 83' lang='lat' dir='ltr'><strong>demergatur.</strong></span> 
     </span>
    </p>
   </div>
   <div class='ocr_carea' id='block_1_64' title="bbox 2031 2071 3537 2152">
    <p class='ocr_par' dir='ltr' id='par_1_64' title="bbox 2031 2071 3537 2152">
     <span class='ocr_line' id='line_1_64' title="bbox 2031 2071 3537 2152; baseline 0.009 -28"><span class='ocrx_word' id='word_1_401' title='bbox 2031 2071 2120 2125; x_wconf 76' lang='grc'><strong>48.</strong></span> <span class='ocrx_word' id='word_1_402' title='bbox 2150 2071 2306 2127; x_wconf 88' lang='lat' dir='ltr'><strong>Sicut</strong></span> <span class='ocrx_word' id='word_1_403' title='bbox 2344 2090 2473 2144; x_wconf 85' lang='lat' dir='ltr'><strong>ager</strong></span> <span class='ocrx_word' id='word_1_404' title='bbox 2507 2077 2646 2131; x_wconf 87' lang='lat' dir='ltr'><strong>male</strong></span> <span class='ocrx_word' id='word_1_405' title='bbox 2688 2079 2869 2134; x_wconf 90' lang='lat' dir='ltr'><strong>cultus</strong></span> <span class='ocrx_word' id='word_1_406' title='bbox 2908 2080 3268 2150; x_wconf 90' lang='lat' dir='ltr'><strong>multiplicem</strong></span> <span class='ocrx_word' id='word_1_407' title='bbox 3306 2098 3537 2152; x_wconf 86' lang='lat' dir='ltr'><strong>purum-</strong></span> 
     </span>
    </p>
   </div>
   <div class='ocr_carea' id='block_1_65' title="bbox 1962 2161 3537 2241">
    <p class='ocr_par' dir='ltr' id='par_1_65' title="bbox 1962 2161 3537 2241">
     <span class='ocr_line' id='line_1_65' title="bbox 1962 2161 3537 2241; baseline 0.009 -28"><span class='ocrx_word' id='word_1_408' title='bbox 1962 2174 2071 2228; x_wconf 87' lang='lat' dir='ltr'><strong>que</strong></span> <span class='ocrx_word' id='word_1_409' title='bbox 2126 2161 2362 2218; x_wconf 87' lang='lat' dir='ltr'><strong>reddere</strong></span> <span class='ocrx_word' id='word_1_410' title='bbox 2421 2179 2609 2220; x_wconf 89' lang='lat' dir='ltr'><strong>semen</strong></span> <span class='ocrx_word' id='word_1_411' title='bbox 2665 2169 2870 2222; x_wconf 90' lang='lat' dir='ltr'><strong>serenti</strong></span> <span class='ocrx_word' id='word_1_412' title='bbox 2922 2184 3034 2224; x_wconf 90' lang='lat' dir='ltr'><strong>non</strong></span> <span class='ocrx_word' id='word_1_413' title='bbox 3085 2173 3247 2235; x_wconf 88' lang='lat' dir='ltr'><strong>solet,</strong></span> <span class='ocrx_word' id='word_1_414' title='bbox 3305 2172 3379 2226; x_wconf 91' lang='lat' dir='ltr'><strong>ita</strong></span> <span class='ocrx_word' id='word_1_415' title='bbox 3441 2172 3537 2241; x_wconf 90' lang='lat' dir='ltr'><strong>qui</strong></span> 
     </span>
    </p>
   </div>
   <div class='ocr_carea' id='block_1_66' title="bbox 1960 2256 3536 2334">
    <p class='ocr_par' dir='ltr' id='par_1_66' title="bbox 1960 2256 3536 2334">
     <span class='ocr_line' id='line_1_66' title="bbox 1960 2256 3536 2334; baseline 0.008 -29"><span class='ocrx_word' id='word_1_416' title='bbox 1960 2256 2258 2320; x_wconf 90' lang='lat' dir='ltr'><strong>practicam</strong></span> <span class='ocrx_word' id='word_1_417' title='bbox 2291 2258 2586 2324; x_wconf 81' lang='lat' dir='ltr'><strong>percurrit,</strong></span> <span class='ocrx_word' id='word_1_418' title='bbox 2625 2260 2729 2313; x_wconf 91' lang='lat' dir='ltr'><strong>nisi</strong></span> <span class='ocrx_word' id='word_1_419' title='bbox 2761 2260 3053 2332; x_wconf 81' lang='lat' dir='ltr'><strong>diligenter</strong></span> <span class='ocrx_word' id='word_1_420' title='bbox 3081 2278 3204 2317; x_wconf 78' lang='lat' dir='ltr'><strong>eam</strong></span> <span class='ocrx_word' id='word_1_421' title='bbox 3238 2273 3294 2319; x_wconf 92' lang='lat' dir='ltr'><strong>et</strong></span> <span class='ocrx_word' id='word_1_422' title='bbox 3322 2264 3536 2334; x_wconf 86' lang='lat' dir='ltr'><strong>absque</strong></span> 
     </span>
    </p>
   </div>
   <div class='ocr_carea' id='block_1_67' title="bbox 1963 2346 3540 2428">
    <p class='ocr_par' dir='ltr' id='par_1_67' title="bbox 1963 2346 3540 2428">
     <span class='ocr_line' id='line_1_67' title="bbox 1963 2346 3540 2428; baseline 0.008 -29"><span class='ocrx_word' id='word_1_423' title='bbox 1963 2346 2110 2400; x_wconf 89' lang='lat' dir='ltr'><strong>inani</strong></span> <span class='ocrx_word' id='word_1_424' title='bbox 2141 2347 2313 2417; x_wconf 83' lang='lat' dir='ltr'><strong>gloria</strong></span> <span class='ocrx_word' id='word_1_425' title='bbox 2346 2362 2620 2420; x_wconf 83' lang='lat' dir='ltr'><strong>peragret,</strong></span> <span class='ocrx_word' id='word_1_426' title='bbox 2645 2348 2883 2408; x_wconf 88' lang='lat' dir='ltr'><strong>multum</strong></span> <span class='ocrx_word' id='word_1_427' title='bbox 2916 2371 3231 2426; x_wconf 89' lang='lat' dir='ltr'><strong>purumque</strong></span> <span class='ocrx_word' id='word_1_428' title='bbox 3266 2374 3376 2413; x_wconf 92' lang='lat' dir='ltr'><strong>non</strong></span> <span class='ocrx_word' id='word_1_429' title='bbox 3412 2374 3540 2428; x_wconf 89' lang='lat' dir='ltr'><strong>per-</strong></span> 
     </span>
    </p>
   </div>
   <div class='ocr_carea' id='block_1_68' title="bbox 1959 2438 2792 2508">
    <p class='ocr_par' dir='ltr' id='par_1_68' title="bbox 1959 2438 2792 2508">
     <span class='ocr_line' id='line_1_68' title="bbox 1959 2438 2792 2508; baseline 0.01 -16"><span class='ocrx_word' id='word_1_430' title='bbox 1959 2438 2128 2508; x_wconf 89' lang='lat' dir='ltr'><strong>cipiet</strong></span> <span class='ocrx_word' id='word_1_431' title='bbox 2159 2454 2226 2494; x_wconf 83' lang='lat' dir='ltr'><strong>ex</strong></span> <span class='ocrx_word' id='word_1_432' title='bbox 2254 2443 2502 2498; x_wconf 87' lang='lat' dir='ltr'><strong>oratione</strong></span> <span class='ocrx_word' id='word_1_433' title='bbox 2531 2445 2792 2500; x_wconf 81' lang='lat' dir='ltr'><strong>fructum.</strong></span> 
     </span>
    </p>
   </div>
   <div class='ocr_carea' id='block_1_69' title="bbox 2030 2622 3536 2695">
    <p class='ocr_par' dir='ltr' id='par_1_69' title="bbox 2030 2622 3536 2695">
     <span class='ocr_line' id='line_1_69' title="bbox 2030 2622 3536 2695; baseline 0.009 -19"><span class='ocrx_word' id='word_1_434' title='bbox 2030 2622 2121 2678; x_wconf 72' lang='grc'><strong>49.</strong></span> <span class='ocrx_word' id='word_1_435' title='bbox 2151 2623 2336 2678; x_wconf 73' lang='lat' dir='ltr'><strong>Terrae</strong></span> <span class='ocrx_word' id='word_1_436' title='bbox 2365 2624 2685 2695; x_wconf 82' lang='lat' dir='ltr'><strong>frequenter</strong></span> <span class='ocrx_word' id='word_1_437' title='bbox 2719 2628 2940 2684; x_wconf 74' lang='lat' dir='ltr'><strong>calcata:</strong></span> <span class='ocrx_word' id='word_1_438' title='bbox 2967 2629 3166 2684; x_wconf 90' lang='lat' dir='ltr'><strong>similis</strong></span> <span class='ocrx_word' id='word_1_439' title='bbox 3199 2640 3287 2686; x_wconf 87' lang='lat' dir='ltr'><strong>est</strong></span> <span class='ocrx_word' id='word_1_440' title='bbox 3315 2632 3536 2689; x_wconf 87' lang='lat' dir='ltr'><strong>animus</strong></span> 
     </span>
    </p>
   </div>
   <div class='ocr_carea' id='block_1_70' title="bbox 1958 2715 3535 2798">
    <p class='ocr_par' dir='ltr' id='par_1_70' title="bbox 1958 2715 3535 2798">
     <span class='ocr_line' id='line_1_70' title="bbox 1958 2715 3535 2798; baseline 0.01 -29"><span class='ocrx_word' id='word_1_441' title='bbox 1958 2715 2239 2771; x_wconf 89' lang='lat' dir='ltr'><strong>continuis</strong></span> <span class='ocrx_word' id='word_1_442' title='bbox 2276 2719 2546 2774; x_wconf 86' lang='lat' dir='ltr'><strong>orationis</strong></span> <span class='ocrx_word' id='word_1_443' title='bbox 2574 2722 2739 2776; x_wconf 89' lang='lat' dir='ltr'><strong>tritus</strong></span> <span class='ocrx_word' id='word_1_444' title='bbox 2765 2722 3034 2794; x_wconf 81' lang='lat' dir='ltr'><strong>vestigiis.</strong></span> <span class='ocrx_word' id='word_1_445' title='bbox 3067 2725 3162 2780; x_wconf 87' lang='lat' dir='ltr'><strong>llla</strong></span> <span class='ocrx_word' id='word_1_446' title='bbox 3193 2729 3341 2781; x_wconf 89' lang='lat' dir='ltr'><strong>enim</strong></span> <span class='ocrx_word' id='word_1_447' title='bbox 3372 2729 3535 2798; x_wconf 84' lang='lat' dir='ltr'><strong>plana</strong></span> 
     </span>
    </p>
   </div>
   <div class='ocr_carea' id='block_1_71' title="bbox 1957 2809 3538 2889">
    <p class='ocr_par' dir='ltr' id='par_1_71' title="bbox 1957 2809 3538 2889">
     <span class='ocr_line' id='line_1_71' title="bbox 1957 2809 3538 2889; baseline 0.011 -30"><span class='ocrx_word' id='word_1_448' title='bbox 1957 2815 2043 2862; x_wconf 87' lang='lat' dir='ltr'><strong>est</strong></span> <span class='ocrx_word' id='word_1_449' title='bbox 2075 2817 2132 2862; x_wconf 83' lang='lat' dir='ltr'><strong>et</strong></span> <span class='ocrx_word' id='word_1_450' title='bbox 2159 2809 2250 2864; x_wconf 89' lang='lat' dir='ltr'><strong>hic</strong></span> <span class='ocrx_word' id='word_1_451' title='bbox 2277 2817 2481 2876; x_wconf 87' lang='lat' dir='ltr'><strong>rectus,</strong></span> <span class='ocrx_word' id='word_1_452' title='bbox 2512 2819 2572 2866; x_wconf 91' lang='lat' dir='ltr'><strong>ut</strong></span> <span class='ocrx_word' id='word_1_453' title='bbox 2604 2814 2891 2884; x_wconf 89' lang='lat' dir='ltr'><strong>suscipiat,</strong></span> <span class='ocrx_word' id='word_1_454' title='bbox 2921 2816 3013 2871; x_wconf 86' lang='lat' dir='ltr'><strong>illa</strong></span> <span class='ocrx_word' id='word_1_455' title='bbox 3045 2817 3215 2887; x_wconf 90' lang='lat' dir='ltr'><strong>pedes</strong></span> <span class='ocrx_word' id='word_1_456' title='bbox 3246 2819 3538 2889; x_wconf 89' lang='lat' dir='ltr'><strong>delicatos,</strong></span> 
     </span>
    </p>
   </div>
   <div class='ocr_carea' id='block_1_72' title="bbox 1957 2899 2484 2973">
    <p class='ocr_par' dir='ltr' id='par_1_72' title="bbox 1957 2899 2484 2973">
     <span class='ocr_line' id='line_1_72' title="bbox 1957 2899 2484 2973; baseline 0.011 -20"><span class='ocrx_word' id='word_1_457' title='bbox 1957 2899 2050 2956; x_wconf 85' lang='lat' dir='ltr'><strong>hic</strong></span> <span class='ocrx_word' id='word_1_458' title='bbox 2079 2916 2274 2970; x_wconf 86' lang='lat' dir='ltr'><strong>preces</strong></span> <span class='ocrx_word' id='word_1_459' title='bbox 2300 2919 2484 2973; x_wconf 87' lang='lat' dir='ltr'><strong>puras.</strong></span> 
     </span>
    </p>
   </div>
   <div class='ocr_carea' id='block_1_73' title="bbox 2027 3065 3533 3145">
    <p class='ocr_par' dir='ltr' id='par_1_73' title="bbox 2027 3065 3533 3145">
     <span class='ocr_line' id='line_1_73' title="bbox 2027 3065 3533 3145; baseline 0.009 -25"><span class='ocrx_word' id='word_1_460' title='bbox 2027 3065 2117 3120; x_wconf 83' lang='lat'><strong>50.</strong></span> <span class='ocrx_word' id='word_1_461' title='bbox 2165 3066 2227 3122; x_wconf 91' lang='lat' dir='ltr'><strong>ln</strong></span> <span class='ocrx_word' id='word_1_462' title='bbox 2285 3069 2672 3125; x_wconf 81' lang='lat' dir='ltr'><strong>materialibus</strong></span> <span class='ocrx_word' id='word_1_463' title='bbox 2723 3072 2914 3138; x_wconf 88' lang='lat' dir='ltr'><strong>rebus,</strong></span> <span class='ocrx_word' id='word_1_464' title='bbox 2972 3073 3299 3145; x_wconf 79' lang='lat' dir='ltr'><strong>adiutricem</strong></span> <span class='ocrx_word' id='word_1_465' title='bbox 3363 3076 3533 3134; x_wconf 81' lang='lat' dir='ltr'><strong>habet</strong></span> 
     </span>
    </p>
   </div>
   <div class='ocr_carea' id='block_1_74' title="bbox 1955 3159 3530 3234">
    <p class='ocr_par' dir='ltr' id='par_1_74' title="bbox 1955 3159 3530 3234">
     <span class='ocr_line' id='line_1_74' title="bbox 1955 3159 3530 3234; baseline 0.008 -22"><span class='ocrx_word' id='word_1_466' title='bbox 1955 3159 2178 3216; x_wconf 87' lang='lat' dir='ltr'><strong>animus</strong></span> <span class='ocrx_word' id='word_1_467' title='bbox 2235 3160 2547 3228; x_wconf 86' lang='lat' dir='ltr'><strong>rationem;</strong></span> <span class='ocrx_word' id='word_1_468' title='bbox 2603 3163 2659 3217; x_wconf 90' lang='lat' dir='ltr'><strong>in</strong></span> <span class='ocrx_word' id='word_1_469' title='bbox 2710 3163 3168 3221; x_wconf 86' lang='lat' dir='ltr'><strong>immaterialibus</strong></span> <span class='ocrx_word' id='word_1_470' title='bbox 3217 3183 3370 3234; x_wconf 85' lang='lat' dir='ltr'><strong>vero,</strong></span> <span class='ocrx_word' id='word_1_471' title='bbox 3422 3170 3530 3225; x_wconf 79' lang='lat' dir='ltr'><strong>nisi</strong></span> 
     </span>
    </p>
   </div>
   <div class='ocr_carea' id='block_1_75' title="bbox 1955 3253 3529 3332">
    <p class='ocr_par' dir='ltr' id='par_1_75' title="bbox 1955 3253 3529 3332">
     <span class='ocr_line' id='line_1_75' title="bbox 1955 3253 3529 3332; baseline 0.006 -25"><span class='ocrx_word' id='word_1_472' title='bbox 1955 3266 2076 3307; x_wconf 88' lang='lat' dir='ltr'><strong>eam</strong></span> <span class='ocrx_word' id='word_1_473' title='bbox 2107 3262 2408 3318; x_wconf 86' lang='lat' dir='ltr'><strong>removeat,</strong></span> <span class='ocrx_word' id='word_1_474' title='bbox 2433 3253 2488 3309; x_wconf 93' lang='lat' dir='ltr'><strong>in</strong></span> <span class='ocrx_word' id='word_1_475' title='bbox 2514 3255 2633 3325; x_wconf 89' lang='lat' dir='ltr'><strong>ipsa</strong></span> <span class='ocrx_word' id='word_1_476' title='bbox 2655 3270 2877 3324; x_wconf 85' lang='lat' dir='ltr'><strong>crucem</strong></span> <span class='ocrx_word' id='word_1_477' title='bbox 2902 3257 3149 3314; x_wconf 82' lang='lat' dir='ltr'><strong>inveniet</strong></span> <span class='ocrx_word' id='word_1_478' title='bbox 3167 3267 3224 3314; x_wconf 89' lang='lat' dir='ltr'><strong>et</strong></span> <span class='ocrx_word' id='word_1_479' title='bbox 3243 3260 3529 3332; x_wconf 84' lang='lat' dir='ltr'><strong>colaphos.</strong></span> 
     </span>
    </p>
   </div>
   <div class='ocr_carea' id='block_1_76' title="bbox 2024 3436 3532 3516">
    <p class='ocr_par' dir='ltr' id='par_1_76' title="bbox 2024 3436 3532 3516">
     <span class='ocr_line' id='line_1_76' title="bbox 2024 3436 3532 3516; baseline 0.006 -23"><span class='ocrx_word' id='word_1_480' title='bbox 2024 3437 2114 3493; x_wconf 78' lang='grc'><strong>51.</strong></span> <span class='ocrx_word' id='word_1_481' title='bbox 2147 3436 2429 3493; x_wconf 85' lang='lat' dir='ltr'><strong>Practicus</strong></span> <span class='ocrx_word' id='word_1_482' title='bbox 2461 3437 2516 3493; x_wconf 90' lang='lat' dir='ltr'><strong>in</strong></span> <span class='ocrx_word' id='word_1_483' title='bbox 2561 3438 2821 3509; x_wconf 82' lang='lat' dir='ltr'><strong>precibus</strong></span> <span class='ocrx_word' id='word_1_484' title='bbox 2859 3439 3112 3496; x_wconf 81' lang='lat' dir='ltr'><strong>velamen</strong></span> <span class='ocrx_word' id='word_1_485' title='bbox 3157 3441 3328 3498; x_wconf 83' lang='lat' dir='ltr'><strong>habet</strong></span> <span class='ocrx_word' id='word_1_486' title='bbox 3361 3458 3532 3516; x_wconf 85' lang='lat' dir='ltr'><strong>super</strong></span> 
     </span>
    </p>
   </div>
   <div class='ocr_carea' id='block_1_77' title="bbox 1954 3532 3530 3603">
    <p class='ocr_par' dir='ltr' id='par_1_77' title="bbox 1954 3532 3530 3603">
     <span class='ocr_line' id='line_1_77' title="bbox 1954 3532 3530 3603; baseline 0.004 -17"><span class='ocrx_word' id='word_1_487' title='bbox 1954 3546 2052 3587; x_wconf 89' lang='lat' dir='ltr'><strong>cor</strong></span> <span class='ocrx_word' id='word_1_488' title='bbox 2103 3547 2298 3596; x_wconf 89' lang='lat' dir='ltr'><strong>suum,</strong></span> <span class='ocrx_word' id='word_1_489' title='bbox 2345 3546 2546 3602; x_wconf 89' lang='lat' dir='ltr'><strong>nempe</strong></span> <span class='ocrx_word' id='word_1_490' title='bbox 2601 3532 2853 3589; x_wconf 81' lang='lat' dir='ltr'><strong>netitiam</strong></span> <span class='ocrx_word' id='word_1_491' title='bbox 2917 3548 3103 3589; x_wconf 85' lang='lat' dir='ltr'><strong>rerum</strong></span> <span class='ocrx_word' id='word_1_492' title='bbox 3149 3535 3530 3603; x_wconf 83' lang='lat' dir='ltr'><strong>sensibilium,</strong></span> 
     </span>
    </p>
   </div>
   <div class='ocr_carea' id='block_1_78' title="bbox 1954 3625 3526 3700">
    <p class='ocr_par' dir='ltr' id='par_1_78' title="bbox 1954 3625 3526 3700">
     <span class='ocr_line' id='line_1_78' title="bbox 1954 3625 3526 3700; baseline 0.004 -20"><span class='ocrx_word' id='word_1_493' title='bbox 1954 3625 2104 3696; x_wconf 88' lang='lat' dir='ltr'><strong>quod</strong></span> <span class='ocrx_word' id='word_1_494' title='bbox 2158 3626 2382 3696; x_wconf 89' lang='lat' dir='ltr'><strong>quidem</strong></span> <span class='ocrx_word' id='word_1_495' title='bbox 2435 3626 2552 3680; x_wconf 92' lang='lat' dir='ltr'><strong>tolli</strong></span> <span class='ocrx_word' id='word_1_496' title='bbox 2604 3642 2669 3682; x_wconf 89' lang='lat' dir='ltr'><strong>ac</strong></span> <span class='ocrx_word' id='word_1_497' title='bbox 2718 3629 2953 3684; x_wconf 76' lang='lat' dir='ltr'><strong>revelari</strong></span> <span class='ocrx_word' id='word_1_498' title='bbox 3003 3639 3233 3700; x_wconf 89' lang='lat' dir='ltr'><strong>propter</strong></span> <span class='ocrx_word' id='word_1_499' title='bbox 3280 3630 3526 3686; x_wconf 81' lang='lat' dir='ltr'><strong>habitum</strong></span> 
     </span>
    </p>
   </div>
   <div class='ocr_carea' id='block_1_79' title="bbox 1953 3717 3526 3792">
    <p class='ocr_par' dir='ltr' id='par_1_79' title="bbox 1953 3717 3526 3792">
     <span class='ocr_line' id='line_1_79' title="bbox 1953 3717 3526 3792; baseline 0.004 -21"><span class='ocrx_word' id='word_1_500' title='bbox 1953 3732 2064 3772; x_wconf 91' lang='lat' dir='ltr'><strong>non</strong></span> <span class='ocrx_word' id='word_1_501' title='bbox 2114 3724 2316 3787; x_wconf 87' lang='lat' dir='ltr'><strong>potest.</strong></span> <span class='ocrx_word' id='word_1_502' title='bbox 2356 3717 2426 3772; x_wconf 87' lang='lat' dir='ltr'><strong>At</strong></span> <span class='ocrx_word' id='word_1_503' title='bbox 2469 3719 2951 3790; x_wconf 87' lang='lat' dir='ltr'><strong>contemplativus,</strong></span> <span class='ocrx_word' id='word_1_504' title='bbox 2995 3721 3259 3792; x_wconf 91' lang='lat' dir='ltr'><strong>quoniam</strong></span> <span class='ocrx_word' id='word_1_505' title='bbox 3307 3737 3376 3778; x_wconf 90' lang='lat' dir='ltr'><strong>eo</strong></span> <span class='ocrx_word' id='word_1_506' title='bbox 3415 3739 3526 3778; x_wconf 89' lang='lat' dir='ltr'><strong>non</strong></span> 
     </span>
    </p>
   </div>
   <div class='ocr_carea' id='block_1_80' title="bbox 1952 3807 3527 3884">
    <p class='ocr_par' dir='ltr' id='par_1_80' title="bbox 1952 3807 3527 3884">
     <span class='ocr_line' id='line_1_80' title="bbox 1952 3807 3527 3884; baseline 0.004 -21"><span class='ocrx_word' id='word_1_507' title='bbox 1952 3815 2198 3875; x_wconf 83' lang='lat' dir='ltr'><strong>tenetur,</strong></span> <span class='ocrx_word' id='word_1_508' title='bbox 2233 3807 2330 3864; x_wconf 89' lang='lat' dir='ltr'><strong>Dei</strong></span> <span class='ocrx_word' id='word_1_509' title='bbox 2371 3809 2560 3882; x_wconf 67' lang='lat' dir='ltr'><strong>gloriae</strong></span> <span class='ocrx_word' id='word_1_510' title='bbox 2591 3812 2832 3868; x_wconf 88' lang='lat' dir='ltr'><strong>revelata</strong></span> <span class='ocrx_word' id='word_1_511' title='bbox 2862 3811 3003 3868; x_wconf 78' lang='lat' dir='ltr'><strong>facie</strong></span> <span class='ocrx_word' id='word_1_512' title='bbox 3034 3822 3248 3884; x_wconf 85' lang='lat' dir='ltr'><strong>partem</strong></span> <span class='ocrx_word' id='word_1_513' title='bbox 3285 3813 3527 3884; x_wconf 85' lang='lat' dir='ltr'><strong>aliquam</strong></span> 
     </span>
    </p>
   </div>
   <div class='ocr_carea' id='block_1_81' title="bbox 1951 3900 2377 3973">
    <p class='ocr_par' dir='ltr' id='par_1_81' title="bbox 1951 3900 2377 3973">
     <span class='ocr_line' id='line_1_81' title="bbox 1951 3900 2377 3973; baseline 0.005 -17"><span class='ocrx_word' id='word_1_514' title='bbox 1951 3900 2145 3956; x_wconf 89' lang='lat' dir='ltr'><strong>videre</strong></span> <span class='ocrx_word' id='word_1_515' title='bbox 2174 3910 2377 3973; x_wconf 88' lang='lat' dir='ltr'><strong>potest.</strong></span> 
     </span>
    </p>
   </div>
   <div class='ocr_carea' id='block_1_82' title="bbox 2024 3993 3529 4070">
    <p class='ocr_par' dir='ltr' id='par_1_82' title="bbox 2024 3993 3529 4070">
     <span class='ocr_line' id='line_1_82' title="bbox 2024 3993 3529 4070; baseline 0.003 -22"><span class='ocrx_word' id='word_1_516' title='bbox 2024 3994 2115 4049; x_wconf 71' lang='lat'><strong>52.</strong></span> <span class='ocrx_word' id='word_1_517' title='bbox 2142 3993 2330 4050; x_wconf 88' lang='lat' dir='ltr'><strong>Oratio</strong></span> <span class='ocrx_word' id='word_1_518' title='bbox 2363 4011 2488 4051; x_wconf 92' lang='lat' dir='ltr'><strong>cum</strong></span> <span class='ocrx_word' id='word_1_519' title='bbox 2531 3996 2804 4067; x_wconf 89' lang='lat' dir='ltr'><strong>spirituali</strong></span> <span class='ocrx_word' id='word_1_520' title='bbox 2847 3997 3081 4065; x_wconf 87' lang='lat' dir='ltr'><strong>tbeoria,</strong></span> <span class='ocrx_word' id='word_1_521' title='bbox 3114 4007 3199 4054; x_wconf 86' lang='lat' dir='ltr'><strong>est</strong></span> <span class='ocrx_word' id='word_1_522' title='bbox 3229 4007 3374 4055; x_wconf 89' lang='lat' dir='ltr'><strong>terra</strong></span> <span class='ocrx_word' id='word_1_523' title='bbox 3402 4015 3529 4070; x_wconf 87' lang='lat' dir='ltr'><strong>pro—</strong></span> 
     </span>
    </p>
   </div>
   <div class='ocr_carea' id='block_1_83' title="bbox 1952 4086 3529 4157">
    <p class='ocr_par' dir='ltr' id='par_1_83' title="bbox 1952 4086 3529 4157">
     <span class='ocr_line' id='line_1_83' title="bbox 1952 4086 3529 4157; baseline 0.003 -17"><span class='ocrx_word' id='word_1_524' title='bbox 1952 4086 2255 4151; x_wconf 88' lang='lat' dir='ltr'><strong>missionis,</strong></span> <span class='ocrx_word' id='word_1_525' title='bbox 2317 4087 2372 4140; x_wconf 91' lang='lat' dir='ltr'><strong>in</strong></span> <span class='ocrx_word' id='word_1_526' title='bbox 2426 4102 2532 4157; x_wconf 88' lang='lat' dir='ltr'><strong>qua</strong></span> <span class='ocrx_word' id='word_1_527' title='bbox 2576 4087 2720 4154; x_wconf 84' lang='lat' dir='ltr'><strong>ﬂuit,</strong></span> <span class='ocrx_word' id='word_1_528' title='bbox 2775 4089 2852 4144; x_wconf 92' lang='lat' dir='ltr'><strong>uti</strong></span> <span class='ocrx_word' id='word_1_529' title='bbox 2900 4089 2986 4144; x_wconf 89' lang='lat' dir='ltr'><strong>lac</strong></span> <span class='ocrx_word' id='word_1_530' title='bbox 3037 4098 3094 4145; x_wconf 89' lang='lat' dir='ltr'><strong>et</strong></span> <span class='ocrx_word' id='word_1_531' title='bbox 3129 4091 3255 4154; x_wconf 91' lang='lat' dir='ltr'><strong>mel,</strong></span> <span class='ocrx_word' id='word_1_532' title='bbox 3298 4092 3529 4146; x_wconf 88' lang='lat' dir='ltr'><strong>scicntia</strong></span> 
     </span>
    </p>
   </div>
   <div class='ocr_carea' id='block_1_84' title="bbox 1951 4177 3528 4249">
    <p class='ocr_par' dir='ltr' id='par_1_84' title="bbox 1951 4177 3528 4249">
     <span class='ocr_line' id='line_1_84' title="bbox 1951 4177 3528 4249; baseline 0 -17"><span class='ocrx_word' id='word_1_533' title='bbox 1951 4192 2268 4232; x_wconf 87' lang='lat' dir='ltr'><strong>sermonum</strong></span> <span class='ocrx_word' id='word_1_534' title='bbox 2313 4177 2381 4232; x_wconf 88' lang='lat' dir='ltr'><strong>de</strong></span> <span class='ocrx_word' id='word_1_535' title='bbox 2433 4177 2777 4246; x_wconf 87' lang='lat' dir='ltr'><strong>providentia</strong></span> <span class='ocrx_word' id='word_1_536' title='bbox 2824 4189 2880 4233; x_wconf 91' lang='lat' dir='ltr'><strong>et</strong></span> <span class='ocrx_word' id='word_1_537' title='bbox 2919 4179 3130 4249; x_wconf 89' lang='lat' dir='ltr'><strong>judicio</strong></span> <span class='ocrx_word' id='word_1_538' title='bbox 3175 4180 3294 4234; x_wconf 92' lang='lat' dir='ltr'><strong>Dei.</strong></span> <span class='ocrx_word' id='word_1_539' title='bbox 3337 4181 3528 4234; x_wconf 88' lang='lat' dir='ltr'><strong>Oratio</strong></span> 
     </span>
    </p>
   </div>
   <div class='ocr_carea' id='block_1_85' title="bbox 1953 4270 3525 4342">
    <p class='ocr_par' dir='ltr' id='par_1_85' title="bbox 1953 4270 3525 4342">
     <span class='ocr_line' id='line_1_85' title="bbox 1953 4270 3525 4342; baseline 0.001 -18"><span class='ocrx_word' id='word_1_540' title='bbox 1953 4285 2076 4324; x_wconf 89' lang='lat' dir='ltr'><strong>cum</strong></span> <span class='ocrx_word' id='word_1_541' title='bbox 2107 4271 2286 4340; x_wconf 88' lang='lat' dir='ltr'><strong>aliqua</strong></span> <span class='ocrx_word' id='word_1_542' title='bbox 2318 4270 2560 4342; x_wconf 83' lang='lat' dir='ltr'><strong>physica,</strong></span> <span class='ocrx_word' id='word_1_543' title='bbox 2601 4282 2687 4325; x_wconf 87' lang='lat' dir='ltr'><strong>est</strong></span> <span class='ocrx_word' id='word_1_544' title='bbox 2714 4271 2998 4342; x_wconf 65' lang='lat' dir='ltr'><strong>Egyptus,</strong></span> <span class='ocrx_word' id='word_1_545' title='bbox 3048 4272 3142 4326; x_wconf 88' lang='lat' dir='ltr'><strong>ubi</strong></span> <span class='ocrx_word' id='word_1_546' title='bbox 3189 4275 3525 4328; x_wconf 89' lang='lat' dir='ltr'><strong>erassiorum</strong></span> 
     </span>
    </p>
   </div>
   <div class='ocr_carea' id='block_1_86' title="bbox 263 4346 1836 4433">
    <p class='ocr_par' dir='ltr' id='par_1_86' title="bbox 263 4346 1828 4432">
     <span class='ocr_line' id='line_1_86' title="bbox 263 4346 1828 4432; baseline 0.014 -38"><span class='ocrx_word' id='word_1_547' title='bbox 263 4346 584 4414; x_wconf 79' lang='grc' dir='ltr'>παχυτέρων</span> <span class='ocrx_word' id='word_1_548' title='bbox 609 4350 912 4419; x_wconf 78' lang='grc' dir='ltr'>ἐπιθυμιῶν</span> <span class='ocrx_word' id='word_1_549' title='bbox 937 4356 1121 4425; x_wconf 86' lang='grc' dir='ltr'>μνήμη</span> <span class='ocrx_word' id='word_1_550' title='bbox 1172 4360 1285 4421; x_wconf 82' lang='grc' dir='ltr'>τοῖς</span> <span class='ocrx_word' id='word_1_551' title='bbox 1330 4360 1645 4428; x_wconf 80' lang='grc' dir='ltr'>εὐχομένοις</span> <span class='ocrx_word' id='word_1_552' title='bbox 1680 4365 1828 4432; x_wconf 84' lang='grc' dir='ltr'>ἐγγί-</span> 
     </span>
    </p>
   </div>
   <div class='ocr_carea' id='block_1_87' title="bbox 1956 4346 3523 4433">
    <p class='ocr_par' dir='ltr' id='par_1_87' title="bbox 1956 4364 3523 4433">
     <span class='ocr_line' id='line_1_87' title="bbox 1956 4364 3523 4433; baseline 0 -14"><span class='ocrx_word' id='word_1_553' title='bbox 1956 4364 2357 4419; x_wconf 82' lang='lat' dir='ltr'><strong>desideriorum</strong></span> <span class='ocrx_word' id='word_1_554' title='bbox 2439 4365 2750 4419; x_wconf 88' lang='lat' dir='ltr'><strong>recordatio</strong></span> <span class='ocrx_word' id='word_1_555' title='bbox 2806 4365 3165 4433; x_wconf 89' lang='lat' dir='ltr'><strong>precantibus</strong></span> <span class='ocrx_word' id='word_1_556' title='bbox 3228 4367 3523 4420; x_wconf 76' lang='lat' dir='ltr'><strong>succurrit.</strong></span> 
     </span>
    </p>
   </div>
   <div class='ocr_carea' id='block_1_88' title="bbox 262 4438 1821 4526">
    <p class='ocr_par' dir='ltr' id='par_1_88' title="bbox 262 4438 1821 4526">
     <span class='ocr_line' id='line_1_88' title="bbox 262 4438 1821 4526; baseline 0.015 -41"><span class='ocrx_word' id='word_1_557' title='bbox 262 4451 428 4488; x_wconf 79' lang='grc' dir='ltr'>νεται.</span> <span class='ocrx_word' id='word_1_558' title='bbox 465 4438 531 4490; x_wconf 87' lang='grc' dir='ltr'><strong>Ἦ</strong></span> <span class='ocrx_word' id='word_1_559' title='bbox 555 4438 610 4491; x_wconf 87' lang='grc' dir='ltr'><strong>δέ</strong></span> <span class='ocrx_word' id='word_1_560' title='bbox 638 4457 700 4506; x_wconf 89' lang='grc' dir='ltr'><strong>γε</strong></span> <span class='ocrx_word' id='word_1_561' title='bbox 730 4443 894 4511; x_wconf 85' lang='grc' dir='ltr'>ἁπλῆ,</span> <span class='ocrx_word' id='word_1_562' title='bbox 920 4444 977 4495; x_wconf 80' lang='grc' dir='ltr'>τὸ</span> <span class='ocrx_word' id='word_1_563' title='bbox 1005 4446 1178 4514; x_wconf 81' lang='grc' dir='ltr'>μάννα</span> <span class='ocrx_word' id='word_1_564' title='bbox 1200 4449 1315 4500; x_wconf 78' lang='grc' dir='ltr'>ἐστὶ</span> <span class='ocrx_word' id='word_1_565' title='bbox 1344 4451 1404 4501; x_wconf 75' lang='grc' dir='ltr'>τὸ</span> <span class='ocrx_word' id='word_1_566' title='bbox 1433 4451 1490 4502; x_wconf 85' lang='grc' dir='ltr'><strong>ἐν</strong></span> <span class='ocrx_word' id='word_1_567' title='bbox 1513 4454 1575 4522; x_wconf 82' lang='grc' dir='ltr'>τῇ</span> <span class='ocrx_word' id='word_1_568' title='bbox 1603 4454 1821 4526; x_wconf 86' lang='grc' dir='ltr'>ἐρήμῳ.</span> 
     </span>
    </p>
   </div>
   <div class='ocr_carea' id='block_1_89' title="bbox 261 4525 1823 4610">
    <p class='ocr_par' dir='ltr' id='par_1_89' title="bbox 261 4525 1823 4610">
     <span class='ocr_line' id='line_1_89' title="bbox 261 4525 1823 4610; baseline 0.015 -34"><span class='ocrx_word' id='word_1_569' title='bbox 261 4525 319 4576; x_wconf 75' lang='grc' dir='ltr'>τὺ</span> <span class='ocrx_word' id='word_1_570' title='bbox 349 4525 436 4579; x_wconf 82' lang='grc' dir='ltr'>διὰ</span> <span class='ocrx_word' id='word_1_571' title='bbox 465 4528 524 4579; x_wconf 80' lang='grc' dir='ltr'>τὸ</span> <span class='ocrx_word' id='word_1_572' title='bbox 555 4531 823 4596; x_wconf 85' lang='grc' dir='ltr'>μονοειδὲς</span> <span class='ocrx_word' id='word_1_573' title='bbox 843 4573 856 4596; x_wconf 88' lang='grc'><strong>,</strong></span> <span class='ocrx_word' id='word_1_574' title='bbox 885 4537 996 4597; x_wconf 83' lang='grc' dir='ltr'>τοῖς</span> <span class='ocrx_word' id='word_1_575' title='bbox 1041 4537 1136 4604; x_wconf 74' lang='grc' dir='ltr'><strong>μὲν</strong></span> <span class='ocrx_word' id='word_1_576' title='bbox 1171 4537 1588 4610; x_wconf 83' lang='grc' dir='ltr'>ἀκαρτερήτοις,</span> <span class='ocrx_word' id='word_1_577' title='bbox 1637 4525 1823 4598; x_wconf 84' lang='grc' dir='ltr'>ἐναπο-</span> 
     </span>
    </p>
   </div>
   <div class='ocr_carea' id='block_1_90' title="bbox 263 4614 1820 4698">
    <p class='ocr_par' dir='ltr' id='par_1_90' title="bbox 263 4614 1820 4698">
     <span class='ocr_line' id='line_1_90' title="bbox 263 4614 1820 4698; baseline 0.013 -32"><span class='ocrx_word' id='word_1_578' title='bbox 263 4614 437 4668; x_wconf 81' lang='grc' dir='ltr'>κλεῖον</span> <span class='ocrx_word' id='word_1_579' title='bbox 464 4618 533 4668; x_wconf 78' lang='grc' dir='ltr'>τὰ</span> <span class='ocrx_word' id='word_1_580' title='bbox 559 4619 626 4671; x_wconf 90' lang='grc' dir='ltr'>δι’</span> <span class='ocrx_word' id='word_1_581' title='bbox 655 4620 949 4691; x_wconf 79' lang='grc' dir='ltr'>ἐπιθυμίας</span> <span class='ocrx_word' id='word_1_582' title='bbox 999 4626 1110 4677; x_wconf 90' lang='grc' dir='ltr'><strong>τῶν</strong></span> <span class='ocrx_word' id='word_1_583' title='bbox 1157 4628 1580 4698; x_wconf 79' lang='grc' dir='ltr'>ἐπηγγελμένων</span> <span class='ocrx_word' id='word_1_584' title='bbox 1640 4635 1778 4688; x_wconf 85' lang='grc' dir='ltr'>καλά</span> <span class='ocrx_word' id='word_1_585' title='bbox 1805 4651 1820 4666; x_wconf 77' lang='grc' dir='ltr'><strong>ο</strong></span> 
     </span>
    </p>
   </div>
   <div class='ocr_carea' id='block_1_91' title="bbox 257 4707 1822 4800">
    <p class='ocr_par' dir='ltr' id='par_1_91' title="bbox 257 4707 1822 4800">
     <span class='ocr_line' id='line_1_91' title="bbox 257 4707 1822 4800; baseline 0.013 -44"><span class='ocrx_word' id='word_1_586' title='bbox 257 4708 372 4769; x_wconf 83' lang='grc' dir='ltr'>τοῖς</span> <span class='ocrx_word' id='word_1_587' title='bbox 427 4707 482 4760; x_wconf 77' lang='grc' dir='ltr'>δὲ</span> <span class='ocrx_word' id='word_1_588' title='bbox 538 4711 928 4782; x_wconf 83' lang='grc' dir='ltr'>ἐγκαρτεροῦσι</span> <span class='ocrx_word' id='word_1_589' title='bbox 986 4718 1050 4784; x_wconf 85' lang='grc' dir='ltr'>τῇ</span> <span class='ocrx_word' id='word_1_590' title='bbox 1105 4719 1327 4791; x_wconf 81' lang='grc' dir='ltr'>τοιαύτῃ</span> <span class='ocrx_word' id='word_1_591' title='bbox 1393 4722 1822 4800; x_wconf 75' lang='grc' dir='ltr'>ἀπεστενωμένῃ</span> 
     </span>
    </p>
   </div>
   <div class='ocr_carea' id='block_1_92' title="bbox 259 4802 1821 4886">
    <p class='ocr_par' dir='ltr' id='par_1_92' title="bbox 259 4802 1821 4886">
     <span class='ocr_line' id='line_1_92' title="bbox 259 4802 1821 4886; baseline 0.013 -36"><span class='ocrx_word' id='word_1_592' title='bbox 259 4802 452 4870; x_wconf 74' lang='grc' dir='ltr'>τροφῇ,</span> <span class='ocrx_word' id='word_1_593' title='bbox 481 4802 767 4872; x_wconf 80' lang='grc' dir='ltr'>προξενοῦν</span> <span class='ocrx_word' id='word_1_594' title='bbox 811 4807 908 4876; x_wconf 80' lang='grc' dir='ltr'><strong>τὴν</strong></span> <span class='ocrx_word' id='word_1_595' title='bbox 938 4808 1169 4878; x_wconf 88' lang='grc' dir='ltr'>κρείττω</span> <span class='ocrx_word' id='word_1_596' title='bbox 1201 4811 1388 4878; x_wconf 86' lang='grc' dir='ltr'>γεῦσιν</span> <span class='ocrx_word' id='word_1_597' title='bbox 1408 4854 1423 4879; x_wconf 88' lang='grc'><strong>,</strong></span> <span class='ocrx_word' id='word_1_598' title='bbox 1479 4816 1574 4867; x_wconf 80' lang='grc' dir='ltr'><strong>καὶ</strong></span> <span class='ocrx_word' id='word_1_599' title='bbox 1626 4817 1821 4886; x_wconf 82' lang='grc' dir='ltr'>μένου-</span> 
     </span>
    </p>
   </div>
   <div class='ocr_carea' id='block_1_93' title="bbox 262 4906 380 4945">
    <p class='ocr_par' dir='ltr' id='par_1_93' title="bbox 262 4906 380 4945">
     <span class='ocr_line' id='line_1_93' title="bbox 262 4906 380 4945; baseline 0.034 -5"><span class='ocrx_word' id='word_1_600' title='bbox 262 4906 380 4945; x_wconf 83' lang='grc' dir='ltr'>σαν.</span> 
     </span>
    </p>
   </div>
   <div class='ocr_carea' id='block_1_94' title="bbox 337 4985 1816 5064">
    <p class='ocr_par' dir='ltr' id='par_1_94' title="bbox 337 4985 1816 5064">
     <span class='ocr_line' id='line_1_94' title="bbox 337 4985 1816 5064; baseline 0.012 -30"><span class='ocrx_word' id='word_1_601' title='bbox 337 4989 428 5049; x_wconf 73' lang='grc' dir='ltr'><strong>ιγ’.</strong></span> <span class='ocrx_word' id='word_1_602' title='bbox 455 4985 656 5053; x_wconf 74' lang='grc' dir='ltr'>Πρᾶξις</span> <span class='ocrx_word' id='word_1_603' title='bbox 692 4988 787 5040; x_wconf 81' lang='grc' dir='ltr'><strong>σὺν</strong></span> <span class='ocrx_word' id='word_1_604' title='bbox 815 4987 1014 5059; x_wconf 81' lang='grc' dir='ltr'>θεωρίᾳ</span> <span class='ocrx_word' id='word_1_605' title='bbox 1041 4989 1160 5055; x_wconf 82' lang='grc' dir='ltr'>μὲν,</span> <span class='ocrx_word' id='word_1_606' title='bbox 1184 4991 1260 5055; x_wconf 82' lang='grc' dir='ltr'>ὡς</span> <span class='ocrx_word' id='word_1_607' title='bbox 1296 4992 1456 5063; x_wconf 90' lang='grc' dir='ltr'>σῶμα</span> <span class='ocrx_word' id='word_1_608' title='bbox 1491 4997 1630 5064; x_wconf 85' lang='grc' dir='ltr'><strong>μετά</strong></span> <span class='ocrx_word' id='word_1_609' title='bbox 1663 4998 1816 5052; x_wconf 82' lang='grc' dir='ltr'>πνεύ-</span> 
     </span>
    </p>
   </div>
   <div class='ocr_carea' id='block_1_95' title="bbox 262 5077 1818 5159">
    <p class='ocr_par' dir='ltr' id='par_1_95' title="bbox 262 5077 1818 5159">
     <span class='ocr_line' id='line_1_95' title="bbox 262 5077 1818 5159; baseline 0.013 -34"><span class='ocrx_word' id='word_1_610' title='bbox 262 5091 429 5142; x_wconf 87' lang='grc' dir='ltr'>ματος</span> <span class='ocrx_word' id='word_1_611' title='bbox 456 5077 804 5146; x_wconf 81' lang='grc' dir='ltr'>ἡγεμονικοῦ,</span> <span class='ocrx_word' id='word_1_612' title='bbox 847 5081 974 5134; x_wconf 80' lang='grc' dir='ltr'>ἄνευ</span> <span class='ocrx_word' id='word_1_613' title='bbox 1002 5082 1058 5134; x_wconf 81' lang='grc' dir='ltr'>δὲ</span> <span class='ocrx_word' id='word_1_614' title='bbox 1099 5081 1349 5152; x_wconf 86' lang='grc' dir='ltr'>θεωρίας,</span> <span class='ocrx_word' id='word_1_615' title='bbox 1382 5085 1457 5149; x_wconf 86' lang='grc' dir='ltr'>ὡς</span> <span class='ocrx_word' id='word_1_616' title='bbox 1509 5089 1643 5156; x_wconf 77' lang='grc' dir='ltr'>σὰρξ</span> <span class='ocrx_word' id='word_1_617' title='bbox 1679 5093 1818 5159; x_wconf 75' lang='grc' dir='ltr'>μετὰ</span> 
     </span>
    </p>
   </div>
   <div class='ocr_carea' id='block_1_96' title="bbox 257 5164 1408 5244">
    <p class='ocr_par' dir='ltr' id='par_1_96' title="bbox 257 5164 1408 5244">
     <span class='ocr_line' id='line_1_96' title="bbox 257 5164 1408 5244; baseline 0.01 -28"><span class='ocrx_word' id='word_1_618' title='bbox 257 5164 564 5234; x_wconf 85' lang='grc' dir='ltr'>πνεύματος</span> <span class='ocrx_word' id='word_1_619' title='bbox 597 5171 977 5238; x_wconf 86' lang='grc' dir='ltr'>προαιρετικοῦ</span> <span class='ocrx_word' id='word_1_620' title='bbox 1010 5171 1408 5244; x_wconf 84' lang='grc' dir='ltr'>λογισθήσεται.</span> 
     </span>
    </p>
   </div>
   <div class='ocr_carea' id='block_1_97' title="bbox 327 5274 1822 5359">
    <p class='ocr_par' dir='ltr' id='par_1_97' title="bbox 327 5274 1822 5359">
     <span class='ocr_line' id='line_1_97' title="bbox 327 5274 1822 5359; baseline 0.011 -33"><span class='ocrx_word' id='word_1_621' title='bbox 327 5274 420 5329; x_wconf 83' lang='grc' dir='ltr'>νδ’.</span> <span class='ocrx_word' id='word_1_622' title='bbox 449 5276 560 5344; x_wconf 80' lang='grc' dir='ltr'><strong>Τῆς</strong></span> <span class='ocrx_word' id='word_1_623' title='bbox 595 5277 819 5349; x_wconf 82' lang='grc' dir='ltr'>λογικῆς</span> <span class='ocrx_word' id='word_1_624' title='bbox 868 5281 1066 5351; x_wconf 80' lang='grc' dir='ltr'>ψυχῆς,</span> <span class='ocrx_word' id='word_1_625' title='bbox 1120 5283 1255 5354; x_wconf 82' lang='grc' dir='ltr'>αὐλὴ</span> <span class='ocrx_word' id='word_1_626' title='bbox 1315 5287 1414 5354; x_wconf 82' lang='grc' dir='ltr'><strong>μὲν</strong></span> <span class='ocrx_word' id='word_1_627' title='bbox 1468 5288 1500 5357; x_wconf 82' lang='grc' dir='ltr'>ἡ</span> <span class='ocrx_word' id='word_1_628' title='bbox 1553 5289 1822 5359; x_wconf 74' lang='grc' dir='ltr'>αἴσθησις,</span> 
     </span>
    </p>
   </div>
   <div class='ocr_carea' id='block_1_98' title="bbox 257 5364 1821 5449">
    <p class='ocr_par' dir='ltr' id='par_1_98' title="bbox 257 5364 1821 5449">
     <span class='ocr_line' id='line_1_98' title="bbox 257 5364 1821 5449; baseline 0.01 -34"><span class='ocrx_word' id='word_1_629' title='bbox 257 5364 384 5426; x_wconf 67' lang='grc' dir='ltr'>ναὸς</span> <span class='ocrx_word' id='word_1_630' title='bbox 419 5364 474 5416; x_wconf 82' lang='grc' dir='ltr'>δὲ</span> <span class='ocrx_word' id='word_1_631' title='bbox 525 5365 805 5434; x_wconf 80' lang='grc' dir='ltr'>ὴδιάνοια.</span> <span class='ocrx_word' id='word_1_632' title='bbox 836 5371 1124 5440; x_wconf 80' lang='grc' dir='ltr'>ἀρχιερεὺς</span> <span class='ocrx_word' id='word_1_633' title='bbox 1152 5372 1210 5426; x_wconf 82' lang='grc' dir='ltr'>δὲ</span> <span class='ocrx_word' id='word_1_634' title='bbox 1245 5374 1274 5425; x_wconf 87' lang='lat'><strong>6</strong></span> <span class='ocrx_word' id='word_1_635' title='bbox 1297 5374 1421 5437; x_wconf 87' lang='grc' dir='ltr'>νοῦς</span> <span class='ocrx_word' id='word_1_636' title='bbox 1455 5391 1467 5404; x_wconf 91' lang='grc'><strong>·</strong></span> <span class='ocrx_word' id='word_1_637' title='bbox 1503 5379 1560 5429; x_wconf 85' lang='grc' dir='ltr'><strong>ἐν</strong></span> <span class='ocrx_word' id='word_1_638' title='bbox 1591 5382 1652 5448; x_wconf 88' lang='grc' dir='ltr'>τῇ</span> <span class='ocrx_word' id='word_1_639' title='bbox 1687 5380 1821 5449; x_wconf 84' lang='grc' dir='ltr'>αὐλῇ</span> 
     </span>
    </p>
   </div>
   <div class='ocr_carea' id='block_1_99' title="bbox 261 5455 1825 5536">
    <p class='ocr_par' dir='ltr' id='par_1_99' title="bbox 261 5455 1825 5536">
     <span class='ocr_line' id='line_1_99' title="bbox 261 5455 1825 5536; baseline 0.008 -27"><span class='ocrx_word' id='word_1_640' title='bbox 261 5455 361 5525; x_wconf 73' lang='grc' dir='ltr'>μὲν</span> <span class='ocrx_word' id='word_1_641' title='bbox 386 5456 616 5522; x_wconf 81' lang='grc' dir='ltr'>ἵσταται,</span> <span class='ocrx_word' id='word_1_642' title='bbox 651 5460 679 5510; x_wconf 90' lang='lat'><strong>6</strong></span> <span class='ocrx_word' id='word_1_643' title='bbox 707 5460 798 5511; x_wconf 78' lang='grc' dir='ltr'>ὑπ’</span> <span class='ocrx_word' id='word_1_644' title='bbox 820 5462 1058 5531; x_wconf 83' lang='grc' dir='ltr'>ἀκαίρων</span> <span class='ocrx_word' id='word_1_645' title='bbox 1091 5462 1214 5526; x_wconf 86' lang='grc' dir='ltr'>νοῦς</span> <span class='ocrx_word' id='word_1_646' title='bbox 1239 5468 1698 5536; x_wconf 84' lang='grc' dir='ltr'>περικοπτόμενος</span> <span class='ocrx_word' id='word_1_647' title='bbox 1736 5472 1825 5522; x_wconf 77' lang='grc' dir='ltr'>λο-</span> 
     </span>
    </p>
   </div>
   <div class='ocr_carea' id='block_1_100' title="bbox 260 5547 1825 5624">
    <p class='ocr_par' dir='ltr' id='par_1_100' title="bbox 260 5547 1825 5624">
     <span class='ocr_line' id='line_1_100' title="bbox 260 5547 1825 5624; baseline 0.012 -29"><span class='ocrx_word' id='word_1_648' title='bbox 260 5547 475 5615; x_wconf 87' lang='grc' dir='ltr'>γισμῶν</span> <span class='ocrx_word' id='word_1_649' title='bbox 499 5563 512 5576; x_wconf 77' lang='grc'><strong><em>⁸</em></strong></span> <span class='ocrx_word' id='word_1_650' title='bbox 537 5551 595 5602; x_wconf 83' lang='grc' dir='ltr'><strong>ἐν</strong></span> <span class='ocrx_word' id='word_1_651' title='bbox 623 5549 700 5619; x_wconf 87' lang='grc' dir='ltr'>τῷ</span> <span class='ocrx_word' id='word_1_652' title='bbox 728 5551 839 5620; x_wconf 85' lang='grc' dir='ltr'>ναῷ</span> <span class='ocrx_word' id='word_1_653' title='bbox 860 5552 940 5616; x_wconf 79' lang='grc' dir='ltr'><strong>δὲ,</strong></span> <span class='ocrx_word' id='word_1_654' title='bbox 970 5555 998 5606; x_wconf 83' lang='lat'><strong>6</strong></span> <span class='ocrx_word' id='word_1_655' title='bbox 1023 5553 1114 5609; x_wconf 84' lang='grc' dir='ltr'>ὑπ’</span> <span class='ocrx_word' id='word_1_656' title='bbox 1143 5555 1416 5624; x_wconf 84' lang='grc' dir='ltr'>εὐκαίρων</span> <span class='ocrx_word' id='word_1_657' title='bbox 1445 5573 1459 5587; x_wconf 75' lang='grc' dir='ltr'><strong>ο</strong></span> <span class='ocrx_word' id='word_1_658' title='bbox 1495 5559 1585 5611; x_wconf 86' lang='grc' dir='ltr'>ὑπ’</span> <span class='ocrx_word' id='word_1_659' title='bbox 1614 5561 1825 5624; x_wconf 83' lang='grc' dir='ltr'>οὐδενὸς</span> 
     </span>
    </p>
   </div>
   <div class='ocr_carea' id='block_1_101' title="bbox 257 5633 1823 5715">
    <p class='ocr_par' dir='ltr' id='par_1_101' title="bbox 257 5633 1823 5715">
     <span class='ocr_line' id='line_1_101' title="bbox 257 5633 1823 5715; baseline 0.013 -31"><span class='ocrx_word' id='word_1_660' title='bbox 257 5633 315 5685; x_wconf 84' lang='grc' dir='ltr'>δὲ</span> <span class='ocrx_word' id='word_1_661' title='bbox 343 5635 566 5703; x_wconf 72' lang='grc' dir='ltr'>τούτων,</span> <span class='ocrx_word' id='word_1_662' title='bbox 607 5640 633 5690; x_wconf 77' lang='grc' dir='ltr'><strong>ό</strong></span> <span class='ocrx_word' id='word_1_663' title='bbox 675 5640 756 5700; x_wconf 87' lang='grc' dir='ltr'><strong>είς</strong></span> <span class='ocrx_word' id='word_1_664' title='bbox 793 5640 853 5692; x_wconf 73' lang='grc' dir='ltr'>τὸ</span> <span class='ocrx_word' id='word_1_665' title='bbox 883 5641 1023 5694; x_wconf 88' lang='grc' dir='ltr'>θεῖον</span> <span class='ocrx_word' id='word_1_666' title='bbox 1055 5645 1318 5715; x_wconf 81' lang='grc' dir='ltr'>ἱερατεῖον</span> <span class='ocrx_word' id='word_1_667' title='bbox 1361 5647 1611 5712; x_wconf 76' lang='grc' dir='ltr'>ἀξιωθεὶς</span> <span class='ocrx_word' id='word_1_668' title='bbox 1651 5651 1823 5705; x_wconf 80' lang='grc' dir='ltr'>εἰσελ-</span> 
     </span>
    </p>
   </div>
   <div class='ocr_carea' id='block_1_102' title="bbox 262 5726 399 5779">
    <p class='ocr_par' dir='ltr' id='par_1_102' title="bbox 262 5726 399 5779">
     <span class='ocr_line' id='line_1_102' title="bbox 262 5726 399 5779; baseline -0.007 0"><span class='ocrx_word' id='word_1_669' title='bbox 262 5726 399 5779; x_wconf 74' lang='grc' dir='ltr'>θεῖν.</span> 
     </span>
    </p>
   </div>
   <div class='ocr_carea' id='block_1_103' title="bbox 1951 4457 3525 4528">
    <p class='ocr_par' dir='ltr' id='par_1_103' title="bbox 1951 4457 3525 4528">
     <span class='ocr_line' id='line_1_103' title="bbox 1951 4457 3525 4528; baseline -0.001 -14"><span class='ocrx_word' id='word_1_670' title='bbox 1951 4459 2141 4514; x_wconf 85' lang='lat' dir='ltr'><strong>Oratio</strong></span> <span class='ocrx_word' id='word_1_671' title='bbox 2176 4459 2407 4528; x_wconf 78' lang='lat' dir='ltr'><strong>simplex</strong></span> <span class='ocrx_word' id='word_1_672' title='bbox 2436 4467 2520 4512; x_wconf 90' lang='lat' dir='ltr'><strong>est</strong></span> <span class='ocrx_word' id='word_1_673' title='bbox 2549 4458 2754 4512; x_wconf 91' lang='lat' dir='ltr'><strong>deserti</strong></span> <span class='ocrx_word' id='word_1_674' title='bbox 2789 4471 3008 4520; x_wconf 86' lang='lat' dir='ltr'><strong>manna,</strong></span> <span class='ocrx_word' id='word_1_675' title='bbox 3043 4457 3214 4526; x_wconf 91' lang='lat' dir='ltr'><strong>quod,</strong></span> <span class='ocrx_word' id='word_1_676' title='bbox 3249 4458 3525 4512; x_wconf 79' lang='lat' dir='ltr'><strong>uniforme</strong></span> 
     </span>
    </p>
   </div>
   <div class='ocr_carea' id='block_1_104' title="bbox 1949 4548 3524 4619">
    <p class='ocr_par' dir='ltr' id='par_1_104' title="bbox 1949 4548 3524 4619">
     <span class='ocr_line' id='line_1_104' title="bbox 1949 4548 3524 4619; baseline -0.001 -13"><span class='ocrx_word' id='word_1_677' title='bbox 1949 4566 2076 4607; x_wconf 90' lang='lat' dir='ltr'><strong>cum</strong></span> <span class='ocrx_word' id='word_1_678' title='bbox 2115 4551 2206 4609; x_wconf 90' lang='lat' dir='ltr'><strong>sit.</strong></span> <span class='ocrx_word' id='word_1_679' title='bbox 2254 4566 2350 4605; x_wconf 87' lang='lat' dir='ltr'><strong>eos</strong></span> <span class='ocrx_word' id='word_1_680' title='bbox 2389 4550 2611 4619; x_wconf 91' lang='lat' dir='ltr'><strong>quidem</strong></span> <span class='ocrx_word' id='word_1_681' title='bbox 2662 4548 2756 4619; x_wconf 91' lang='lat' dir='ltr'><strong>qui</strong></span> <span class='ocrx_word' id='word_1_682' title='bbox 2807 4564 2872 4604; x_wconf 91' lang='lat' dir='ltr'><strong>eo</strong></span> <span class='ocrx_word' id='word_1_683' title='bbox 2921 4549 3166 4603; x_wconf 90' lang='lat' dir='ltr'><strong>contenti</strong></span> <span class='ocrx_word' id='word_1_684' title='bbox 3216 4565 3326 4604; x_wconf 89' lang='lat' dir='ltr'><strong>non</strong></span> <span class='ocrx_word' id='word_1_685' title='bbox 3373 4559 3524 4615; x_wconf 87' lang='lat' dir='ltr'><strong>sunt,</strong></span> 
     </span>
    </p>
   </div>
   <div class='ocr_carea' id='block_1_105' title="bbox 1948 4641 3526 4714">
    <p class='ocr_par' dir='ltr' id='par_1_105' title="bbox 1948 4641 3526 4714">
     <span class='ocr_line' id='line_1_105' title="bbox 1948 4641 3526 4714; baseline -0.001 -16"><span class='ocrx_word' id='word_1_686' title='bbox 1948 4645 2127 4714; x_wconf 89' lang='lat' dir='ltr'><strong>privat</strong></span> <span class='ocrx_word' id='word_1_687' title='bbox 2169 4643 2384 4698; x_wconf 84' lang='lat' dir='ltr'><strong>deliciis</strong></span> <span class='ocrx_word' id='word_1_688' title='bbox 2425 4659 2492 4698; x_wconf 79' lang='lat' dir='ltr'><strong>ex</strong></span> <span class='ocrx_word' id='word_1_689' title='bbox 2528 4642 2957 4712; x_wconf 86' lang='lat' dir='ltr'><strong>promissionum</strong></span> <span class='ocrx_word' id='word_1_690' title='bbox 2985 4641 3264 4698; x_wconf 88' lang='lat' dir='ltr'><strong>desiderio</strong></span> <span class='ocrx_word' id='word_1_691' title='bbox 3296 4658 3526 4698; x_wconf 85' lang='lat' dir='ltr'><strong>nascen-</strong></span> 
     </span>
    </p>
   </div>
   <div class='ocr_carea' id='block_1_106' title="bbox 1950 4734 3526 4805">
    <p class='ocr_par' dir='ltr' id='par_1_106' title="bbox 1950 4734 3526 4805">
     <span class='ocr_line' id='line_1_106' title="bbox 1950 4734 3526 4805; baseline -0.001 -15"><span class='ocrx_word' id='word_1_692' title='bbox 1950 4735 2119 4802; x_wconf 87' lang='lat' dir='ltr'><strong>tibus,</strong></span> <span class='ocrx_word' id='word_1_693' title='bbox 2154 4736 2222 4790; x_wconf 89' lang='lat' dir='ltr'><strong>iis</strong></span> <span class='ocrx_word' id='word_1_694' title='bbox 2237 4751 2370 4789; x_wconf 88' lang='lat' dir='ltr'><strong>vero</strong></span> <span class='ocrx_word' id='word_1_695' title='bbox 2401 4736 2493 4804; x_wconf 91' lang='lat' dir='ltr'><strong>qui</strong></span> <span class='ocrx_word' id='word_1_696' title='bbox 2519 4735 2674 4789; x_wconf 89' lang='lat' dir='ltr'><strong>cibos</strong></span> <span class='ocrx_word' id='word_1_697' title='bbox 2701 4734 2775 4788; x_wconf 90' lang='lat' dir='ltr'><strong>ita</strong></span> <span class='ocrx_word' id='word_1_698' title='bbox 2801 4734 3028 4805; x_wconf 79' lang='lat' dir='ltr'><strong>exiguos</strong></span> <span class='ocrx_word' id='word_1_699' title='bbox 3044 4734 3338 4801; x_wconf 67' lang='lat' dir='ltr'><strong>sufferunt,</strong></span> <span class='ocrx_word' id='word_1_700' title='bbox 3363 4735 3526 4790; x_wconf 73' lang='lat' dir='ltr'><strong>aliert</strong></span> 
     </span>
    </p>
   </div>
   <div class='ocr_carea' id='block_1_107' title="bbox 1947 4829 3068 4898">
    <p class='ocr_par' dir='ltr' id='par_1_107' title="bbox 1947 4829 3068 4898">
     <span class='ocr_line' id='line_1_107' title="bbox 1947 4829 3068 4898; baseline 0 -16"><span class='ocrx_word' id='word_1_701' title='bbox 1947 4837 2167 4898; x_wconf 90' lang='lat' dir='ltr'><strong>gustum</strong></span> <span class='ocrx_word' id='word_1_702' title='bbox 2201 4829 2509 4883; x_wconf 86' lang='lat' dir='ltr'><strong>suaviorem</strong></span> <span class='ocrx_word' id='word_1_703' title='bbox 2541 4843 2604 4883; x_wconf 87' lang='lat' dir='ltr'><strong>ac</strong></span> <span class='ocrx_word' id='word_1_704' title='bbox 2631 4837 3068 4898; x_wconf 85' lang='lat' dir='ltr'><strong>permanentem.</strong></span> 
     </span>
    </p>
   </div>
   <div class='ocr_carea' id='block_1_108' title="bbox 2017 4985 3518 5057">
    <p class='ocr_par' dir='ltr' id='par_1_108' title="bbox 2017 4985 3518 5057">
     <span class='ocr_line' id='line_1_108' title="bbox 2017 4985 3518 5057; baseline 0 -17"><span class='ocrx_word' id='word_1_705' title='bbox 2017 4986 2106 5040; x_wconf 76' lang='lat'><strong>55.</strong></span> <span class='ocrx_word' id='word_1_706' title='bbox 2148 4985 2341 5043; x_wconf 84' lang='lat' dir='ltr'><strong>Praxis</strong></span> <span class='ocrx_word' id='word_1_707' title='bbox 2393 5003 2516 5042; x_wconf 91' lang='lat' dir='ltr'><strong>cum</strong></span> <span class='ocrx_word' id='word_1_708' title='bbox 2562 4987 2774 5042; x_wconf 89' lang='lat' dir='ltr'><strong>tbeoria</strong></span> <span class='ocrx_word' id='word_1_709' title='bbox 2811 4994 2897 5042; x_wconf 89' lang='lat' dir='ltr'><strong>est</strong></span> <span class='ocrx_word' id='word_1_710' title='bbox 2940 4987 3110 5042; x_wconf 85' lang='lat' dir='ltr'><strong>velutt</strong></span> <span class='ocrx_word' id='word_1_711' title='bbox 3155 5001 3358 5057; x_wconf 90' lang='lat' dir='ltr'><strong>corpus</strong></span> <span class='ocrx_word' id='word_1_712' title='bbox 3395 5002 3518 5040; x_wconf 89' lang='lat' dir='ltr'><strong>cum</strong></span> 
     </span>
    </p>
   </div>
   <div class='ocr_carea' id='block_1_109' title="bbox 1946 5077 3517 5150">
    <p class='ocr_par' dir='ltr' id='par_1_109' title="bbox 1946 5077 3517 5150">
     <span class='ocr_line' id='line_1_109' title="bbox 1946 5077 3517 5150; baseline 0.001 -19"><span class='ocrx_word' id='word_1_713' title='bbox 1946 5077 2140 5146; x_wconf 89' lang='lat' dir='ltr'><strong>spiritu</strong></span> <span class='ocrx_word' id='word_1_714' title='bbox 2172 5078 2513 5148; x_wconf 89' lang='lat' dir='ltr'><strong>imperante;</strong></span> <span class='ocrx_word' id='word_1_715' title='bbox 2547 5080 2667 5136; x_wconf 88' lang='lat' dir='ltr'><strong>sine</strong></span> <span class='ocrx_word' id='word_1_716' title='bbox 2699 5080 2936 5142; x_wconf 86' lang='lat' dir='ltr'><strong>tbeoria,</strong></span> <span class='ocrx_word' id='word_1_717' title='bbox 2969 5081 3122 5136; x_wconf 86' lang='lat' dir='ltr'><strong>velut</strong></span> <span class='ocrx_word' id='word_1_718' title='bbox 3157 5095 3362 5150; x_wconf 89' lang='lat' dir='ltr'><strong>corpus</strong></span> <span class='ocrx_word' id='word_1_719' title='bbox 3391 5095 3517 5135; x_wconf 89' lang='lat' dir='ltr'><strong>cum</strong></span> 
     </span>
    </p>
   </div>
   <div class='ocr_carea' id='block_1_110' title="bbox 1945 5170 2882 5239">
    <p class='ocr_par' dir='ltr' id='par_1_110' title="bbox 1945 5170 2882 5239">
     <span class='ocr_line' id='line_1_110' title="bbox 1945 5170 2882 5239; baseline 0.004 -15"><span class='ocrx_word' id='word_1_720' title='bbox 1945 5170 2144 5239; x_wconf 89' lang='lat' dir='ltr'><strong>spiritu</strong></span> <span class='ocrx_word' id='word_1_721' title='bbox 2178 5187 2327 5226; x_wconf 89' lang='lat' dir='ltr'><strong>mere</strong></span> <span class='ocrx_word' id='word_1_722' title='bbox 2356 5172 2534 5226; x_wconf 86' lang='lat' dir='ltr'><strong>libero</strong></span> <span class='ocrx_word' id='word_1_723' title='bbox 2567 5172 2882 5228; x_wconf 84' lang='lat' dir='ltr'><strong>habebitur.</strong></span> 
     </span>
    </p>
   </div>
   <div class='ocr_carea' id='block_1_111' title="bbox 2019 5263 3515 5328">
    <p class='ocr_par' dir='ltr' id='par_1_111' title="bbox 2019 5263 3515 5328">
     <span class='ocr_line' id='line_1_111' title="bbox 2019 5263 3515 5328; baseline 0 -11"><span class='ocrx_word' id='word_1_724' title='bbox 2019 5264 2107 5317; x_wconf 73' lang='grc'><strong>54.</strong></span> <span class='ocrx_word' id='word_1_725' title='bbox 2161 5263 2466 5318; x_wconf 81' lang='lat' dir='ltr'><strong>Rationalis</strong></span> <span class='ocrx_word' id='word_1_726' title='bbox 2523 5264 2722 5319; x_wconf 75' lang='lat' dir='ltr'><strong>anima:</strong></span> <span class='ocrx_word' id='word_1_727' title='bbox 2775 5265 2979 5319; x_wconf 87' lang='lat' dir='ltr'><strong>atrium</strong></span> <span class='ocrx_word' id='word_1_728' title='bbox 3029 5274 3114 5320; x_wconf 88' lang='lat' dir='ltr'><strong>est</strong></span> <span class='ocrx_word' id='word_1_729' title='bbox 3163 5263 3515 5328; x_wconf 87' lang='lat' dir='ltr'><strong>sensorium,</strong></span> 
     </span>
    </p>
   </div>
   <div class='ocr_carea' id='block_1_112' title="bbox 1945 5355 3513 5424">
    <p class='ocr_par' dir='ltr' id='par_1_112' title="bbox 1945 5355 3513 5424">
     <span class='ocr_line' id='line_1_112' title="bbox 1945 5355 3513 5424; baseline 0 -15"><span class='ocrx_word' id='word_1_730' title='bbox 1945 5355 2208 5424; x_wconf 85' lang='lat' dir='ltr'><strong>templum</strong></span> <span class='ocrx_word' id='word_1_731' title='bbox 2247 5355 2579 5419; x_wconf 89' lang='lat' dir='ltr'><strong>intellectus,</strong></span> <span class='ocrx_word' id='word_1_732' title='bbox 2609 5367 2666 5412; x_wconf 90' lang='lat' dir='ltr'><strong>et</strong></span> <span class='ocrx_word' id='word_1_733' title='bbox 2695 5373 2944 5412; x_wconf 91' lang='lat' dir='ltr'><strong>summus</strong></span> <span class='ocrx_word' id='word_1_734' title='bbox 2974 5358 3232 5412; x_wconf 90' lang='lat' dir='ltr'><strong>sacerdos</strong></span> <span class='ocrx_word' id='word_1_735' title='bbox 3265 5355 3513 5424; x_wconf 89' lang='lat' dir='ltr'><strong>spiritus.</strong></span> 
     </span>
    </p>
   </div>
   <div class='ocr_carea' id='block_1_113' title="bbox 1943 5448 3516 5520">
    <p class='ocr_par' dir='ltr' id='par_1_113' title="bbox 1943 5448 3516 5520">
     <span class='ocr_line' id='line_1_113' title="bbox 1943 5448 3516 5520; baseline 0 -18"><span class='ocrx_word' id='word_1_736' title='bbox 1943 5449 2002 5502; x_wconf 92' lang='lat' dir='ltr'><strong>ln</strong></span> <span class='ocrx_word' id='word_1_737' title='bbox 2037 5448 2183 5503; x_wconf 90' lang='lat' dir='ltr'><strong>atrio</strong></span> <span class='ocrx_word' id='word_1_738' title='bbox 2215 5455 2325 5501; x_wconf 87' lang='lat' dir='ltr'><strong>stat</strong></span> <span class='ocrx_word' id='word_1_739' title='bbox 2363 5448 2592 5518; x_wconf 89' lang='lat' dir='ltr'><strong>spiritus</strong></span> <span class='ocrx_word' id='word_1_740' title='bbox 2623 5451 2715 5520; x_wconf 88' lang='lat' dir='ltr'><strong>qui</strong></span> <span class='ocrx_word' id='word_1_741' title='bbox 2747 5451 3150 5520; x_wconf 86' lang='lat' dir='ltr'><strong>intempestivis</strong></span> <span class='ocrx_word' id='word_1_742' title='bbox 3189 5448 3516 5502; x_wconf 89' lang='lat' dir='ltr'><strong>debilitatur</strong></span> 
     </span>
    </p>
   </div>
   <div class='ocr_carea' id='block_1_114' title="bbox 1943 5536 3512 5612">
    <p class='ocr_par' dir='ltr' id='par_1_114' title="bbox 1943 5536 3512 5612">
     <span class='ocr_line' id='line_1_114' title="bbox 1943 5536 3512 5612; baseline -0.003 -14"><span class='ocrx_word' id='word_1_743' title='bbox 1943 5536 2402 5612; x_wconf 85' lang='lat' dir='ltr'><strong>cogitationibus;</strong></span> <span class='ocrx_word' id='word_1_744' title='bbox 2434 5542 2488 5594; x_wconf 90' lang='lat' dir='ltr'><strong>in</strong></span> <span class='ocrx_word' id='word_1_745' title='bbox 2533 5542 2736 5612; x_wconf 84' lang='lat' dir='ltr'><strong>templo</strong></span> <span class='ocrx_word' id='word_1_746' title='bbox 2771 5552 2979 5602; x_wconf 83' lang='lat' dir='ltr'><strong>autem,</strong></span> <span class='ocrx_word' id='word_1_747' title='bbox 3011 5540 3104 5610; x_wconf 85' lang='lat' dir='ltr'><strong>qui</strong></span> <span class='ocrx_word' id='word_1_748' title='bbox 3135 5539 3512 5608; x_wconf 90' lang='lat' dir='ltr'><strong>tempestivis;</strong></span> 
     </span>
    </p>
   </div>
   <div class='ocr_carea' id='block_1_115' title="bbox 1943 5631 3512 5702">
    <p class='ocr_par' dir='ltr' id='par_1_115' title="bbox 1943 5631 3512 5702">
     <span class='ocr_line' id='line_1_115' title="bbox 1943 5631 3512 5702; baseline -0.001 -16"><span class='ocrx_word' id='word_1_749' title='bbox 1943 5631 2158 5687; x_wconf 89' lang='lat' dir='ltr'><strong>neutris</strong></span> <span class='ocrx_word' id='word_1_750' title='bbox 2187 5647 2320 5686; x_wconf 83' lang='lat' dir='ltr'><strong>vero</strong></span> <span class='ocrx_word' id='word_1_751' title='bbox 2361 5631 2688 5688; x_wconf 84' lang='lat' dir='ltr'><strong>debilitatur</strong></span> <span class='ocrx_word' id='word_1_752' title='bbox 2729 5633 2823 5702; x_wconf 90' lang='lat' dir='ltr'><strong>qui</strong></span> <span class='ocrx_word' id='word_1_753' title='bbox 2856 5632 3106 5686; x_wconf 87' lang='lat' dir='ltr'><strong>divinum</strong></span> <span class='ocrx_word' id='word_1_754' title='bbox 3135 5631 3512 5686; x_wconf 88' lang='lat' dir='ltr'><strong>sanctuarium</strong></span> 
     </span>
    </p>
   </div>
   <div class='ocr_carea' id='block_1_116' title="bbox 1928 5725 2396 5796">
    <p class='ocr_par' dir='ltr' id='par_1_116' title="bbox 1928 5725 2396 5796">
     <span class='ocr_line' id='line_1_116' title="bbox 1928 5725 2396 5796; baseline -0.002 -16"><span class='ocrx_word' id='word_1_755' title='bbox 1928 5725 2136 5782; x_wconf 86' lang='lat' dir='ltr'><strong>meruit</strong></span> <span class='ocrx_word' id='word_1_756' title='bbox 2161 5725 2396 5796; x_wconf 87' lang='lat' dir='ltr'><strong>ingredi.</strong></span> 
     </span>
    </p>
   </div>
  </div>
