4054 6278
611 247 748 312 115’)

2000 247 2194 306 ELl.—E
2234 244 2485 306 ECDiCl
3682 240 3790 312 116)

674 360 768 417 55.
802 360 1173 425 Lamentatio,
1198 371 1252 416 et
1279 369 1597 427 carmen,et
1620 374 1702 415 va:
1728 357 1770 391 ’³
1795 358 1849 413 in
1877 356 2041 412 domo
2064 357 2184 411 ani-
2217 365 2257 420 Α

2181 388 2184 396 -
2217 365 2257 420 Α
2360 357 2450 411 νε’.
2482 357 2687 427 Θρῆνος
2722 358 2837 427 μὲν,
2883 357 2974 410 καί
3007 350 3184 428 μέλοςς
3223 359 3317 413 καὶ
3353 358 3471 414 οὐαι
3499 359 3550 414 ὲν
3572 364 3685 435 οἴκῳ
3710 370 3782 439 τῆς

605 469 709 509 ma:
735 453 994 523 prac’ticm
1018 462 1246 522 propter
1268 452 1512 505 laborem
1539 448 1903 505 inveniuntur
1931 467 1943 503 :
1968 459 2181 513 contra,

602 563 704 604 vox
741 545 1127 602 exsultationis
1158 556 1213 599 et
1238 543 1604 598 confessionis
1633 543 1700 609 ¹⁹,
1734 552 1962 614 prOptcr
1993 542 2184 612 cegni-

603 643 809 697 tionem
847 641 901 694 in
927 638 1285 693 tabernaculo
1324 636 1754 706 contemplantis
1783 635 2182 690 exaudiuntur.

669 756 756 810 56.
790 754 1077 809 Practicus
1108 752 1334 822 quidem
1377 750 1734 807 hortantibus
1772 751 2045 806 molestiis
2070 751 2187 805 dis-

600 844 740 898 solvi
764 845 810 875 "
841 844 1016 912 cupit,
1049 854 1104 897 et
1132 858 1258 898 esse
1283 857 1411 897 cum
1449 840 1711 909 Christo;
1744 842 2185 910 contemplativa

601 934 863 1005 placitum
887 941 970 988 est
1001 934 1174 1004 magis
1198 934 1251 988 in
1277 918 1441 988 carne
1466 948 1793 1004 permanere
1816 933 1883 1000 ²¹,
1911 944 2026 987 tum
2054 949 2185 1004 pro-

600 1037 724 1097 pter
743 1026 1005 1097 gaudium
1029 1025 1175 1095 qnod
1201 1042 1268 1081 ex
1294 1026 1554 1095 precibus
1579 1033 1887 1095 exspectat,
1918 1033 2031 1079 tum
2057 1040 2185 1093 pro-

579 1195 583 1199 ν
601 1130 725 1190 pter
742 1120 1189 1190 utilitatemqua
1207 1136 1306 1190 per
1324 1120 1478 1174 illum
1493 1119 1559 1173 ad
1580 1119 1860 1189 proximos
1877 1120 2181 1174 derivatur.

672 1214 761 1268 57.
782 1214 942 1283 Apud
974 1214 1261 1282 peritiores
1281 1214 1495 1268 tthria
1521 1213 1734 1283 praxin,
1759 1213 1903 1283 apud
1932 1213 2186 1268 rudiores

601 1309 788 1379 praxis
813 1308 1084 1364 tbeoriam
1108 1308 1407 1373 antecedit,
1434 1320 1490 1364 et
1517 1309 1767 1364 ambaein
1790 1309 1953 1363 linem
1981 1310 2183 1363 bimum

602 1403 865 1457 desinunt
907 1420 921 1456 :
962 1402 1014 1456 id
1074 1402 1222 1471 quod
1277 1401 1590 1472 promptius
1634 1410 1720 1456 est
1757 1400 1952 1456 videre
1996 1400 2050 1454 in
2100 1402 2184 1455 his

601 1496 804 1565 quibus
839 1495 1231 1565 contemplatio
1267 1494 1494 1549 actione
1517 1495 1670 1564 prior
1703 1503 1813 1549 est.

594 1642 597 1647 ’
673 1658 761 1713 58.
802 1656 1006 1714 Hortus
1042 1657 1266 1727 quidem
1302 1667 1359 1713 et
1397 1657 1686 1727 paradisus
1717 1666 1803 1714 est
1832 1658 2183 1712 intellectua-

600 1751 735 1804 linm
795 1750 1212 1820 contemplatio,
1267 1750 1321 1804 in
1371 1765 1494 1819 quae
1549 1748 1884 1820 cognitionis
1942 1758 2186 1805 sectator

601 1859 726 1897 cum
763 1843 1027 1914 precibus
1062 1854 1122 1897 ut
1153 1843 1207 1896 in
1243 1842 1469 1897 domum
1511 1842 1822 1914 ingreditur
1853 1858 1866 1895 :
1906 1843 2187 1911 practicus

600 1945 785 1989 autem
840 1934 1062 1990 videtur
1121 1943 1380 2005 tanquam
1439 1934 1619 1988 viator
1668 1933 1997 2003 praeteriens
2040 1933 2185 1987 velle

601 2027 895 2098 inspicere.
935 2027 1031 2083 sed
1061 2043 1170 2082 non
1206 2027 1475 2098 permitti,
1503 2028 1631 2097 quia
1659 2027 1715 2082 id
1751 2026 1890 2081 ultra
1918 2025 2184 2096 spiritua-

599 2121 668 2176 lis
692 2121 870 2175 aetatis
898 2121 1018 2191 ejus
1051 2135 1236 2189 sepem
1263 2130 1369 2175 est.

668 2215 758 2270 59.
792 2214 1082 2269 Passiones
1113 2229 1395 2283 corporea:
1427 2212 1559 2268 feris
1589 2212 1803 2277 bestiis,
1832 2212 1899 2267 ad
1938 2210 2180 2265 animam

600 2323 732 2361 vero
773 2309 1143 2376 pertinentes,
1183 2305 1509 2359 volucribus
1543 2314 1675 2358 sunt
1709 2304 1944 2358 similes.
1981 2301 2184 2356 Verum

600 2398 723 2452 illas
752 2413 783 2451 a
814 2407 1035 2451 terrena
1069 2398 1230 2451 vinea
1258 2397 1445 2466 fugare
1477 2412 1541 2451 ac
1571 2396 1871 2466 dispellere
1903 2393 2184 2464 practicus

599 2498 922 2560 potest,non
937 2491 1105 2544 etiam
1129 2504 1304 2558 genus
1321 2490 1563 2552 volatile,
1587 2490 1689 2542 nisi
1712 2488 1941 2542 theoria:
1958 2501 2182 2557 posses-

599 2585 813 2637 sionem
848 2581 1069 2644 adierit,
1091 2581 1344 2651 quamvis
1383 2580 1452 2634 ad
1487 2580 1708 2634 interna
1727 2595 1827 2634 sua
1857 2577 2184 2634 custodiem

599 2674 668 2730 da
703 2688 982 2730 summum
1015 2673 1260 2727 studium
1282 2673 1739 2743 diligentiamque
1769 2671 2113 2727 adhibuerit.

671 2767 764 2822 60.
805 2767 1068 2822 Moralem
1122 2767 1470 2822 honestatem
1526 2781 1790 2836 superare
1835 2780 1949 2820 non
2000 2772 2185 2835 potest

599 2861 900 2933 practicus,
924 2861 1028 2916 nisi
1058 2870 1115 2916 et
1149 2861 1287 2931 ipse,
1311 2869 1371 2915 ut
1389 2858 1706 2930 patriarcha
1727 2858 2032 2923 Abraham,
2058 2866 2183 2912 tani-

598 2970 765 3024 quam
788 2970 855 3008 ex
874 2952 1097 3024 prepria
1132 2961 1298 3016 terra,
1320 2968 1385 3007 ex
1403 2952 1524 3023 lege
1546 2951 1817 3017 naturali;
1837 2962 1896 3007 et
1921 2963 2179 3020 tanquam

596 3045 1040 3117 ex'cognatione,
1067 3045 1232 3101 exiis
1260 3045 1353 3115 qui
1385 3045 1633 3100 consocii
1655 3051 1787 3100 sunt
1803 3045 1930 3099 vitae
1959 3043 2176 3098 habitu.
2207 3047 2249 3105 ο

599 3139 699 3214 Sic
722 3140 1099 3209 enimet-ipse
1123 3142 1179 3193 in
1197 3140 1416 3210 signum
1430 3139 1665 3209 accipiet
1692 3137 2179 3194 circumcisionem

599 3233 856 3304 genitaiis
899 3231 1223 3302 voluptatis,
1261 3247 1406 3302 quae,
1441 3239 1509 3298 ut
1549 3231 1879 3301 praeputium
1911 3246 1942 3283 a
1976 3228 2181 3284 nativi-

598 3332 712 3381 tate
763 3325 1232 3386 circumductum,
1285 3327 1467 3379 ohstat
1526 3323 1661 3393 quin
1715 3322 1963 3392 perfecta
2017 3321 2181 3376 nobis

598 3425 893 3486 praestetur
918 3415 1169 3469 libertas.

670 3580 761 3637 6|.
794 3579 951 3635 Sicut
997 3579 1183 3650 pullus
1229 3587 1477 3647 tempore
1524 3592 1699 3632 verno
1742 3576 1886 3634 intra
1935 3593 2180 3650 praesepe

604 3687 827 3730 manere
859 3673 915 3726 in
944 3687 1124 3740 eoque
1161 3670 1426 3727 mandere
1460 3685 1571 3726 non
1606 3678 1809 3741 potest,
1842 3670 1915 3725 ita
1951 3671 2180 3742 spiritus

600 3766 658 3821 in
690 3765 896 3819 virtute
919 3761 1165 3817 novitius
1185 3760 1453 3816 orationis
1479 3761 1787 3832 angustiam
1814 3760 1909 3815 diu
1935 3752 2180 3831 perferre

599 3854 817 3922 nequit,
847 3834 1022 3905 multo
1051 3844 1228 3904 satius
1253 3850 1533 3905 arbitrans
1567 3852 1623 3904 in
1651 3865 1905 3921 campum
1938 3852 2180 3924 physica:

601 3944 830 3999 theoriaa
856 3942 1039 4013 egredi
1077 3957 1200 4012 quae
1236 3942 1289 3997 in
1327 3941 1630 4008 psalmodia
1663 3953 1721 3999 et
1752 3943 1993 3999 lectione
2027 3945 2181 3998 inve-

600 4039 774 4093 nitur.

667 4202 758 4257 6‘2.
790 4200 955 4269 Quasi
984 4201 1205 4257 lumbos
1234 4201 1401 4257 habet
1430 4201 1641 4257 cinctos
1662 4201 1874 4271 jejunio
1904 4210 1961 4255 et
1991 4199 2176 4271 vigilia

595 4300 839 4368 practice
888 4298 1083 4353 vitales
1122 4313 1252 4352 suas
1306 4296 1619 4367 potentias;
1694 4296 1941 4350 theorica
1993 4304 2175 4349 autem

2292 451 2601 520 πρακτικῆς
2624 449 2801 519 ψυχῆς
2827 451 2913 503 διὰ
2943 450 3033 502 τὸν
3081 451 3247 504 κόπον
3294 451 3589 521 εὑρίσκεται
3620 470 3633 486 ’
3672 461 3787 531 φωνὴ

2291 541 2349 594 δὲ
2380 540 2751 608 ἀγαλλιάσεως
2784 542 2877 594 καὶ
2909 541 3344 611 ἐξημολογήσεως
3384 542 3468 596 διὰ
3499 543 3587 619 τὴν
3614 549 3786 615 γνῶσιν,

2295 633 2355 687 ἐν
2388 633 2465 702 τῷ
2505 633 2601 703 τῆς
2628 633 2966 704 θεωρητικῆς
2999 627 3336 698 ἐξακούεται.

2368 752 2478 809 νς’.
2511 744 2570 798 '0
2605 747 2901 814 πρακτικὸ;
2923 747 3042 815 μὲν,
3066 746 3323 817 ὲπιθυμεϊ
3346 747 3593 803 ἀναλῦσαι
3612 751 3685 804 διὰ
3700 753 3791 815 τοὺς

2299 834 2514 900 πόνους,
2555 836 2649 888 καὶ
2677 837 3032 904 συγγενέσθαι
3063 837 3282 908 Χριστῷ
3310 854 3323 868 ·
3348 839 3392 897 ,ὁ
3417 839 3473 892 δὲ
3503 840 3790 909 θεωρητικὸς,

2299 927 2509 981 εὐδοκεί
2542 927 2739 993 μᾶλλον
2772 930 2937 997 σαρκὶ
2981 930 3341 999 παραμένειν,
3371 933 3461 984 καὶ
3494 932 3576 985 διὰ
3619 933 3699 1002 τὴν
3725 946 3793 1003 χα-

2299 1008 2504 1081 ρὰν,ἥν
2532 1011 2744 1082 δέχεται
2779 1014 2836 1081 ἐξ
2876 1014 3076 1085 εὐχῆς,
3112 1019 3205 1070 καὶ
3236 1017 3325 1073 διὰ
3356 1019 3452 1090 τὴν
3488 1022 3573 1076 τοῦ
3619 1025 3795 1096 πλησίοι

2296 1105 2728 1175 προσγινομένην
2773 1104 3059 1178 ὠφέλειαν.

2364 1191 2460 1257 νζ.
2509 1194 2631 1248 Ἐπὶ
2664 1197 2764 1266 μὲν
2793 1197 2904 1250 τῶν
2941 1199 3343 1278 λογικωτέρων,
3398 1205 3430 1273 ὴ
3480 1203 3662 1275 θεωρία
3698 1221 3795 1277 προ-

2294 1287 2516 1356 ηγεῖται
2547 1287 2645 1357 τῆς
2674 1287 2946 1359 πράξεως·
2982 1291 3074 1343 ἐπὶ
3099 1291 3155 1345 δὲ
3184 1292 3296 1345 τῶν
3317 1293 3702 1365 ἁγροικοτέρων,
3726 1299 3797 1369 τῆς

2294 1376 2524 1447 Θεωρίας
2553 1380 2587 1449 ἠ
2612 1379 2830 1450 πρᾶξις.
2860 1382 2952 1445 Είς
2971 1381 3028 1434 ἓν
3051 1382 3291 1448 δὲ.τέλος
3313 1384 3794 1457 χρηστδνάμφότερσι

2294 1469 2697 1547 καταλήγουσαι
2728 1487 2743 1502 ο
2800 1473 3210 1545 συντομώτερον
3237 1473 3295 1527 δὲ
3352 1473 3503 1528 τοῦτο
3539 1474 3795 1548 ὀφθήσεται,

2292 1554 2373 1623 οἷς
2402 1562 2435 1631 ἡ
2462 1563 2665 1631 θεωρία
2695 1566 3016 1633 προηγεῖται
3042 1565 3139 1635 τῆς
3171 1565 3442 1636 πράξεως.

2363 1651 2463 1721 νῆ’.
2501 1653 2832 1724 Παράδεισός
2857 1657 3027 1720 ἐστιν,
3056 1659 3088 1726 ἡ
3116 1657 3322 1727 θεωρία
3353 1656 3460 1710 τῶν
3485 1659 3686 1729 νοητῶν.
3732 1659 3797 1712 ἐν

2301 1743 2476 1814 τούτῳ
2502 1747 2529 1797 ὁ
2570 1744 2669 1814 μὲν
2702 1747 3025 1814 γνωστικδς,
3059 1747 3135 1812 ὡς
3165 1750 3224 1801 ὲν
3252 1749 3436 1821 οἰκείῳ
3469 1751 3593 1819 οἴκῳ
3634 1749 3795 1804 ἐνδοθεν

2293 1835 2599 1904 εἰσέρχεται
2649 1838 2709 1889 ὲν
2757 1837 2913 1907 εὐχῇ,
2945 1840 2973 1892 ὁ
3001 1838 3059 1892 δὲ
3090 1840 3398 1908 πρακτικὸς
3422 1840 3535 1905 ,ῶς
3563 1839 3797 1911 παροδίτης

2291 1924 2611 1994 ὀφθήσεται,
2663 1926 2949 1997 ἐπιθυμῶν
2990 1929 3089 1998 μὲν
3120 1969 3135 1993 ,
3191 1929 3406 2001 ἔνδοθεν
3461 1930 3795 2001 παρακύπτειν,

2295 2016 2370 2086 μὴ
2432 2017 2883 2090 συγχωρούμενος
2937 2019 3033 2083 δὲ,
3094 2000 3215 2073 διὰ”
3252 2021 3314 2073 τὺ
3372 2000 3797 2090 ὑπερανεστηκιναι

2291 2104 2660 2181 τὸνφραγμὸν
2684 2109 2782 2180 τῆς
2809 2112 3182 2181 πνευματικῆς
3219 2109 3434 2181 ἡλικίας
3466 2109 3635 2164 αὐτοῦ.

2363 2196 2460 2256 νϐ’.
2518 2201 2601 2254 Τὰ
2646 2200 2744 2271 μὲν
2809 2200 3094 2270 σωματικὰ
3156 2200 3304 2271 πάθη
3364 2199 3564 2271 θηρίοις
3600 2198 3796 2257 ἐοίκασι.

2295 2293 2515 2362 πτηνοῖς
2542 2290 2598 2344 δὲ
2628 2290 2920 2360 τὰψυχυιά
2951 2307 2964 2320 ·
2999 2289 3135 2342 ἀλλὰ
3172 2289 3245 2342 τὰ
3277 2290 3374 2360 μὲν
3403 2289 3702 2357 ἀποτειχίζει
3719 2286 3798 2339 ἀνῶ

2295 2381 2386 2435 τοῦ
2417 2380 2634 2449 λογικοῦ
2676 2381 2998 2449 ἀμπελῶνος
3028 2383 3054 2433 ὁ
3086 2380 3413 2452 πρακτικὸς,
3447 2379 3632 2433 οὐκετι
3657 2377 3703 2429 δὲ
3729 2378 3797 2429 καὶ

2293 2471 2361 2525 τὰ
2384 2469 2627 2531 πετεινὰ,
2675 2471 2724 2523 εἰ
2767 2469 2842 2540 μὴ
2886 2471 2943 2521 ὲν
2993 2464 3207 2541 θεωρία
3224 2460 3558 2539 πνευματικῇ
3584 2463 3795 2537 γένηταιο

2293 2560 2396 2615 κᾶν
2428 2562 2510 2615 ὄτι
2544 2560 2781 2631 μάλιστα
2811 2559 3012 2631 πολλὴν
3038 2564 3277 2615 ποιεῖται
3328 2560 3557 2630 σπουδὴν
3590 2559 3704 2629 πρὸς
3726 2558 3797 2624 τὴν

2293 2653 2399 2705 τῶν
2432 2648 2576 2725 ἔνδον
2604 2649 2869 2721 φυλακήν.

2367 2741 2428 2808 ξ’.
2467 2738 2692 2812 Ἠθικῆς
2724 2740 3059 2812 εὐπρεπείας
3090 2741 3376 2812 κρείττων,
3403 2739 3669 2811 πρακτικὸς
3685 2737 3796 2804 τεκέ-

2303 2834 2430 2887 σθαι
2461 2834 2522 2886 οὐ
2558 2828 2804 2907 δύναται,
2850 2834 2899 2884 εί
2940 2831 3014 2903 μὴ
3067 2832 3161 2885 καὶ
3209 2831 3412 2896 αὐτὸς,
3453 2831 3585 2887 κατὰ
3626 2829 3699 2882 τὸν
3720 2844 3796 2878 πα-

2291 2924 2558 2995 τριάρχην
2602 2922 2851 2994 Ἀϐραὰμ
2881 2924 2985 2989 ἔξω
3024 2923 3275 2991 γένὴται,
3307 2922 3382 2986 ὡς
3403 2914 3602 2992 μὲνγῆς
3625 2918 3794 2976 οἰκείας.

2293 3016 2386 3068 τοῦ
2429 3015 2661 3084 φυσικοῦ
2691 3016 2853 3084 νόμου
2888 3030 2902 3045 ·
2955 3014 3031 3077 ῶς
3078 3014 3137 3067 δὲ
3171 3012 3510 3082 συγγενείας,
3546 3011 3633 3081 τῆς
3658 3008 3797 3079 illum

2293 3108 2442 3178 αὐτῷ
2475 3106 2614 3160 κατὰ
2666 3108 2854 3176 σχέσιν
2917 3104 3086 3174 ζωῆς.
3132 3084 3293 3159 ὀῦτω
3329 3105 3436 3177 γὰρ
3469 3106 3555 3157 καὶ
3581 3097 3708 3160 οὗτος
3742 3096 3795 3156 ὥς

2296 3198 2567 3269 σφραγῖδα
2594 3190 2941 3266 λήψεταιτῆς
2958 3196 3181 3267 γενικῆς
3210 3196 3404 3266 ἡδονῆς
3433 3196 3524 3264 τὴν
3551 3190 3794 3261 ἀφαίρεσιν,

2294 3289 2416 3342 καθ’
2449 3290 2515 3361 ἣν
2545 3290 2606 3342 τὸ
2652 3286 3068 3355 ἁπὸ’γενὲσεως
3127 3289 3401 3361 κάλυμμα
3453 3285 3795 3359 περικείμενον.

2294 3380 2394 3451 τὴν
2420 3379 2659 3449 παντελῆ
2686 3378 2867 3432 ὲλευθε
2878 3379 3000 3449 ρίαν
3035 3379 3095 3432 οὐ
3138 3381 3418 3451 συγχωρεῖ
3448 3368 3798 3448 Μρασχεθῆναι

2297 3474 2450 3544 ἡμῖν.

2365 3565 2463 3630 Ea’.
2497 3563 2633 3618 Οὔτε
2661 3562 2841 3628 πῶλος
2876 3565 2934 3616 ἑν
2998 3561 3144 3634 ἔαρι,
3194 3562 3348 3618 ἔνδον
3404 3552 3611 3633 φάτντς
3641 3557 3794 3627 μένειν.

2294 3658 2475 3711 καὶτὰ
2510 3652 2723 3726 ἐκείνης
2756 3655 2960 3710 ἐσθίειν
2990 3656 3267 3726 ἀνέχεται,
3306 3653 3427 3709 οὔτε
3476 3646 3695 3717 νεοτελής
3709 3645 3797 3705 νοῦς

2293 3748 2351 3802 τὸ
2378 3749 2824 3818 ἁπεστενωμένον
2863 3739 3095 3801 ἐπιπολὺ
3128 3749 3420 3818 καρτερεῖν
3463 3745 3554 3814 τῆς
3586 3741 3721 3810 εὐχῆς
3751 3734 3794 3788 οὗ

2290 3839 2540 3905 δὺναται,
2577 3841 2748 3910 ἡδέως
2794 3840 2994 3909 μᾶλλον
3059 3838 3180 3892 κατ’
3219 3838 3431 3892 ἐκεῖνον
3470 3837 3616 3907 ἔχων,
3661 3829 3734 3883 tat
3754 3824 3796 3879 τὸ

2292 3931 2494 3995 πλάτος
2558 3930 2674 4003 ’τῆς
2743 3932 2980 4002 φυσικῆς
3047 3928 3285 4002 θεωρίας
3359 3924 3652 3998 ἑξέρχεσθαι
3726 3918 3795 3983 τῆς

2292 4018 2434 4076 κατὰ
2467 4021 2566 4092 τὴν
2597 4020 2920 4092 ψαλμῳδίαν
2949 4021 3379 4093 εὐρισκομένης,
3432 4018 3524 4073 καὶ
3574 4014 3658 4085 τὴν
3702 4007 3793 4061 ἀνά-

2288 4130 2509 4183 γνωσιν.
2558 4184 2562 4188 Δ

2358 4204 2458 4276 ξβ¹¹
2502 4205 2589 4267 Ὠς
2623 4204 2722 4274 μὲν
2775 4205 2982 4271 ὀσφύας
3013 4203 3125 4274 ἔχει
3164 4202 3597 4276 περιεζωσμένας
3628 4188 3795 4266 νηστείᾳ

2291 4297 2386 4348 καὶ
2422 4292 2761 4365 ἀγρυπνίᾳ-ί]
2808 4294 3118 4363 πρακτικὴ,
3167 4295 3267 4356 τὰς
3324 4291 3555 4358 ζωτικὰς
3597 4285 3795 4352 ﬂuviust;

596 4395 771 4448 virtus
794 4391 1199 4447 intellectuales
1222 4391 1370 4446 vires
1391 4389 1561 4445 habet
1585 4399 1643 4443 ut
1668 4388 1927 4443 lucernas
1950 4386 2173 4442 sulentio

2208 4391 2250 4446 D
2292 4385 2498 4454 αὐτῆς-⁸
2543 4383 2620 4448 ῶς
2668 4383 2895 4454 λύχνους
2945 4383 3002 4437 δὲ
3056 4385 3403 4453 καιομένους,
3438 4381 3602 4450 σιωπῇ
3646 4390 3693 4430 τε
3730 4367 3794 4423 καὶ

592 4496 649 4541 et
690 4485 943 4540 oratione
980 4498 1245 4547 accensas
1283 4500 1296 4533 :
1332 4498 1439 4537 una
1479 4480 1701 4552 quidem
1744 4481 1853 4534 illis
1902 4478 2171 4548 prmponit

596 4580 948 4636 ratiocinium
986 4587 1045 4632 ut
1086 4577 1466 4646 paedagogum,
1501 4575 1671 4628 altera
1721 4590 1853 4629 vero
1895 4570 1985 4626 his
2029 4588 2169 4641 prte-

593 4672 707 4727 ficit
750 4673 1026 4726 internum
1076 4670 1345 4723 rationem
1401 4675 1460 4720 ut
1499 4666 1777 4737 spOnsam'
1815 4681 1914 4735 pro
1963 4679 2170 4733 sponso

593 4773 770 4819 ornet.

662 4856 753 4911 65.
786 4855 938 4910 Mens
980 4856 1223 4909 nomium
1275 4842 1520 4924 perfecta
1562 4854 1617 4907 in
1666 4845 2009 4909 fructiferain
2043 4869 2170 4908 ora-

593 4949 762 5005 tionis
814 4948 1033 5002 vineam
1089 4948 1298 5002 intrare
1343 4963 1455 5001 non
1510 4945 1739 5009 sinitur,
1785 4946 1884 5001 sed
1927 4946 1980 5000 ei
2022 4946 2173 5001 velut

592 5043 850 5098 mendico
903 5042 1210 5096 racctnario
1269 5041 1393 5096 sola‘
1435 5050 1491 5094 et
1532 5041 1702 5105 nuda,
1738 5048 1796 5095 et
1840 5040 1944 5096 vix'
1978 5042 2170 5107 ctiam,

593 5135 930 5205 psalmorum
959 5133 1277 5190 decantatio
1306 5134 1658 5191 conceditur.

660 5250 750 5305 64.
778 5250 1631 5317 Quemadmodum'non‘omncs
1659 5252 1754 5322 qui
1789 5253 1856 5307 ad
1885 5248 2031 5322 regis
2063 5252 2179 5306 col-

592 5341 851 5413 loquinnr
888 5342 1280 5405 admittuntur,
1326 5358 1451 5398 cum
1493 5358 1561 5398 eo
1594 5342 1871 5412 prandere
1915 5349 2175 5412 possunt,

591 5435 674 5490 sic
733 5450 913 5505 neque
968 5435 1062 5504 qui
1110 5449 1235 5489 cum
1281 5434 1533 5489 oratione
1587 5436 1824 5489 miscent
1873 5431 2175 5502 colloquia,

589 5542 784 5582 omnes
816 5527 881 5580 ad
912 5542 1031 5581 eam
1073 5542 1235 5597 quam
1280 5527 1447 5581 habet
1480 5528 1748 5583 theoriam
1777 5527 2046 5597 aspirant.

2292 4453 2565 4547 προσευχῇ
2595 4473 2692 4538 τὰς
2730 4453 3037 4542 γνωστικὰς
3084 4476 3118 4543 ἡ
3165 4471 3470 4544 θεωρητικὴ
3518 4453 3677 4541 ἁρετῆ
3711 4463 3794 4526 ἱφι·

2291 4563 2474 4616 στῶσα
2501 4565 2532 4633 ή
2561 4564 2659 4633 μὲν
2689 4563 2949 4626 ἐκείναις,
2980 4564 3069 4616 τὸν
3101 4562 3363 4632 λογισμὸν
3391 4562 3463 4624 ὡς
3491 4548 3790 4623 παιδαγωγόν

2286 4655 2321 4725 ή
2376 4653 2432 4706 δὲ
2468 4695 2483 4716 ,
2517 4655 2746 4717 ταύταις
2791 4654 2866 4717 ὡς
2912 4652 3285 4724 νυμφοστόλον
3338 4653 3488 4722 λόγον
3514 4642 3517 4645 ’
3544 4649 3626 4702 τὸν
3666 4638 3795 4695 ἐνδιά-

2295 4743 2469 4797 θετον.

2364 4857 2463 4923 ἔτ’-
2495 4854 2638 4920 Νοῧς
2674 4856 2866 4925 ἀτελὴς
2913 4860 2993 4920 είς
3044 4857 3134 4911 τὸν
3186 4856 3536 4927 κατάκαρπον
3563 4836 3795 4918 ἀμπελῶνα

2290 4946 2381 4999 τὸν
2413 4946 2514 5015 τῆς
2569 4946 2755 5014 εὐχῆς,
2808 4945 2869 4998 οὗ
2930 4948 3297 5016 συγχωρείται
3346 4938 3698 5014 εἰσέρχεσθαι’
3740 4929 3795 5016 εἷς

2294 5036 2432 5107 μόνα
2459 5037 2515 5089 δὲ
2539 5034 2633 5089 καὶ
2659 5033 2831 5106 μόλις,
2862 5036 2937 5099 ὡς
2966 5035 3101 5106 πρὸς
3161 5034 3502 5105 ἐπιφυλλίδας
3529 5024 3727 5094 πτωχδς,
3745 5015 3794 5067 τὰ

2289 5129 2418 5199 ψιλὰ
2447 5128 2556 5181 τῶν
2584 5127 2815 5197 ψαλμῶν
2865 5127 3231 5197 ἁπηχήματα.

2361 5240 2456 5307 ξδ’.
2489 5241 2701 5308 Ὠσπερ
2730 5239 2791 5291 οὐ
2822 5239 3022 5302 πάντες
3042 5241 3091 5293 οἱ
3120 5239 3200 5302 είς
3233 5237 3490 5309 βασιλέως
3512 5228 3697 5303 ὁμιλίαν
3721 5221 3790 5309 έρς

2291 5332 2509 5402 χόμενοι
2539 5332 2871 5401 συναριστᾷν
2906 5329 3057 5401 αὐτῷ
3087 5329 3360 5395 δύνανται,
3411 5325 3571 5386 οὕτως
3619 5313 3717 5371 θῦδὲ

2398 5423 2649 5493 ἐντυχίαν
2670 5395 2834 5493 εὐχῆς
2863 5395 3111 5493 ἥκοντες,
3138 5424 3196 5477 ἐν
3227 5419 3429 5493 θεωρίᾳ
3452 5419 3515 5486 τῇ
3566 5409 3670 5466 κατ’
3684 5395 3792 5458 ὲκεί-

2294 5530 2389 5585 νην
2416 5513 2768 5583 ὀφθήσονται.

669 5759 714 5792 ⁸³
743 5758 942 5818 Ezech.
971 5775 1032 5829 tl,
1069 5762 1122 5818 9.
1204 5762 1247 5795 "
1273 5761 1420 5818 Psal.
1454 5777 1624 5828 cxvn,
1665 5760 1753 5816 15.
1827 5757 1874 5789 ὀ
1902 5755 2101 5825 Philip.
2133 5771 2173 5822 ι,
2206 5755 2270 5810 23

1109 5803 1122 5817 .
1204 5762 1247 5795 "
1273 5761 1420 5818 Psal.
1454 5777 1624 5828 cxvn,
1665 5760 1753 5816 15.
1827 5757 1874 5789 ὀ
1902 5755 2101 5825 Philip.
2133 5771 2173 5822 ι,
2206 5755 2295 5810 23.
2373 5757 2415 5788 εί
2445 5754 2581 5812 ibid.
2613 5756 2703 5811 (Μ.

3929 5492 3931 5523 4
