4064 6274
311 402 445 468 1161

1474 397 1865 456 GNCSTICXE
1909 390 2380 455 SENTENTUE.

3339 364 3342 368 ’
3410 383 3546 449 ιτεε

374 519 464 585 ξε’.
489 516 672 586 Θνμοῦ
699 516 792 582 μὲν
819 514 1050 584 χαλινὸς,
1077 513 1108 580 ἡ
1141 513 1392 579 εὑκαιρος
1410 511 1616 575 γίνεται
1639 507 1821 573 σιωπή
1848 518 1862 532 ⁸

2047 499 2135 554 65.
2168 499 2407 553 Frenum
2441 497 2554 554 ira),
2587 503 2958 565 Opportunum
2999 492 3314 559 silentium;
3337 494 3552 564 cupitli—

307 611 598 679 ἐπιθυμίας
633 609 688 660 δὲ
732 607 948 672 ἀλόγου,
978 607 1010 673 ἡ
1048 608 1360 672 σύμμετρος
1404 599 1570 667 ὲδωδή
1602 611 1616 626 ⁸
1645 593 1868 650 δυσκαθ-

309 706 464 756 έκτου
494 699 551 750 δὲ
579 695 856 763 λογισμοῦ,
892 697 925 764 ἡ
971 693 1338 763 μονολόγιστος
1368 686 1663 758 προσευχὴ.

381 808 486 874 ξς’.
520 808 626 861 Καὶ
654 791 682 856 ό
713 807 790 866 εἰς
820 803 910 856 τὸν
949 801 1098 855 κάτω
1135 799 1293 869 βυθὸν
1321 796 1574 849 είσδύνων
1630 794 1717 846 διὰ
1777 791 1870 844 τὸν

306 901 591 970 αἰσθητὸν,
628 900 721 951 καὶ
761 898 788 949 ό
843 898 921 958 είς
974 893 1064 945 τὸν
1122 889 1416 958 γνωστικδν
1449 889 1536 942 διὰ
1568 885 1659 938 τὸν
1685 883 1872 954 νοητὸν

309 990 682 1065 μαργαρίτην,
720 987 804 1038 ἵνα
833 982 996 1037 αὑτὸν
1033 983 1388 1065 ἀνιμῄσηται,
1421 980 1468 1029 εί
1502 978 1576 1047 μὴ
1614 973 1872 1044 γυμνωθῇ

307 1063 521 1142 ἐκεῖνος
556 1078 654 1147 μὲν
689 1076 792 1143 τῆς
845 1072 1090 1141 ἐσθῆτος.
1127 1063 1281 1130 οὗτος
1327 1070 1383 1120 δὲ
1431 1067 1529 1136 τῆς
1552 1065 1872 1132 αἰσθήσεως,

306 1173 612 1244 ἀμφότεροι
633 1165 729 1220 τοῦ
758 1161 1182 1233 ὲπιζητουμένου
1218 1159 1696 1226 διαμαρτήσονται.

379 1276 476 1344 ξς.
506 1278 565 1329 Ὀ
602 1277 697 1344 μὲν
737 1271 946 1326 ἔνδοθεν
974 1271 1072 1340 τῆς
1101 1267 1342 1330 διανοίας
1394 1266 1557 1320 αὑτοῦ
1594 1265 1880 1334 γινόμενος

298 1369 454 1431 νοῦς,
485 1369 543 1419 ὲν
575 1366 652 1435 τῷ
686 1362 962 1433 εύχεσοαι,
1010 1362 1083 1422 ὡς
1115 1359 1252 1429 μετὰ
1302 1357 1518 1427 νύμφης
1546 1356 1776 1426 νυμφίος
1820 1357 1880 1407 ἐν

301 1460 388 1528 τῷ
407 1457 652 1526 νυμφῶνι
675 1453 1074 1520 διαλεγόμενος,
1105 1449 1482 1519 εὑρεθήσεται,
1513 1448 1541 1498 ό
1568 1446 1623 1498 δὲ
1645 1445 1718 1515 μὴ
1748 1460 1880 1510 συγ-

302 1549 655 1620 χωρούμενος
687 1543 965 1606 εἰσελθεῖν,
1013 1541 1213 1604 έξωοεν
1261 1539 1549 1606 ίστάμενος
1604 1534 1882 1596 στενάζων

307 1644 434 1713 βοᾷ·
459 1659 476 1690 ι
515 1637 605 1698 Τίς
641 1635 835 1698 ἀπάξει
867 1651 931 1702 με
962 1635 1041 1693 εἰς
1083 1632 1237 1683 πόλιν
1260 1629 1551 1700 περιοχῆςς
1589 1646 1605 1677 ι
1634 1627 1666 1695 ἢ
1699 1625 1778 1688 τίς
1802 1626 1884 1678 ὁδ-

307 1733 514 1802 ηγήσει
553 1746 618 1797 με
657 1727 761 1786 ἕως
791 1725 884 1776 τοῦ
913 1725 987 1792 μὴ
1021 1721 1236 1792 βλέπειν
1268 1722 1346 1782 εἰς
1375 1717 1759 1790 ματαιότητας,
1790 1715 1882 1769 καὶ

309 1822 513 1892 μανίας
539 1816 750 1886 ψευδεῖς
790 1816 846 1866 ὲν
873 1813 950 1880 τῷ
978 1809 1228 1880 εὔχεσθαι
1255 1828 1270 1874 ;

389 1911 491 1978 ξη’.
541 1906 736 1959 Ὀποία
766 1905 798 1973 ἡ
828 1904 997 1972 χωρὶς
1029 1901 1152 1962 ἁλὸς
1183 1901 1260 1969 τῷ
1293 1899 1528 1968 λαρυγγι
1560 1896 1882 1964 λογιζομένη

305 1997 508 2070 τρορὴ,
541 1993 784 2063 τοιαύτη,
818 1995 912 2046 καὶ
945 1995 978 2063 ἡ
1011 1991 1166 2052 ἐκτὸς
1199 1987 1539 2052 κατανύξεως
1565 1985 1882 2056 λογισθήσε-

308 2108 408 2143 ται
438 2088 512 2157 τῷ
546 2085 620 2154 νῷ
647 2084 1014 2154 μετερχομένη
1049 2081 1201 2150 εὐχή.

391 2177 488 2240 go'.
529 2175 592 2228 Ἦ
627 2171 724 2240 μὲν
758 2170 836 2221 ἔτι
875 2168 1285 2222 καταδιώκουσι
1315 2165 1462 2235 ψυχὴ
1484 2165 1583 2233 τὴν
1603 2162 1790 2232 εὐχὴν,
1817 2164 1885 2232 τῇ

311 2259 582 2332 ὦδινούσῃ
609 2259 845 2329 ὑπάρχει
875 2257 1256 2327 παρεμφερής.
1313 2257 1380 2307 Ἡ
1403 2255 1458 2307 δὲ
1486 2252 1885 2315 καταλαϐοῦσα,

313 2359 388 2424 τῇ
454 2352 721 2421 κυησὰσῃ,
785 2351 879 2402 καὶ
926 2349 1119 2418 πλήρει
1153 2347 1416 2416 γενομένῃ
1462 2345 1551 2398 διὰ
1597 2345 1685 2399 τὸν
1731 2343 1888 2397 τόκον

314 2446 514 2516 χαρᾶς.
1199 2454 1203 2458 ⁴

391 2543 450 2588 o'.
491 2537 658 2590 Πάλαι
691 2537 788 2604 μὲν
823 2535 851 2585 ό
919 2530 1242 2600 ’Δμορραϊος
1305 2529 1362 2580 έν
1411 2525 1487 2596 τῷ
1534 2524 1651 2594 δρει
1699 2521 1888 2586 οἰκῶν,

316 2627 644 2696 ἐτίτρωσκεν
668 2627 1016 2694 ἐξερχόμενος
1051 2621 1171 2679 τοὺς
1201 2614 1706 2685 παραϐιαζομένους
1744 2613 1888 2682 διέρ-

317 2718 511 2787 χεσθαι
543 2735 556 2747 ·
589 2717 702 2768 νυνὶ
728 2717 782 2767 δὲ
817 2717 847 2782 ἡ
873 2712 1080 2782 πονηρὰ
1104 2709 1239 2778 λήθη
1269 2707 1452 2759 διώκει
1485 2707 1608 2766 τοὺς
1658 2705 1764 2772 πρὸ
1789 2706 1890 2772 τῆς

320 2805 541 2871 ἁγνείας
567 2806 659 2858 ἐπὶ
680 2805 776 2871 τὴν
800 2801 1134 2871 ὑψηλοτέραν
1190 2795 1602 2865 ἐπιχειροῦντας
1665 2793 1891 2846 ἀναϐαί-

320 2910 434 2946 νειν
456 2892 617 2961 εὐχὴν
649 2892 747 2960 τῆς
779 2891 1101 2960 ἁπλότητος.

394 2981 490 3035 οα’.
518 2983 626 3051 Τῆς
651 2981 893 3050 καθαρᾶς
911 2980 1096 3049 εὐχῆς,
1128 2979 1183 3030 ὲν
1206 2977 1373 3048 ἔχθρᾳ
1397 2973 1562 3043 πολλῇ
1585 2973 1889 3043 πεφύκασιν

321 3069 463 3125 εἶναι
498 3073 546 3123 oi
593 3071 842 3140 δαίμονες
875 3085 889 3100 '
933 3067 1306 3135 καταπλήττει
1342 3066 1398 3118 δὲ
1429 3064 1669 3126 τούτους,
1727 3061 1824 3129 οὑχ
1857 3061 1890 3128 ἡ

1981 594 2106 648 tatis
2129 608 2158 645 a
2183 592 2396 645 ratione
2423 605 2652 648 aversae.
2673 589 2832 643 cibus
2855 587 3208 650 moderatus;
3234 586 3566 655 impotentis‘

1978 684 2170 748 animi,
2203 683 2383 737 oratio
2418 682 2778 738 distractione
2801 696 3018 736 carens.

2049 776 2140 830 66.
2167 776 2234 829 Et
2259 776 2353 844 qui
2389 775 2558 828 altum
2589 774 2731 830 infra
2756 786 2813 830 et
2845 777 2938 846 qui
2975 776 3150 831 altum
3177 792 3344 847 supra
3370 777 3559 832 subire

1980 871 2115 932 vult,
2149 871 2240 925 ille
2281 879 2340 924 ut
2369 871 2714 937 sensibilem,
2740 872 2832 926 hic
2858 882 2919 927 ut
2948 873 3379 928 intellectualem
3409 889 3560 927 mar-

1981 962 2212 1033 garitam
2247 964 2517 1032 acquirat,
2552 963 2664 1019 nisi
2690 965 2995 1031 nudentur,
3028 981 3176 1022 unus
3213 975 3390 1033 veste,
3421 966 3562 1021 alter

1982 1071 2172 1118 sensu,
2203 1055 2365 1112 ambo
2392 1069 2495 1113 suo
2524 1063 2654 1110 voto
2680 1055 3123 1112 frustrabuntur.

2055 1238 2145 1292 67.
2174 1238 2276 1304 Qui
2301 1239 2446 1307 apud
2479 1253 2537 1294 se
2561 1249 2646 1294 est
2668 1240 2814 1294 inter
2843 1240 3114 1295 orandum
3139 1242 3378 1304 animus,
3411 1241 3566 1295 velut

1986 1343 2222 1396 sponsus
2262 1345 2387 1382 cum
2438 1344 2638 1398 sponsa
2681 1332 2735 1383 in
2773 1331 3016 1385 thalamo
3063 1332 3423 1401 colloquitur.
3462 1331 3566 1396 Qui

1986 1431 2168 1473 autem
2204 1420 2415 1489 ingredi
2446 1436 2556 1474 non
2581 1422 2808 1485 sinitur,
2837 1432 2991 1479 stans
3023 1422 3180 1487 foris,
3205 1439 3330 1478 cum
3359 1423 3568 1493 gemitu

1988 1513 2232 1566 clamat:
2266 1531 2308 1576 r
2350 1513 2486 1578 Quis
2525 1529 2612 1568 me
2666 1513 2907 1568 deducet
2941 1516 2998 1569 in
3047 1515 3327 1570 civitatem
3374 1517 3572 1569 muni-

1991 1615 2098 1658 tam
2130 1606 2209 1659 “?
2259 1625 2277 1657 ι
2326 1615 2422 1661 aut
2463 1607 2590 1676 quis
2629 1622 2719 1661 me
2763 1607 2950 1670 ducet,
2991 1607 3169 1663 donec
3214 1607 3268 1661 in
3312 1608 3574 1678 precibus

1990 1697 2127 1752 meis
2146 1697 2414 1753 faciendis
2436 1698 2493 1752 in
2514 1698 2791 1755 vanitates
2810 1708 2865 1756 et
2886 1700 3133 1756 insanias
3155 1699 3320 1756 falsas
3336 1700 3575 1769 amplius

1992 1805 2102 1843 non
2130 1790 2456 1859 respiciam?

1924 1859 1968 1913 Β
2067 1878 2152 1932 68.
2205 1878 2398 1944 Qualis
2430 1888 2517 1934 est
2561 1881 2746 1949 palato
2792 1881 2954 1936 cibus
2991 1882 3112 1937 sine
3157 1884 3292 1950 sale,
3323 1883 3450 1939 talis
3489 1893 3577 1938 est

1996 1969 2181 2022 animo
2225 1970 2347 2024 sine
2393 1969 2881 2027 animadversione
2911 1980 2968 2026 et
3005 1972 3368 2044 intelligentia
3412 1989 3579 2030 usur-

1997 2069 2124 2127 pata
2148 2059 2349 2114 oratio.

2071 2155 2160 2208 69.
2212 2155 2411 2210 Anima
2460 2172 2584 2225 quae
2625 2157 2935 2214 orationem
2990 2159 3174 2214 adhuc
3224 2166 3580 2216 consectatur

1997 2257 2054 2300 et
2085 2248 2460 2317 persequitur,
2485 2249 2752 2318 parientis
2775 2253 2918 2320 gerit
2943 2253 3233 2324 imaginem
3260 2272 3274 2308 :
3300 2269 3424 2324 quae
3445 2267 3580 2308 vero

1996 2355 2119 2392 eam
2162 2341 2604 2408 comprehendit,
2638 2359 2951 2413 puerperae,
2994 2361 3161 2415 quam
3209 2354 3401 2416 partus
3445 2359 3582 2400 suus

2000 2431 2203 2502 gaudio
2234 2432 2503 2502 implevit.

2075 2524 2162 2578 70.
2215 2524 2358 2580 Olim
2419 2528 2774 2584 Amorrbmus
2836 2529 2893 2584 in
2956 2531 3238 2586 montibus
3301 2531 3584 2594 habitans.

2003 2629 2262 2684 egressus
2320 2616 2622 2672 ascendere
2685 2619 3085 2675 contendentes
3150 2620 3475 2676 vulnerabat
3511 2622 3584 2675 ”.

2004 2707 2163 2760 Nunc
2192 2706 2517 2776 improbitas
2549 2724 2646 2764 eos
2677 2711 2898 2780 repellit
2926 2712 3021 2781 qui
3052 2721 3179 2766 ante
3209 2705 3581 2782 expiationem

2004 2799 2359 2868 simplicitate
2418 2816 2517 2855 sua
2563 2801 2817 2856 altiorem
2879 2804 3148 2859 orationis
3202 2784 3432 2876 gradum
3493 2821 3587 2861 co-

2007 2900 2211 2945 nantur
2238 2894 2561 2949 ascendere.
2628 2935 2630 2937 ›

2081 2984 2168 3036 71.
2208 2985 2408 3039 Puram
2452 2988 2759 3044 orationem
2787 2990 3065 3045 daamones
3093 2999 3290 3045 natura
3323 2991 3584 3058 oderunt,

2009 3090 2149 3143 quos
2164 3078 2536 3144 percellitnon
2555 3080 2890 3149 psalmorum
2912 3083 3231 3149 multitudo,
3255 3093 3588 3140 utexternos

323 3162 533 3232 πληθὺς
571 3161 677 3214 τῶν
701 3159 931 3230 ψαλμῶν
977 3158 1050 3221 ώς
1084 3157 1210 3219 τοὺς
1254 3154 1451 3220 ἔξωθεν
1494 3151 1788 3220 πολεμίους
1833 3151 1893 3203 τὸ

443 3255 452 3262 .
690 3251 793 3262 ιιι.
841 3253 853 3262 ι
996 3249 1021 3261 η
1321 3245 1333 3262 ο
1466 3242 1514 3262 γ’.
1557 3241 1868 3262 ᾈΑὶμκιι-.--.

2009 3165 2200 3222 hostes
2251 3169 2467 3240 integer
2509 3171 2790 3229 exercitus
2825 3191 2839 3226 :
2872 3175 2969 3229 sed
3014 3175 3212 3229 horum
3249 3175 3415 3232 trium
3450 3192 3588 3231 con—

326 3251 793 3322 στράτευμα,ἁλλ⁹
831 3253 864 3320 ὴ
895 3249 1061 3318 τριῶν
1087 3245 1391 3316 συμφωνία,
1424 3242 1514 3296 νοῦ
1551 3241 1685 3312 πρὸς
1712 3241 1890 3306 λόγον,

325 3344 419 3392 καὶ
456 3340 614 3406 λόγου
646 3340 782 3409 πρὸς
812 3338 1088 3408 αἴσθησιν.

395 3428 491 3497 οβ’-
544 3430 608 3483 Ἦ
633 3431 730 3500 μὲν
767 3429 896 3500 ψιλὴ
935 3429 1068 3500 εὐχὴ
1112 3427 1186 3492 ώς
1235 3427 1398 3498 ἄρτος
1462 3425 1756 3497 ὀφθήσεται
1787 3423 1893 3484 τοῖς

327 3522 660 3588 εὐχομένοις,
723 3521 1075 3590 στηρίζουσα,
1111 3521 1144 3589 ἡ
1186 3519 1242 3572 δὲ
1283 3519 1423 3588 μετά
1459 3533 1600 3578 τινος
1637 3513 1888 3584 θεωρίας,

324 3609 403 3671 ώς
475 3611 650 3662 ἔλαιον
700 3610 1017 3662 πιαίνουσα·
1069 3612 1101 3678 ἡ
1169 3608 1225 3659 δὲ
1280 3607 1552 3670 ἀνείδεως,
1619 3605 1692 3668 ὡς
1753 3601 1891 3664 οϊνος

325 3699 532 3768 εὐώδης
561 3712 574 3726 ⁸
599 3692 660 3752 οὗ
683 3700 731 3754 οἱ
773 3699 1171 3770 ὲμρορούμενοι
1218 3697 1506 3764 ἀπλήστως
1555 3695 1887 3760 ἐξίστανται.

408 3953 501 4012 οῖ’.
543 3947 766 4012 ’Λγριος
825 3946 922 4012 μὲν
985 3944 1124 4004 ὄνος,
1181 3942 1386 4004 πόλεως
1459 3942 1675 4006 λέγεται
1729 3939 1894 3991 πολυ-

333 4034 520 4103 οχλίας
575 4034 902 4101 καταγελᾷν,
949 4034 1044 4085 καὶ
1093 4031 1399 4100 μονόκερως
1456 4031 1509 4081 δὲ
1542 4030 1632 4081 ὑπ’
1683 4028 1896 4089 οὐδενὸς

333 4124 652 4192 δεσμεῖσθαι
716 4124 1034 4191 δυνάμενος.
1063 4122 1208 4183 Νοῦς
1265 4122 1320 4172 δὲ
1372 4121 1608 4190 φύσεως,
1665 4118 1897 4172 καὶτῶν

335 4215 488 4286 παρὰ
527 4216 688 4281 φύσιν
722 4213 1049 4284 βασιλεύσας
1081 4212 1374 4282 λογισμῶν,
1410 4212 1766 4282 ματαιότητος
1800 4210 1899 4280 μὲν
1931 4271 1934 4273 λ

1919 4293 1929 4303 '
2015 4281 2210 4335 bilium
2237 4293 2423 4352 potest
2446 4288 2720 4356 superari.

332 4397 478 4459 δενδς
522 4399 576 4448 δὲ
633 4397 854 4451 δύναται
909 4397 1014 4451 τῶν
1071 4399 1175 4451 ὑπὸ
1229 4396 1482 4464 αἴσθησιν
1542 4384 1934 4456 κατεξουσιά-’

333 4307 612 4373 καταγελᾷ
682 4305 1005 4374 λογισμῶν,
1052 4304 1523 4378 προσευχόμενος,
1614 4301 1746 4372 παρ’
1812 4301 1899 4352 οὑ-

371 4489 541 4540 εσθαι.

371 4489 541 4540 εσθαι.

333 4487 368 4551 ξ
405 4579 498 4632 οδ’.
536 4579 754 4632 Ῥάϐδον
783 4581 880 4648 μὲν
909 4582 936 4632 ό
962 4579 1118 4631 κυσὶν
1161 4578 1435 4640 ἐπισείων,
1482 4576 1717 4644 ὴγρίωσε
1776 4573 1896 4628 καθ’

335 4667 563 4729 ἑαυτοῦ,
641 4668 901 4743 δαίμονας
963 4669 1042 4731 δὲ,
1121 4670 1149 4720 ό
1208 4667 1460 4737 καθαρῶς
1515 4651 1942 4748 ἐκϐιαζόμενος’

333 4753 608 4822 εὔχεσθαι.

409 4818 498 4895 σε’.
558 4845 676 4914 Χρὴ
720 4845 808 4896 τὸν
873 4843 1292 4916 ἀγωνιζόμενον,
1358 4832 1455 4917 τὴν
1493 4818 1592 4913 μέν
1648 4838 1932 4910 αἴσθησιν

335 4933 520 4994 αὑτοῦ,
555 4935 632 4995 είς
665 4934 761 5004 τὴν
807 4935 1054 5003 μονοειδῆ
1106 4935 1413 4986 συστέλλειν
1452 4924 1813 5006 τ’ροςρὴν,’τὸν
1846 4935 1898 4986 δὲ
1943 4945 1946 4948 ’

336 5023 480 5086 νοῦν,
515 5025 592 5085 εἰς
648 5025 745 5092 τὴν
806 5024 1183 5092 μονολόγιστον
1220 5027 1545 5094 προσευχήν.
1586 5025 1740 5077 Οὕτω
1793 5026 1900 5094 γὰρ

336 5111 562 5180 ἄσχετος
585 5112 819 5179 γεγονὼς
847 5115 910 5164 ὲκ
946 5113 1150 5175 παθῶν,
1178 5116 1271 5165 καὶ
1309 5115 1400 5165 ἐπὶ
1445 5114 1505 5166 τὸ
1563 5113 1902 5182 ἁρπάζεσθαι

341 5203 708 5274 πρὸςτιίύριον
737 5204 856 5272 ἣξει
888 5206 945 5255 ὲν
993 5203 1070 5273 τῷ
1103 5204 1518 5276 προσεύχεσθαι.

409 5289 515 5354 ος’.
544 5293 607 5344 Ol
637 5294 734 5361 μὲν
761 5293 1056 5362 ἡδυπαθείς
1087 5296 1532 5362 προσευχόμενοι,
1565 5294 1659 5346 ᾶτε
1685 5292 1905 5355 ὑλώδεις

335 5381 507 5444 ὄντες,
541 5383 615 5444 ώς
666 5382 966 5451 βατράχους
1017 5384 1197 5452 ἔχουσι
1241 5387 1363 5446 τοὺς
1408 5385 1698 5453 λογισμοὺς
1751 5401 1904 5452 περι-

339 5471 592 5532 σπῶντας
614 5473 811 5533 αὐτούς
845 5488 856 5499 ·
894 5474 940 5525 οἱ
991 5473 1046 5526 δὲ
1073 5475 1476 5542 μετριοπαθεῖς,
1529 5478 1628 5537 τὰς
1674 5475 1907 5544 θεωρίας

334 5562 418 5625 ὡς.
445 5562 674 5631 ἀηδόνας
708 5565 1155 5634 κατατερπούσας
1203 5566 1417 5629 αὐτοὺς,
1477 5571 1564 5638 τῇ.
1601 5569 1694 5620 ἀπ’
1734 5568 1906 5620 ἄλλων

334 5659 423 5716 τίς
449 5656 641 5720 ἄλλους
681 5659 1018 5728 ἀκρέμονας,
1050 5662 1314 5724 τουτέστι,
1361 5663 1609 5726 ποικίλας
1657 5665 1903 5732 θεωρίας,

417 5869 460 5901 "
491 5871 636 5926 Psal.
673 5887 798 5934 cm,
839 5874 924 5926 ll.
1001 5877 1046 5907 ⁸³
1078 5875 1191 5930 Jos.
1228 5891 1280 5928 κ.

709 5967 985 6029 ΡΑτιιοι..
1029 5971 1146 6031 (in.
1191 5970 1481 6032 (LXXVII

2008 3272 2225 3344 sensus,
2251 3267 2415 3329 atque
2443 3263 2740 3319 concordia
2773 3265 2944 3320 animi
2982 3281 3108 3321 cum
3141 3267 3379 3334 ratione,
3422 3267 3589 3323 ratio—

2011 3365 2098 3403 1118
2142 3367 2266 3406 cum
2313 3368 2500 3408 sensu.

2081 3443 2168 3496 72.
2215 3446 2404 3500 Oratio
2430 3447 2576 3502 nuda
2599 3457 2826 3504 orantes
2874 3458 3132 3521 tanquam
3176 3453 3334 3522 panis
3383 3454 3588 3508 conﬁr-

2012 3549 2142 3593 mat.
2170 3540 2301 3604 Quae
2328 3556 2452 3594 cum
2481 3540 2664 3610 aliqua
2689 3532 3460 3616 contemplationeconjuncta
3481 3557 3588 3612 est,

2013 3631 2339 3700 impinguat.
2388 3631 2521 3698 Qua:
2568 3644 2728 3688 vacat
2772 3637 2956 3704 specie
2997 3646 3053 3692 et
3091 3637 3427 3703 simulacris,
3472 3639 3590 3694 vini

2009 3723 2227 3777 odorati
2255 3725 2429 3777 instar
2450 3733 2553 3790 est,
2583 3743 2695 3797 quo
2721 3729 2938 3798 repleti,
2980 3730 3373 3785 insatiabiliter
3413 3731 3593 3785 admi-

2012 3826 2207 3870 rantur
2231 3827 2289 3871 et
2311 3818 2735 3889 obstupescunt.
2969 3871 2990 3898 ν

2084 3909 2173 3963 73.
2199 3909 2418 3981 Onager
2441 3912 2646 3968 dicitur
2669 3917 2886 3971 turbam
2915 3917 3194 3984 deridere,
3224 3931 3281 3974 et
3307 3921 3593 3978 unicornis

2014 4021 2043 4059 a
2071 4007 2292 4062 nemine
2315 4008 2477 4078 ligari
2517 4026 2700 4098 posse.
2748 4012 2989 4089 Spir'us
3025 4026 3210 4071 autem
3258 4027 3512 4072 naturam
3537 4026 3595 4073 et

2013 4106 2226 4152 natura:
2249 4101 2558 4156 contrarias
2587 4119 2826 4173 regnans
2867 4102 3254 4178 Cogitationes,
3276 4124 3419 4162 vana
3465 4108 3594 4177 qui-

2013 4189 2140 4244 dem
2173 4189 2317 4245 ridet
2337 4192 2578 4262 cogitata
2604 4193 2661 4248 in
2687 4195 2962 4263 oratione,
2990 4213 3024 4252 a
3065 4198 3219 4252 nullo
3242 4214 3375 4252 vero
3415 4198 3596 4252 sensi-

1945 4548 1990 4602 Ῑ)
2089 4561 2179 4614 74.
2225 4559 2405 4629 Super
2445 4561 2682 4617 canibus
2726 4563 2936 4633 virgam
2992 4565 3248 4634 quatiens
3292 4580 3389 4620 eos
3432 4565 3485 4621 in
3539 4581 3599 4621 se

2019 4656 2224 4722 irritat,
2275 4660 2554 4714 daemones
2613 4667 2796 4714 autem
2837 4659 2933 4730 qui
2980 4675 3176 4729 puram
3218 4658 3419 4715 oll‘erre
3472 4676 3596 4715 ora-

2020 4750 2224 4804 tionem
2249 4750 2464 4803 nititur.

2091 4844 2179 4898 75.
2236 4843 2580 4898 Certatorem
2629 4859 2859 4900 necesse
2904 4853 2991 4899 est
3046 4859 3269 4900 sensum
3314 4861 3476 4899 suum
3529 4847 3595 4900 ad

2018 4937 2324 5006 simplicem
2373 4947 2430 4993 et
2487 4937 2818 4992 uniformem
2878 4938 3194 4992 alimoniam
3243 4938 3596 5000 contrahere,

2019 5040 2260 5084 mentem
2289 5039 2472 5084 autem
2499 5030 2567 5085 ad
2591 5031 2926 5096 orationem,
2966 5031 3054 5084 cui
3081 5047 3140 5084 se
3169 5030 3457 5086 distractio
3486 5047 3596 5084 non

2021 5123 2340 5177 admisceat.
2371 5124 2464 5179 Sic
2494 5125 2642 5178 enim
2676 5124 3029 5194 passionibus
3051 5125 3343 5193 expeditus
3373 5123 3602 5178 aclibcr

2017 5230 2086 5269 eo
2117 5216 2323 5276 veniet.
2359 5224 2418 5269 ut
2450 5217 2594 5270 inter
2618 5230 2814 5284 preces
2844 5216 2911 5270 ad
2939 5215 3233 5271 Dominum
3267 5217 3534 5285 rapiatur.

2089 5309 2174 5363 76.
2207 5307 2516 5362 Libidinosi
2563 5309 2621 5361 in
2668 5308 2900 5373 orando,
2938 5319 3130 5380 utpote
3179 5308 3518 5370 materialcs.
3565 5323 3597 5366 τι

2013 5398 2448 5469 cogitationibus
2491 5399 2644 5456 velut
2675 5414 2706 5452 a
2739 5399 2888 5454 ranis
2925 5399 3285 5454 divelluntur.
3317 5396 3428 5452 Eos
3461 5411 3598 5452 vero

2013 5491 2107 5560 qui
2136 5489 2405 5545 moderati
2431 5498 2560 5545 sunt
2584 5490 2639 5546 in
2664 5491 3084 5561 cupiditatibus,
3103 5489 3602 5560 contemplationes

2017 5593 2075 5637 ut
2124 5583 2371 5638 luscinia:
2425 5583 2724 5646 delectant.
2757 5584 2826 5640 de
2876 5583 3043 5639 ramis
3088 5584 3145 5636 in
3189 5597 3396 5647 ramos,
3427 5582 3483 5636 id
3515 5590 3603 5638 est

2019 5677 2079 5729 in
2138 5677 2322 5732 varias
2377 5677 2878 5747 contemplationes
2933 5674 3299 5731 transeundo.
3353 5673 3605 5744 Denique

3192 5975 3270 6035 37
