4064 6274
549 351 684 414 1163

1953 356 2146 414 Eli-li
2187 356 2434 415 EClHCl

3688 361 3814 429 ιιιι

544 463 979 534 impassibilibus
1042 475 1181 515 inest
1232 463 1514 517 silentium
1562 474 1616 518 et
1667 464 1836 518 multa
1879 465 2036 532 quies
2086 482 2112 518 a

2245 469 2553 538 μεταϐάσει.
2587 470 2718 538 Σιγὴ
2745 469 2800 521 δὲ
2840 470 3094 537 πρόσεστι
3119 471 3227 533 τοῖς
3259 471 3523 537 ἀπαθέσι,
3567 474 3664 524 καὶ
3689 476 3806 542 ἡρε-

542 558 760 612 (οιιηιιιίε
805 556 1202 625 cogitationum
1249 555 1706 610 distractionibus
1737 557 1792 610 in
1840 557 2112 612 oratione.

611 743 699 796 77.
755 740 897 796 Olim
949 756 1106 795 soror
1155 739 1354 810 Moysis
1416 739 1602 801 Maria.
1662 739 1904 794 hostium
1962 741 2118 796 clade

537 835 677 888 visa.
719 841 1036 900 tympanum
1094 845 1339 894 sumens,
1393 830 1788 885 cantatricibus
1829 831 2119 900 praecinuit

537 923 780 976 victorize
826 923 1136 984 canticum;
1172 937 1318 976 nunc
1365 937 1496 974 vero
1540 923 1607 975 ad
1654 921 1872 976 laudem
1921 923 2116 977 anima:

536 1013 899 1081 cupiditatum
927 1013 1192 1076 victricis,
1215 1012 1498 1066 ardentior
1520 1011 1574 1065 in
1595 1011 1894 1066 virtutibus
1917 1011 2118 1067 caritas

535 1107 794 1166 excitata.
839 1106 1100 1158 manibus
1147 1105 1383 1158 assumit
1433 1104 1708 1157 theoriam
1753 1105 1906 1158 velut
1936 1104 2110 1160 citha-

535 1213 672 1255 ram,
693 1212 759 1250 eo
799 1197 1168 1266 pulchriorem
1201 1195 1346 1266 quod
1380 1197 1590 1263 magnis
1635 1205 1815 1265 empta
1846 1207 1929 1251 est
1960 1197 2113 1251 labo-

536 1289 711 1351 ribus,
751 1288 914 1356 eique
966 1299 1188 1342 cantum
1243 1287 1528 1350 maritans,
1583 1302 1691 1340 non
1748 1288 1951 1342 desinit
1989 1304 2112 1343 cum

533 1381 698 1432 sociis
732 1381 1016 1434 exsultans
1065 1381 1287 1434 laudare
1323 1380 1512 1434 Deum.

606 1474 693 1524 78.
761 1472 991 1536 Quando
1056 1472 1318 1526 continua
1395 1473 1644 1526 oratione
1714 1483 2114 1528 conservantur

536 1567 871 1632 psalmorum
909 1567 1132 1619 oracu‘a
1185 1567 1236 1618 in
1276 1567 1441 1620 corde
1489 1567 1720 1629 orantis,
1771 1577 1921 1630 tunc,
1964 1568 2114 1620 velut

537 1660 677 1710 bona
729 1670 894 1723 terra,
936 1659 1037 1711 hoc
1079 1659 1271 1728 incipit
1305 1659 1451 1712 ultro
1485 1661 1813 1727 producere,
1855 1669 1911 1712 ut
1959 1675 2111 1712 rosas

534 1751 1057 1819 contemplationem
1119 1767 1303 1805 rerum
1361 1753 1827 1822 incorporalium;
1872 1763 1929 1805 ut
1974 1754 2106 1808 lilia.

535 1841 802 1909 fulgorem
835 1858 1168 1911 corporum;
1212 1852 1270 1896 ut
1300 1844 1495 1907 violas,
1529 1844 1844 1898 divinorum
1872 1844 2109 1914 judicio-

537 1947 655 1983 rnm
687 1933 1008 1986 varietatem
1041 1943 1095 1987 et
1129 1935 1545 1989 obscuritatem.

607 2097 689 2149 79.
714 2097 770 2149 In
797 2097 1021 2151 materia
1047 2098 1305 2166 alligatus
1340 2097 1482 2167 ignis
1504 2099 1726 2153 Lucifer
1754 2099 2020 2166 efﬁcitur;
2047 2117 2111 2155 ex

535 2189 765 2241 materia
783 2198 969 2243 autem
990 2192 1204 2244 Solutus
1233 2193 1452 2244 animus
1475 2191 1660 2245 Deifer
1685 2191 1986 2245 invenitur.
2020 2193 2112 2246 Ille

533 2282 969 2352 ascenditusque
1001 2283 1065 2336 ad
1096 2282 1557 2347 combustionem,
1587 2283 1675 2336 hic
1694 2299 1865 2352 usque
1887 2284 1953 2337 ad
1981 2299 2112 2339 con—

534 2373 958 2428 summationem
980 2372 1184 2426 amoris
1213 2372 1406 2426 divini.

604 2532 691 2586 80.
716 2535 912 2588 Anima
937 2549 1059 2602 quae
1088 2548 1209 2588 sese
1236 2531 1479 2601 perfecte
1506 2531 1822 2602 abnegavit,
1847 2547 1910 2586 ac
1943 2541 2109 2588 totam

531 2642 591 2680 se
621 2626 858 2679 orationi
891 2625 1062 2689 dedit,
1093 2639 1218 2677 cum
1254 2623 1510 2692 superior
1547 2623 1621 2676 sit
1665 2624 1968 2684 creatione,
2003 2637 2110 2676 non

531 2717 752 2786 quando
786 2715 891 2770 sibi
921 2715 1104 2785 placet
1132 2713 1361 2768 inferior
1403 2712 1481 2780 tit,
1517 2713 1612 2769 sed
1643 2712 1865 2782 quando
1892 2727 2109 2782 aequum

532 2808 753 2861 videtur
794 2807 882 2860 illi
907 2806 1002 2876 qui
1045 2805 1230 2860 omnia
1270 2814 1457 2860 nostra
1487 2805 1542 2859 in
1577 2803 1821 2875 pondere
1851 2811 1908 2860 et
1952 2818 2110 2858 men-

531 2917 659 2953 sura
690 2899 956 2967 disponit.

604 2991 691 3044 8l.
735 2988 872 3059 Cum
919 3005 984 3044 ex
1034 2989 1217 3043 anima
1275 2988 1504 3058 expulsa
1561 2995 1645 3042 est
1698 2985 1908 3050 acedia,
1945 2994 2000 3040 et
2043 3001 2109 3040 ex

534 3093 718 3138 mente
756 3083 964 3138 malitia
1022 3092 1107 3138 est
1159 3097 1408 3144 excussa,
1461 3090 1593 3137 tunc
1646 3080 1876 3150 spiritus
1928 3079 2111 3133 nudus

532 3175 769 3229 eﬂ'ectus
824 3174 1180 3244 simplicitate
1233 3174 1466 3243 vitaeque
1514 3172 1777 3235 candore,
1809 3179 1864 3226 et
1910 3180 2111 3226 exutus

533 3266 813 3319 destinato
852 3265 1126 3334 pudendis
1163 3265 1423 3334 tegmine,
1454 3271 1641 3316 cantat
1689 3263 1804 3331 ipse
1835 3263 2110 3317 canticum

533 3372 739 3410 novum
785 3357 919 3423 Deo,
954 3365 1012 3412 et
1042 3357 1248 3427 gratias
1285 3356 1418 3425 agit,
1455 3362 1784 3408 concentum
1820 3354 1875 3407 in
1921 3354 2114 3408 laetitia

534 3447 826 3502 modulans
881 3447 948 3501 ad
997 3446 1382 3501 celebrandam
1436 3445 1563 3498 vita:
1623 3442 1822 3498 futura:
1885 3444 2112 3499 dedica-

535 3545 761 3594 tionem.

603 3633 691 3688 82.
729 3635 866 3688 Cum
893 3634 945 3686 in
977 3631 1282 3686 diviniores
1313 3630 1548 3685 virtutes
1581 3627 1918 3683 invalescere
1945 3629 2112 3699 coepit

531 3727 712 3780 anima
735 3741 918 3789 orans,
939 3733 1071 3778 tunc
1095 3735 1150 3780 et
1179 3724 1315 3793 ipsa,
1342 3723 1484 3777 sicut
1513 3737 1712 3790 sponsa
1733 3721 2109 3788 Canticorum,

531 3816 597 3867 ad
640 3817 764 3870 vita:
803 3816 981 3870 socias
1016 3813 1152 3868 dicit
1187 3831 1199 3867 :
1237 3832 1254 3863 ι
1297 3814 1537 3867 Dilectus
1593 3828 1748 3867 meus
1795 3813 1946 3868 misit
1996 3829 2114 3868 ma-

533 3925 663 3962 num
695 3925 849 3964 suam
883 3925 981 3978 per
1015 3909 1288 3974 foramen,
1324 3915 1380 3964 ct
1412 3917 1602 3963 venter
1636 3923 1791 3963 meus
1825 3908 2112 3963 intremuit

530 4001 598 4054 ad
639 4009 840 4056 tactum
873 4002 992 4070 ejus
1021 4001 1112 4055 "‘.
1151 4020 1170 4054 ι

601 4164 692 4219 85.
737 4164 809 4220 Ut
859 4164 1019 4219 miles
1059 4181 1090 4220 e
1124 4164 1268 4220 bello
1330 4165 1505 4220 redux
1555 4180 1840 4220 armorum
1890 4166 2111 4236 pondus

530 4259 705 4323 exuit,
750 4258 822 4314 ita
876 4259 1154 4328 practicus
1208 4258 1521 4324 ratiocinia,
1572 4258 1664 4313 ubi
1718 4259 1787 4313 ad
1841 4258 2110 4314 theoriam

528 4351 804 4420 pervenit.
835 4350 1028 4420 Neque
1054 4351 1201 4406 enim
1238 4351 1352 4418 ille,
1381 4350 1488 4406 nisi
1521 4351 1576 4404 in
1616 4349 1781 4415 bello,
1813 4351 1983 4404 armis
2025 4350 2112 4404 in-

528 4441 699 4512 diget,
758 4458 938 4514 neque
991 4443 1083 4500 hic
1131 4441 1460 4507 ratiociniis,
1496 4440 1600 4496 nisi
1656 4441 1711 4494 in
1759 4440 2104 4496 sensibilium
2137 4469 2181 4524 ι)

527 4532 674 4604 fuga.

509 4669 522 4785 ί
598 4718 688 4772 84.
739 4717 972 4772 Practici
1024 4730 1321 4785 corporum
1354 4715 1684 4784 positionem
1730 4717 2100 4782 considerant,

515 4781 590 4863 ‘ac
637 4809 929 4863 tbeoretici
979 4823 1171 4860 eorum
1222 4817 1504 4872 naturam;
1558 4807 1852 4876 utriusque
1919 4815 2104 4862 autem

525 4897 773 4952 rationes
809 4896 910 4950 soli
947 4895 1136 4949 vident
1180 4894 1438 4966 gnostici.

603 5081 692 5137 85.
743 5083 802 5135 In
855 5078 1164 5134 rationibus
1212 5093 1506 5146 corporum
1563 5091 1938 5150 agnoscuntur
1985 5096 2106 5151 qua:

527 5187 655 5234 sunt
680 5173 1080 5242 incorporalia;
1101 5173 1153 5226 in
1181 5173 1622 5241 incorporalibus
1641 5182 1847 5235 autem,
1865 5172 2103 5229 Verbum

523 5269 1082 5343 supersubstantiale,
1117 5269 1186 5322 ad
1229 5269 1375 5336 quod
1409 5276 1667 5339 properat
1701 5269 1880 5323 onmis
1923 5272 2104 5322 anima

523 5366 752 5436 cupiens
778 5363 1028 5418 dissolvi.

594 5458 684 5510 86.
723 5456 986 5512 Rationes
1032 5453 1457 5523 incorporalium
1507 5465 1636 5508 sunt
1673 5454 1827 5507 velut
1876 5469 1999 5508 ossa
2047 5455 2102 5510 in

524 5547 884 5602 sensibilibus
937 5546 1297 5608 absconditae,
1331 5553 1386 5598 et
1429 5545 1620 5598 oculos
1667 5545 1884 5615 fugiunt
1908 5561 2101 5601 eorum

526 5639 617 5707 qui
648 5653 758 5691 non
781 5639 1036 5694 exierunt
1061 5656 1128 5694 ex
1156 5637 1458 5709 cupiditate
1480 5638 1846 5694 sensibilium.

595 5819 662 5853 ”'
693 5818 852 5877 Cant.
883 5835 933 5892 ν,
964 5822 1020 5878 4.

2247 559 2342 626 μία
2369 557 2529 611 πολλὴ
2561 560 2623 610 ἐκ
2663 559 2960 628 λογισμῶν,
2992 558 3086 612 καὶ
3113 559 3394 628 νοημάτων
3427 561 3491 612 ἐν
3527 559 3611 629 τῷ
3643 577 3799 614 1:00:-

2241 647 2511 717 εὐχεσθαι.

2311 739 2406 804 οζ’.
2439 739 2611 793 Πάλαι
2637 741 2734 808 μὲν
2752 741 2784 810 ἡ
2802 739 2893 792 τοῦ
2916 740 3158 803 Μωσέως
3196 742 3380 811 Μαρία
3401 741 3522 794 τῶν
3548 741 3806 811 πολεμίων

2243 829 2342 900 τὴν
2407 830 2612 882 πτῶσιν
2674 829 3025 900 θεασαμένη,
3083 831 3142 882 τὸ
3193 831 3484 899 τύμπανον
3546 834 3802 901 ἀραμένη,

2241 920 2438 990 ἐξῆρχε
2463 924 2582 982 ταῖς
2613 919 2861 989 ᾀδούσαις
2893 921 2960 973 τὰ
2985 921 3222 972 ἐπινίκια
3253 936 3267 950 °
3305 925 3418 973 νυνὶ
3446 921 3508 973 δὲ
3547 924 3627 982 εἰς
3655 923 3804 990 εὐφη-

2247 1012 2374 1081 μίαν
2397 1013 2492 1082 τῆς
2531 1013 2830 1082 νικησάσης
2860 1012 2930 1062 τὰ
2955 1012 3100 1080 πάθη
3125 1011 3324 1080 ψυχῆς,
3376 1015 3408 1081 ἠ
3459 1015 3729 1082 κρείττων
3757 1018 3804 1064 ὲν

2243 1103 2463 1172 ἀρεταῖς
2491 1103 2678 1170 ἀγάπη
2710 1101 3067 1170 διεγερθεῖσα,
3098 1103 3193 1170 τὴν
3235 1103 3353 1170 μετ’
3384 1102 3539 1170 ᾠδῆς
3593 1104 3804 1171 κιθάραν

2240 1193 2318 1258 ὥς
2348 1209 2471 1246 τινα
2499 1193 2730 1262 θεωρίαν
2763 1191 3248 1261 μεταχειριζομένη
3273 1194 3468 1261 ταύτῃ,
3509 1195 3678 1246 πάλαι
3722 1196 3804 1261 τὴν

2239 1285 2564 1354 πονηθεῖσαν
2589 1283 2666 1343 είς
2697 1281 2922 1341 κάλλους
2955 1281 3296 1349 περιουσίαν,
3328 1283 3386 1334 οὐ
3428 1283 3677 1335 παύεται
3723 1286 3804 1334 σὺν

2238 1377 2360 1440 ταις
2392 1374 2518 1443 περὶ⁵
2542 1371 2639 1427 αὐτ
2651 1373 2716 1442 ὴν
2742 1370 3124 1440 ἀγαλλιωμένη
3150 1374 3316 1426 αἰνεῖν
3345 1373 3437 1426 τὸν
3467 1374 3630 1426 Θεόν.

2311 1486 2411 1542 οη’.
2457 1472 2688 1526 Ὀπόταν
2714 1477 2996 1542 συνεχείας
3019 1474 3116 1543 τῆς
3142 1475 3279 1528 κατὰ
3321 1476 3422 1544 τὴν
3455 1478 3628 1547 εὐχὴν
3663 1496 3807 1531 κατα.

2244 1565 2403 1632 σχεθῇ
2439 1563 2502 1615 τὰ
2528 1562 2686 1629 λόγια
2705 1563 2813 1615 τῶν
2843 1563 3074 1632 ψαλμῶν
3101 1566 3156 1616 ἐν
3185 1567 3249 1634 τῇ
3287 1567 3492 1635 καρδίᾳ
3530 1567 3626 1620 τοῦ
3667 1570 3803 1638 εὖχο-

2243 1654 2423 1721 μένου,
2455 1653 2574 1704 τότε
2601 1654 2692 1704 καὶ
2724 1653 2862 1722 αὑτὴ
2904 1654 2937 1723 ἡ
2963 1654 3032 1722 γῆ
3059 1653 3305 1726 καθάπερ
3331 1655 3545 1724 ἀγαθὴ,
3598 1657 3804 1727 ἄρχεται

2242 1743 2518 1810 αὐτομάτη
2547 1742 2838 1812 ἀναφέρειν
2863 1757 2878 1772 ·
2909 1743 2985 1806 ὡς
3009 1743 3104 1811 μὲν
3135 1744 3282 1812 ῥόδα,
3305 1747 3407 1814 τὴν
3440 1744 3679 1816 θεωρίαι
3710 1750 3798 1800 τῶν

2241 1833 2566 1900 ἀσωμάτων,
2596 1832 2670 1894 ὡς
2698 1833 2756 1886 δὲ
2783 1834 2964 1902 κρίνα,
3005 1835 3072 1887 τά
3104 1835 3346 1904 τηλαυγῆ
3370 1836 3492 1888 τῶν
3523 1838 3796 1906 σωμάτων,

2239 1922 2310 1983 ὡς
2339 1923 2395 1974 δὲ
2431 1922 2505 1986 ία,
2533 1922 2594 1974 τὸ
2609 1923 2849 1976 ποικίλον
2875 1925 2980 1975 τῶν
3009 1923 3168 1976 θείων
3192 1925 3484 1994 κριμάτων
3527 1928 3624 1982 καὶ
3673 1925 3786 1981 δυσ-

2243 2010 2537 2080 θεώρητον.

2308 2101 2404 2154 οϐ’.
2441 2102 2528 2154 Ἑν
2549 2101 2648 2174 ὖλῃ
2663 2104 2759 2171 μὲν
2775 2103 3129 2173 δεσμευθεῖσα
3153 2105 3302 2172 φλὸξ,
3326 2107 3650 2178 φωτοφόρος
3673 2105 3784 2162 καθ-

2241 2195 2472 2248 ίσταται.
2513 2194 2602 2259 Ἐξ
2637 2194 2766 2265 ὕλης
2810 2196 2866 2248 δὲ
2919 2197 3138 2249 λυθεῖσα
3193 2196 3372 2267 ψυχὴ,
3416 2198 3677 2268 θεοφόρος
3716 2201 3787 2250 εἰμι

2239 2285 2505 2352 ρίσκεται,
2538 2286 2762 2355 κάκείνη
2788 2287 3038 2356 αίρεσθαι
3063 2287 3323 2354 πέφυκεν,
3356 2288 3496 2358 ἄχρι
3527 2289 3617 2341 τοῦ
3649 2289 3784 2340 ὕπεχ-

2245 2374 2554 2444 καὺματος,
2583 2375 2723 2445 αὕτη
2749 2375 2828 2440 δέ,
2865 2375 3024 2446 μέχρι
3045 2375 3136 2428 τοῦ
3181 2375 3321 2428 κατὰ
3349 2375 3452 2426 τὸν
3475 2376 3615 2430 θεῖον
3639 2376 3784 2446 ἔρωτα

2239 2467 2719 2536 συμπεράσματος.

2306 2561 2379 2608 π’.
2418 2555 2488 2608 Ἦ
2525 2557 2743 2619 τελείως
2773 2557 2970 2627 ἑαυτὴν
2998 2559 3349 2629 ἀρνησαμένη
3377 2557 3558 2628 ψυχὴ,
3585 2559 3672 2609 καὶ
3690 2555 3776 2606 ὀλι-

2237 2646 2345 2710 κῶς
2367 2646 2691 2701 ἀναταθεῖσα
2721 2649 2856 2716 πρὸς
2887 2649 3211 2719 προσευχὴν,
3257 2648 3394 2720 αὑτὴ
3434 2651 3535 2718 οὐχ
3564 2649 3645 2700 ὅτε
3673 2645 3775 2714 $on-

2235 2737 2382 2791 λεται
2454 2739 2604 2792 κάτω
2684 2739 2928 2807 γίνεται,
2987 2741 3192 2795 ἀνωθεν
3279 2741 3643 2811 εὑρισκομένη
3697 2739 3773 2805 τῆς

2235 2829 2481 2897 κτίσεως,
2551 2831 2662 2884 ἀλλ’
2707 2834 2798 2886 ὅτε
2860 2833 3066 2887 δίκαιον
3097 2830 3235 2887 εἶναι
3284 2835 3456 2902 δόξει,
3511 2835 3587 2905 τῷ
3627 2834 3771 2887 πάντι

2237 2917 2458 2987 σταθμῷ
2491 2919 2586 2971 καὶ
2617 2919 2799 2990 μέτρῳ
2827 2920 3130 2988 διεξάγοντι
3163 2923 3230 2974 τὰ
3257 2923 3526 2994 ἡμέτερα.

2301 3013 2410 3060 παν.
2451 3007 2617 3061 Ὅταν
2655 3010 2718 3061 ἐκ
2741 3009 2920 3079 ψυχῆς
2939 3010 3038 3080 μὲν
3056 3011 3254 3080 ἀκηδία
3279 3011 3528 3081 ἀπελαθῇ
3550 3051 3565 3076 ,
3596 3011 3653 3064 ἐκ
3674 3009 3767 3061 διαί

2233 3098 2380 3159 νοίας
2409 3099 2462 3150 δὲ
2493 3100 2525 3167 ἡ
2570 3101 2804 3170 πονηρία
2835 3101 3146 3171 ἐκτιναχθῇ,
3203 3102 3322 3155 τότε
3355 3105 3384 3155 ό
3425 3105 3546 3164 νοῦς
3593 3099 3762 3168 γυμνὸς

2233 3186 2521 3254 γενόμενος
2547 3189 2611 3257 τῇ
2637 3187 2914 3256 ἁπλότητι,
2938 3189 3050 3260 ζωῇ
3075 3207 3132 3241 τε
3165 3192 3230 3259 τῇ
3267 3191 3499 3261 ἀτέχνῳ,
3533 3191 3620 3242 καὶ
3661 3187 3763 3254 δίχα

2233 3276 2430 3337 παντὸς
2480 3277 2572 3329 τοῦ
2649 3279 2786 3332 κατὰ
2843 3280 2942 3347 τὴν
2992 3279 3252 3350 αἰσχύνην
3326 3280 3756 3348 ἐπικαλύμματοςι

2233 3359 2382 3434 ᾆσμα
2415 3366 2512 3435 μὲν
2539 3366 2653 3436 ᾄδει
2679 3369 2772 3419 καὶ
2798 3363 2950 3431 οὗτος
2977 3370 3158 3421 καινὸν
3193 3370 3266 3438 τῷ
3291 3370 3430 3439 Θεῷ,
3489 3366 3760 3437 εὐχαριστεῖ

2232 3453 2288 3505 δὲ
2320 3455 2482 3522 μέλος
2517 3457 2951 3525 ἀνακρουόμενος
2982 3461 3039 3510 ἐν
3063 3460 3368 3529 εὐφροσύνῃ
3400 3459 3473 3529 τῷ
3519 3459 3608 3525 τῆς
3645 3457 3753 3527 μελ-

2233 3541 2428 3609 λούσης
2453 3543 2522 3595 τά
2553 3544 2801 3611 ἐγκαίνια
2840 3547 3115 3615 ἑορτάζειν
3151 3547 3407 3615 βιώσεως.

2305 3632 2412 3699 πβ’.
2441 3632 2610 3686 ’Θταν
2652 3637 2730 3698 είς
2791 3635 3067 3706 θειοτέρας
3125 3638 3392 3706 ἐνεργείας
3438 3632 3745 3702 ἐνεργεῖσθαι

2233 3721 2484 3790 ἄρξηται,
2517 3724 2550 3793 ἡ
2581 3726 2847 3796 εὐχομένη
2883 3727 3050 3797 ψυχὴ,
3078 3729 3199 3781 τότε
3221 3730 3302 3780 καὶ
3329 3727 3472 3796 αὑτὴ,
3503 3722 3630 3775 κατά
3652 3721 3738 3786 τὴν

2233 3812 2290 3865 ἐν
2319 3814 2556 3884 ’ᾼσματι
2591 3816 2826 3885 νύμφην,
2864 3820 2997 3888 πρὸς
3030 3820 3126 3882 τὰς
3154 3819 3511 3888 ὁμοιοτρόπους
3534 3809 3734 3865 τοιαῦτα

2235 3905 2530 3972 ὑποφωνεῖ,
2581 3923 2598 3954 ι
2648 3905 2987 3974 Ἀδελφιδοῦς
3042 3925 3142 3978 μου
3193 3906 3462 3961 ἀπέστειλε
3491 3903 3576 3974 τὴν
3607 3903 3749 3972 χεῖρα

2233 3993 2397 4048 αὑτοῦ
2434 3995 2540 4048 ἀπὸ
2559 3996 2655 4065 τῆς
2701 3995 2860 4068 ὀπῆς,
2907 3999 3252 4066 καὶὴκοιλία
3303 4015 3404 4068 μου
3448 3993 3655 4066 ἐθροήθη
3673 3989 3749 4044 ἐπ’

2231 4085 2410 4137 αὐτόν.
2440 4104 2458 4136 ι

2303 4180 2414 4240 πγθ.
2455 4175 2566 4228 Καὶ
2591 4177 2926 4248 στρατιώτης
2949 4179 3013 4230 ἐκ
3043 4180 3136 4231 τοῦ
3159 4179 3397 4249 πολέμου
3429 4174 3752 4235 ἐπαναλύσαςν

2229 4262 2290 4315 τὸ
2319 4261 2484 4333 βάρος
2507 4265 2613 4317 τῶν
2637 4266 2817 4320 ὃπλων
2847 4267 3301 4334 ἀποσκευάξεται,
3348 4271 3444 4323 καὶ
3491 4265 3755 4339 πρακτικὸς

2227 4353 2354 4414 τοὺς
2387 4353 2700 4425 λογισμοὺς,
2750 4358 2830 4420 εἰς
2878 4357 3111 4427 θεωρίαν
3161 4357 3474 4430 ἐρχόμενος.
3523 4359 3646 4412 Οὔτε
3670 4355 3757 4423 γὰρ

2230 4445 2455 4510 ἐκεῖνος,
2491 4451 2540 4501 εί
2569 4447 2643 4519 μὴ
2673 4450 2730 4502 ἐν
2763 4450 3004 4520 πολέμῳ,
3061 4452 3248 4522 χρείαν
3284 4453 3398 4524 ἔχει
3449 4455 3552 4506 τῶν
3591 4451 3756 4504 ὅπλων.

2228 4532 2351 4588 οὔτε
2378 4528 2529 4612 οὗτοι,
2548 4536 2656 4589 τῶν
2682 4538 2974 4608 λογισμῶν,
3006 4541 3056 4592 εί
3081 4540 3156 4610 μὴ
3178 4540 3541 4611 ὑποχωριάζει
3561 4542 3660 4602 τοῖς
3677 4537 3756 4589 ὑπὸ

2230 4623 2502 4694 αἴσθησιν.

2301 4712 2402 4767 πδ’.
2427 4716 2489 4768 Oi
2517 4713 2617 4784 μὲν
2648 4716 2941 4785 πρακτικοὶ
2969 4717 3044 4780 ὡς
3074 4717 3255 4788 ἔχουσι
3282 4719 3484 4783 θέσεως
3532 4714 3758 4786 θεωροῦσι

2226 4807 2296 4860 τὰ
2327 4804 2584 4875 σώματα,
2635 4806 2682 4856 oi
2737 4804 2794 4857 δὲ
2848 4803 3173 4874 θεωρητικοὶ
3197 4807 3273 4869 ὼς
3311 4807 3498 4878 ἔχουσι
3531 4806 3718 4875 φύσεως
3742 4816 3753 4828 ⁸

2231 4895 2385 4965 μόνοι
2431 4893 2488 4946 δέ
2528 4891 2656 4954 τοὺς
2693 4891 2884 4960 λόγους
2931 4891 3255 4961 ἀμφοτέρων
3298 4892 3502 4962 ὁρῶσιν
3554 4891 3599 4943 oi
3646 4901 3760 4953 γνω-

2229 4986 2420 5040 στικοί.

2297 5107 2401 5154 πε¹.
2443 5100 2529 5152 Ἐν
2559 5101 2658 5169 μὲν
2685 5102 2794 5162 τοῖς
2825 5099 3003 5167 λόγοις
3031 5099 3140 5152 τῶν
3171 5100 3463 5167 σωμάτων,
3503 5093 3755 5163 γινώσκονο

2227 5208 2316 5243 ται
2345 5191 2410 5244 τὰ
2435 5189 2725 5259 ἀσώματα,
2753 5193 2810 5242 ἐν
2841 5191 3157 5259 ἀσωμάτοις
3181 5191 3257 5254 δὲ,
3281 5192 3309 5242 ὁ
3337 5190 3536 5256 λόγοςό
3555 5180 3757 5268 ὑπερθύ-

2228 5301 2360 5346 σιος,
2397 5283 2532 5352 πρὸς
2581 5283 2640 5334 ὃν
2692 5282 2971 5349 ἐπείγεται
2999 5283 3148 5336 πᾶσα
3213 5282 3476 5334 σπουδαία
3526 5276 3756 5332 ἀναλύσαι

2223 5373 2392 5442 ψυχή-

2294 5461 2412 5526 πς’.
2448 5463 2510 5515 Oi
2543 5462 2690 5530 λόγοι
2711 5462 2820 5515 τῶν
2863 5462 3188 5531 ἀσωμάτων,
3228 5461 3304 5524 ὡς
3359 5462 3493 5513 ὀστᾶ
3536 5459 3632 5509 εἰσι
3666 5452 3756 5508 τοῖς

2225 5553 2501 5620 αἰσθητοῖς
2549 5538 3069 5620 ἐπικαλυπτόμενοι,
3126 5549 3218 5614 οὒς
3277 5551 3364 5622 ίδῃ
3418 5545 3616 5612 οὐδεὶς,
3667 5542 3755 5593 τὼν

2221 5642 2326 5706 ἔξω
2359 5643 2432 5712 μὴ
2490 5642 2799 5711 γενομένων
2861 5642 2958 5711 τῆς
3008 5641 3376 5707 προσπαθείας
3434 5639 3539 5691 τῶν
3596 5631 3751 5696 αἰσθηο

2220 5734 2344 5785 τῶν.
