4054 6278
354 378 494 443 1165

1519 373 1637 429 ΟΝι
1656 373 1906 441 ‘STICE
1951 371 2423 431 SENTENTLE.

3449 372 3586 439 1166

411 489 519 549 πᾶ.
579 487 912 541 Ἀποτίθεται
960 489 1051 537 καὶ
1076 483 1410 554 στρατιώτης
1444 481 1512 537 τὰ
1543 481 1700 543 ὅπλα,
1735 497 1904 533 κατα-

2092 477 2180 530 87.
2211 478 2281 533 Ut
2313 478 2470 532 miles
2501 475 2727 546 deponit
2758 492 2908 533 arma
2936 493 3062 534 cum
3093 480 3298 536 bellum
3328 480 3595 547 deseruit,

337 580 524 648 λείψας
547 578 640 630 τὸν
670 576 924 644 πόλεμον,
943 576 1036 627 καὶ
1060 574 1409 644 θεωρητικὸς,
1433 572 1557 634 τοὺς
1586 569 1900 638 λογισμοὺς,

339 672 583 726 ἀναλύων
605 669 740 738 πρὸς
779 667 978 736 Κύριον

414 778 669 848 errr/Kal.
715 775 1013 845 στρατηγὸς
1059 775 1115 825 ὲν
1147 773 1367 841 πολέμῳ
1410 770 1621 824 σκύλων
1669 770 1909 840 διαμαρ-

338 873 545 932 τάνων,
595 869 652 920 ἑν
704 865 911 935 ἀθυμίᾳ
957 862 1300 927 καθίσταται,
1351 862 1445 915 καὶ
1499 859 1799 930 πρακτικὸς
1839 862 1897 913 ἐν

338 965 493 1033 εὐχῇ,
527 960 758 1030 θεωρίας
806 955 1212 1026 πνευματικῆς

410 1072 519 1125 πθ’.
556 1071 795 1135 Ἔλαφος
840 1066 938 1135 μὲν
986 1066 1076 1119 ἐπὶ
1134 1063 1448 1134 σωματικὰς
1473 1062 1679 1116 ὑδάτων
1724 1062 1906 1134 τρέχει

340 1164 543 1232 πηγὰς,
586 1160 689 1214 ὑπὸ
716 1158 905 1229 θηρίου
923 1157 1180 1227 δηχθεῖσα
1212 1172 1224 1185 ·
1263 1154 1407 1225 ψυχὴ
1428 1154 1484 1207 δὲ
1514 1155 1548 1223 ἡ
1582 1152 1662 1223 τῷ
1700 1152 1904 1220 γλυκυ-

338 1256 485 1321 τάτῳ
532 1250 677 1322 βέλει
740 1247 1019 1321 τρωθείσα
1056 1247 1157 1318 τῆς
1199 1246 1403 1315 εὐχῆς,
1470 1245 1562 1298 ἐπὶ
1601 1242 1906 1314 ἀσωμάτων

339 1345 532 1405 αυγάς.

404 1440 474 1499 Lf.
499 1433 637 1487 Οὔτε
663 1432 974 1503 σωματικδς
994 1431 1272 1502 ὀφθαλμὸς
1292 1433 1383 1485 τδν
1405 1432 1605 1485 κόκκον
1638 1433 1730 1485 τοῦ
1761 1433 1909 1485 σίτου

339 1526 467 1576 ἰδεῖν
529 1522 753 1575 δύναται
783 1559 798 1585 ,
855 1519 982 1573 οὔτε
1035 1523 1158 1583 νοῦς
1219 1523 1522 1590 πρακτικὸς
1581 1522 1681 1591 τὴν
1746 1521 1910 1589 φύσιν

334 1616 433 1678 τὴν
459 1610 650 1663 ἑαυτοῦ
671 1651 686 1675 ,
716 1611 765 1661 εί
799 1610 873 1678 μὴ
917 1609 1179 1679 γυμνωθῇ
1234 1610 1441 1672 ἐκεῖνος
1503 1611 1602 1679 μὲν
1644 1609 1868 1682 ὲλύτρου
1892 1649 1910 1676 ,

335 1695 490 1761 οὗτος
520 1699 578 1752 δὲ
607 1697 845 1769 σχέσεως
881 1701 981 1767 τῆς
1026 1697 1542 1768 περικαλυπτούσης
1585 1699 1766 1753 αὐτόν.

408 1795 515 1857 ιμ’.
551 1788 900 1856 Κρύπτονται
918 1789 1146 1860 ἀστέρες
1180 1789 1300 1856 μὲν,
1328 1787 1480 1858 ἡλίου
1511 1790 1765 1861 ἀνατολῇ,
1819 1790 1912 1845 λο-

338 1881 527 1951 γισμοὶ
553 1880 610 1932 δὲ
659 1879 1077 1949 ὲκλιμπάνουσι,
1110 1879 1205 1933 τοῦ
1231 1879 1323 1934 νοῦ
1368 1881 1506 1946 πρὸς
1563 1881 1660 1952 τὴν
1706 1882 1915 1939 οἰκείαν

340 1972 616 2041 βασιλείαν
645 1970 1167 2043 ὲπαναστρέφοντος.

411 2060 517 2132 ιβ’.
546 2063 704 2116 Μετά
725 2063 788 2115 τὸ
814 2063 964 2125 τέλος
985 2062 1086 2133 τῆς
1108 2063 1439 2134 πρακτικῆς,
1467 2066 1522 2118 αί
1550 2065 1915 2136 πνευματικαὶ

340 2155 566 2226 θεωρίαι
596 2153 973 2225 περιχυθεῖσαι
1003 2155 1082 2223 τῷ
1111 2154 1215 2225 νῷ,
1271 2148 1360 2208 οἷά
1377 2171 1523 2217 τινες
1562 2156 1780 2220 ἀκτῖνες
1818 2153 1914 2209 τοῦ

340 2245 497 2315 ἡλίου
521 2247 586 2299 ὲκ
612 2244 703 2297 τοῦ
733 2245 1005 2313 ὁρίζοντος
1032 2244 1416 2315 ὑπερκύψασαι
1434 2285 1448 2309 ,
1484 2245 1736 2299 δοκοῦσιν
1781 2244 1917 2311 ἐξω-

344 2337 437 2389 θεν
470 2336 636 2388 αὑτοῦ
664 2335 1023 2405 προσϐάλλειν
1046 2337 1246 2389 οἰκεῖαι
1275 2335 1452 2397 οὖσαι,
1489 2336 1582 2388 καὶ
1614 2335 1704 2389 διά
1751 2334 1918 2389 καθα-

344 2428 544 2496 ρότητα
574 2428 777 2479 ἐκεῖνον
799 2426 1314 2496 περιπτυσσόμενοι.

415 2520 521 2583 ιιγο.
556 2516 792 2568 Τοιαῦτα
830 2516 925 2569 καὶ
947 2515 1069 2578 νοῦς
1097 2515 1428 2586 θεωρητικὸς
1460 2515 1708 2568 ὲκλαλεῖν
1755 2512 1916 2569 δύνα-

340 2620 452 2667 ται,
480 2605 604 2657 ὃταν
628 2604 835 2658 ἀνωθεν
858 2603 953 2657 ἀπ’
982 2603 1211 2674 οὐρανοῦ
1241 2604 1455 2672 καταδῇ
1484 2586 1699 2671 φύσεως
1740 2603 1913 2671 ἀνάγ-

342 2709 469 2757 καις
510 2693 828 2759 ὶπικλιθεὶς,
850 2687 938 2746 οἷα
970 2695 1060 2746 καὶ
1086 2695 1114 2746 ὁ
1162 2692 1560 2764 φθεγξάμενος,
1588 2693 1736 2745 θείου
1787 2693 1920 2747 κάλ-

344 2782 469 2847 λους
511 2783 565 2836 τί
593 2784 829 2854 ὑπάρχει
854 2782 1336 2853 θαυμασιώτερον;
1383 2784 1477 2836 καὶ
1514 2783 1595 2846 τίς
1620 2783 1799 2836 ἔννοια
1825 2783 1923 2852 τῆς

342 2873 438 2925 τοῦ
467 2872 599 2925 Θεοῦ
627 2873 1101 2943 μεγαλοπρεπείας
1131 2873 1461 2943 χαριεστέρα
1486 2890 1501 2938 ;
1527 2876 1676 2935 ποῖος
1700 2873 1755 2925 δὲ
1781 2871 1923 2925 οὕτω

345 2961 509 3024 πόθος
526 2962 744 3032 δριμὺς,
774 2963 870 3015 καὶ
907 2962 1211 3035 ἀφόρητος,
1240 2963 1317 3027 ὡς
1342 2965 1370 3015 ὁ
1396 2962 1503 3016 ἀπὸ
1526 2961 1662 3014 Θεοῦ
1710 2962 1924 3030 ἐγγινό-

348 3066 509 3121 μενος
536 3052 602 3121 τῇ
629 3050 737 3104 ἀπὸ
769 3051 950 3119 πάσης
984 3052 1183 3114 κακίας
1205 3051 1596 3123 κεκαθαρμένη
1616 3051 1760 3121 ψυχῇ
1784 3068 1800 3117 ;
1828 3050 1925 3104 καὶ⁴

2027 570 2107 621 sic
2141 568 2481 624 theoreticus
2506 568 2815 637 ratiocinia,
2847 569 2915 625 ad
2938 570 3110 626 Deum
3137 571 3349 627 abiens.

2098 774 2187 829 88.
2215 773 2286 830 Ut
2308 775 2468 829 miles
2495 774 2550 828 in
2584 774 2730 830 bello
2763 775 2938 846 spolia
2963 791 3073 832 non
3102 785 3454 843 consecutus,
3484 780 3606 837 ani-

2029 882 2180 921 mum
2226 865 2552 936 despondet,
2594 866 2675 921 sic
2722 868 2999 937 practicus
3040 868 3099 924 in
3137 869 3411 937 oratione,
3446 870 3609 940 spiri-

2032 963 2234 1017 tualem
2267 977 2379 1017 non
2408 962 2669 1017 obtinens
2701 964 3251 1034 contemplationem.

2102 1052 2191 1107 89.
2227 1052 2297 1108 Ut
2326 1068 2543 1119 cervus,
2574 1052 2691 1109 fera
2754 1064 3149 1125 persequente,
3202 1056 3273 1112 ad
3309 1071 3609 1129 corporeos

2032 1163 2304 1217 aquarum
2336 1146 2518 1202 fontes
2559 1146 2759 1209 currit,
2789 1148 2869 1202 sic
2893 1146 3075 1202 anima
3114 1147 3438 1205 dulcissimo
3481 1151 3608 1206 vul-

2035 1248 2225 1294 nerata
2275 1239 2544 1295 orationis
2601 1238 2746 1306 telo,
2804 1237 2873 1293 ad
2931 1239 3361 1309 incorporalium
3425 1241 3612 1308 splen-

2035 1332 2222 1387 dores.

2104 1423 2194 1479 90.
2219 1424 2291 1479 Ut
2317 1422 2620 1495 corporalis
2646 1423 2840 1478 oculus
2865 1439 3088 1494 germen
3124 1426 3392 1482 frumenti
3418 1427 3607 1484 videre

2034 1529 2144 1570 non
2190 1523 2395 1583 potest,
2449 1514 2558 1570 nisi
2609 1530 2708 1570 sua
2753 1524 2993 1571 exuatur
3043 1516 3326 1591 palpebra,
3374 1519 3448 1574 ita
3507 1534 3612 1574 nec

2037 1605 2256 1662 animus
2281 1608 2560 1676 practicus
2585 1622 2741 1662 suam
2771 1615 3049 1675 naturam,
3072 1608 3181 1663 nisi
3205 1620 3441 1664 exuatur
3468 1610 3613 1666 malo

2037 1711 2149 1768 quo
2180 1696 2482 1752 involvitur
2511 1697 2726 1754 habitu.

2108 1788 2198 1844 91.
2255 1787 2329 1845 Ut
2381 1789 2804 1845 absconduntur
2862 1797 3011 1846 astra
3068 1790 3284 1847 oriente
3337 1791 3475 1857 sole,
3531 1791 3614 1849 sic

2037 1878 2328 1936 ratiocinia
2367 1879 2653 1948 deﬁciunt,
2677 1881 2876 1953 spiritu
2896 1881 2966 1936 ad
2991 1897 3155 1938 suum
3178 1898 3406 1954 regnum
3428 1895 3617 1942 rever-

2035 1982 2126 2029 ten
2133 1982 2206 2029 te.

2108 2066 2198 2122 92.
2221 2065 2328 2122 Ubi
2362 2065 2529 2122 desiit
2554 2067 2820 2136 practica,
2847 2069 3166 2136 spirituales
3190 2069 3420 2126 theorite
3442 2073 3613 2128 menti

2036 2157 2405 2223 circumfusae,
2440 2158 2632 2228 quales
2678 2160 2819 2214 radii
2865 2161 2998 2216 solis
3041 2162 3098 2216 in
3146 2162 3436 2219 horizonte
3477 2164 3617 2218 emi-

2036 2258 2248 2313 cantes,
2276 2248 2538 2305 videntur
2577 2260 2731 2306 extra
2774 2251 2923 2306 illam
2968 2252 3240 2321 eradiare,
3276 2270 3402 2309 cum
3448 2254 3614 2308 simul

2036 2347 2093 2395 et
2124 2341 2229 2409 ipsi
2262 2340 2470 2394 intimae
2499 2343 2630 2407 sint,
2657 2353 2713 2397 et
2740 2358 2862 2397 eam
2890 2343 2962 2399 ob
2989 2359 3145 2399 suam
3177 2349 3477 2417 puritatem
3507 2346 3616 2401 cir-

2037 2433 2507 2501 cumpleclantur.

2107 2524 2195 2579 95.
2224 2523 2379 2578 Talia
2409 2524 2629 2592 animus
2661 2526 3005 2582 tbeoreticus
3035 2527 3223 2582 dicere
3258 2537 3462 2596 potest,
3489 2541 3616 2582 cum

2039 2632 2256 2672 summo
2288 2616 2357 2671 de
2406 2619 2548 2673 cmlo
2589 2619 2878 2675 descendit
2922 2621 3353 2676 necessitatibus
3404 2632 3618 2675 natura!

2040 2709 2358 2776 inclinatus,
2392 2710 2575 2780 qualia
2607 2712 2700 2780 qui
2740 2712 2877 2767 dicit
2923 2731 2935 2766 :
2981 2713 3173 2767 Divina
3207 2712 3619 2783 pulchritudine

2040 2802 2171 2872 quid
2235 2803 2584 2858 mirabilius?
2630 2813 2685 2859 et
2733 2805 2867 2874 quid
2920 2806 3223 2875 excogitari
3274 2814 3458 2876 potest
3499 2806 3621 2876 ejus

2042 2893 2448 2962 magniﬁcentia
2488 2895 2825 2964 jucundius?
2871 2895 3151 2964 quodnam
3201 2895 3274 2950 ita
3318 2896 3622 2950 vehemens

2041 2992 2094 3036 et
2121 2982 2472 3037 intolerabile
2493 2982 2832 3037 desiderium
2857 2998 3019 3052 quam
3045 2983 3193 3055 quod
3219 2983 3452 3053 inspirat
3474 2984 3621 3039 Deus

2041 3076 2239 3128 animm
2264 3074 2332 3129 ab
2351 3075 2500 3128 omni
2527 3074 2670 3127 malo
2689 3074 2990 3142 puriﬁcata:
3011 3090 3074 3129 ac
3097 3074 3302 3129 dicenti
3324 3089 3393 3129 ex
3413 3073 3578 3129 corde
3603 3088 3625 3128 :

345 3142 455 3196 ἀπὸ
510 3141 803 3205 διαθέσεως
854 3141 1122 3215 λεγούσῃ,
1170 3143 1252 3195 ὅτι
1290 3160 1311 3195 ι
1338 3141 1671 3212 Τετρωμένη
1706 3142 1925 3212 ἀγάπης

2053 3184 2070 3216 ι
2099 3165 2398 3220 Vulnerata
2433 3180 2556 3220 sum
2595 3166 2821 3220 amore?
2854 3185 2873 3218 ι

345 3228 496 3298 ὲγὼς
543 3247 564 3283 ι

413 3319 511 3387 κδ’.
564 3319 804 3375 Ἐκείνου
843 3320 963 3373 last
981 3318 1042 3372 τὸ
1057 3318 1257 3388 λέγειν,
1288 3336 1310 3372 ι
1349 3318 1688 3390 Ἐθερμάνθη
1735 3318 1927 3390 ήκάρ·

345 3410 437 3464 δία
469 3428 568 3480 μου
593 3412 742 3476 ἐντός
770 3428 893 3481 μου,
920 3413 1015 3464 καὶ
1040 3411 1099 3464 ιν
1123 3414 1189 3482 τῇ
1218 3411 1421 3482 μελέτῃ
1452 3428 1554 3481 μου
1586 3409 1931 3480 ὲκκαυθήσε·

347 3514 440 3550 ται
474 3498 602 3569 πῦρ,
639 3517 657 3549 ι
689 3499 784 3552 τοῦ
805 3497 880 3569 μὴ
907 3498 1203 3564 κοπιῶντος
1232 3499 1408 3552 ὀπίσω
1433 3499 1527 3551 τοῦ
1545 3497 1680 3551 Θεοῦ
1696 3514 1930 3552 κατακο-

348 3587 559 3640 λουθεῖν
598 3589 665 3640 δι’
695 3589 879 3658 εὐχῆς,
929 3589 1065 3659 μηδὲ
1109 3588 1328 3659 ἡμέραν
1392 3588 1682 3660 ἀνθρώπου
1735 3588 1929 3642 ιπιθυ-

351 3676 580 3746 μοῦντο,
612 3677 931 3732 θεάσασθαι.

427 3787 530 3854 κε’.
581 3789 802 3856 Λεγέτω
824 3790 1087 3862 καὶψυχὴ
1117 3790 1396 3862 πρακτικὴ
1425 3791 1561 3861 μετά
1591 3791 1686 3862 τὴν
1735 3790 1931 3845 ἀπόθε-

356 3893 442 3929 σιν
488 3877 597 3931 τῶν
635 3875 844 3942 κακῶν,
872 3880 1012 3934 κατὰ
1043 3878 1141 3950 τὴν
1189 3880 1247 3931 ὲν
1269 3879 1347 3949 τῷ
1382 3880 1641 3951 ’ᾼσματι,
1698 3880 1791 3932 ἀπὶ
1819 3880 1930 3933 τῶν

352 3967 759 4037 ἔκδιαζομένων
792 3966 947 4032 αὖθις
980 3969 1150 4039 αὐτὴν
1175 3970 1427 4041 πονηρῶν
1475 3970 1746 4040 δαιμόνων
1765 4009 1781 4037 ,
1840 3973 1937 4025 καὶ

354 4055 654 4125 λογισμῶν,
705 4056 1021 4110 ἐπιϐλέπειν
1067 4059 1149 4121 είς
1197 4057 1568 4127 ματαιότητας
1606 4057 1701 4109 καὶ
1736 4058 1934 4126 μανίας

355 4147 567 4215 ψευδεῖς
591 4163 605 4176 ⁸
633 4166 651 4199 t
693 4147 1061 4218 Ἐξεδυσάμην
1086 4149 1177 4200 τὸν
1205 4147 1406 4219 χιτῶνά
1428 4164 1551 4218 μου,
1578 4148 1695 4210 πῶς
1711 4148 1937 4201 ἐνδύσω-

361 4253 463 4308 pst
482 4238 644 4291 αὐτόν
671 4253 691 4302 ;
731 4239 1000 4308 ἐνιψάμην
1028 4240 1152 4301 τοὺς
1180 4240 1349 4302 πόδας
1375 4256 1477 4310 μου
1495 4278 1510 4304 ,
1564 4239 1679 4301 πῶς
1727 4238 1936 4308 μολυνῶ
1967 4248 1971 4252 ’

358 4348 556 4385 αυτους
578 4350 593 4385 ζ
616 4351 635 4383 1

432 4350 525 4385 του
578 4350 590 4362 ο
616 4351 635 4383 ι

432 4350 556 4492 pc:
578 4374 779 4493 ζΙ¹ὐχῆς
807 4423 1088 4491 θεοφιλοῦς
1113 4425 1213 4493 τῆς
1246 4425 1426 4494 λέγειν
1477 4425 1762 4497 τολμώσης
1804 4426 1939 4495 πρὸς

2119 3313 2207 3367 94.
2245 3312 2343 3367 llle
2389 3310 2576 3367 dicere
2622 3318 2825 3382 potest,
2877 3329 2897 3363 ι
2945 3310 3347 3366 Conturbatum
3385 3316 3473 3365 cst
3522 3323 3623 3364 cor

2048 3421 2229 3461 meum
2259 3403 2406 3458 intra
2435 3418 2545 3468 me,
2576 3411 2632 3459 et
2657 3405 2713 3458 in
2754 3401 3111 3458 meditatione
3138 3416 3265 3455 mea
3297 3397 3621 3455 exardescet

2049 3501 2209 3571 ignis,
2255 3518 2273 3550 ι
2317 3499 2413 3568 qui
2439 3513 2551 3552 non
2584 3503 2759 3551 cessat
2791 3494 3020 3564 vestigia
3049 3492 3144 3548 Dei
3177 3508 3273 3561 per
3313 3490 3618 3546 orationem

2046 3590 2226 3657 senui,
2253 3605 2356 3646 nec
2390 3588 2540 3644 diem
2571 3585 2812 3642 hominis
2841 3586 2995 3658 cupit
3026 3584 3235 3641 videre.

2119 3796 2209 3850 95.
2243 3795 2418 3849 Etiam
2449 3809 2631 3848 annua
2665 3792 2931 3863 practica,
2958 3789 3226 3860 depositis
3254 3786 3625 3860 perturbatio-

2048 3888 2233 3951 nibus,
2278 3900 2402 3941 cum
2428 3886 2497 3941 ab
2530 3885 2800 3956 improbis
2843 3883 3188 3939 daemonibus
3229 3888 3287 3935 et
3330 3879 3622 3952 cogitatio-

2048 3979 2216 4034 nibus
2268 3985 2519 4048 urgetur,
2548 3985 2608 4031 ut
2642 3977 2711 4032 ad
2751 3976 3024 4029 vanitates
3074 3983 3130 4029 et
3176 3971 3418 4028 insanias
3462 3970 3627 4025 falsas

2049 4072 2329 4141 respiciat,
2365 4085 2490 4125 cum
2533 4069 2625 4123 illa
2667 4069 2721 4122 in
2765 4066 3010 4123 Canticis
3040 4067 3222 4121 ait“:
3259 4083 3277 4117 ι
3314 4061 3626 4132 Exspoliavi

2052 4180 2141 4219 me
2177 4164 2366 4218 tunica
2403 4177 2546 4227 mea,
2583 4161 2860 4230 quomodo
2897 4159 3097 4214 induar
3132 4157 3263 4212 illa?
3291 4154 3423 4210 Lavi
3458 4152 3628 4224 pedes

2051 4271 2230 4320 meos,
2262 4254 2541 4325 quomodo
2574 4251 2879 4322 inquinabo
2911 4249 3071 4306 illos?
3111 4268 3129 4300 ι

2122 4405 2212 4461 96.
2243 4403 2289 4459 Ο
2323 4403 2420 4459 Dei
2465 4410 2739 4467 amantem
2777 4398 3041 4463 animam,
3079 4395 3169 4451 cui
3207 4393 3393 4450 dicere
3438 4389 3625 4456 audet,

358 4477 450 4565 τὸν
466 4477 621 4579 ὀεὸν,
652 4477 1220 4584 «πχπάγγειλόνμοιιδ
1242 4477 1481 4585 ποίμηνό
1510 4477 1671 4578 καλὸς
1828 4477 1925 4568 ςὲοίιῖ

2054 4499 2231 4556 Narra
2270 4498 2432 4566 mihi,
2470 4477 2843 4566 pastor'bone
2868 4492 2937 4556 ’⁵,
2970 4489 3063 4544 ubi
3095 4487 3273 4559 pascis
3307 4500 3437 4541 oves
3482 4487 3625 4547 tuas,

364 4603 578 4672 μαίνεις
601 4604 670 4656 τὰ
696 4603 947 4673 πρόϐατά
984 4620 1121 4669 σου;
1177 4605 1270 4657 καὶ
1294 4603 1397 4656 ποῦ
1427 4604 1697 4669 κοιτάζεις
1749 4608 1806 4659 ἐν
1841 4623 1940 4676 με·

366 4690 617 4761 σημὸρίᾳ
645 4691 772 4754 τοὺς
804 4690 976 4761 ἄρνας
1000 4708 1130 4757 σου;
1168 4693 1256 4747 ἵνα
1300 4692 1510 4756 τούτοις
1551 4696 1941 4765 ἀκολουθοῦσα,

370 4782 449 4850 μὴ
477 4781 721 4852 γένωμαι
765 4783 840 4845 ὡς
865 4782 1301 4854 περιϐαλλομένη
1342 4786 1401 4836 ὲν
1441 4785 1663 4853 ἀγέλαις
1713 4787 1942 4858 ἑταίρων

368 4888 483 4924 σου.
512 4892 531 4926 ο

438 5005 541 5073 ιιξσ.
572 5006 935 5076 Ζητοῦσαητὸν
963 5011 1062 5080 τῆς
1091 5010 1256 5081 εὐχῆς
1289 5012 1323 5082 ή
1348 5014 1628 5083 πρακτικὴ
1671 5015 1945 5084 κρατῆσαι

2056 4604 2113 4650 et
2168 4592 2265 4649 ubi
2306 4590 2578 4647 accubare
2633 4586 2769 4642 facis
2808 4587 2864 4643 in
2899 4583 3133 4638 meridie
3166 4595 3336 4651 agnos
3383 4587 3508 4633 tuos
3540 4578 3626 4640 ".

2058 4693 2121 4738 ut
2171 4696 2268 4738 eos
2320 4693 2581 4750 sequens,
2634 4692 2741 4731 non
2793 4674 2895 4729 sim
2951 4671 3269 4727 errabunda
3320 4669 3380 4724 in
3432 4666 3628 4722 alienis

2057 4776 2336 4849 gregibus.

2122 5006 2211 5063 97.
2251 5004 2449 5058 Anima
2499 4998 2738 5070 practica
2796 4994 3063 5050 rationem
3115 4988 3384 5046 orationis
3437 4994 3657 5042 teneret

363 5093 524 5161 λόγον
550 5094 718 5166 ψυχὴ,
746 5098 840 5150 καὶ
884 5099 958 5168 μὴ
984 5100 1280 5171 δυναμένη,
1306 5102 1530 5157 τοιαῦτα
1565 5105 1706 5158 κατά
1750 5105 1849 5175 τὴν
1888 5109 1925 5160 ὲι

2052 5098 2395 5161 desiderans,
2448 5110 2553 5151 nec
2604 5094 2815 5154 valens,
2865 5088 3032 5144 etiam
3079 5086 3198 5154 ipsa
3247 5098 3372 5137 cum
3426 5093 3626 5149 sponsa

368 5187 612 5257 ’ᾼσματι
640 5188 734 5240 καὶ
764 5190 900 5260 αὑτὴ
923 5190 1039 5259 βοᾷο
1058 5210 1077 5242 ι
1108 5192 1420 5264 Ἐπικοίτην
1447 5212 1549 5265 μου
1574 5197 1632 5248 ὲν
1656 5197 1805 5264 νυξὶν
1820 5197 1941 5269 ἐζή-

366 5293 532 5344 τησα,
572 5277 631 5329 δν
659 5279 948 5348 ἠγάπησα,
981 5282 1245 5353 ἐζήτησα,
1283 5288 1378 5338 καὶ
1428 5286 1526 5356 οὐχ
1549 5280 1708 5356 εὖρον
1736 5290 1899 5343 αὐτόν
1929 5306 1944 5322 ·

2051 5192 2110 5246 in
2158 5188 2404 5245 Canticis
2451 5187 2525 5240 ita
2577 5182 2883 5238 clamat":
2920 5198 2938 5232 ι
2986 5180 3046 5234 lu
3099 5177 3304 5232 lectulo
3354 5188 3477 5228 meo
3528 5186 3627 5240 per

2050 5290 2244 5339 noctes
2274 5278 2500 5351 (ιιιωεὶνί
2533 5291 2697 5342 quem
2740 5274 2933 5343 diligit
2958 5273 3137 5327 anima
3172 5284 3291 5323 mea
3327 5285 3340 5319 :
3371 5265 3621 5334 quaesivi,

367 5367 606 5419 ἐκάλεσα
622 5368 808 5434 αὐτὸν,
825 5370 920 5422 καὶ
946 5372 1043 5439 οὐχ
1065 5372 1343 5442 ὑπήκουσὲ
1369 5390 1490 5443 μου.
1514 5393 1533 5426 ι
1555 5377 1925 5448 ’Δναστήσομα

2057 5385 2113 5431 et
2137 5390 2250 5430 non
2275 5373 2462 5427 inveni
2484 5371 2637 5425 illum
2660 5386 2674 5431 ;
2701 5368 2913 5432 vocavi,
2942 5376 2998 5422 et
3022 5381 3129 5418 non
3152 5358 3435 5428 respondit
3461 5357 3619 5410 mihi.

367 5454 436 5525 δὴ
465 5459 532 5508 δι’
560 5459 724 5528 εὐχῆς
772 5461 1186 5528 ὲπιπονωτὲρας
1210 5474 1224 5491 ⁹
1261 5466 1357 5517 καὶ
1389 5466 1716 5533 κυκλώσασα
1768 5470 1827 5521 ἐν
1880 5473 1945 5541 τῇ

2059 5468 2291 5538 Surgam
2330 5466 2451 5536 (per
2494 5461 2795 5521 orationem
2835 5455 3239 5522 ferventiorem)
3275 5459 3329 5505 et
3374 5448 3623 5503 circuibo

374 5546 526 5598 πόλει
559 5548 617 5599 ἐν
641 5551 758 5611 ταῖς
791 5549 1091 5615 πλατείαις,
1123 5552 1221 5606 καὶ
1244 5554 1300 5606 ὲν
1319 5554 1436 5618 ταῖς
1450 5557 1695 5627 ἀγοραῖς,
1730 5558 1925 5629 ζητήσι

2057 5558 2339 5613 civitatem
2401 5570 2498 5624 per
2539 5554 2691 5607 vicos
2732 5563 2787 5603 et
2832 5552 3058 5618 plateas,
3094 5555 3148 5599 et
3181 5559 3421 5612 quaeram
3455 5556 3621 5611 quem

372 5634 435 5688 δν
460 5639 729 5708 ἠγάπησα
759 5657 773 5671 ο
826 5641 958 5705 ἴσως
999 5643 1358 5713 εὑρεθήσεται
1397 5663 1486 5715 μοι
1510 5648 1538 5699 ό
1593 5649 1652 5700 ὲν
1676 5648 1751 5715 τῷ
1791 5667 1923 5701 παν-ε

2061 5651 2242 5721 diligit
2275 5650 2457 5703 anima
2481 5662 2622 5702 mea.
2653 5665 2669 5696 )
2702 5644 2879 5712 .dﬂque
2907 5642 3185 5695 lll\'€ltlam
3221 5639 3372 5691 illum
3418 5637 3474 5691 in
3513 5635 3617 5687 hoc

441 5844 485 5875 "‘
519 5848 675 5898 tiant.
711 5861 763 5907 ν,
788 5846 839 5897 5.
917 5848 959 5876 ’³
991 5846 1145 5900 Joan.
1183 5860 1233 5899 τ.
1264 5842 1356 5903 11;
1389 5840 1591 5896 Ezecb.
1624 5852 1809 5899 xxxrv,
1831 5835 1925 5891 23.

2077 5831 2235 5887 Cant.
2266 5845 2302 5895 ι,
2334 5829 2384 5883 6.
2465 5829 2505 5859 ³⁷
2540 5827 2695 5880 (lant.
2728 5823 2887 5886 111,1,
2914 5822 2968 5875 2.
