4048 6278
514 435 645 517 1m
1886 426 2084 487 sua:

2120 423 2371 489 ECDICI
3602 429 3716 499 1172

587 545 735 598 117.»
769 539 1115 611 lmpossibile
1171 543 1256 592 est
1315 543 1561 605 tempore
1618 536 1895 592 orationis
1950 553 2086 606 pace
2112 545 2161 605 Α

2118 545 2161 605 Α
2272 539 2398 608 ριζ’.
2440 539 2728 594 Ἀδύνατον
2754 542 2813 594 ἐν
2844 540 2921 612 τῷ
2962 540 3141 613 καιρῷ
3174 543 3273 612 τῆς
3323 542 3502 615 εὑχῆς,
3544 548 3716 619 εἰρηνι-

511 638 617 692 frui
639 635 883 690 animum
907 631 1001 702 qui
1023 644 1136 684 non
1159 628 1390 682 amicam
1413 626 1644 695 adeptus
1669 635 1754 682 est
1776 636 2090 705 tempta-an-

2200 633 2294 684 κὸν
2320 631 2687 699 γενέσθαιτδν
2716 632 2863 699 νοῦν,
2901 632 2992 686 τὸν
3020 633 3095 703 μὴ
3132 633 3230 703 τὴν
3278 634 3438 706 φίλην
3481 640 3716 709 κτησάμε-

512 729 646 782 tiam
688 734 746 779 et
790 722 1111 778 cbaritatem
1147 737 1161 772 :
1193 718 1284 773 illa
1329 718 1475 773 enim
1516 717 1703 772 odium
1754 720 1951 774 anima:
1988 735 2086 790 per

2201 738 2288 775 vov
2317 721 2669 789 ἐγκράτειαν,
2695 722 2790 775 καὶ
2816 720 3036 791 ἀγάπην
3056 737 3071 753 ο
3102 723 3137 792 ή
3165 722 3260 792 μὲν
3307 724 3415 794 γάρ
3466 724 3557 794 τὴν
3602 730 3715 782 κατὰ

511 821 691 888 ipsum
717 830 939 886 corpus,
961 813 1075 868 haec
1103 821 1287 865 autem
1314 810 1500 865 odium
1529 811 1763 880 proximi
1792 827 1890 880 per
1911 812 2083 866 Deum

2195 812 2293 880 τῆς
2321 812 2499 881 ψυχῆς
2522 813 2587 864 ἐκ
2626 811 2719 865 τοῦ
2763 812 3011 883 σώματος
3064 812 3260 883 ἔχθραν
3320 814 3594 870 καθαλύειν
3640 821 3716 871 ἐπ-

511 912 799 964 άεεινιιεῐε
858 916 1112 961 conatur.
1145 905 1215 958 Et
1258 903 1458 958 exinde
1513 901 1791 973 proﬂuens
1841 919 1948 974 pax
1995 905 2085 960 illa

2196 892 2540 969 ἀγωνίζεται,
2568 904 2602 971 ή
2628 902 2685 954 δέ
2709 903 2809 973 τήν
2837 903 2970 971 πρὸς
2996 904 3084 957 τὸν
3112 903 3331 972 πλησίον
3355 905 3443 958 διά
3477 905 3562 959 τδν
3591 908 3715 962 Θεόν.

511 1016 631 1070 quae
662 1008 957 1069 exsuperat
990 1011 1207 1051 omnem
1242 1009 1489 1056 sensum,
1527 994 1870 1049 mansionem
1907 995 2086 1050 facere

2197 993 2507 1047 Κάντεῦθεν
2537 994 2570 1058 ἡ
2598 993 2940 1064 ὑπερέχουσα
2974 995 3150 1047 πάντα
3197 994 3323 1048 νοῦν
3383 996 3569 1067 είρήνη
3620 1001 3717 1051 ἐπι-

511 1096 720 1149 dicitur
765 1091 911 1163 apud
944 1106 1069 1145 eum
1118 1090 1213 1158 qui
1262 1088 1426 1143 talem
1478 1086 1740 1155 acquisiit
1774 1089 2084 1156 tranquilli-

2195 1083 2467 1151 δημοῦσα,
2500 1084 2666 1154 μονὴν
2695 1084 2967 1137 ποιεῖσθαι
3009 1084 3144 1156 πρὸς
3200 1085 3291 1138 τὸν
3318 1085 3511 1141 οὑτωσὶ
3563 1106 3718 1141 κατει-

510 1196 703 1241 tatem.

2197 1172 2540 1242 ρηνεύσαντα
2567 1173 2980 1242 ἐπαγγέλλεται.

581 1279 705 1333 1ἰ8.
754 1276 808 1332 Si
854 1276 980 1346 quis
1027 1276 1083 1330 in
1134 1291 1364 1345 regnum
1411 1276 1509 1330 Dei
1553 1276 1781 1330 enititur
1829 1275 2082 1337 introire,

2265 1268 2396 1332 ριη’.
2453 1261 2693 1333 Ἀνάγκη
2718 1265 2809 1315 τὸν
2857 1267 2937 1327 εἰς
2985 1264 3263 1334 βασιλειαν
3319 1264 3453 1320 Θεοῦ
3494 1268 3720 1335 ἀγωνιζό-

507 1386 735 1426 necesse
768 1379 852 1425 est
889 1368 1346 1437 superabundare
1400 1369 1452 1421 in
1492 1368 1654 1422 bonis
1686 1383 1825 1436 opus
1855 1367 2081 1436 justitiae

2199 1370 2355 1422 μενον
2387 1355 2669 1417 εἰσελθεῖν,
2711 1356 3053 1422 περισσεύειν
3106 1359 3163 1409 ἐν
3200 1358 3443 1425 ἀγαθοῖς,
3488 1358 3545 1412 τὸ
3582 1359 3719 1429 ἔργον

504 1465 625 1531 ejus
660 1479 676 1517 :
712 1464 764 1516 in
823 1461 1190 1531 eleemosynis
1231 1461 1475 1529 quidem,
1512 1475 1611 1529 per
1656 1459 1973 1529 largitiones
2013 1458 2080 1511 de

2194 1445 2359 1498 αὑτοῦ
2395 1447 2493 1515 τῆς
2527 1446 2903 1515 δικαιοσύνης·
2953 1449 3011 1498 ἐν
3069 1446 3460 1516 ἐλεημοσύναις
3496 1449 3603 1517 μὲν,
3650 1450 3722 1502 διὰ

506 1550 812 1623 superﬂuo;
857 1552 913 1605 in
946 1551 1232 1605 laboribus
1260 1561 1440 1605 autem
1471 1564 1575 1619 pro
1621 1565 1755 1619 pace
1785 1549 2076 1618 susceptis,

2194 1537 2292 1606 τῆς
2321 1538 2385 1589 ἐκ
2414 1537 2507 1590 τοῦ
2533 1539 2912 1608 ὑστερήματος
2935 1540 3205 1609 παροχῆςο
3244 1541 3304 1592 ἐν
3338 1540 3515 1601 πόνοις
3557 1539 3607 1592 δὲ
3629 1543 3722 1604 τοῖς

503 1660 605 1713 per
637 1640 1103 1714 exspectationem
1136 1642 1474 1713 judiciorum
1509 1642 1749 1696 Domini.

2195 1627 2333 1700 ὑπὲρ
2365 1630 2608 1700 εἰρήνης,
2635 1629 2724 1682 διὰ
2768 1628 2861 1682 τοῦ
2896 1630 3276 1699 ἁποκρίματος
3336 1629 3432 1699 τῆς
3476 1632 3530 1681 ἐν
3560 1631 3722 1701 Κυρίῳ

2197 1736 2495 1789 ὑπομονης.

576 1825 700 1881 “9.
736 1825 849 1883 Nec
892 1829 983 1883 cui
1014 1828 1240 1883 virtutis
1279 1840 1474 1897 parum
1520 1834 1624 1892 est,
1656 1833 1881 1896 propter
1927 1825 2080 1895 igna-

2266 1811 2389 1872 ptb'.
2421 1810 2607 1865 υῦτεὸ
2633 1810 2827 1874 ἐνδεῶς
2875 1810 3013 1878 πρὸς
3065 1810 3271 1879 ἀρετήν
3304 1810 3441 1880 ἔχων
3493 1812 3556 1864 δι’
3606 1813 3719 1879 ἁμὲο

503 1920 671 1985 viam,
700 1936 802 1975 nec
850 1920 935 1975 cui
981 1921 1212 1974 nimium
1261 1930 1368 1985 est,
1406 1928 1636 1989 prepter
1681 1920 2076 1988 arrogantiam,

2127 1911 2156 1965 [ι
2194 1898 2367 1963 λειαν,
2404 1898 2524 1951 οὔτε
2551 1898 2581 1948 ὁ
2608 1898 2874 1967 περιττῶς
2901 1898 2990 1952 διὰ
3018 1899 3115 1967 τήν
3143 1897 3345 1967 οἴησιν,
3378 1898 3505 1952 εἴσω
3529 1899 3725 1970 λιμένος

503 2014 743 2082 apathiae
783 2023 1002 2083 portum
1053 2012 1283 2068 tenebit.
1327 1988 1465 2079 Quia
1512 2012 1660 2066 enim
1703 2010 1778 2065 ibi
1827 2010 2076 2075 emissio,

2194 1988 2289 2042 τοῦ
2326 1989 2467 2044 κατά
2512 1989 2609 2059 τὴν
2644 1989 2916 2044 ἀπάθειαν
2964 1989 3378 2059 εὑρεθήσονται,
3412 1990 3519 2042 οὐδ’
3561 1990 3724 2059 ἔτερος

504 2104 595 2157 ltic
621 2105 1006 2173 exsuperantia
1025 2104 1550 2169 intercedit,neuter
1583 2106 1740 2160 bonis
1769 2120 1835 2159 ex
1861 2103 2076 2175 iustitia

2194 2079 2302 2150 γὰρ
2336 2079 2446 2132 τῶν
2477 2082 2540 2132 ἐκ
2568 2079 2915 2150 δικαιοσύνης
2945 2081 3003 2131 ἐν
3042 2079 3346 2133 ἀπολαύσει
3371 2079 3582 2147 γέγονεν
3608 2081 3722 2147 ἀγα-

504 2195 708 2251 debitis
737 2168 973 2251 fruetur.
1862 2168 1882 2175 7

2197 2169 2326 2234 θῶν,
2359 2168 2631 2238 μεσίτιδος
2660 2168 3058 2240 εὑρισκομένης
3091 2169 3278 2233 αὐτοῖς
3328 2169 3620 2238 ἐλλείψεως,
3648 2169 3723 2222 καὶ

2194 2258 2301 2314 ὑπε
2310 2259 2526 2330 ρσολῆς.

573 2364 695 2418 120.
742 2363 899 2419 Sicut
947 2371 1094 2417 terra
1143 2361 1190 2416 si
1239 2361 1417 2416 solum
1475 2376 1682 2427 semen,
1715 2373 1810 2418 aut
1860 2364 2078 2418 modico

2269 2351 2370 2424 ρκ’.
2401 2352 2539 2406 Οὔτε
2563 2354 2596 2422 ή
2626 2351 2720 2422 γῆ,
2757 2354 2805 2405 εί
2861 2349 2938 2423 μὴ
2979 2351 3385 2406 πολυπλασίονα
3412 2351 3486 2422 τῷ
3528 2351 3722 2421 γεωργῷ

501 2471 626 2511 cum
653 2456 842 2509 fenore
865 2454 1080 2518 reddat,
1103 2462 1159 2508 et
1177 2454 1429 2524 agricolae
1454 2455 1627 2509 labori
1653 2471 1763 2510 non
1785 2454 2077 2524 multiplici

2192 2444 2284 2498 τὸν
2338 2446 2541 2515 σπόρον
2576 2445 2882 2515 χαρίσεται,
2944 2443 3198 2496 πλούσιον
3235 2444 3463 2498 δύναται
3507 2443 3718 2513 ἀπεργά-

504 2555 775 2619 proventu
805 2546 1161 2616 respondeat,
1192 2561 1298 2600 non
1338 2546 1516 2617 ipsum
1548 2548 1833 2617 copiosum
1863 2555 1919 2602 et
1946 2548 2078 2603 bea-

2197 2534 2394 2588 σασθαι
2423 2534 2608 2600 αὑτὸν,
2644 2537 2804 2603 μόνον
2831 2535 2923 2588 τὸν
2953 2535 3154 2604 σπόρον
3183 2534 3550 2604 παρεχομένη,
3575 2533 3604 2604 ἢ
3647 2534 3721 2584 καὶ

505 2648 620 2694 tum
649 2638 786 2694 facit
817 2656 831 2691 :
861 2638 932 2692 ita
964 2653 1069 2694 nec
1089 2640 1392 2709 praeticum
1436 2654 1596 2708 opus,
1632 2640 1738 2694 nisi
1777 2640 2076 2696 voluntatis

2197 2628 2397 2698 μικράν
2442 2645 2561 2681 τινα
2613 2628 2970 2698 προσθήκην,
3029 2626 3155 2680 οὔτε
3212 2627 3296 2698 τῷ
3348 2624 3619 2698 πρακτικῷ
3673 2624 3721 2676 τὸ

500 2745 630 2801 erga
663 2728 831 2785 Deum
854 2728 1133 2799 singulare
1160 2745 1224 2785 ae
1253 2740 1517 2799 praestans
1548 2730 1794 2786 studium
1826 2746 2075 2787 accesse-

2193 2720 2513 2788 ἀνυόμενον,
2564 2720 2614 2772 εί
2651 2720 2725 2789 μὴ
2762 2719 3023 2786 κρείττων
3050 2717 3150 2786 τῆς
3178 2717 3540 2786 προαιρέσεως
3585 2710 3719 2766 αὑτοῦ

504 2823 595 2889 rit,
621 2824 935 2892 quempiam
975 2823 1185 2892 justum
1212 2821 1427 2878 efﬁcere
1458 2833 1646 2892 queat.

2194 2812 2227 2879 ή
2255 2811 2459 2880 σπουδὴ
2490 2811 2623 2881 πρὸς
2650 2811 2739 2863 τὸν
2766 2809 2897 2862 Θεὸν
2927 2808 3149 2879 εὑρεθῇ,
3180 2808 3392 2862 δίκαιον
3438 2803 3718 2876 ἀπεργάσα-

2196 2899 2317 2951 σθαι
2374 2899 2618 2951 δύναται.

2196 2899 2317 2951 σθαι
2374 2899 2618 2953 δύναται.

573 2989 695 3045 121.
714 2988 829 3043 Nec
850 3002 1046 3043 omnes
1071 2987 1165 3058 qui
1188 3002 1303 3042 non
1326 2986 1564 3056 diligunt
1588 2987 1919 3057 proximum,
1945 3003 2071 3045 eum

2266 2990 2408 3061 ρκα⁹.
2451 2990 2589 3043 Οὑτε
2624 2990 2822 3051 πάντες
2848 2991 2897 3042 οἱ
2928 2988 3001 3059 μὴ
3032 2986 3361 3056 ἀγαπῶντες
3391 2986 3476 3040 τὸν
3507 2987 3716 3057 πλησίον,

500 3082 685 3137 odisse
714 3087 965 3150 possunt,
996 3093 1102 3134 nec
1130 3079 1224 3147 qui
1255 3093 1383 3133 eum
1415 3078 1678 3143 oderunt,
1708 3079 1937 3149 diligere
1969 3097 1984 3133 :
2016 3088 2075 3136 et

2199 3084 2374 3151 μισεῖν
2390 3081 2664 3135 δύνανται·
2682 3080 2805 3133 οὕτε
2825 3081 2869 3133 οί
2899 3082 2974 3149 μὴ
2996 3079 3285 3149 μισοῦντες
3309 3080 3491 3144 αὑτὸν,
3510 3081 3714 3149 ἀγαπᾷν.

499 3174 647 3228 aliud
675 3182 760 3226 est
784 3171 1037 3227 invidere
1059 3171 1183 3240 ejus
1206 3172 1546 3241 progressui,
1565 3171 1737 3235 aliud,
1768 3182 1824 3227 et
1849 3173 2073 3241 quidem

2188 3173 2298 3225 Καὶ
2327 3172 2456 3227 ἄλλο
2491 3172 2589 3240 μέν
2621 3174 2758 3231 ἐστι,
2806 3171 2867 3222 τὸ
2903 3169 3216 3240 βασκαίνειν
3238 3171 3452 3223 ἐκείνου
3493 3170 3584 3239 τὴν
3612 3185 3716 3239 προ-

499 3278 775 3335 supremae
817 3263 1081 3332 nequitia:
1113 3263 1336 3331 gradus,
1382 3277 1491 3317 non
1527 3262 1703 3316 solum
1738 3264 1973 3317 cruciari
2003 3263 2075 3317 ob

2116 3254 2149 3314 Β
2189 3265 2386 3332 κοπήν,
2436 3263 2624 3333 ἕτερον
2684 3262 2741 3314 δὲ
2791 3261 2853 3314 τδ
2903 3263 2978 3331 μὴ
3025 3260 3284 3330 ἐμποδὼν
3327 3260 3472 3329 αὑτῷ
3508 3259 3714 3329 γίνεσθαι

498 3370 561 3409 ea
590 3354 792 3424 quibus
819 3352 911 3408 ille
941 3354 1208 3424 praecellit
1246 3366 1312 3406 ac
1351 3353 1608 3420 superior
1647 3360 1752 3416 est,
1784 3353 1879 3407 sed
1905 3354 2073 3408 etiam

2186 3355 2324 3422 πρὸς
2358 3355 2456 3425 τήν
2519 3354 2824 3425 προκοπήν.
2895 3352 3162 3421 Ἐσχάτης
3198 3352 3253 3404 δὲ
3317 3353 3508 3417 κακίας
3545 3351 3714 3421 βαθμδς

500 3444 646 3500 bona
669 3446 811 3516 ejus,
845 3443 1003 3514 quasi
1029 3443 1157 3498 talia
1189 3457 1303 3498 non
1329 3443 1462 3510 sint,
1490 3443 1838 3499 calumniari.

2187 3443 2570 3513 εὑρεθήσεται,
2600 3443 2659 3495 τὸ
2701 3442 2776 3512 μὴ
2811 3442 2968 3512 μόνον
2998 3440 3292 3496 δάκνεσθαι
3328 3445 3385 3495 ἐν
3414 3444 3519 3505 τοῖς
3539 3441 3713 3493 ἐκείνου

2183 3533 2620 3605 προτερήμασιν,
2647 3533 2782 3585 ἀλλά
2803 3534 2896 3585 καὶ
2929 3531 3234 3584 διαϐάλλειν
3254 3533 3327 3584 τά
3356 3532 3552 3585 ἐκείνου
3580 3530 3714 3595 mn,

2183 3622 2260 3686 ὡς
2294 3623 2368 3693 μὴ
2400 3623 2625 3677 τοιαῦτα
2649 3623 2986 3693 τυγχάνοντα

575 3716 700 3772 122.
728 3715 865 3772 Alia:
897 3723 1027 3771 sunt
1055 3713 1346 3786 passiones
1376 3728 1678 3786 corporeae,
1710 3715 1831 3771 alia:
1856 3717 2073 3786 animae,

2257 3712 2400 3784 ρκβ’.
2458 3715 2629 3768 Ἀλλα
2687 3714 2754 3766 τά
2808 3712 3096 3782 σωματικά
3161 3712 3336 3784 πάθη,
3380 3712 3470 3765 καὶ
3515 3711 3633 3764 ἄλλα
3660 3706 3713 3757 τὰ

499 3809 620 3863 aliae
639 3808 940 3863 secundum
971 3815 1247 3874 naturam,
1277 3806 1397 3861 aliae
1427 3815 1627 3877 praeter
1657 3817 1936 3865 naturam.
1968 3810 2077 3877 Qui

2184 3806 2326 3859 κατά
2358 3807 2541 3875 φύσιν,
2577 3805 2672 3858 καὶ
2703 3804 2837 3859 ἄλλα
2866 3805 2933 3857 τά
2972 3803 3122 3873 παρά
3147 3803 3335 3872 φύσιν.
3380 3804 3436 3856 '0
3462 3801 3515 3854 δέ
3543 3800 3603 3851 τὰ
3633 3795 3712 3866 μὲν

506 3902 677 3971 igitur
700 3902 838 3955 alias
859 3899 1083 3970 quidem
1104 3898 1341 3969 repellit,
1360 3899 1498 3954 alias
1517 3915 1627 3954 non
1649 3910 1826 3965 curat,
1848 3903 2077 3971 perinde

2183 3895 2591 3964 ἀπωθούμενος,
2653 3893 2763 3946 τῶν
2816 3893 2873 3945 δὲ
2940 3894 3199 3963 πρόνοιαν
3262 3894 3341 3962 μὴ
3390 3890 3709 3960 ποιούμενος.

502 3992 661 4055 facit,
688 3999 749 4045 ut
777 3991 872 4060 qui
916 4006 1101 4060 sepem
1134 3992 1300 4045 altam
1339 4005 1405 4045 ac
1437 3990 1663 4046 densam
1695 4001 1884 4047 contra
1930 3994 2078 4051 feras

2184 3985 2366 4056 ὅμοιός
2400 3990 2548 4038 ἐστιν
2573 3984 2871 4055 ἀνθρώπῳ,
2928 3983 3181 4054 φραγμὸν
3246 3984 3349 4052 μὲν
3396 3981 3585 4051 ὑψηλὸν
3636 3976 3712 4031 καὶ

503 4084 746 4147 excitat,
797 4081 1121 4138 volucribus
1170 4089 1354 4137 autem
1413 4082 1744 4151 conspicuos
1793 4084 2078 4141 rationalis

2186 4077 2465 4147 συνηρεφῆ
2504 4077 2649 4129 κατά
2681 4075 2790 4128 τῶν
2838 4075 3039 4145 θηρίων
3096 4075 3356 4127 ίστῶντιο
3412 4069 3712 4140 συνηδομένῳ

505 4177 682 4232 vineae
712 4176 905 4231 botros
930 4173 1360 4245 depascentibus
1380 4175 1707 4231 collaetatur.

2181 4166 2240 4220 δὲ
2268 4170 2379 4230 τοῖς
2410 4170 2632 4237 πτηνοῖς
2660 4165 2899 4220 ἐσθίουσι
2930 4165 3027 4228 τάς
3056 4165 3149 4219 τοῦ
3174 4165 3398 4233 λογικοῦ
3430 4160 3711 4234 ἀμπελῶνος

2185 4259 2483 4328 σταφυλὰς,
2514 4259 2613 4322 τὰς
2641 4259 2810 4321 ὅντως
2841 4259 3186 4326 περιφανεῖς.

576 4341 695 4397 123.
712 4340 912 4396 Malum
933 4336 990 4393 in
1013 4339 1254 4394 animam
1278 4353 1527 4409 irrepens
1542 4339 1723 4409 primo
1746 4350 1994 4396 versatur
2020 4341 2074 4394 in

2256 4349 2398 4419 ρκγ¹.
2462 4350 2551 4402 Ἐν
2596 4348 2835 4421 πρώτοις
2877 4348 2911 4418 ή
2957 4347 3102 4418 ψυχή
3132 4349 3191 4400 ἐν
3237 4346 3505 4417 φαντασίᾳ
3534 4344 3711 4413 γίνεται

504 4433 926 4504 imaginatione,
980 4440 1172 4502 postea
1231 4431 1288 4485 in
1336 4430 1820 4500 concupiscentia,
1875 4431 2077 4489 tumin

2181 4440 2276 4492 τοῦ
2304 4438 2500 4505 κακοῦ,
2535 4432 2657 4492 εἶτα
2685 4438 2744 4490 ἐν
2772 4436 3063 4507 ἐπιθυμίᾳ,
3116 4435 3310 4491 ἔπειτα
3358 4438 3416 4490 ἐν
3471 4434 3635 4505 ήδονῇ,
3679 4426 3707 4498 ἢ

503 4525 869 4580 delectatione
909 4524 999 4578 vel
1029 4523 1281 4587 tristitia,
1309 4523 1512 4578 deinde
1556 4522 1619 4576 in
1654 4523 1991 4585 sensatione,
2023 4530 2080 4575 et

2111 4592 2150 4603 ᾳ
2183 4529 2349 4603 λύπῃ,
2380 4527 2481 4583 εἷθ’
2507 4528 2679 4592 οὑτως
2710 4530 2769 4581 ἐν
2837 4527 3109 4598 αἰσθήσει,
3157 4527 3250 4581 καὶ
3282 4526 3403 4597 μετ’
3457 4523 3629 4591 αὐτὴν,
3664 4520 3709 4569 ἓν

503 4624 628 4686 post
656 4617 799 4670 banc
828 4616 886 4670 in
919 4623 1068 4669 tactu
1104 4615 1314 4669 visibili
1362 4622 1420 4668 et
1467 4613 1730 4668 invisibili
1761 4632 1775 4667 :
1808 4623 1975 4683 atque
2020 4613 2075 4667 in

2111 4592 2155 4651 Β
2183 4592 2390 4691 ἀφῇῗτῇ
2421 4620 2721 4692 φαινομένῃ
2758 4618 2853 4673 καὶ
2882 4592 3103 4685 ἀφανεῖ,
3157 4620 3217 4671 ἐν
3256 4592 3389 4670 πᾶσι
3452 4606 3709 4678 συνεπομέ-

504 4710 764 4763 omnibus
785 4708 875 4762 his
897 4708 1232 4761 comitantur
1258 4707 1642 4775 cogitationes,
1672 4708 1890 4763 secluso
1924 4718 2078 4763 motu

2182 4726 2290 4763 νων
2333 4711 2442 4762 τῶν
2493 4708 2797 4779 λογισμῶν,
2853 4706 2994 4776 πλὴν
3020 4706 3118 4775 τῆς
3145 4705 3415 4776 προτέρας
3456 4702 3704 4770 κινήσεως,

505 4817 539 4868 p
573 4802 704 4862 imo,
735 4799 829 4869 qui
861 4799 906 4852 si
942 4797 1247 4867 rejiciatur,
1272 4812 1434 4852 omne
1457 4797 1662 4851 malum
1694 4813 1762 4853 ex
1790 4813 1858 4853 eo
1891 4814 2082 4854 conse-

2182 4797 2251 4873 ἧς
2279 4801 2355 4870 μὴ
2413 4799 2869 4870 παραδεχθείσης,
2914 4797 3023 4849 πᾶν
3067 4794 3128 4848 τὺ
3191 4795 3309 4865 μετ’
3361 4791 3523 4859 αὐτὴν
3567 4784 3706 4840 κακὸν

505 4907 680 4962 quens
706 4889 951 4943 inefﬁcax
972 4888 1304 4943 invenietur.

2181 4890 2544 4961 ἀνενέργητον
2577 4887 2951 4958 εὑρεθήσεται.

580 4983 705 5036 ηε.
744 4981 850 5048 Qui
877 4978 1310 5050 impassibilitati
1351 4979 1748 5049 propinquant,
1788 4980 1920 5035 solis
1960 4990 2078 5035 tur-

2255 4979 2388 5051 ρκδ’.
2425 4980 2488 5032 Oi
2523 4980 2621 5048 μὲν
2651 4981 2718 5049 τῇ
2746 4976 2984 5046 ἀπαθείᾳ
3035 4975 3367 5044 ἐγγίζοντες,
3420 4967 3704 5039 φαντασίαις

510 5076 710 5129 bantur
740 5070 1255 5143 imaginationibus;
1289 5070 1581 5126 desideriis
1604 5085 1736 5127 vero
1763 5072 1859 5141 qui
1895 5074 2081 5128 mode-

2185 5071 2374 5142 μόναις
2407 5069 2752 5122 σαλεύονταισ
2788 5068 3108 5136 ἐπιθυμίαις
3127 5067 3204 5130 δὲ,
3236 5069 3283 5119 οἱ
3323 5058 3700 5134 μετριοπαθεῖς⁶

511 5167 612 5219 rati
682 5173 812 5218 sunt
860 5164 919 5218 in
971 5162 1400 5232 cupiditatibus;
1436 5162 1752 5218 seusatione
1801 5165 1950 5230 mali,
1983 5167 2078 5235 qui

2182 5164 2242 5215 ἐν
2272 5160 2523 5229 αἰσθήσει
2551 5159 2606 5211 δὲ
2636 5160 2876 5227 γίνονται
2905 5156 3001 5209 τοῦ
3031 5156 3224 5222 κακοῦ,
3254 5157 3300 5208 οξ
3327 5149 3701 5235 παραχρώμενοι

510 5258 818 5310 abutuntur
840 5256 1009 5310 rebus
1040 5257 1420 5323 nescessariis,
1446 5263 1636 5326 postea
1667 5265 1849 5311 autem
1879 5258 1946 5312 de
1975 5259 2081 5313 hoc

2186 5253 2285 5323 μέν
2320 5253 2389 5328 τά
2410 5252 2510 5321 τῆς
2562 5250 2773 5321 χρείας,
2821 5249 3151 5318 λυπούμενοι
3180 5248 3237 5301 δέ
3259 5263 3271 5276 ·
3321 5249 3378 5299 ἐν
3432 5245 3484 5296 δὲ
3512 5242 3627 5309 ἀφῇ,
3660 5234 3700 5286 οἱ

510 5345 731 5410 dolent;
772 5344 827 5398 in
867 5354 1017 5399 tactu
1048 5343 1292 5409 demum,
1332 5359 1473 5413 quos
1506 5343 1699 5398 iisdem
1738 5344 1942 5399 abusos
1967 5361 2077 5399 non

1403 5359 1473 5398 ros
1506 5343 1699 5398 iisdem
1738 5344 1942 5399 abusos
1967 5361 2077 5399 non
2182 5344 2403 5405 ἀλύπως
2432 5344 2568 5412 αὐτῇ
2597 5340 3001 5411 συγγινόμενοι.

516 5436 766 5491 υωηίιει.

587 5571 711 5625 125.
761 5572 823 5625 In
868 5570 1128 5626 omnibus
1193 5568 1457 5624 membris
1514 5572 1765 5639 corporis
1827 5572 2078 5642 voluptas

2261 5566 2392 5637 ρκε’.
2445 5568 2511 5622 Ἠ
2542 5569 2704 5640 ἡδονή
2759 5571 2818 5624 ἐν
2868 5572 3002 5626 πᾶσι
3054 5578 3152 5643 μὲν
3189 5575 3301 5637 τοῖς
3351 5571 3441 5624 τοῦ
3490 5567 3698 5637 σώματος

513 5663 701 5719 sedem
747 5662 932 5725 habet,
969 5661 1066 5716 sed
1106 5675 1217 5715 non
1257 5675 1451 5716 omnes
1503 5676 1659 5731 teque
1700 5662 1905 5717 turbat.
1946 5664 2082 5719 Aliis

2189 5659 2576 5729 ἐγκαθίδρυται
2608 5662 2851 5730 μέλεσιν,
2884 5664 2946 5716 οὑ
2977 5666 3109 5719 πᾶσι
3132 5665 3195 5718 ’δὲ
3227 5663 3478 5727 ὡσαύτως
3523 5673 3696 5727 παρεν-

514 5755 719 5825 quippe
770 5754 945 5825 magis
995 5753 1299 5809 secundum
1349 5755 1828 5824 concupiscentem
1884 5757 2077 5811 anima:

2194 5745 2427 5814 οχλοῦσα
2469 5749 2742 5815 φαίνεται,
2808 5751 2946 5804 ἀλλὰ
2989 5755 3104 5814 τοῖς
3154 5752 3252 5823 μὶν
3302 5751 3490 5821 μᾶλλον
3535 5749 3602 5808 είς
3649 5741 3696 5792 τὸ

516 5855 731 5916 partem
780 5846 1008 5902 molesta
1055 5855 1160 5913 est,
1207 5846 1330 5902 aliis
1373 5849 1677 5902 secundum
1730 5847 2077 5913 irascentem,

2189 5836 2579 5908 ἐπιθυμητικὸν
2623 5841 2719 5909 τῆς
2763 5840 2939 5913 ψυχῆς
2977 5843 3158 5913 μέρος,
3186 5844 3296 5905 τοῖς
3323 5842 3378 5896 δὲ
3411 5841 3487 5903 είς
3526 5838 3569 5890 τὶ
3621 5832 3690 5884 θυν
