4064 6274
460 423 596 485 1173

1625 423 2016 486 GNOSTIC/E
2059 423 2526 486 SENTENTI/E.
2638 441 2641 443 ·

3539 426 3579 490 ’1
3595 427 3697 493 174

450 535 629 602 μικδν,
663 536 871 607 ἑτέροις
897 536 974 603 δὲ,
1020 539 1098 602 είς
1147 539 1210 592 τδ
1265 541 1466 609 ταύτης
1514 541 1854 609 λογιστικόνο
1902 548 1985 616 ,διά

2132 536 2253 590 aliis
2275 534 2576 589 secundum
2602 533 3041 598 ratiocinantem,
3060 551 3159 606 per
3179 535 3444 593 malitiam
3467 536 3700 604 scilicet,

446 629 912 696 γαστριμαργίας,
942 630 1223 699 όξυχολίας
1241 633 1336 685 καὶ
1361 635 1644 702 πονηρίας,
1672 636 1768 706 τῆς
1799 637 2013 691 πάντων

444 721 624 781 αἰτίας
655 721 764 772 τῶν
785 723 1010 774 ἀνοσίων
1039 719 1247 779 παθῶν.

518 817 664 880 ρκς’.
721 813 958 884 Ἀνάγκη
985 816 1083 884 μὲν
1105 815 1172 868 τά
1191 816 1538 887 αἰσθητήρια,
1561 819 1636 882 ὡς
1662 820 1836 884 πύλας
1860 823 2005 877 ἀνοί-

441 919 558 968 γειν
588 903 791 965 πόλεως
810 918 825 933 ⁸
858 904 1069 974 ἀνάγκη
1097 906 1153 958 δὲ
1177 908 1252 976 μὴ
1286 910 1588 977 συγχωρεῖν
1618 907 1676 961 ἐν
1708 927 1774 981 τῃ
1803 911 2006 979 ἀνοίξει

440 991 545 1043 τῶν
562 992 899 1057 ἀναγκαίων,
923 993 1130 1046 συνεισέ
1137 994 1359 1064 ρχεσθαι
1373 996 1500 1066 ἔθνη
1512 998 1579 1050 τά
1595 999 1722 1062 τοὺς
1738 1002 2004 1072 πολέμους

440 1081 683 1147 θέλοντα,
730 1083 826 1135 καὶ
856 1085 1036 1152 μάχης
1076 1084 1226 1139 αίτια
1253 1086 1654 1158 καθιστάμενα.

410 1220 433 1324 1
520 1265 668 1336 ρκζν.
713 1264 907 1336 Ἦδονὴ
970 1270 1089 1338 μὲν,
1123 1271 1306 1342 μήτηρ
1345 1273 1680 1344 ἐπιθυμίας⁸
1720 1275 1895 1347 θυμοῦ
1931 1279 2010 1346 δὲ,

445 1358 719 1426 ὀξυχολία,
754 1359 1052 1426 βασκανίας
1082 1361 1160 1426 δὲ,
1207 1365 1442 1435 πονηρία
1501 1366 1842 1425 καθίσταται.
1899 1373 2012 1425 οὐκ

444 1447 714 1514 εἰρηνεύει
752 1449 806 1500 δὲ
835 1450 974 1517 μετά
1013 1451 1117 1504 τῶν
1144 1454 1388 1523 ἐσχάτων
1417 1456 1444 1507 6
1480 1459 1554 1528 μὴ
1594 1458 1734 1512 κατὰ
1756 1459 1863 1512 τῶν
1906 1462 2008 1533 ἀρο

441 1554 642 1605 χοντων
659 1539 1059 1610 ἀγωνιζόμενος
1079 1558 1092 1571 '
1115 1544 1231 1595 οὐδὲ
1247 1546 1327 1608 είς
1345 1546 1437 1598 τὸν
1461 1548 1557 1615 τῆς
1585 1552 2006 1618 μετριοπαθείας

440 1627 662 1680 δύναται
715 1629 909 1700 λιμένα
984 1633 1346 1703 είσέρχεσθαι,
1403 1639 1431 1691 6
1487 1637 1578 1709 βίᾳ
1640 1641 1737 1703 τάς
1791 1644 2007 1708 ἐντολάς

447 1719 865 1788 μετερχόμενος.

511 1807 648 1880 ρκη⁹.
679 1809 791 1873 Τάς
830 1814 1135 1882 προσϐολὰς
1167 1818 1218 1869 οἱ
1249 1818 1705 1890 ἀποκρουόμενοι,
1757 1824 1818 1876 ού
1869 1843 2000 1894 συγ-

2125 641 2246 695 qua:
2277 627 2459 695 passio
2488 635 2572 682 est
2605 626 2850 681 omnium
2884 626 3204 683 deterrima.

2201 809 2322 864 126.
2375 808 2612 865 Necesse
2659 810 2883 879 quidem
2932 819 3016 865 est
3057 813 3302 866 sensoria
3337 828 3433 867 seu
3491 828 3698 884 organa

2125 915 2388 957 sensuum
2431 909 2692 972 tanquam
2738 902 2894 957 urbis
2923 903 3161 974 alicujus
3207 915 3397 974 portas
3440 906 3695 974 aperire;

2127 1009 2355 1050 necesse
2380 1003 2466 1050 est
2489 1001 2696 1060 autem,
2719 994 2849 1050 dum
2879 996 3194 1052 necessario
3216 996 3564 1066 aperiuntur,
3588 1014 3697 1052 non

2125 1085 2339 1154 ingredi
2393 1100 2610 1152 causas,
2655 1087 2858 1157 quibus
2906 1086 3048 1143 bella
3093 1095 3151 1143 et
3181 1104 3378 1159 pugna:
3419 1089 3474 1143 in
3514 1090 3699 1144 anima

2125 1175 2457 1232 excitantur.
2663 1175 2665 1178 ⁴

2194 1266 2318 1321 127.
2349 1266 2501 1336 Opus
2540 1267 3002 1337 concupiscentia:
3034 1268 3288 1338 voluptas
3330 1279 3436 1335 est,
3470 1271 3698 1325 iracun-

2125 1357 2230 1411 diae
2277 1359 2568 1428 repentina
2612 1368 2670 1413 et
2702 1358 2847 1412 acris
2898 1359 3001 1424 ira,
3051 1361 3433 1428 perversitatis
3467 1362 3695 1421 invidia.

2123 1450 2240 1505 Nec
2277 1465 2412 1506 vero
2459 1458 2544 1505 est
2573 1451 2630 1504 in
2673 1466 2808 1520 pace
2851 1466 2978 1506 cum
3021 1451 3245 1516 inlimis,
3275 1453 3371 1521 qui
3413 1469 3521 1508 non
3569 1471 3697 1510 cum

2124 1543 2358 1598 summis
2423 1541 2706 1610 decertat;
2758 1558 2862 1598 nec
2919 1543 2976 1596 in
3023 1551 3243 1612 portum
3299 1543 3698 1600 mediocritatis

2125 1634 2442 1703 passionum
2469 1634 2652 1689 invehi
2677 1642 2880 1704 potest,
2901 1635 2995 1706 qui
3024 1635 3075 1688 vi
3101 1643 3156 1689 et
3180 1643 3404 1690 coactus
3421 1637 3516 1690 Dei
3544 1652 3697 1692 man-

2123 1725 2248 1778 data
2290 1733 2495 1779 servat.

2195 1817 2318 1870 128.
2351 1818 2455 1883 Qui
2504 1819 2835 1874 tentationes
2875 1819 3172 1888 repellunt,
3204 1835 3313 1872 non
3365 1821 3692 1888 permittunt

434 1901 702 1969 χωροῦσιν
735 1901 947 1956 ἔνδοθεν
984 1905 1076 1958 τοῦ
1107 1906 1323 1975 λογικοῦ
1364 1913 1704 1980 ἀμπελῶνος,
1737 1917 1810 1979 ὡς
1835 1889 1985 1986 θηρία

2122 1911 2269 1964 intro
2299 1911 2515 1964 vineam
2547 1907 2893 1980 spiritualem
2934 1909 3235 1965 bestiarum
3271 1911 3445 1965 instar
3479 1912 3691 1982 cogita-

434 1991 560 2074 τοὺς
614 1991 905 2060 λογισμοὺς
960 1997 1326 2067 είσέρχεσθαι,
1388 2004 1482 2055 καὶ
1547 2008 1648 2056 τῶν
1684 2009 1891 2060 ἐκείνου
1937 2011 1996 2060 ἐν

424 2081 570 2153 λύμῃ
595 2084 972 2140 καθίστασθαι.
1003 2090 1065 2140 Οί
1096 2091 1151 2141 δὲ
1193 2091 1565 2156 συνδιάξοντες
1612 2096 1734 2165 μὲν,
1765 2096 1838 2167 μὴ
1863 2114 1990 2150 συν.

431 2171 686 2240 ηδόμενοι
719 2175 794 2238 δὲ,
819 2177 1005 2238 ἁπλῶς
1031 2178 1375 2251 είσέρχεσθαι
1402 2182 1596 2245 αὐτοὺς
1626 2187 1987 2255 συγχωροῦσι,

429 2263 504 2331 μὴ
535 2263 802 2316 ἅπτεσθαι
828 2266 883 2318 δὲ
914 2268 1143 2336 μηδενὸς
1183 2269 1290 2322 τῶν
1313 2272 1477 2324 αὑτοῦ
1497 2289 1510 2302 ⁸
1539 2275 1588 2325 οἱ
1609 2275 1663 2327 δὲ
1687 2276 1853 2344 ἡδέως
1894 2278 1990 2344 μὲν
2033 2322 2047 2332 .

428 2353 844 2422 συνομιλοῦντες
892 2361 1003 2421 τοῖς
1051 2361 1247 2413 πάθεσι
1294 2362 1382 2414 διὰ
1410 2364 1518 2414 τῶν
1556 2364 1858 2434 λογισμῶν,
1909 2370 1989 2430 είς

427 2445 820 2510 συγκατάθεσιν
877 2448 930 2500 δὲ
993 2450 1066 2519 μὴ
1117 2451 1422 2521 ἐρχόμενοι,
1477 2454 1834 2524 ὡμοιώθησαν
1877 2462 1990 2520 τοῖς

423 2534 615 2586 ἐάσασι
658 2537 749 2587 τὸν
784 2539 964 2606 μονιὺν
995 2539 1205 2593 ἔνδοθεν
1236 2542 1328 2594 τοῦ
1362 2545 1558 2610 ἀγροῦ,
1595 2549 1686 2599 καὶ
1715 2546 1808 2600 τοῦ
1855 2566 1990 2619 φρα-

419 2625 562 2692 γμοῦ
592 2627 872 2690 εἰσελθεῖν,
903 2630 961 2681 ἐν
987 2631 1133 2698 κόρῳ
1155 2631 1210 2683 δὲ
1231 2634 1391 2686 αὑτὸν
1415 2636 1525 2688 τῶν
1548 2636 1639 2688 τοῦ
1666 2638 1990 2706 ἀμπελῶνος

421 2715 672 2780 γενέσθαι
699 2717 941 2785 βοτρύων
970 2720 1045 2786 μὴ
1076 2726 1532 2791 συγχωρήσασινῖ
1559 2726 1673 2780 εἶτα
1705 2725 1860 2800 εὗρον
1889 2734 1988 2784 αύ-

420 2802 511 2853 τδν
537 2806 633 2872 τῆς
659 2805 867 2858 ἑαυτῶν
893 2807 1178 2877 δυνάμεως
1209 2813 1578 2883 ἰσχυρότερον,
1623 2819 1680 2868 ἐν
1713 2836 1988 2887 συγκατα-

423 2887 570 2942 θέσει
594 2892 853 2956 πολλάκις
881 2896 1073 2948 παθῶν
1101 2899 1506 2967 εὑρισκόμενοι.

497 2980 632 3048 ρκθ¹.
659 2981 824 3035 Οῦπω
847 2984 1081 3050 ἔφθασεν
1129 2989 1207 3047 εἰς
1241 2988 1544 3059 ἁπλότητα,
1577 2996 1604 3046 6
1640 2995 1718 3048 ἔτι
1739 2998 1987 3068 δεόμενος

419 3071 729 3139 ἐπιμελείας
765 3077 1019 3145 φραγμοῦ
1046 3077 1138 3129 τοῦ
1170 3079 1310 3131 κατά
1325 3081 1422 3150 τὴν
1452 3084 1801 3152 ἐγκράτειανο
1836 3091 1863 3141 6
1894 3091 1986 3142 τέ-

419 3159 557 3223 λειος
580 3162 708 3230 γὰρ,
741 3166 927 3230 φησὶν,
959 3167 1058 3219 οὐκ
1088 3169 1503 3238 ἐγκρατεύεται,
1535 3173 1651 3225 ἀλλ’
1675 3177 1704 3227 6
1724 3177 1803 3230 ἔτι
1835 3180 1985 3246 ἀγω-

417 3252 715 3321 νιζόμενος.
750 3256 930 3308 ’Έοικε
961 3258 1018 3310 δὲ
1043 3259 1118 3328 τῷ
1146 3260 1320 3328 ἔχοντι
1364 3262 1629 3331 ἄμπελον,
1683 3269 1714 3338 ἢ
1745 3269 1983 3340 ἄρουραν

417 3342 481 3392 οὑ
509 3343 671 3411 μέσον
692 3345 902 3400 πολλῶν
927 3347 1100 3400 ἄλλων
1125 3340 1460 3418 ἀμπελώνων
1482 3353 1515 3422 ἢ
1551 3355 1758 3426 χώρων,
1789 3360 1903 3413 ἀλλ’
1925 3363 1982 3416 ἐν

416 3431 588 3519 γωνίᾳ
619 3448 718 3482 που
741 3448 754 3460 ·
787 3433 880 3486 καὶ
909 3434 998 3488 διὰ
1026 3437 1185 3489 τοῦτο
1212 3439 1465 3509 δεόμενον
1496 3445 1691 3515 πολλῆς
1723 3448 1824 3517 τῆς
1881 3467 1978 3519 φυ-

414 3516 604 3589 λακῆς,
636 3523 726 3573 καὶ
751 3524 848 3590 τῆς
879 3525 1114 3594 νήψεως.
1147 3528 1254 3581 Τοῦ
1290 3532 1396 3601 γάρ
1431 3533 1510 3594 είς
1538 3516 1815 3606 ἁπλότητα
1842 3516 1978 3608 φθάο

416 3625 625 3675 σαντος,
658 3614 720 3665 ἐκ
773 3617 970 3679 παντὸς
1026 3619 1058 3687 ή
1115 3620 1361 3686 ἄμπελος
1410 3625 1684 3694 ἀνέπαφος
1735 3631 1977 3698 γίνεταιι

412 3702 658 3772 καθάπερ
691 3703 954 3772 βασιλέως
981 3708 1012 3776 ἢ
1041 3710 1182 3773 τινὸς
1211 3711 1369 3764 ἄλλου
1415 3717 1978 3788 παραδυναστεύοντος

411 3790 664 3859 φοϐεροῦ,
696 3795 788 3847 καὶ
825 3797 990 3865 μόνης
1021 3797 1081 3860 ἐξ
1120 3799 1310 3869 ἀκοῆς,
1342 3803 1468 3866 τούς
1504 3821 1562 3858 τε
1609 3807 1846 3873 κλέπτας
1886 3815 1978 3865 καὶ

409 3881 722 3947 παροδίτας,
754 3883 998 3952 φρίττειν
1034 3885 1308 3951 ποιοῦντος
1345 3891 1444 3959 τὴν
1477 3894 1838 3965 ἐπιχείρησιν.

483 3966 581 4036 ρλ’.
611 3969 802 4023 Πολλοὶ
843 3974 943 4041 μὲν
989 3977 1068 4038 είς
1103 3976 1194 4030 τὸν
1224 3978 1325 4048 τῆς
1355 3985 1725 4049 κακοπαθείας
1749 3991 1976 4058 σταυρὸν

410 4058 747 4128 ἀνέρχονται,
780 4062 950 4130 ὀλίγοι
974 4063 1031 4116 δὲ
1056 4066 1148 4118 καὶ
1176 4069 1300 4132 τοὺς
1325 4070 1488 4140 ἥλους
1538 4073 1703 4127 αὐτοῦ
1745 4079 1973 4130 καταδέο

411 4165 612 4216 χονται*
680 4151 790 4204 τῶν
837 4153 937 4220 μὲν
973 4155 1080 4224 γὰρ
1107 4158 1247 4210 κατὰ
1305 4162 1620 4231 προαίρεσιν
1679 4167 1856 4219 πόνων
1883 4170 1975 4222 καὶ

411 4238 681 4306 θλίψεων,
753 4243 982 4312 ὑπήκοοι
1049 4247 1261 4301 πολλοί·
1334 4251 1441 4302 τῶν
1498 4255 1874 4325 ἀπροαιρέτως
1916 4259 1973 4311 δὲ

406 4327 734 4399 ἐρχομένων,
777 4337 926 4400 μόνοι
953 4337 1003 4387 οί
1032 4339 1110 4407 τῷ
1145 4339 1332 4410 κόσμῳ
1368 4342 1540 4412 τούτῳ
1568 4344 1788 4409 τελείως
1832 4349 1970 4402 ἀπο-

410 4418 660 4484 θανόντες
697 4427 790 4476 καὶ
816 4429 880 4496 τῇ
918 4429 1221 4483 ἀναπαύσει
1255 4433 1440 4488 αὑτοῦ.

2117 2001 2298 2057 tiones
2352 2001 2567 2070 ingredi
2613 2015 2845 2068 eamque
2888 2007 3129 2055 vastare.
3180 2001 3285 2066 Qui
3339 2011 3523 2057 autem
3584 2003 3690 2058 illis

2115 2095 2436 2158 connivent,
2462 2107 2566 2148 nec
2603 2101 2786 2147 tamen
2832 2092 2915 2146 eis
2958 2092 3323 2158 delectantur,
3364 2093 3690 2163 simpliciter

2115 2187 2261 2255 ipsas
2287 2185 2495 2240 intrare
2519 2186 2731 2252 sinunt,
2761 2200 2825 2239 ea
2845 2186 2965 2256 lege
2993 2196 3052 2239 ut
3077 2186 3212 2240 nihil
3238 2186 3291 2239 in
3321 2186 3411 2240 illa
3440 2197 3686 2256 tangant.

2115 2280 2219 2345 Qui
2259 2279 2479 2333 tandem
2517 2287 2703 2332 amant
2737 2292 2863 2332 eum
2908 2277 3303 2346 cupiditatibus
3349 2292 3448 2345 per
3483 2279 3691 2348 cogita—

2115 2371 2296 2424 tiones
2341 2371 2601 2439 colloqui,
2654 2369 2785 2424 licet
2838 2385 3014 2438 usque
3060 2370 3128 2423 ad
3185 2385 3519 2425 consensum
3575 2386 3685 2424 non

2115 2459 2433 2520 deveniant,
2485 2459 2693 2513 similes
2727 2468 2858 2513 sunt
2908 2459 3018 2513 illis
3063 2459 3157 2528 qui
3194 2461 3466 2528 patientes
3510 2461 3686 2516 ferant

2115 2549 2348 2604 introire
2381 2564 2574 2619 agrum
2622 2550 2708 2602 vel
2741 2565 2950 2618 sepem,
2977 2564 3095 2603 eam
3130 2549 3316 2602 satiari
3348 2551 3522 2605 vineae
3565 2552 3688 2605 uvis

2112 2657 2222 2697 non
2249 2642 2462 2705 sinunt,
2491 2641 2588 2695 sed
2635 2651 2825 2710 postea
2857 2655 2975 2694 eam
3013 2641 3302 2694 inveniunt
3334 2641 3531 2710 seipsis
3569 2642 3687 2696 for-

2113 2731 2334 2791 tiorem,
2376 2742 2433 2786 et
2475 2747 2534 2786 se
2574 2731 2973 2801 cupiditatibus
3021 2733 3222 2802 saapius
3275 2734 3685 2790 consentientes

2109 2820 2552 2891 deprehendunt;
2597 2873 2599 2876 ι

2183 3009 2307 3064 129.
2352 3005 2608 3062 Nondum
2669 3006 2740 3061 ad
2789 3005 3196 3076 simplicitatem
3261 3010 3534 3077 pervenit,
3590 3012 3680 3066 cui

2112 3099 2296 3156 adhuc
2346 3113 2488 3169 opus
2523 3105 2608 3153 est
2653 3106 2715 3152 ut
2763 3113 2893 3167 sepe
2935 3098 3309 3167 temperantia:
3343 3101 3628 3156 muniatur
3662 3122 3677 3158 :

2111 3208 2238 3248 nam
2270 3208 2329 3248 se
2360 3192 2644 3247 continere
2688 3206 2798 3246 non
2848 3198 2934 3245 est
2977 3190 3230 3260 perfecti,
3272 3191 3368 3246 sed
3413 3192 3536 3262 ejus
3578 3196 3674 3263 qui

2108 3286 2290 3341 adhuc
2316 3285 2535 3340 militat.
2561 3283 2655 3337 Ille
2681 3292 2863 3336 autem
2887 3281 3082 3336 similis
3107 3290 3192 3336 est
3222 3282 3428 3338 homini
3453 3285 3675 3340 habenti

2106 3379 2324 3433 vineam
2377 3377 2461 3430 vel
2511 3391 2702 3446 agrum
2762 3376 2919 3437 sitos,
2950 3389 3058 3428 nun
3110 3373 3254 3428 inter
3297 3376 3501 3430 multos
3538 3377 3677 3432 alios

2109 3483 2336 3538 campos
2364 3474 2422 3521 et
2451 3465 2662 3530 vineas,
2691 3463 2787 3518 sed
2829 3464 2881 3516 in
2911 3464 3110 3533 angulo
3149 3463 3409 3532 quodam,
3439 3465 3674 3535 ideoque

2105 3560 2417 3629 indigentes
2460 3557 2635 3610 multa
2679 3553 2926 3608 custodia
2957 3563 3014 3608 et
3058 3554 3361 3624 vigilantia.
3389 3555 3492 3621 Qui
3524 3558 3672 3610 enim

2102 3649 2168 3701 ad
2223 3646 2628 3715 simplicitatem
2681 3643 2952 3712 pervenit,
3005 3644 3232 3696 omnino
3281 3652 3453 3696 tutam
3508 3645 3674 3700 habet

2103 3738 2341 3797 vineam,
2377 3747 2438 3791 ut
2473 3751 2565 3789 rex
2603 3735 2687 3788 vel
2727 3735 2869 3788 alius
2905 3735 3163 3803 princeps
3212 3734 3578 3789 formidabilis
3613 3747 3671 3792 et

2099 3827 2213 3882 sola
2246 3843 2378 3882 voce
2408 3827 2560 3882 fures
2587 3835 2641 3880 et
2679 3825 2921 3880 viatores
2949 3827 3016 3880 ah
3043 3826 3326 3881 invasione
3357 3827 3665 3883 deterrens.

2169 3989 2289 4044 150.
2315 3988 2462 4044 Multi
2490 3989 2544 4042 in
2570 4003 2790 4042 crucem
2817 3986 3128 4040 alliictionis
3154 3995 3477 4054 ascendunt,
3507 3993 3665 4058 pauci

2094 4081 2338 4150 ejusdem
2361 4080 2543 4134 clavos
2565 4079 3236 4133 admittuntNoluntariis
3255 4088 3313 4133 et
3329 4081 3496 4134 animi
3520 4081 3667 4149 judi-

2094 4175 2181 4228 cio
2242 4170 2512 4238 susceptis
2574 4170 2944 4224 incommodis
3007 4186 3071 4224 ac
3139 4170 3664 4228 mortiﬁcationihus

2095 4265 2252 4320 multi
2277 4280 2332 4317 se
2367 4261 2693 4332 subjiciunt,
2722 4278 2833 4314 non
2856 4261 3184 4315 voluntariis
3214 4268 3395 4314 autem
3435 4270 3493 4314 ct
3515 4263 3664 4318 ultro

2089 4355 2291 4408 oblatis
2328 4353 2362 4405 ii
2397 4359 2609 4405 tantum
2636 4353 2730 4418 qui
2760 4349 2985 4402 honoris
3019 4347 3354 4401 desiderium
3382 4364 3447 4403 ex
3478 4351 3662 4408 animo

2087 4449 2396 4518 ejecerunt.

479 4509 614 4578 ρλα’.
658 4514 871 4605 Πάντας
901 4518 998 4583 μὲν
1035 4521 1160 4581 τοὺς
1201 4522 1552 4592 δερματίνους
1582 4530 1812 4597 χιτῶνας
1842 4535 1968 4587 πολ-

2117 4509 2282 4591 ⁷151.
2326 4537 2522 4592 Omnes
2569 4535 2826 4605 pelliceas
2881 4531 3094 4585 tunicas
3147 4530 3302 4584 multi
3362 4542 3657 4600 exuerunt,

408 4599 487 4651 λοὶ
515 4603 862 4670 ὲξεδύσαντο,
893 4609 985 4660 τὸν
1007 4609 1231 4679 ἔσχατον
1258 4615 1314 4666 δὲ
1373 4616 1461 4668 τὸν
1488 4619 1586 4686 τῆς
1643 4623 1963 4690 κενοδοξίας,

407 4691 556 4758 μόνοι
583 4693 640 4743 οἱ
679 4695 776 4764 τὴν
807 4696 978 4765 αὐτῆς
1011 4702 1220 4770 μητέρα
1246 4703 1340 4772 τὴν
1367 4705 1759 4774 αύταρέσκειαν
1790 4712 1969 4780 βδελυ-

403 4779 642 4847 ξάμενοι.

475 4872 610 4942 ρλβ’.
654 4877 919 4931 Ἔπαινον
949 4880 1272 4952 ἀνθρώπων,
1311 4886 1400 4938 καὶ
1431 4889 1610 4942 ἄνεσιν
1643 4891 1911 4962 σώματος,
1939 4897 1966 4946 6

399 4963 798 5034 ἀποδεχόμενος
837 4969 953 5034 μὲν,
992 4973 1068 5039 μὴ
1120 4976 1547 5046 καταδεχόμενος
1577 4981 1654 5046 δὲ,
1687 4977 1840 5047 οὗτος
1870 4986 1964 5038 τοῦ

399 5050 627 5119 ἐσχάτου
664 5057 761 5122 τῆς
799 5059 1105 5125 κενοδοξίας
1172 5063 1395 5132 χιτῶνος
1445 5069 1647 5137 γυμνὸς
1704 5076 1961 5139 γεγονὼς,

353 5173 364 5198 τ
399 5142 493 5194 τοῦ
508 5145 566 5196 ἐν
592 5147 804 5211 πολλοῖς
829 5155 1156 5221 στεναγμοῖς
1175 5154 1603 5227 ἐπιζητούμενος
1625 5164 1813 5232 οἰκητη
1823 5167 1959 5233 ρίου,

399 5235 583 5328 costa
612 5237 839 5328 ούρανοῦ
867 5242 964 5310 τὴν
989 5243 1362 5315 λαμπρότητα,
1387 5251 1481 5302 ἀπ’
1497 5252 1744 5308 ἐντεῦθεν
1759 5255 1963 5328 ἠξιώθη

399 5323 741 5381 ἐνδύσασθαι.

469 5409 605 5507 ρλγ¹.
641 5415 804 5468 Ἀλλο
837 5419 1106 5491 ἐνέργεια,
1140 5428 1233 5478 καὶ
1268 5428 1395 5482 ἄλλο
1415 5432 1722 5507 ἐνέργημαο
1760 5440 1853 5494 καὶ
1904 5443 1964 5496 τὸ

400 5499 522 5599 μὲν,
549 5503 830 5599 ἁμαρτίας
860 5510 1281 5588 ἀπηρτισμένης
1307 5521 1422 5574 ἐστὶ
1446 5499 1743 5582 δεικτικόν·
1790 5531 1823 5599 ἠ
1882 5531 1959 5598 δὲ,

396 5588 729 5690 ήόυπαθείας
765 5599 930 5690 μάνης
976 5604 1076 5672 τῆς
1140 5607 1350 5665 ἔνδοθεν
1402 5588 1823 5690 ἐνεργουμένης,
1846 5588 1959 5676 ἀλλζ

2089 4632 2180 4684 sed
2226 4644 2377 4681 vanae
2424 4627 2611 4695 gloria:
2668 4636 2922 4694 tanquam
2980 4622 3224 4675 ultimam
3269 4622 3342 4675 illi
3392 4623 3659 4680 duntaxat

2087 4723 2181 4790 qui
2214 4723 2298 4776 sui
2328 4722 2782 4790 complacentiam
2815 4719 2963 4772 velut
2992 4717 3111 4786 ejus
3142 4724 3371 4771 matrem
3401 4719 3656 4774 detestati

2084 4822 2232 4868 sunt.

2155 4905 2278 4960 159..
2308 4904 2413 4970 Qui
2442 4903 2660 4958 laudem
2701 4900 2984 4954 hominum
3025 4906 3081 4952 et
3128 4898 3372 4967 corporis
3413 4901 3654 4968 quietem

2081 4994 2300 5064 accipit,
2329 5010 2437 5048 non
2471 5008 2600 5048 vero
2623 4999 2891 5060 acceptat,
2919 4988 3008 5042 hic
3036 4987 3229 5042 ultimo
3258 4988 3438 5042 inanis
3465 4988 3651 5056 gloriae

2080 5085 2408 5139 vestimento
2437 5083 2724 5152 spoliatus,
2757 5081 2811 5133 in
2848 5078 3143 5148 multisque
3172 5077 3469 5147 gemitibus
3498 5092 3646 5146 quaa-

2079 5190 2206 5229 rens
2226 5174 2580 5228 habitationis
2601 5187 2722 5242 qua:
2742 5171 2809 5226 de
2839 5172 2978 5226 caelo
2999 5179 3082 5224 est
3103 5170 3471 5240 splendorem,
3496 5169 3644 5223 illam

2076 5265 2282 5321 meruit
2312 5266 2656 5336 superindui.

2147 5427 2268 5481 155.
2295 5425 2456 5479 Aliud
2491 5425 2574 5478 vis
2603 5438 2860 5493 operans,
2887 5422 3032 5476 aliud
3077 5436 3232 5490 opus.
3270 5421 3382 5474 Hoc
3428 5422 3635 5488 peccati

2072 5517 2437 5574 consummati
2462 5525 2546 5570 est
2576 5513 2760 5578 index,
2786 5513 2877 5568 illa
2903 5521 3112 5567 tantum
3145 5511 3463 5579 cupiditatis
3489 5513 3637 5568 intus

2070 5608 2304 5680 agentis,
2338 5624 2447 5662 non
2483 5622 2616 5662 vero
2653 5606 2720 5661 ad
2765 5614 2920 5660 extra
2950 5621 2963 5656 :
2997 5602 3186 5672 quales
3223 5601 3299 5654 illi
3332 5603 3424 5670 qui
3454 5617 3482 5655 a
3515 5619 3638 5670 pro-

395 5681 495 5782 oth
525 5685 682 5782 ἐκτός
702 5704 716 5718 ο
748 5689 824 5752 ὡς
857 5693 906 5782 οί
945 5693 1046 5761 τῆς
1089 5697 1222 5762 ἰδίας
1253 5702 1350 5770 μὲν
1403 5681 1503 5774 μὴ-
1515 5681 1959 5782 μετακινούμενοι

2110 5700 2190 5755 ria
2216 5710 2361 5755 terra
2389 5715 2497 5754 non
2542 5698 2837 5768 pelluntur,
2871 5693 2967 5748 sed
2998 5691 3341 5762 principibus
3378 5693 3431 5746 in
3463 5691 3632 5746 tribu-

395 5771 522 5862 γῆς.
547 5771 1016 5850 δασμοφοροῦντες
1035 5785 1090 5838 δὲ
1121 5788 1271 5858 ὅμως
1291 5771 1415 5857 τοῖς*
1434 5771 1632 5850 καταδυ
1642 5771 1954 5858 ναστεύουσι

2105 5805 2187 5847 um
2215 5792 2433 5848 solvunt
2463 5805 2584 5862 quae
2609 5789 2694 5843 his
2721 5787 2959 5856 placent.

394 5859 464 5914 τὰ
489 5863 671 5930 αὐτοῖς
704 5871 1035 5944 καταθύμια.
