4064 6274
594 401 733 470 1179

576 513 830 569 Christus
847 530 875 570 e
899 517 1073 582 rtelis,
1095 522 1348 576 coluerat.
1376 522 1548 577 Porro
1569 523 1668 596 ipsi
1689 539 1720 581 e
1747 527 2154 599 coelisdesceu-

577 608 730 663 denti
760 611 834 664 ita
883 611 1105 667 demum
1161 615 1286 684 quis
1321 631 1613 673 occurrere
1645 622 1866 690 poterit,
1915 624 1962 680 si
1992 640 2160 698 supra

580 716 668 755 res
720 712 965 758 terrenas
1022 707 1262 775 seipsum
1298 710 1571 774 extulerit,
1632 721 1796 783 atque
1835 717 2070 774 actionis
2102 730 2158 774 et

576 796 1059 864 contemplationis
1108 802 1303 868 pennis
1348 803 1612 867 evexerit,
1649 804 1802 872 juxta
1832 806 1883 862 id
1915 811 2060 877 quod
2091 812 2158 865 ab

574 886 835 953 Apostelo
883 889 1086 942 dictum
1141 899 1224 944 est
1261 889 1524 946 :Obviam
1563 899 1901 962 proredemus
1936 902 2159 957 venienti

572 975 803 1031 Domino
855 980 909 1032 in
962 996 1134 1034 aerem
1175 981 1217 1036 ³.
1272 981 1489 1052 Optime
1519 986 1679 1039 etiam
1731 990 1965 1058 quadrat
2023 994 2155 1050 illud

575 1068 950 1124 Sabuchimini
979 1087 1100 1125 cum
1128 1074 1214 1126 his
1239 1075 1419 1130 verbis
1445 1093 1456 1126 :
1481 1076 1734 1134 Christus
1757 1080 1810 1134 in
1842 1093 2004 1136 terra.
2032 1083 2156 1153 Ipso

569 1160 713 1212 enim
745 1169 944 1214 nostra:
977 1162 1169 1217 salutis
1202 1179 1361 1217 causa
1406 1165 1614 1238 di-jecto
1643 1184 1707 1224 ac
1740 1179 1954 1227 terreno
1988 1173 2152 1241 iacto,

572 1264 676 1303 nos
707 1259 925 1319 propter
953 1251 1134 1319 ipsum
1164 1254 1337 1307 evecti
1377 1269 1442 1308 ac
1471 1257 1724 1313 cmlcstes
1777 1259 1904 1316 facti
1939 1279 2151 1321 sunms.

566 1339 699 1393 Illud
733 1350 911 1395 autem
951 1360 964 1396 :
994 1340 1219 1397 Cantate
1246 1342 1496 1413 Domino,
1523 1350 1694 1403 omnis
1737 1360 1898 1419 terra,
1935 1355 2154 1412 Davidis

565 1440 651 1486 est
680 1432 722 1486 ⁸.
757 1432 871 1488 Iloc
893 1448 1056 1504 porro
1082 1434 1200 1490 loco
1230 1451 1328 1505 per
1375 1447 1574 1492 terram
1620 1441 1873 1499 homines
1924 1446 1976 1499 in
2009 1456 2150 1502 terra

566 1523 876 1580 habitantes
901 1525 1297 1598 intelliguntur.
1317 1530 1589 1594 Quoniam
1612 1541 1794 1588 autem
1825 1550 1890 1590 eo
1908 1546 2153 1608 tempore

565 1618 636 1672 ob
673 1619 952 1673 Christum
994 1631 1177 1674 natum
1213 1622 1387 1691 angeli
1418 1631 1474 1677 ct
1523 1634 1774 1694 pastores
1810 1628 1978 1683 Deum
2023 1631 2148 1685 lau-

562 1710 766 1764 dabant
805 1726 870 1767 ac
921 1712 1202 1782 voluptate
1259 1713 1664 1784 adiciebantur,
1741 1718 1878 1772 mihi
1927 1736 2150 1792 quoque

563 1801 873 1859 faciendum
903 1815 1006 1872 est,
1045 1815 1104 1860 ut
1154 1807 1286 1871 illaec
1312 1807 1422 1862 duo
1478 1809 1532 1864 in
1566 1825 1738 1864 unum
1785 1815 2104 1868 contraham
2129 1855 2144 1883 ,

2000 425 2390 496 ADDENDA.

3745 453 3868 521 1130

2185 549 2229 606 Α
2258 511 2538 602 discussas
2565 560 2629 602 ac
2659 548 2914 620 depulsas
2952 556 3123 615 fuisse
3154 560 3377 618 scribit.
3413 565 3481 619 At
3509 579 3670 622 nunc
3697 568 3870 624 Then-

2263 633 2421 719 logus
2461 640 2716 696 tenebras
2758 657 3001 702 errorem
3059 658 3114 705 et
3165 661 3454 722 peccatum
3504 669 3723 713 vocat:
3788 662 3865 714 lu-

2263 740 2378 781 cem
2432 741 2616 786 autem
2664 750 2846 790 veram
2923 739 3047 795 ﬁdei
3107 743 3413 802 doetrinam
3469 758 3524 804 et
3567 751 3856 809 virtutem.

2263 823 2341 873 Ac
2371 821 2660 878 solvuntur
2686 827 2904 895 quidem
2942 833 3202 899 tenebrae,
3236 846 3294 890 ut
3334 839 3604 896 accidens
3641 859 3656 894 :
3697 858 3857 898 crea-

2262 919 2348 965 tur
2383 922 2564 968 autem
2612 916 2727 982 lux,
2771 930 2829 974 ut
2861 923 3192 979 substantia.
3242 929 3299 982 Si
3337 931 3570 999 quidem
3607 949 3777 988 error
3802 951 3860 990 ac

2259 1014 2544 1072 peccatum
2592 1019 2791 1077 praeter
2825 1022 3074 1069 naturam
3115 1028 3266 1082 sunt,
3313 1022 3520 1076 veritas
3577 1035 3782 1080 contra
3811 1038 3858 1082 et

2258 1096 2431 1149 virtus
2463 1101 2766 1154 secundum
2816 1114 3091 1160 naturam.
3144 1108 3342 1165 Earum
3379 1116 3588 1168 etenim
3642 1119 3852 1173 semina

2262 1196 2470 1242 natura:
2505 1202 2706 1246 nostrae
2739 1194 2987 1264 inspersa
3024 1208 3190 1268 atque
3233 1203 3397 1257 insita
3443 1216 3602 1260 sunt.
3653 1207 3858 1265 Deinde

2257 1277 2526 1350 )Egyptus
2588 1285 2810 1352 quidem
2870 1289 3226 1358 palpabilium
3274 1296 3640 1351 tenebrarum
3699 1301 3855 1369 plaga

2255 1373 2410 1436 prius
2441 1381 2632 1427 vexata
2665 1384 2771 1440 est,
2793 1379 3260 1446 quemadmodum
3294 1385 3520 1441 tradidit
3545 1387 3750 1444 Moses
3780 1391 3854 1444 ":

2258 1470 2312 1514 at
2377 1476 2530 1518 nunc
2595 1465 2906 1534 ignorantia
2966 1480 3020 1525 et
3072 1484 3358 1542 peccatum
3413 1478 3681 1534 tenebris
3740 1496 3860 1536 cru-

2254 1553 2497 1622 ciantur,
2549 1556 2654 1612 hoc
2714 1567 2819 1625 est,
2877 1561 3251 1619 internecione
3291 1566 3566 1624 delentur.
3617 1571 3707 1624 Ad
3748 1573 3861 1628 hri:

2254 1637 2422 1694 Israel
2455 1643 2680 1712 quidem
2716 1647 2969 1703 columna
3020 1650 3162 1722 ignis
3197 1663 3327 1710 tunc
3356 1655 3687 1716 illustratus
3722 1673 3812 1717 est
3841 1681 3856 1716 :

2253 1739 2310 1784 at
2344 1748 2490 1787 nunc
2522 1737 2690 1792 Israel
2727 1739 2835 1794 dici
2867 1751 3033 1810 queat
3067 1744 3192 1813 pius
3235 1748 3494 1817 populus,
3535 1753 3641 1820 qui
3678 1751 3851 1808 Deum

2254 1824 2611 1892 spiritualiter
2659 1829 2926 1887 intuetur.
2988 1833 3260 1893 Columna
3313 1852 3498 1894 autem
3545 1843 3706 1913 ignis
3761 1861 3852 1901 vc-

563 1911 628 1950 ac
684 1894 933 1951 caelestia
967 1896 1130 1950 simul
1159 1909 1213 1951 et
1246 1906 1461 1954 terrena
1490 1899 1763 1970 colligam,
1792 1912 1846 1956 et
1886 1918 2010 1958 cum
2043 1902 2150 1959 Ι).-
2175 1905 2222 1964 Β
2252 1915 2408 1981 ritas,
2458 1927 2552 1973 aut
2583 1919 2837 1977 Christus
2867 1923 3005 1993 ipse,
3039 1927 3132 1996 qui
3178 1943 3281 1983 nos
3315 1931 3445 2000 tegit
3478 1939 3537 1986 et
3565 1894 3849 1998 illustrat,

561 1988 683 2042 vide
710 1988 886 2044 dicam
923 2006 936 2044 :
969 1988 1241 2044 Ltetentur
1286 1989 1406 2044 caeli
1453 2000 1503 2044 et
1532 1993 1761 2047 exsultet
1812 1997 2006 2061 terra,’
2039 1996 2144 2052 hoc

559 2087 665 2144 est,
707 2089 762 2135 et
788 2081 1041 2137 caelestes
1069 2081 1268 2149 angeli,
1295 2090 1349 2136 et
1392 2081 1641 2138 homines
1675 2084 1729 2138 in
1759 2094 1905 2140 terra
1936 2087 2141 2156 degen-

559 2180 663 2226 tes.
698 2169 790 2225 Vel
828 2171 946 2240 ipsa
980 2184 1200 2241 quoque
1236 2172 1539 2226 inanimata
1562 2173 1828 2228 elementa
1858 2176 1927 2230 ob
1963 2177 2140 2232 incre-

557 2263 780 2320 dibilem
815 2264 1114 2333 voluptatis
1149 2263 1582 2332 magnitudinem
1615 2265 1681 2319 ad
1714 2264 1954 2321 laetitiam
1993 2268 2140 2321 invi-

557 2362 762 2410 tentur.
804 2354 1104 2410 Consimile
1128 2353 1389 2424 quiddam
1424 2354 1594 2410 Isaias
1621 2356 1754 2412 dicit
1787 2373 1804 2413 :
1839 2356 2138 2419 La'temini,

551 2445 692 2510 creti,
724 2457 770 2498 et
797 2444 1024 2498 exsultet
1065 2456 1230 2507 terra,
1265 2456 1613 2512 prorumpunt
1663 2455 1866 2500 montes
1917 2447 1973 2500 in
2003 2447 2144 2501 laeti-

551 2533 988 2602 tiam:quoniam
1018 2534 1301 2586 miseratus
1331 2540 1407 2586 est
1440 2532 1907 2603 Dominusplebem
1923 2553 2073 2590 suam
2094 2541 2137 2592 °.

547 2625 755 2679 Adluec
801 2622 1114 2692 Theologus
1163 2623 1295 2678 illud
1346 2641 1359 2677 :
1401 2624 1652 2681 Christus
1696 2626 1752 2680 in
1798 2642 2003 2695 carne,
2069 2644 2138 2685 ex

551 2717 730 2786 prima
768 2716 831 2768 ad
870 2713 1216 2769 TimOtheum
1258 2717 1514 2786 sumpsit,
1547 2719 1598 2772 in
1631 2733 1740 2789 qua
1776 2720 1978 2776 Paulus
2014 2721 2130 2777 ait:

547 2807 691 2860 Deus
719 2807 1092 2876 manifestalus
1127 2816 1204 2860 est
1236 2808 1292 2861 in
1335 2825 1494 2862 carne
1525 2810 1567 2863 ⁷.
1617 2811 1710 2865 Illa
1747 2819 1928 2867 autem
1957 2831 1970 2865 :
2002 2812 2138 2869 Tre-

550 2912 702 2952 more
732 2906 787 2951 et
822 2897 1022 2966 gaudio
1052 2897 1342 2964 exsultate,
1373 2914 1402 2952 a
1441 2900 1653 2969 psalmo
1702 2904 1944 2958 secundo
1977 2904 2138 2958 Davi-

546 2987 633 3042 dis
663 2995 879 3055 sumpta
909 2996 1057 3040 sunt.
1090 2986 1144 3039 In
1173 3000 1239 3041 eo
1269 2987 1415 3041 enim
1466 2989 1732 3058 loquitur,
1773 2989 1976 3046 Set-vite
2022 2993 2134 3047 Do-

543 3077 689 3129 mino
715 3076 770 3128 in
799 3076 1006 3140 timore,
1033 3083 1084 3128 et
1102 3075 1366 3130 exsultate
1387 3077 1434 3131 ei
1459 3094 1575 3131 cum
1605 3088 1832 3134 tremore
1853 3082 1894 3134 ⁸.
1924 3082 2132 3140 Sensus

545 3179 723 3220 autem
757 3165 1018 3237 Theologi
1068 3167 1193 3222 talis
1235 3177 1360 3223 est:
1396 3169 1691 3235 Quoniam,
1729 3173 1927 3244 inquit,
1987 3176 2130 3232 Deus

543 3258 598 3310 in
635 3270 798 3310 carne
829 3269 934 3321 est,
965 3258 1260 3322 exsultate,
1296 3274 1402 3313 non
1437 3270 1614 3315 tamen
1648 3278 1782 3331 pure
1813 3276 1868 3319 et
1912 3265 2127 3338 sim'pli-
2155 3250 2198 3308 ε

542 3349 715 3414 citer;
761 3362 948 3402 verum
974 3350 1355 3404 sitexsultatio
1385 3363 1561 3406 vestra
1594 3362 1826 3409 tremore
1846 3367 1900 3410 et
1929 3360 2128 3428 gaudio

541 3447 884 3509 temperata,
927 3440 1061 3493 illud
1115 3441 1186 3495 ob
1237 3451 1544 3510 peccatum,
1597 3446 1741 3513 quod
1797 3463 1897 3502 nos
1951 3450 2126 3518 ipsius

541 3533 782 3587 adventu
837 3532 1239 3600 praesentiaque
1306 3533 1561 3603 indignos
1618 3536 1965 3604 reddiderat,
2021 3543 2124 3598 hoc

539 3632 759 3692 propter
782 3636 930 3691 spem
969 3621 1178 3676 salutis.
1234 3620 1386 3676 Venit
1417 3625 1584 3690 enim,
1635 3635 1691 3680 ut
1733 3628 1936 3682 salvum
1975 3633 2120 3702 face-

537 3720 640 3780 ret,
661 3711 799 3781 quod
833 3711 1062 3781 perierat
1089 3713 1132 3766 ’.
1161 3711 1281 3766 Jam
1315 3714 1477 3767 etiam
1508 3729 1627 3784 quae
1662 3730 1988 3792 sequuntur,
2019 3739 2119 3780 ex-

535 3804 868 3873 pendamus.
894 3801 1152 3857 Christus
1181 3819 1247 3857 ex
1280 3802 1504 3874 Virgine
1535 3818 1718 3873 natus,
1748 3812 2118 3880 virginitatem

534 3894 794 3962 praetulit.
817 3893 896 3948 Ac
919 3907 1266 3963 quascunque
1292 3895 1623 3964 virginitatis
1653 3913 1842 3956 amore
1857 3916 2120 3975 correptae

533 3983 764 4052 fuerint,
791 3985 1204 4054 quodammodo
1223 3996 1474 4042 sanctam
1501 3988 1788 4060 Deiparam
1808 3994 2116 4056 imitantur.

531 4074 786 4144 Virgines
815 4075 987 4138 enim,
1017 4075 1217 4144 inquit,
1249 4087 1372 4146 post
1397 4079 1571 4149 ipsam
1598 4081 1963 4154 adducentur,
1995 4102 2115 4142 eam

531 4165 788 4221 videlicet
831 4180 928 4238 per
973 4167 1334 4223 imitationem
1379 4172 1728 4230 comitantes.
1775 4175 1856 4229 Ac
1884 4179 2118 4246 proinde

530 4263 795 4327 quantum
825 4256 894 4311 ad
940 4257 1268 4329 virginitatis
1326 4262 1596 4330 studium,
1650 4277 1856 4322 matres
1908 4270 2114 4324 Christi

526 4345 637 4400 dici
664 4346 901 4416 possint.
933 4343 1246 4417 Allegorico
1281 4359 1464 4405 autem
1501 4367 1670 4409 sensu
1704 4357 1886 4412 omnis
1927 4360 2112 4414 anima

527 4437 698 4492 maris
729 4436 885 4507 juxta
916 4452 980 4492 ac
1015 4437 1250 4500 feminae,
1283 4457 1406 4510 qua:
1451 4445 1521 4498 ab
1579 4449 1731 4501 omni
1766 4447 1911 4504 foedo
1945 4459 2111 4520 atque

527 4527 766 4581 obsceno
798 4525 996 4581 aﬂ‘ectu
1027 4528 1254 4598 virginis
1279 4532 1477 4596 instar,
1509 4547 1701 4602 puram
1743 4552 1802 4591 se
1837 4546 1894 4591 et
1928 4539 2111 4594 incor-

525 4627 741 4685 ruptam
777 4627 982 4683 tuetur,
1011 4619 1214 4674 virtute
1251 4619 1485 4676 Verbum
1515 4627 1780 4694 concipit,
1821 4631 2111 4699 ipsumque

526 4708 820 4778 progignit.
857 4708 981 4762 Mox
1030 4726 1124 4778 per
1164 4712 1649 4783 interrogationem
1693 4719 1858 4774 infert
1903 4721 2110 4793 Grego-

526 4801 672 4852 rius.
714 4817 732 4848 ι
765 4799 899 4862 Quis
931 4815 1077 4866 eum,
1115 4805 1206 4870 qui
1249 4818 1277 4856 a
1301 4807 1568 4876 principio
1597 4819 1702 4875 est,
1724 4824 1944 4882 propter
1973 4817 2110 4871 divi-

523 4889 770 4941 nitatem
796 4903 906 4941 non
942 4890 1167 4944 adoret!
1207 4894 1341 4955 Quis
1373 4897 1498 4949 item
1534 4899 1830 4966 ultimum,
1886 4919 2108 4976 propter

523 4980 919 5033 humanitatem
1020 4995 1125 5034 non
1186 4983 1406 5037 laudet?
1459 4985 1760 5044 l’ostremis
1835 4994 2102 5064 siquidem

2209 5030 2564 5084 acceperunt.

2247 2014 2414 2076 atque
2486 2008 2554 2064 ad
2624 2012 2902 2069 caelestem
2965 2018 3349 2086 promissionis
3415 2030 3626 2077 terram
3696 2028 3853 2081 nobis

2247 2097 2391 2152 viam
2448 2113 2865 2160 commonstrat.
2931 2106 3086 2174 Quod
3139 2120 3318 2165 autem
3384 2116 3674 2184 sequitur.
3747 2118 3848 2171 Po-

2242 2189 2401 2255 putus
2453 2193 2544 2262 qui
2576 2194 2814 2262 sedebat,
2847 2209 2979 2266 etc.,
3015 2202 3083 2256 ab
3121 2203 3256 2256 Isaia
3289 2205 3513 2273 quidem
3549 2221 3841 2278 acceptum

2243 2282 2448 2347 est”;
2497 2293 2757 2340 caeterum
2812 2288 3124 2363 Theologus
3179 2278 3461 2366 exponens
3516 2300 3586 2353 de
3641 2303 3842 2370 quibus

2245 2374 2484 2429 tenebris
2534 2375 2808 2448 Propheta
2867 2382 3147 2453 loquatur,
3207 2388 3430 2458 adjecit,
3481 2389 3840 2459 Ignorantia.

2245 2463 2557 2535 Eodemque
2611 2470 2773 2526 modo
2830 2472 2885 2526 in
2935 2475 3058 2530 luce
3111 2477 3260 2541 fecit,
3311 2481 3688 2551 subjungens,
3733 2488 3838 2541 Co-

2240 2554 2499 2624 gnitionis
2558 2569 2611 2614 et
2652 2562 2918 2620 scientiae.
2956 2565 3166 2624 Rursus
3200 2570 3358 2636 illud,
3405 2573 3601 2628 Vetera
3645 2587 3828 2632 trans-

2237 2646 2438 2710 ierunt,
2481 2658 2613 2716 etc.,
2651 2668 2717 2709 ex
2761 2655 2808 2709 Il
2852 2655 3026 2726 Epist.
3077 2659 3230 2715 Pauli
3260 2663 3327 2716 ad
3381 2662 3515 2719 Cor.
3587 2685 3641 2733 v,
3689 2684 3834 2723 sum-

2239 2740 2377 2808 psit;
2440 2751 2621 2798 vetera
2676 2746 2878 2817 quippe
2937 2765 3076 2804 nova
3142 2752 3286 2808 facta
3340 2763 3490 2809 sunt.
3535 2756 3678 2813 Nam
3742 2777 3831 2828 pro

2238 2845 2381 2900 agno
2429 2832 2707 2891 Christum
2762 2839 3052 2909 habemus,
3101 2861 3199 2914 pro
3265 2847 3704 2906 circumcisione
3737 2854 3827 2907 ba-

2236 2925 2520 2993 ptismum,
2569 2944 2671 3000 pro
2734 2947 2936 2988 manna
2987 2943 3041 2990 et
3084 2952 3224 3006 aqua
3265 2953 3469 3010 corpus
3497 2953 3551 2996 et
3595 2947 3827 3014 sanguio

2237 3029 2360 3068 nem
2410 3015 2635 3084 Christi,
2677 3036 2776 3090 pro
2817 3032 2961 3078 terra
3011 3028 3232 3093 coelum,
3270 3041 3584 3102 ceteraque
3633 3036 3823 3090 eodem

2237 3104 2415 3160 modo.
2479 3106 2637 3163 Hunc
2694 3125 2855 3178 porro
2923 3114 3170 3184 Apostoli
3241 3119 3423 3175 locum
3493 3126 3824 3192 explicans,

2233 3196 2441 3263 subdit,
2501 3198 2707 3257 Littera
2765 3203 2887 3258 loco
2943 3207 3110 3274 cedit,
3153 3211 3384 3279 spiritus
3423 3228 3665 3283 superat.
3723 3218 3826 3272 Ρα-

2232 3287 2470 3342 litteram
2549 3291 2721 3361 legem
2787 3297 3045 3366 scriptam
3108 3300 3398 3368 ipsiusque
3450 3312 3815 3364 caeremonias

2231 3379 2501 3450 intelligit,
2549 3398 2647 3452 per
2705 3387 2956 3455 spiritum
3022 3400 3229 3458 autem,
3291 3393 3669 3465 Evangellum,
3725 3410 3817 3454 ut-

2228 3476 2353 3536 pote
2403 3472 2549 3539 quod
2612 3474 2856 3542 spiritale
2907 3480 3242 3535 sacriﬁcium
3295 3486 3573 3554 vitamque
3630 3489 3802 3555 spiri-

2228 3557 2388 3610 talem
2449 3570 2634 3628 aperte
2694 3567 3032 3631 praescribat.
3101 3570 3235 3625 Nam
3295 3573 3376 3627 lex
3441 3588 3592 3630 vetus
3647 3580 3812 3645 juxta

2227 3645 2423 3702 littera:
2477 3667 2699 3706 sensum
2759 3658 2946 3711 omnia
3008 3660 3369 3732 pracipiebat.
3436 3663 3542 3720 Lex
3601 3678 3801 3721 autem

2225 3747 2384 3793 vetus
2435 3742 2640 3811 scripta
2695 3747 3039 3815 nominatur,
3088 3754 3214 3822 quia
3261 3754 3406 3824 prius
3446 3755 3649 3825 scripta
3682 3767 3802 3820 est.

2224 3843 2387 3897 quam
2437 3833 2581 3901 apud
2633 3838 2892 3905 populum
2944 3843 3175 3898 recitata
3207 3845 3318 3899 sit:
3356 3853 3408 3899 at
3437 3843 3807 3916 Evangelium

2221 3918 2476 3977 Christus
2519 3938 2614 3977 ore
2652 3927 2864 3993 docuit,
2908 3932 3127 3987 tametsi
3179 3943 3366 4003 postea
3392 3951 3608 4006 quoque
3653 3938 3813 3996 litte-

2223 4024 2408 4064 rarum
2488 4019 2863 4075 monumentis
2925 4025 3308 4094 consignatum
3373 4031 3464 4085 sit.
3533 4034 3610 4087 Ac
3682 4035 3812 4089 vide

2221 4116 2385 4169 quam
2441 4117 2702 4162 accurate
2757 4118 2813 4164 et
2865 4123 3057 4169 exacte
3129 4115 3388 4187 loquatur
3445 4119 3744 4192 Gregorius
3789 4143 3805 4179 :

2222 4195 2459 4263 Superat
2505 4197 2886 4270 Evangelium,
2945 4207 3050 4260 hoc
3099 4219 3206 4274 est,
3265 4213 3556 4282 superiora
3615 4219 3805 4272 omnia

2219 4287 2403 4352 habet,
2459 4301 2623 4360 atque
2673 4296 3004 4354 auctoritate
3048 4310 3100 4354 et
3149 4305 3397 4371 potentia
3444 4307 3634 4362 vincit.
3695 4308 3806 4364 Lex

2219 4389 2398 4434 autem
2430 4382 2550 4438 loco
2595 4386 2759 4453 cedit,
2796 4398 2858 4443 ut
2901 4406 3250 4462 nequaquam
3275 4390 3512 4465 'prorsus
3544 4403 3724 4455 soluta
3757 4412 3808 4456 et

2219 4472 2510 4526 exstincta.
2568 4473 2640 4528 lis
2692 4479 2839 4532 enim
2884 4481 3214 4539 oblitteratis
3270 4495 3436 4555 atque
3493 4489 3784 4560 abrogatis

2139 4576 2338 4643 unze
2391 4562 2546 4629 juxta
2603 4574 2890 4622 externum
2938 4585 3162 4626 sensum
3218 4578 3641 4646 peragebantur,
3685 4581 3802 4649 spi-

2220 4655 2430 4707 ritualia
2497 4657 2601 4709 vim
2669 4673 2820 4712 suam
2883 4663 3250 4719 retinuerunt.
3318 4670 3501 4736 Atque
3559 4674 3797 4737 umbrre,

2216 4744 2320 4797 hoc
2348 4753 2448 4807 est,
2496 4746 2714 4814 scriptae
2754 4748 2888 4817 legis
2942 4764 3234 4822 pra-cepta,
3281 4764 3469 4825 utpote
3520 4759 3803 4828 signiﬁca-

2215 4837 2343 4900 tiva,
2385 4848 2437 4891 et
2471 4854 2564 4905 per
2594 4855 2654 4892 ea
2698 4857 2818 4908 quae
2864 4844 2918 4896 in
2953 4859 3177 4900 sensum
3218 4850 3508 4916 cadebant,
3561 4868 3649 4905 res
3684 4856 3802 4923 spi-

2220 4929 2450 4982 rituales
2480 4931 2862 4988 adumbrantia
2907 4940 3306 5005 praeterierunt,
3346 4944 3448 4996 hoc
3471 4953 3576 5008 est,
3629 4946 3804 4998 tinem

2640 5021 2861 5080 Umbris
2935 5040 3117 5082 autem
3179 5046 3302 5084 sese
3358 5035 3799 5088 subducentibus

517 5072 711 5124 diebus
737 5071 918 5125 adnos
938 5071 1103 5126 venit.
1136 5091 1153 5122 ι
1190 5075 1326 5128 lllud
1356 5085 1532 5130 autem
1567 5097 1594 5132 ει
1630 5081 1901 5152 principio
1927 5086 2106 5142 Theo-

520 5164 674 5229 logus
701 5172 884 5216 noster
913 5178 945 5216 a
975 5163 1244 5234 'l‘heologo
1285 5166 1494 5222 Joanne
1535 5175 1762 5240 accepit.
1817 5176 1910 5231 Sic
1957 5180 2102 5234 enim

516 5253 751 5308 scribit:
782 5254 886 5320 Qui
925 5267 1039 5308 erat
1090 5275 1123 5310 a
1152 5260 1415 5330 principio
1453 5263 1514 5316 ιθ.
1550 5263 1616 5318 Ει
1655 5269 1710 5320 in
1759 5271 2098 5341 Evangelio:

2208 5113 2406 5162 veritas
2450 5127 2547 5179 per
2597 5129 2690 5168 eas
2735 5119 3060 5172 adumbrata
3107 5121 3162 5174 in
3201 5123 3439 5176 medium
3474 5125 3681 5193 prodit.
3726 5128 3796 5180 At

2204 5211 2334 5250 vero
2389 5199 2565 5254 Moses
2599 5217 2720 5255 cum
2774 5205 2841 5258 de
2879 5209 3041 5260 rebus
3073 5209 3467 5266 Melchisedech
3501 5215 3553 5266 in
3587 5212 3790 5268 Genesi

2201 5297 2405 5356 ageret,
2464 5306 2562 5346 nec
2621 5293 2688 5347 de
2740 5295 2912 5364 ipsius
2963 5309 3136 5367 patre,
3191 5317 3292 5357 nec
3339 5304 3406 5358 de
3456 5315 3646 5370 matre,
3683 5322 3787 5362 nec

517 5348 586 5402 In
617 5349 874 5418 principio
908 5360 1020 5402 erat
1060 5349 1288 5405 Verbum
1320 5355 1384 5408 “.

2235 5348 2263 5356 -
2391 5348 2401 5354 .
2761 5348 2776 5364 ,
2963 5348 3136 5367 μη,
3191 5348 3291 5357 ---ν
3340 5348 3406 5358 ..ν
3456 5348 3646 5370 .....-.ι,
3683 5348 3783 5362 ..η

2236 5393 2265 5431 e
2288 5381 2411 5435 vita:
2441 5383 2732 5454 principio,
2783 5404 2884 5442 nec
2915 5389 2981 5444 de
3022 5391 3130 5447 line
3160 5394 3332 5447 ullum
3365 5396 3591 5450 verbum
3627 5399 3783 5453 fecit.

587 5438 834 5494 (Im-5‘5
859 5439 925 5492 Αο
957 5439 1160 5496 Rursus
1197 5444 1420 5499 ίθηεθνίε
1454 5439 1748 5517 solvuntur.
1781 5466 1888 5511 etc.
1917 5457 2095 5517 Moses
2196 5469 2368 5533 Quem
2428 5473 2631 5530 Paulus
2696 5478 2749 5530 in
2823 5480 2996 5549 Epist.
3079 5483 3148 5537 ad
3214 5483 3473 5541 Hebraeos
3535 5487 3774 5558 ﬁguram

601 5530 866 5558 ηνῖηηῖηζη
899 5530 1125 5558 ρηηηηεη
1153 5535 1402 5558 .-.ηιμ-Α..
1439 5537 1551 5558 211-,
1661 5545 1670 5554 ο

2220 5530 2238 5533 θ
2823 5530 2996 5549 -πι-π--ν
3079 5530 3148 5537 ---
3214 5530 3473 5541 ----v--v-
3535 5530 3774 5558 "au-“.-

516 5531 572 5581 in
601 5530 866 5599 principio
899 5530 1128 5587 Genesis
1153 5535 1406 5591 tenebras
1439 5537 1560 5596 illas
1593 5545 1797 5611 primas
1825 5564 1950 5604 cum
1983 5566 2095 5606 ca:-
2192 5560 2394 5616 Christi
2469 5580 2655 5634 gerere
2701 5573 2877 5640 inquit
2922 5574 3008 5629 his
3041 5577 3246 5644 verbis,
3285 5576 3414 5632 Sine
3443 5589 3617 5650 patre,
3664 5585 3783 5637 sine

516 5623 567 5650 In
598 5629 645 5650 ιιι
703 5630 842 5650 [nn-nn
891 5624 1035 5650 ..Αιηι
1091 5625 1455 5650 n..L.-:-n--,4--
1529 5634 1540 5650 I
1622 5636 1631 5646 ο
1854 5643 1864 5650 .
1969 5645 1979 5650 -

2469 5623 2498 5634 ν
2742 5623 2793 5640 ν,
2840 5623 2874 5626 κ-
2922 5623 3005 5629 _---
3050 5623 3246 5644 .--ψη
3285 5623 3413 5632 νη.-
3443 5623 3617 5650 ,....-,
3664 5623 3782 5637 νην

510 5623 568 5676 lo
597 5629 650 5672 et
703 5630 844 5676 terra
891 5624 1040 5678 velut
1091 5625 1458 5686 subsistentes
1526 5634 1664 5690 lucis
1731 5643 2092 5707 productione
2193 5663 2384 5720 matre,
2416 5657 2530 5712 sine
2563 5677 2768 5729 genere,
2818 5681 2980 5735 neque
3009 5670 3332 5739 principium
3351 5672 3584 5738 dierum,
3616 5691 3784 5746 neque

582 5729 604 5759 ³
632 5729 653 5783 1
678 5730 872 5788 Thess.
901 5750 972 5800 tr,
997 5735 1080 5790 I6.
1197 5741 1215 5770 ⁵
1242 5739 1387 5796 Psal.
1431 5760 1554 5810 xcv,
1593 5749 1643 5802 1.
1753 5754 1773 5784 ⁸
1803 5755 1938 5811 Ibid,
1977 5762 2060 5814 ίι,

582 5816 696 5856 λης.
731 5817 840 5856 χιιι.
879 5805 960 5856 10.
1041 5806 1266 5856 “Joan.
1309 5828 1344 5856 ι-
1380 5816 1429 5856 ι,
1512 5819 1550 5846 ιι
1585 5817 1718 5856 nm.
1787 5843 1799 5856 .
1864 5830 1884 5856 ι
1997 5833 2038 5856 η
2081 5834 2133 5856 ..~_

2241 5785 2319 5856 sa.
2354 5786 2501 5856 X-LJX.
2539 5775 2634 5856 15.
2750 5779 2768 5810 ⁷
2800 5778 2816 5829 Ι
2844 5780 2988 5856 ij.
3040 5801 3123 5853 ιιι,
3174 5787 3258 5843 16.
3347 5789 3368 5819 ⁸
3399 5787 3544 5845 Psal.
3573 5807 3645 5856 ιι,
3689 5793 3781 5853 II.

1197 5741 1215 5770 ⁵
1242 5739 1387 5796 Psal.
1431 5760 1554 5810 xcv,
1593 5749 1643 5802 1.

507 5799 532 5834 ο
564 5798 696 5856 Luc.
731 5817 840 5870 tux,
879 5798 964 5861 l0.
1041 5807 1082 5838 '°
1106 5806 1266 5866 Joan.
1306 5828 1346 5880 ι,
1380 5816 1430 5867 1.
1512 5798 1553 5846 Ii
1584 5798 1741 5879 Idan.
1982 5798 2501 5907 l';.l£xoill.m;to,ait’:.x.
2539 5798 2721 5902 'l'olsa.
2753 5798 2920 5917 ix],

2171 5767 2190 5795 ‘
2216 5766 2319 5821 lsa.
2354 5786 2501 5827 ιιιιιι.
2548 5775 2633 5828 15.

1041 5807 1082 5838 ¹⁰
1106 5806 1266 5866 toan.
1306 5828 1346 5880 ι,
1380 5816 1430 5867 1.

1997 5833 2038 5864 ¹²
2077 5834 2247 5892 Exod.
2284 5853 2336 5907 Χ,
2375 5843 2456 5895 15.
