4048 6278
267 393 399 460 181

1157 403 1482 467 NICETAS
1523 407 1607 466 IN
1647 407 1870 469 ORAT.
1909 409 2226 473 XXXVIII
2267 409 2328 475 S.
2371 413 2602 476 GREG.

3376 420 3528 489 1182

261 516 421 585 ﬁnem
450 515 568 568 vitw
598 512 817 579 habens,
865 515 1195 572 assimilatas
1243 530 1425 574 autem
1467 522 1606 576 Filio
1653 522 1745 576 Dei
1776 523 1841 576 “.
1873 529 1918 584 Α
1946 524 2054 579 alio
2123 526 2286 580 etiam
2358 527 2518 580 modo
2584 541 2882 597 supernum
2962 528 3226 584 tnundum
3291 530 3514 602 impleri

265 604 346 656 Ab
398 607 501 659 hoc
583 604 705 658 loco
760 609 1088 662 sententiam
1151 621 1431 666 mutuatus
1492 612 1838 685 Theologus,

263 693 698 760 Melchisedech,
751 696 952 768 inquit,
1007 701 1314 771 colligitur,
1360 705 1462 759 hoc
1507 717 1610 770 est,
1673 710 1839 779 syllo-

261 786 455 853 gistice
507 789 818 853 conﬁcitur,
855 791 1226 857 concluditur,
1281 806 1446 865 atque
1497 799 1842 854 demonstra-

263 882 372 930 tur.
428 875 562 930 Nam
613 894 736 933 cum
780 879 1058 947 Christus,
1105 898 1372 954 quantum
1424 889 1492 942 ad
1544 905 1836 959 supernam

260 977 316 1020 et
371 969 603 1036 primam
678 971 1121 1040 generationem,
1178 979 1366 1032 matris
1423 995 1617 1049 expers
1667 993 1835 1047 esset,

260 1057 382 1113 sine
439 1067 593 1128 patre
639 1075 859 1130 quoque
908 1062 1086 1118 lactus
1135 1077 1260 1131 est,
1303 1069 1459 1137 juxta
1519 1071 1835 1127 inferiorem

258 1161 324 1200 ac
349 1147 648 1202 secundam
687 1149 1054 1208 nativitatem.
1114 1153 1206 1209 Vel
1254 1159 1551 1228 colligitur,
1595 1162 1698 1216 hoc
1728 1173 1833 1225 est,

257 1239 451 1292 unitur
479 1244 659 1309 'atqne
707 1243 1007 1311 perﬁcitur.
1066 1247 1308 1302 Primum
1347 1253 1489 1305 enim
1526 1253 1698 1309 Filius
1740 1254 1833 1310 Dei

256 1329 480 1383 dimidia
521 1340 730 1385 tantum
783 1350 846 1387 ex
889 1345 1043 1404 parte
1091 1339 1486 1396 Melchisedech
1520 1357 1656 1409 erat,
1695 1361 1834 1413 qna-

256 1428 414 1472 tenus
469 1421 720 1476 videlicet
776 1436 947 1480 matre
995 1431 1240 1484 carebat.
1296 1435 1365 1487 At
1422 1445 1608 1504 postea
1665 1439 1835 1504 patris

252 1524 472 1579 quoque
525 1527 718 1581 expers
762 1513 961 1580 lactus,
1003 1521 1278 1589 perlectus
1327 1524 1436 1592 jam
1475 1537 1560 1580 est
1591 1528 1829 1582 Melchi-

253 1600 477 1655 sedech.
549 1603 815 1658 Ca'terum
871 1607 978 1663 hoc
1022 1610 1162 1666 inter
1215 1624 1510 1686 utrumque
1581 1620 1832 1684 interest,

251 1693 400 1760 quod
469 1691 863 1751 Melchisedech
933 1703 1104 1769 patris
1160 1719 1224 1759 ac
1279 1709 1508 1773 matris,
1579 1712 1828 1780 principii

254 1783 384 1836 item
421 1793 474 1838 et
525 1785 650 1841 ﬁnis
698 1803 894 1857 expers
947 1799 1031 1847 est
1087 1807 1304 1861 natura,
1348 1800 1444 1854 sed
1490 1801 1831 1870 ignoratione

250 1887 316 1925 ac
351 1872 571 1928 silentio
627 1876 768 1946 ejus,
828 1881 921 1950 qui
968 1898 1056 1938 res
1107 1887 1278 1954 ipsius
1324 1893 1680 1961 conscripsit,
1722 1895 1828 1950 Deo

251 1964 513 2018 nimirum
577 1966 652 2020 ita
705 1973 1070 2030 constituente
1125 1995 1139 2030 :
1189 1977 1442 2036 Christus
1493 1993 1674 2039 autem
1729 2002 1830 2040 na-

249 2062 394 2107 tura.
455 2057 670 2114 Idcirco
702 2062 848 2115 enim
902 2065 1083 2134 imago
1133 2078 1186 2124 et
1232 2072 1406 2141 ﬁgura
1443 2075 1534 2130 ille
1567 2089 1707 2142 erat,
1743 2081 1830 2134 hic

249 2154 438 2199 autem
477 2149 702 2206 veritas.
735 2149 922 2222 Neque
957 2157 1101 2211 enim
1138 2159 1278 2214 idem
1312 2175 1393 2218 est
1437 2164 1642 2236 imago,
1680 2171 1824 2238 quod

245 2239 476 2294 veritas.
531 2240 661 2295 Illud
717 2254 894 2299 autem
945 2248 1088 2304 scire
1121 2255 1374 2308 convenit
1403 2257 1692 2326 imaginem
1727 2262 1826 2313 ali-

247 2331 474 2397 quando
520 2347 581 2385 ea
634 2349 727 2398 re,
779 2337 940 2406 cujus
984 2340 1160 2412 imago
1205 2353 1330 2410 est,
1391 2349 1628 2416 priorem
1681 2367 1826 2416 esse,

245 2419 544 2487 aliquando
596 2427 980 2493 posteriorem.
1035 2431 1194 2488 Prior
1236 2438 1382 2490 enim
1427 2449 1510 2494 est
1561 2440 1616 2494 in
1649 2444 1824 2511 signis

246 2518 301 2604 et
351 2509 565 2604 ﬁguris:
629 2525 687 2569 ut
743 2516 796 2570 in
846 2518 1115 2591 legalibus
1157 2528 1444 2585 sacriliciis
1506 2509 1826 2604 exterisque

253 2593 469 2657 Veteris
525 2602 862 2664 Testamenti
925 2618 1305 2684 caeremoniis,
1357 2630 1519 2690 atque
1559 2593 1821 2678 ctiamﬁn

245 2692 354 2744 hoc
393 2690 790 2753 Melchisedech
845 2717 857 2753 :
897 2706 1169 2771 posterior
1201 2719 1380 2764 autem
1412 2712 1464 2765 in
1509 2713 1594 2766 his
1634 2718 1819 2782 rebus,

245 2801 372 2876 quae
406 2788 473 2841 ab
500 2795 802 2862 exemplari
833 2810 1146 2869 sumuntur,
1184 2813 1240 2858 ut
1272 2808 1451 2876 pictus
1478 2811 1681 2868 Paulus
1713 2815 1821 2869 vivi

243 2874 397 2931 Pauli
440 2881 619 2950 imago
657 2895 758 2941 est.

318 2966 438 3023 Col.
467 2972 572 3026 515
603 2973 704 3030 ΒΒ.
729 2976 957 3034 Natum
974 2981 1108 3055 leges
1134 2997 1458 3056 evertuntur,
1479 2995 1821 3053 etc.Natur:e

245 3057 394 3126 leges
445 3061 700 3117 nimirum
758 3070 902 3135 quod
950 3073 1145 3128 mulier
1193 3076 1310 3130 sine
1354 3079 1453 3132 viri
1516 3096 1816 3153 congressu

1945 626 2178 686 oportet,
2237 619 2496 672 nimirum
2558 629 2618 674 ut
2670 619 2788 674 ovis
2837 619 2951 683 illa,
2998 635 3118 689 quae
3165 636 3195 675 a
3263 632 3519 679 centena-

1943 709 2024 763 rio
2084 726 2245 780 grege
2305 712 2674 776 aberraverat,
2721 712 3013 766 reducatur
3059 722 3276 782 :atque
3311 715 3517 770 amissa

1941 801 2199 853 drachma
2271 817 2464 854 rursus
2539 802 2759 855 decadis
2831 818 3118 856 numerurm
3175 805 3390 872 expleat
3452 819 3518 860 ac

1942 890 2088 944 ﬁlius
2161 893 2248 944 ille
2306 892 2562 946 decoctor
2634 893 2903 946 binarium
2974 893 3238 961 perﬁciat.
3312 893 3512 948 Verum

1943 982 2161 1035 ubinam
2220 981 2363 1036 Deus
2421 997 2718 1049 supernum
2763 985 3022 1036 mundum
3061 985 3270 1052 impleri
3319 985 3517 1054 jubet?

1939 1073 2192 1128 Fortasse
2252 1090 2376 1128 cum
2440 1076 2570 1128 ait:
2629 1075 2694 1128 In
2750 1077 2905 1129 domo
2963 1076 3142 1130 Patris
3182 1078 3293 1130 mei
3331 1078 3516 1132 multa?

1939 1175 2062 1218 sunt
2113 1167 2412 1218 mansiones
2474 1167 2535 1217 ιθ.
2603 1167 2819 1230 [inpleri
2894 1166 3037 1220 enim
3096 1183 3126 1220 a
3192 1167 3353 1222 nobis
3416 1170 3514 1222 has

1941 1259 2254 1312 mansiones
2306 1260 2439 1312 vult.
2483 1257 2577 1312 Vel
2631 1259 2791 1311 etiam
2846 1258 3080 1313 fortasse
3125 1276 3250 1313 cum
3286 1261 3352 1314 de
3384 1261 3512 1322 illis,

1940 1351 2030 1415 qui
2086 1352 2150 1401 ad
2207 1366 2418 1403 cmnam
2467 1362 2748 1412 vocantur,
2815 1353 3334 1420 inquitzﬂompelle
3390 1354 3514 1405 illos

1939 1443 2162 1500 intrare,
2199 1451 2254 1492 ut
2286 1443 2571 1510 impleatur
2602 1443 2789 1494 domus
2829 1461 2940 1495 mea
2979 1445 3042 1496 ”.
3096 1445 3188 1498 Vel
3236 1461 3358 1498 cum
3391 1447 3466 1498 ait
3497 1464 3510 1497 :

1943 1532 2045 1594 Qui
2091 1541 2262 1599 potest
2315 1549 2521 1599 capere,
2569 1533 2745 1600 capiat
2802 1533 2864 1586 η.
2918 1534 3089 1587 Adam
3137 1535 3281 1587 enim
3319 1537 3512 1589 solutis

1937 1638 2000 1675 ac
2041 1623 2253 1676 violatis
2289 1623 2503 1692 legibus
2558 1624 2662 1678 sibi
2718 1623 2989 1692 impositis
3042 1640 3136 1692 per
3193 1626 3512 1679 similituli-

1938 1729 2059 1766 nem
2124 1714 2580 1783 transgressionis
2637 1729 2750 1768 sum
2801 1716 2909 1768 dux
2961 1716 3274 1770 hominibus
3335 1716 3513 1770 lactus

1935 1813 2038 1859 est.
2089 1805 2342 1861 Christus
2387 1813 2569 1859 autem
2618 1806 2932 1877 hujusmodi
2973 1807 3202 1876 legibus,
3238 1825 3378 1877 quas
3415 1826 3511 1862 ac-

1932 1904 2117 1964 ceptas
2143 1897 2329 1958 ,Adam
2373 1897 2726 1965 perfregerat,
2793 1913 2851 1952 re
2921 1913 3018 1964 pro
3049 1899 3220 1953 nihilo
3257 1900 3508 1963 duxerat,

1930 1987 2270 2042 conﬁrmatis
2313 1996 2368 2042 et
2419 1989 2788 2043 cunstabilitis
2853 1991 3190 2058 superiorem
3245 1993 3506 2047 mundum

1930 2077 2141 2146 impleri
2209 2079 2468 2132 ostendit.
2525 2084 2708 2148 Atque
2767 2082 2880 2134 haec
2943 2082 3161 2149 quidem
3231 2084 3297 2136 ad
3359 2085 3509 2140 hunc

1930 2169 2148 2222 modum
2189 2170 2434 2236 exposita
2473 2170 2601 2226 sint.
2641 2171 2778 2224 Illud
2821 2183 3002 2226 autem
3066 2190 3081 2226 :
3141 2174 3332 2228 Omnes
3381 2192 3508 2245 gen-

1928 2264 2026 2316 tes,
2057 2255 2298 2326 plaudite
2319 2259 2582 2323 manibus,
2614 2259 2832 2314 Davidis
2863 2272 2944 2314 cst
2979 2264 3021 2294 ¹⁹
3045 2280 3060 2328 ;
3086 2264 3310 2331 signum.
3339 2280 3506 2332 porro

1928 2348 2110 2417 gaudii
2162 2365 2423 2403 manuum
2480 2350 2725 2417 plausus.
2778 2349 2978 2405 Verum
3030 2367 3194 2421 quam
3241 2354 3313 2408 ob
3369 2368 3505 2407 eau-

1925 2452 2042 2492 sam
2093 2437 2347 2492 manibus
2397 2437 2760 2507 plaudendum
2819 2441 2934 2494 est?
2975 2442 3258 2509 quoniam,
3304 2453 3364 2496 ut
3416 2444 3505 2496 in-

1927 2529 2046 2599 quit
2075 2530 2244 2585 Isaias
2275 2549 2289 2585 :
2331 2529 2592 2585 Parvulas
2631 2531 2727 2585 Dei
2755 2531 2931 2585 Filius
2968 2536 3114 2586 nobis
3154 2544 3310 2587 natus
3337 2536 3502 2598 est”,

1933 2625 2036 2678 hoc
2072 2633 2178 2686 est,
2226 2633 2408 2678 nostra
2451 2638 2638 2677 causa.
2675 2623 2806 2677 Nam
2846 2639 2947 2677 nos
2984 2635 3207 2692 propter
3261 2634 3505 2680 nosmet-

1931 2715 2083 2783 ipsos
2128 2717 2428 2776 naseimur,
2487 2724 2546 2768 ut
2587 2715 2706 2768 luce
2753 2728 2818 2768 ac
2864 2715 2973 2768 vita
3014 2715 3366 2784 peit‘ruamur
3399 2734 3412 2770 τ
3449 2727 3504 2771 at

1927 2808 2182 2862 Christus
2234 2819 2420 2861 nostra
2458 2823 2625 2862 causa
2672 2816 2832 2860 natus
2863 2819 2966 2872 est,
2995 2819 3053 2864 ut
3090 2825 3189 2863 nos
3221 2810 3503 2865 beneﬁciis

1927 2900 2142 2965 alliciat,
2176 2915 2240 2955 ac
2285 2901 2441 2955 nobis
2470 2900 2632 2955 datus
2668 2908 2771 2964 est,
2805 2901 2964 2968 cujus
3005 2903 3366 2970 principatus,
3408 2918 3500 2956 se-

1925 2992 2163 3044 cundum
2191 2992 2440 3044 eumdem
2481 2991 2674 3044 Isaiam
2709 2992 2789 3052 “,
2833 3005 2999 3059 super
3032 2992 3320 3046 humerum
3357 2993 3497 3058 ejus.

1925 3082 2190 3152 Egressus
2225 3089 2310 3137 est
2344 3081 2486 3134 enim
2524 3081 2764 3136 humeris
2800 3091 3020 3151 gestans
3054 3098 3270 3136 crucem
3309 3099 3498 3150 suam;

243 3161 357 3200 ncn
388 3151 681 3220 concipiat,
718 3173 818 3213 nec
855 3160 975 3214 sine
1019 3163 1301 3220 doloribus
1330 3170 1530 3237 pariat,
1565 3151 1664 3228 nec
1693 3187 1816 3245 post

1927 3151 2045 3240 qua:
2074 3171 2296 3239 quidem
2327 3169 2502 3243 ipsius
2545 3179 2626 3224 est
2670 3171 3029 3240 principatus,
3064 3182 3250 3239 utpote
3283 3173 3496 3241 imperii

244 3246 461 3302 partum
525 3242 853 3311 virginitatis
900 3251 1064 3306 decus
1123 3256 1370 3321 retineat,
1419 3275 1540 3330 qua:
1597 3242 1817 3332 quidem

245 3343 300 3381 in
337 3328 427 3383 Dei
459 3331 626 3386 Matre
668 3352 763 3405 per
797 3344 1073 3397 contraria
1121 3349 1380 3405 subversa
1413 3328 1562 3419 sunt,
1598 3328 1658 3411 ut
1700 3375 1821 3427 quae

241 3430 297 3518 et
334 3424 453 3477 sine
488 3428 604 3482 viro
647 3435 980 3501 conceperit,
1023 3446 1077 3491 et
1105 3439 1224 3493 sine
1262 3442 1546 3500 doloribus
1591 3424 1821 3518 peperc-

241 3518 338 3576 rit,
379 3522 431 3564 et
485 3525 606 3582 post
655 3529 867 3586 partum
907 3523 1058 3594 virgo
1095 3529 1380 3597 manserit.
1433 3532 1586 3596 Quod
1635 3550 1816 3591 autem

241 3616 542 3668 supernum
605 3610 869 3664 mundum
925 3615 1259 3682 implendum
1327 3635 1447 3676 esse
1493 3625 1610 3688 ait,
1667 3630 1820 3684 vario

243 3689 409 3743 modo
474 3695 698 3766 intelligi
766 3710 962 3770 potest.
1020 3703 1115 3760 Vel
1177 3710 1349 3776 enim,
1409 3715 1535 3782 quia
1596 3714 1818 3774 Lucifer

242 3795 370 3879 cum
429 3785 658 3842 subditis
714 3791 818 3846 sibi
866 3795 1254 3854 delectricibns
1310 3805 1482 3872 copiis
1529 3811 1820 3879 prolapsus

241 3871 423 3925 locum
485 3891 716 3937 vacuum
765 3883 1006 3954 reliquit,
1047 3903 1172 3942 eum
1223 3907 1253 3945 a
1313 3871 1474 3950 nobis
1530 3871 1590 3950 in
1644 3871 1818 3970 ipsius

242 3963 473 4030 gradum
534 3977 702 4038 atque
747 3974 990 4029 ordinem
1038 3993 1133 4046 per
1166 3981 1414 4037 virtutem
1467 3963 1679 4044 evectis-
1715 3992 1819 4044 im-

242 4053 378 4120 pleri
417 4071 642 4115 necesse
689 4072 792 4118 est.
847 4065 940 4120 Vel
977 4069 1104 4135 quia
1143 4076 1604 4142 quemadmodum
1640 4081 1814 4139 Adam

245 4151 590 4220 praiscriptas
633 4155 734 4209 sibi
769 4172 799 4210 a
834 4159 941 4214 Deo
978 4163 1120 4232 leges
1161 4177 1559 4238 transgressus,
1595 4175 1818 4232 inferio-

246 4253 361 4292 rem
423 4241 568 4297 hunc
634 4251 896 4304 mundum
955 4255 1267 4312 hominibus
1328 4276 1422 4328 per
1479 4279 1699 4319 carnem
1750 4270 1813 4323 ad

241 4330 520 4430 interitum
567 4345 620 4391 et
675 4345 1078 4412 corruptionem
1116 4389 1129 4412 ,
1181 4351 1335 4418 juxta
1397 4354 1572 4422 ipsum
1621 4374 1816 4430 proge-

239 4421 373 4477 nitis
428 4424 703 4496 implevit,
761 4449 855 4500 per
912 4436 1326 4494 similitudinem
1381 4421 1635 4502 videlicet
1677 4421 1811 4519 prse-

238 4514 592 4572 varicationis
646 4523 780 4590 ipsis
837 4525 943 4578 dux
1003 4539 1054 4580 et
1109 4540 1300 4584 auctor
1355 4535 1528 4591 factus

240 4606 403 4658 modo
445 4607 700 4666 Christus
748 4611 939 4668 Adami
987 4618 1131 4687 leges
1177 4623 1350 4690 reipsa
1407 4625 1596 4683 deletis
1652 4642 1814 4702 atque

242 4693 539 4764 abrogans,
589 4705 924 4769 superiorem
977 4711 1239 4764 mundum
1289 4715 1497 4781 impleri
1547 4693 1810 4788 ostendit,

244 4784 330 4835 his
373 4788 416 4816 ’⁸
478 4791 568 4856 qui
626 4796 925 4849 secundum
985 4803 1160 4867 ipsum
1219 4804 1283 4855 ad
1342 4806 1807 4878 incorruptionem

242 4889 560 4948 gignuntur,
597 4899 690 4951 per
720 4888 1134 4944 similitudinem
1180 4895 1498 4952 obedientiac
1559 4918 1670 4955 sua:
1706 4907 1812 4959 dux

243 4970 442 5024 lactus.
497 4973 804 5042 Supernum
865 4994 1043 5035 autem
1107 4985 1249 5039 hunc
1301 4989 1563 5044 mundum
1611 5007 1809 5062 vocat,

238 5061 329 5126 qui
383 5067 662 5129 prtecessit
719 5081 1024 5136 peccatum,
1079 5079 1222 5141 quod
1270 5080 1489 5146 quidem
1549 5085 1800 5152 ignoran-

241 5152 327 5204 tia:
360 5153 503 5224 leges
537 5159 739 5213 invexit
768 5178 783 5217 :
824 5166 1022 5232 quibus
1063 5185 1248 5223 rursus
1281 5187 1310 5223 a
1347 5173 1564 5227 Christo
1607 5181 1813 5232 exstin-

242 5245 344 5298 ctis
375 5245 781 5314 incorruptione
809 5258 1044 5311 mundus
1081 5259 1336 5329 impletus
1375 5274 1478 5317 est.
1512 5264 1607 5319 Vel
1639 5270 1802 5323 etiam

241 5336 368 5402 quia
426 5350 482 5392 ut
543 5345 952 5401 matrimonium
1001 5350 1352 5418 inferiorem,
1401 5356 1472 5410 ita
1529 5360 1811 5429 virginitas

240 5437 572 5499 superiorem
636 5443 894 5494 mundum
955 5441 1142 5512 implet
1207 5463 1221 5499 :
1300 5449 1495 5516 quippe
1555 5465 1675 5518 quae
1723 5452 1807 5506 sui

243 5521 516 5578 studiosos
557 5540 678 5580 cum
725 5529 1026 5597 virginibus
1075 5533 1279 5601 angelis
1328 5541 1624 5592 consociat.
1663 5538 1805 5605 Quin

314 5701 357 5732 "
399 5700 558 5756 llebr.
606 5721 696 5767 vn,
742 5707 796 5760 '5.

244 5771 287 5802 "
341 5769 481 5827 Psal.
520 5789 662 5838 ηνι,
703 5775 757 5830 2.

906 5707 948 5736 "
988 5705 1148 5760 Rom.
1201 5725 1250 5771 v,
1294 5707 1379 5763 Η.
1432 5709 1516 5764 l5.

834 5777 880 5806 ¹⁰
920 5775 1025 5832 Isa.
1065 5793 1136 5842 ix,
1167 5775 1218 5830 6.
1298 5777 1339 5808 ²¹
1381 5774 1514 5834 Ibid.
1591 5783 1634 5814 ²¹
1669 5785 1683 5802 ⁶

1638 5713 1680 5742 ¹⁸
1718 5711 1876 5766 Joan.
1927 5730 2036 5779 xiv,
2081 5717 2134 5769 ‘2.

1735 5784 1923 5839 Matth.
1986 5802 2171 5849 xxun,
2231 5788 2313 5841 I8.

1925 3278 1990 3316 ac
2022 3262 2328 3330 potestatis,
2379 3276 2482 3330 qua
2516 3261 2773 3316 omnibus
2804 3261 3138 3322 dominatur.
3177 3265 3392 3334 signum
3429 3281 3494 3318 ac

1926 3354 2094 3407 veluti
2147 3363 2443 3422 sceptrum.
2509 3353 2718 3405 Etenim
2776 3353 3028 3410 Christus
3071 3366 3193 3423 post
3243 3371 3494 3421 mortem,

1925 3460 2086 3512 quam
2120 3445 2174 3496 in
2213 3460 2375 3498 cruce
2419 3444 2608 3505 subiit,
2642 3459 2932 3513 resurgens
2962 3445 3102 3500 dixit
3132 3463 3146 3500 :
3193 3446 3338 3501 Data
3370 3450 3496 3502 mihi

1923 3549 1996 3589 est
2024 3537 2191 3588 omnis
2231 3544 2464 3606 potestas
2517 3537 2570 3587 in
2598 3535 2725 3588 cazlo
2773 3544 2824 3588 et
2863 3536 2919 3587 in
2955 3546 3097 3590 terra
3146 3538 3252 3602 ¹¹⁶,
3300 3549 3357 3591 ut
3401 3541 3498 3591 ho-

1930 3628 2064 3680 mini
2097 3627 2328 3690 scilicet,
2379 3642 2542 3696 quatn
2582 3637 2638 3680 ut
2690 3627 2830 3682 Deus
2863 3628 3118 3682 habebat.
3166 3629 3300 3682 Cum
3332 3645 3496 3684 cruce

1921 3718 2092 3782 enim,
2136 3717 2336 3786 inquit,
2383 3719 2544 3771 simul
2599 3718 2902 3782 extollitur,
2954 3719 3058 3774 hoc
3103 3729 3204 3785 est,
3236 3736 3398 3775 cruce
3441 3722 3492 3774 in

1922 3808 2090 3861 altum
2127 3809 2341 3862 sublata
2378 3809 2493 3878 ipse
2527 3823 2744 3879 quoque
2786 3824 2910 3864 cum
2961 3810 3298 3880 inﬁgeretur,
3330 3812 3494 3866 simul

1922 3910 2142 3954 evectus
2195 3900 2490 3968 perlectam
2535 3901 2820 3956 victoriam
2869 3902 3098 3972 adeptus
3143 3912 3262 3970 est,
3303 3919 3367 3959 ac
3398 3919 3490 3973 per

1921 4005 2137 4046 crucem
2181 3989 2518 4060 gloriﬁcatus
2555 4001 2658 4046 est.
2697 3991 2816 4047 Duo
2861 3992 3007 4047 enim
3050 3993 3325 4063 signiﬁcat
3365 4010 3496 4048 eve-

1921 4083 2050 4150 ctio,
2092 4093 2146 4138 et
2190 4082 2492 4151 simplicem
2541 4097 2572 4138 a
2627 4091 2770 4138 terra
2826 4085 3214 4145 sublationem,
3275 4095 3327 4138 et
3375 4085 3493 4153 glo-

1921 4174 2080 4227 riam.
2125 4172 2368 4238 Quorum
2404 4173 2634 4228 alterum
2689 4173 2756 4228 de
2787 4189 2952 4230 cruce
3007 4188 3320 4243 usurpatur,
3354 4179 3492 4230 alte-

1921 4279 2040 4317 rum
2079 4265 2146 4316 de
2189 4263 2396 4317 Christi
2448 4265 2816 4320 humanitate.
2864 4266 3095 4334 Insuper
3143 4269 3491 4322 amictionem

1919 4361 1974 4406 et
2006 4351 2480 4405 mortiﬁcationem
2535 4366 2670 4405 crux
2718 4352 2988 4420 designat.
3041 4353 3186 4421 Ergo
3233 4352 3489 4406 Christus

1919 4445 2220 4508 extollitur,
2254 4455 2417 4512 atque
2465 4443 2518 4496 in
2560 4442 2718 4497 nobis
2767 4442 3124 4512 Eloriﬁcatur,
3165 4459 3288 4497 cum
3326 4459 3489 4512 supra

1571 4544 1810 4598 :eodem
1850 4521 1889 4573 θ
1922 4548 2132 4592 terrena
2205 4537 2531 4600 evehimur,
2590 4545 2644 4590 et
2708 4533 3091 4589 alllictionibus
3149 4535 3488 4603 premimur,

1920 4629 2242 4697 vitiosisque
2296 4629 2466 4682 animi
2515 4627 2760 4682 motibus
2813 4627 3135 4681 emerimur.
3199 4624 3308 4678 Nec
3361 4642 3491 4680 vero

1919 4735 2004 4775 me
2055 4720 2192 4790 fugit
2241 4722 2530 4791 nonnullos
2578 4720 2650 4774 ita
2705 4721 2852 4774 hunc
2897 4719 3075 4773 locum
3111 4721 3482 4788 explicuisse:

1917 4810 2080 4880 Cujus
2117 4813 2444 4881 principatus
2497 4827 2654 4880 super
2707 4811 2980 4864 humerum
3029 4811 3163 4880 ejus,
3225 4815 3484 4880 quoniam

1917 4919 2110 4958 omnes
2150 4905 2240 4958 alii
2293 4919 2445 4974 reges
2501 4919 2608 4957 non
2664 4903 2718 4957 in
2770 4903 3009 4973 propriis
3056 4891 3282 4959 viribus.
3318 4905 3487 4973 impe-

1914 4997 2054 5049 rium
2088 5012 2246 5050 suum
2274 5012 2337 5050 ac
2378 5011 2606 5066 regnum
2643 4996 2845 5050 habent
2875 4997 3254 5058 constitutum,
3294 4998 3386 5051 sed
3429 4999 3483 5051 in

1913 5089 2126 5150 alienis,
2169 5099 2297 5159 puta
2327 5091 2381 5144 in
2419 5091 2686 5143 militibus
2724 5098 2777 5142 et
2816 5091 3144 5144 satellitibus
3187 5104 3249 5142 ac
3282 5105 3485 5157 propu-

1917 5183 2285 5252 gnatoribus;
2349 5181 2603 5234 Christus
2656 5187 2838 5232 autem
2907 5182 3056 5234 solus
3117 5181 3480 5248 principatum

1917 5284 2077 5323 suum
2115 5283 2278 5335 super
2327 5269 2610 5320 humerum
2644 5266 2827 5329 habet,
2875 5268 2923 5319 id
2955 5277 3057 5333 est,
3095 5268 3148 5321 in
3181 5285 3275 5322 sua
3311 5269 3483 5336 ipsius

1915 5359 2175 5427 potentia.
2229 5357 2331 5411 Per
2375 5359 2662 5410 humerum
2711 5360 2855 5412 enim
2891 5361 3044 5426 .vires
3081 5361 3480 5427 signiﬁcantur.

1912 5451 2032 5506 Jam
2088 5451 2218 5504 illud
2259 5463 2478 5518 quoque
2529 5450 2597 5503 ab
2648 5450 2784 5504 Isaia
2834 5463 3110 5518 sumptum
3153 5459 3257 5512 est,
3315 5449 3485 5504 Voca-

1911 5542 2052 5593 bitur
2089 5555 2272 5593 nomen
2305 5539 2416 5608 ejus
2453 5542 2630 5611 magni
2684 5541 2895 5593 consilii
2941 5540 3155 5608 angelus
3207 5541 3274 5607 ",
3324 5544 3483 5613 cdjus

2828 5719 2896 5764 .‘3
2937 5716 3122 5774 Matth.
3169 5737 3280 5782 XIX,
3327 5719 3410 5774 12.

2395 5789 2436 5816 ²²
2476 5787 2579 5840 lsa.
2614 5803 2685 5849 ιχ,
2721 5786 2751 5837 6
2785 5803 2895 5843 sec.
2930 5805 3056 5845 ιιι.

2251 5715 2290 5746 ⁸⁷
2324 5715 2448 5770 Luc.
2495 5733 2605 5781 xiv,
2648 5717 2736 5770 ‘25.
