4064 6274
560 384 585 447 ι
601 385 616 447 i
628 385 699 447 83
1958 418 2316 491 ADDENDA
2326 478 2341 491 .

557 512 761 604 autem
784 508 998 563 consilii
1029 509 1343 587 Theologus
1391 519 1657 594 adiungit,
1698 499 1894 599 nempe
1924 532 2131 592 Patris.
2160 544 2209 602 Α
2234 542 2391 600 Pauli
2442 556 2527 603 est
2575 548 2629 604 in

557 592 859 652 Consilium
886 612 1075 657 autt-m
1119 605 1244 670 hoc,
1285 592 1580 666 hominum.
1611 592 1939 679 instauratio
1983 637 2128 684 erat.

3710 445 3778 511 ii

3710 451 3865 514 “8i

2689 549 2931 622 Epistula
2964 552 3044 609 ‘ad
3102 547 3361 614 Hebraeos
3392 559 3465 612 ".
3526 560 3664 627 Quo
3730 565 3869 621 loco

559 690 693 758 Quae
727 695 906 758 enim,
954 699 1173 766 inquit,
1223 704 1405 758 audivi
1445 725 1478 760 α
1539 707 1723 775 Patre,
1777 715 1888 770 hac
1925 734 2133 776 annun-

556 783 687 836 tiavi
732 786 873 840 vobis
908 788 970 841 “.
1010 788 1240 846 Ubinam
1284 805 1465 851 autem
1512 812 1773 858 vocatum
1804 817 1891 862 est
1922 825 2129 868 nomen

556 873 678 939 ejus
739 879 924 946 magni
995 883 1213 937 consilii
1276 887 1554 956 angelus?
1615 909 1910 965 nusquam.
1982 902 2132 960 Talis

556 976 740 1023 tamen
770 980 908 1035 erat,
944 973 1074 1029 licet
1100 992 1378 1046 nusquam
1424 983 1498 1037 ita
1544 997 1773 1046 vocatus
1807 991 1900 1048 sit.
1946 994 2126 1052 Fami-

556 1057 689 1116 liare
721 1072 904 1117 autem
957 1075 1043 1120 est
1091 1067 1391 1139 Scriptum
1437 1090 1609 1132 sacrae
1660 1096 1760 1149 pro
1812 1087 2130 1145 nominibus

556 1152 879 1223 pierumque
900 1159 1150 1216 actiones
1176 1161 1327 1231 ipsas
1359 1167 1628 1237 accipere,
1663 1179 2126 1240 quemadmodum

555 1243 659 1297 hoc
699 1244 842 1300 loco.
884 1245 1017 1303 Item
1045 1265 1173 1305 cum
1222 1256 1288 1307 ad
1330 1254 1655 1326 Prophetam
1688 1261 1891 1320 dicitur
1924 1284 1941 1322 ε
1990 1267 2128 1324 Voca

547 1337 852 1404 puerulum,
882 1341 1178 1411 Confestim
1202 1348 1396 1417 spolia,
1438 1350 1683 1406 celeriter
1701 1371 1878 1424 pasce,
1910 1373 1958 1414 et
2000 1361 2127 1415 Em-

548 1431 762 1482 manuel
789 1430 854 1488 ⁸⁵.

617 1517 740 1574 Col.
769 1520 877 1578 3H
905 1523 965 1577 Β.
1021 1525 1224 1581 Clamet
1270 1527 1529 1598 Joannes,
1570 1534 1773 1591 Parata
1829 1542 1964 1593 viam
2014 1543 2123 1598 Do-

548 1609 768 1677 mini",
821 1624 926 1669 etc.
973 1613 1235 1684 Joannes,
1300 1622 1499 1693 inquit,
1556 1635 1683 1681 nato
1725 1628 1945 1686 Christo
1980 1634 2121 1687 viam

547 1704 895 1772 praemuniit,
930 1714 983 1761 et
1006 1711 1229 1773 clamet,
1257 1717 1721 1781 quemadmodum
1756 1720 1824 1775 de
1852 1736 1919 1777 eo
1954 1723 2125 1781 issias

542 1792 702 1858 dicit,
747 1794 947 1852 Parata
978 1800 1116 1853 uiam
1142 1801 1361 1858 Domini
1395 1806 1463 1858 ".
1509 1807 1631 1872 Quo
1658 1809 1784 1865 loco
1814 1827 1911 1881 per
1953 1815 2122 1882 viam,

545 1879 760 1946 piorum
817 1887 980 1942 corda
1033 1888 1321 1960 intelligit,
1390 1910 1488 1964 per
1530 1912 1653 1965 quae
1715 1879 2122 1968 praedicationis

547 1970 887 2043 Evangeliete
933 1980 1154 2035 verbum
1202 1983 1440 2053 incedit;
1475 2002 1575 2056 ego
1602 2000 1787 2047 autem
1832 1998 2123 2065 praesentis

546 2063 671 2119 festi
742 2077 995 2124 naturam
1058 2074 1435 2141 proclamabo.
1494 2078 1654 2145 Quod
1707 2063 1893 2141 carnis
1927 2101 2124 2158 expers

544 2154 865 2213 iucarnatur
891 2177 1003 2215 non
1054 2167 1357 2221 secundum
1396 2174 1778 2241 mutationem,
1830 2178 1925 2233 sed
1969 2154 2122 2248 iusta

548 2249 907 2309 humanitatis
975 2261 1438 2329 assumptiouem.
1500 2264 1632 2320 Eam
1693 2269 1842 2324 enim
1939 2272 2123 2327 carnis

541 2342 892 2411 vacuitatem,
915 2362 1079 2416 quam
1122 2349 1358 2407 habebat
1387 2369 1637 2423 servans,
1677 2374 1924 2425 carnem,
1953 2378 2117 2433 quam

543 2445 652 2484 non
710 2431 988 2497 habebat,
1048 2442 1372 2509 assumpsit.
1423 2444 1560 2499 Illud
1612 2459 1822 2514 autem,
1880 2431 2120 2509 Verbum

542 2525 855 2588 rrassescit,
891 2527 1036 2582 idem
1061 2540 1143 2585 est
1173 2534 1343 2602 quod,
1387 2533 1612 2593 Verbum
1650 2544 1995 2612 rarefactum
2019 2554 2117 2602 est.

541 2612 684 2668 Caro
738 2616 887 2670 enim
929 2622 1210 2678 crassities
1262 2636 1371 2682 est.
1415 2629 1493 2683 Ac
1539 2631 1683 2697 vide,
1728 2637 2007 2704 quomodo
2052 2641 2118 2694 ad

540 2703 950 2762 admirabilium
996 2714 1201 2768 sensim
1234 2720 1637 2786 progrediatur.
1661 2703 1951 2785 Crassities
1973 2733 2118 2786 enim

542 2795 827 2852 materiam
865 2798 1040 2872 magis
1075 2804 1283 2861 redolet
1311 2824 1480 2878 quam
1527 2813 1837 2872 incarnatio
1871 2836 1886 2873 :
1921 2836 2119 2879 rursus

541 2886 863 2945 sensibilius
911 2902 997 2948 est
1036 2896 1213 2952 oculis
1266 2902 1444 2967 cerni,
1487 2918 1653 2972 quam
1690 2908 1969 2967 incarnari
2003 2929 2017 2965 :
2052 2927 2119 2968 ac

542 2978 777 3050 denique
824 2985 1071 3041 crassius
1122 2998 1209 3044 est
1255 2987 1625 3063 contrectari,
1673 3013 1837 3067 quam
1893 3013 2117 3074 aspectu

542 3070 759 3125 sentiri.
790 3073 914 3129 Alio
943 3076 1110 3132 etiam
1152 3081 1341 3147 modo,
1377 3095 1734 3157 posteaquam
1774 3092 1912 3147 dixit
1957 3070 2121 3150 Chri-

536 3170 683 3215 stum
755 3161 1036 3221 iucarnari
1074 3208 1090 3236 ,
1150 3173 1386 3240 carnis,
1458 3192 1682 3246 quoque

536 3351 592 3396 et
644 3351 851 3400 tactum
899 3348 1085 3407 cadat.
1134 3351 1274 3409 Nam
1308 3371 1434 3411 cum
1465 3375 1532 3415 ne
1567 3377 1597 3416 a
1648 3365 1967 3424 coelestibus
1995 3372 2121 3441 qui-

533 3434 660 3490 dem
717 3440 931 3509 angelis
1005 3444 1164 3511 prius
1227 3461 1589 3516 cerneretur.
1654 3470 1804 3512 nunc
1876 3434 2100 3532 propier

542 3528 716 3595 ipsius
783 3546 904 3585 cum
962 3534 1167 3591 visibil-i
1223 3540 1449 3598 homine
1523 3547 1784 3602 unionem
1848 3528 2114 3613 cernitur.

538 3619 799 3676 Cernitur
872 3632 1056 3679 autem
1124 3642 1234 3682 non
1304 3641 1570 3700 quantum
1641 3640 1706 3694 ad
1784 3641 2115 3700 invisibilem

535 3713 919 3781 divinitatem,
984 3718 1083 3774 sed
1131 3730 1399 3791 quantum
1458 3727 1528 3783 ad
1573 3730 1880 3791 divinitatis
1930 3745 2115 3793 actum

534 3814 592 3859 et
648 3806 971 3877 eﬂicaciam,
1022 3811 1081 3866 id
1138 3821 1244 3882 est,
1301 3830 1412 3872 non
1492 3820 1767 3891 quatenus
1822 3826 2115 3886 invisibilis

533 3894 680 3953 Deus
724 3908 833 3964 est,
874 3903 1143 3973 cernitur,
1193 3908 1288 3963 sed
1340 3924 1438 3979 per
1467 3926 1532 3967 ea
1564 3929 1685 3983 quae
1717 3927 1780 3973 ut
1808 3917 1955 3975 Deus
1996 3921 2112 3976 etii-

534 3989 631 4053 cit,
678 3990 923 4047 videmus
962 3993 1138 4050 Deum
1190 4012 1336 4064 esse,
1395 4004 1605 4074 quippe
1636 4010 1733 4077 qui
1782 4008 2111 4069 intermedio

530 4092 765 4147 corpore
813 4080 1071 4152 humano,
1121 4102 1212 4143 res
1262 4089 1374 4146 Deo
1428 4094 1624 4163 dignas
1675 4108 1921 4169 peragat.
1989 4102 2112 4160 Haec

534 4180 717 4225 autem
750 4172 935 4239 verba,
965 4174 1227 4233 Cernit-ur
1254 4189 1316 4236 et
1349 4194 1746 4255 contrectatur,
1781 4205 1846 4245 es
1875 4190 2109 4253 Joannis

533 4262 774 4332 Epistofa
829 4267 1070 4336 sumpsit
1110 4268 1435 4342 Gregorius.
1517 4277 1723 4334 Scribit
1782 4283 1929 4337 enim
1993 4285 2106 4353 ilic,

529 4355 690 4420 Quod
718 4368 834 4412 erat
880 4360 948 4414 ab
993 4363 1173 4431 initio,
1204 4369 1357 4436 {quod
1409 4371 1658 4440 vidimus,
1704 4383 1756 4429 et
1797 4395 1983 4434 manus
2010 4397 2105 4435 no-

528 4457 656 4500 stri:
725 4459 1185 4511 contrectauerunt
1246 4459 1315 4513 θ’.
1390 4460 1654 4520 λΕῑεΓηιιδ
1724 4476 1778 4522 ει
1850 4473 2109 4540 temporis

1756 3184 2116 3253 proprietates

539 3250 747 3321 adjicit,
801 3269 1000 3326 nempe
1050 3239 1385 3329 crassitiem,
1444 3239 1499 3323 ei
1535 3239 1682 3339 quod
1730 3239 1784 3327 in
1831 3239 2189 3346 aspectumc

2241 639 2743 709 corporalitertibi
2802 646 3212 716 intelligendum
3269 663 3349 706 est
3394 654 3513 707 heri
3546 666 3604 708 et
3658 659 3859 713 hodie.

2240 730 2395 794 Quod
2453 741 2633 788 autem
2685 737 2956 806 sequitur,
3008 741 3161 795 Idem
3198 751 3247 795 et
3292 745 3345 796 in
3398 747 3612 800 sarcula
3661 749 3860 817 spiri-

2238 822 2442 878 taliter.
2475 826 2485 892 Ι
2516 825 2583 879 Ει
2646 828 2865 896 quidem
2904 847 3000 900 per
3048 833 3160 886 hers
3208 836 3546 902 praeteritum
3611 846 3855 907 tempus

2239 915 2612 984 signiﬁcatur;
2645 934 2741 989 per
2767 922 2922 976 hodie
2957 939 3235 992 praesens;
3274 942 3370 995 per
3393 929 3605 982 swcula
3643 940 3848 984 autem

2236 1007 2513 1062 aeternitas
2548 1019 2601 1063 et
2646 1011 3061 1068 immortalitas.
3109 1016 3383 1082 Qu0niam
3430 1030 3629 1073 autem
3686 1037 3845 1076 non—

2236 1098 2368 1151 nulli
2401 1100 2549 1154 velut
2598 1098 2770 1156 Judaei
2816 1119 2927 1158 non
2973 1103 3279 1173 Christum,
3338 1108 3430 1178 qui
3471 1111 3691 1165 salutis
3727 1127 3843 1165 no-

2236 1198 2363 1244 stras
2402 1207 2566 1246 causa
2626 1194 2677 1246 in
2739 1209 2961 1250 crucem
3024 1197 3275 1253 sublatus
3325 1211 3431 1265 est,
3497 1202 3600 1256 sed
3655 1203 3841 1257 alium

2235 1287 2524 1353 quemdam
2558 1298 2845 1344 venturum
2891 1307 3086 1347 rursus
3115 1303 3422 1362 expectant,
3486 1296 3709 1349 idcirco
3754 1299 3841 1350 di-

2235 1377 2397 1452 vinus
2434 1379 2728 1443 Apostoius
2762 1382 2829 1436 ad
2881 1382 3003 1437 fidei
3054 1392 3323 1455 rectaeque
3374 1387 3653 1443 doctrinae
3692 1406 3841 1444 eon-

2236 1467 2595 1523 lirmationem
2656 1470 2770 1525 fore
2829 1467 2926 1535 aii,
2987 1484 3043 1528 nt
3100 1475 3241 1529 idem
3299 1477 3386 1530 hic
3434 1478 3719 1535 Christus
3764 1483 3835 1535 ad

2229 1559 2435 1629 justam
2488 1564 2812 1617 sententiam
2857 1565 2923 1619 de
2976 1567 3106 1621 othe
3158 1566 3432 1623 ferendam
3485 1587 3700 1628 rursus
3736 1590 3837 1628 ve-

2235 1654 2369 1707 niat.
2413 1650 2509 1707 [iis
2556 1670 2723 1724 porro
2779 1657 2962 1713 verbis
3017 1660 3344 1727 ostenditur,
3392 1663 3695 1719 Christum
3744 1683 3837 1720 se—

2233 1743 2472 1797 cundum
2528 1745 2866 1800 divinitatem
2917 1748 3251 1817 tripartitum
3313 1761 3527 1821 tempus
3585 1755 3830 1821 habere,

2234 1849 2335 1889 nec
2368 1836 2561 1900 alium,
2601 1846 2659 1890 ut
2717 1838 2941 1907 quidam
2983 1840 3305 1910 opinantur,
3348 1853 3686 1908 venturum,
3734 1848 3831 1899 sed

2231 1942 2355 1982 cum
2391 1927 2482 1996 qui
2523 1930 2689 1993 venit,
2716 1931 2866 1985 hunc
2901 1932 3077 2001 ipsum
3113 1948 3258 1998 esse,
3302 1936 3394 2001 qui
3431 1934 3579 2000 heri,
3620 1936 3681 1989 id
3719 1947 3829 2002 est,

2231 2018 2503 2088 praeterito
2551 2028 2792 2090 tempore
2823 2030 2963 2085 erat,
3013 2034 3066 2077 et
3107 2023 3266 2077 hodie
3313 2026 3623 2080 secundum
3681 2043 3828 2095 pra:-

2231 2124 2359 2165 sens
2423 2120 2636 2180 tempus
2684 2121 2787 2175 est,
2846 2120 2900 2165 et
2944 2112 3097 2181 juxta
3149 2112 3393 2167 futurum
3448 2124 3677 2185 tempus
3722 2120 3829 2171 erit

2230 2199 2284 2253 in
2334 2202 2553 2255 saecula.
2614 2202 2734 2256 iam
2787 2218 2919 2256 vero
2953 2204 3096 2273 quod
3134 2206 3209 2259 ait
3246 2204 3480 2274 ξέοιιωί
3524 2206 3823 2262 offendan-

2230 2298 2340 2355 tur,
2375 2302 2503 2357 etc.,
2534 2295 2721 2349 alludit
2762 2294 2828 2348 ad
2872 2296 3099 2349 Pau'um
3151 2296 3221 2353 ita
3271 2298 3325 2349 in
3367 2299 3559 2368 priore
3592 2302 3663 2353 ad
3696 2301 3817 2356 Co-

2231 2386 2470 2441 rinthios
2520 2387 2760 2456 Epistula
2820 2388 3135 2457 loquentem
3199 2404 3217 2444 :
3280 2386 3393 2442 Nos
3447 2392 3817 2457 praedicamus

2227 2475 2498 2532 Christum
2545 2479 2901 2547 crucifixum,
2942 2477 3149 2535 Judceis
3197 2480 3407 2550 quidem
3455 2481 3815 2549 scandat’um,

2227 2572 2466 2641 gentibus
2521 2581 2699 2625 autem
2746 2571 3035 2626 stultitiam
3086 2572 3154 2626 ".
3212 2568 3389 2625 Judaei
3445 2575 3659 2627 etenim
3724 2590 3817 2628 ae-

2227 2663 2397 2732 eeptis
2456 2664 2740 2719 miraculis
2803 2663 3254 2728 oﬂcndehantur,
3300 2665 3366 2717 ad
3415 2679 3649 2719 carnem
3708 2666 3811 2719 im-

2227 2753 2512 2822 pingentes
2563 2768 2577 2804 :
2645 2753 2876 2820 gentiles
2929 2761 3108 2806 autem
3162 2752 3575 2820 praedicationis
3626 2755 3811 2808 excel-

2229 2845 2451 2899 lentiam
2474 2856 2674 2900 natura
2701 2845 3041 2914 superiorem
3073 2844 3401 2909 irridebant,
3431 2860 3635 2915 nempe
3660 2846 3808 2915 quod

2227 2937 2370 2993 Deus
2411 2939 2576 2993 homo
2602 2937 2792 3005 factus
2824 2948 2989 3002 esset,
3013 2939 3156 3006 quod
3191 2937 3524 2995 immortalis
3572 2950 3807 2993 mortem

2224 3031 2504 3097 subiisset,
2524 3041 2832 3100 caeteraque
2853 3030 3096 3100 ejusdem
3118 3032 3340 3101 generis
3361 3049 3378 3101 ;
3403 3031 3602 3101 linguae
3620 3042 3804 3085 autem

2226 3125 2592 3196 pruriginem,
2642 3125 2883 3195 prolixos
2919 3123 3215 3194 impiorum
3256 3122 3577 3193 dogmatum
3631 3140 3804 3193 nugas

2223 3224 2276 3271 et
2308 3215 2666 3271 deliramenta
2714 3222 2899 3268 vocat.
2942 3211 3093 3268 Tunc
3139 3223 3323 3267 autem
3363 3215 3589 3269 credent
3626 3213 3800 3269 hare-

2223 3304 2338 3372 tici,
2364 3318 2486 3359 cum
2511 3303 2835 3359 certissimis
2876 3304 3215 3375 argumentis
3256 3304 3395 3359 ﬁdes
3424 3304 3553 3374 ipsis
3574 3304 3772 3358 adstru

2220 3404 2306 3450 cta
2337 3393 2521 3457 fuerit,
2574 3394 2854 3450 Christum
2901 3411 3028 3451 cum
3085 3410 3251 3450 carne
3282 3396 3338 3449 in
3363 3395 3564 3451 cmlum
3603 3410 3800 3450 ascen-

2219 3485 2386 3543 disse.
2419 3484 2509 3541 Sic
2551 3487 2697 3541 enim
2754 3487 2870 3555 ipse
2909 3486 3184 3558 pollicitus
3212 3497 3318 3550 est,
3349 3489 3539 3543 dicens
3586 3506 3601 3543 :
3657 3488 3797 3546 Cum

2218 3580 2487 3633 exaltatus
2518 3581 2691 3650 fuero,
2719 3582 2897 3633 omnia
2922 3581 3132 3634 traham
3155 3581 3225 3634 ad
3251 3583 3493 3650 meipsum
3520 3583 3581 3634 ³⁸.
3627 3584 3792 3649 Quod

2218 3669 2263 3724 si
2313 3683 2381 3722 ne
2440 3678 2557 3725 tum
2611 3670 2857 3740 quidem,
2912 3677 2969 3724 at
3009 3678 3163 3725 certe
3219 3684 3333 3723 cum
3374 3668 3539 3737 judcr
3578 3672 3784 3724 emito

2218 3758 2587 3816 descenderit.
2630 3759 2763 3816 Nam
2802 3776 2924 3817 cum
2983 3761 3099 3816 haec
3144 3761 3247 3817 duo
3281 3773 3401 3813 eum
3444 3758 3782 3816 adversariis

2217 3859 2447 3916 certent,
2490 3852 2573 3907 vis
2615 3852 2874 3907 nimirum
2931 3867 2996 3907 ac
3030 3852 3334 3923 persuasio,
3368 3852 3415 3905 si
3453 3851 3678 3920 quidem
3719 3853 3784 3907 in

2219 3944 2322 3997 hac
2347 3944 2456 3997 vita
2508 3944 2814 3998 rationibus
2851 3954 3016 4015 atque
3070 3945 3411 4014 argumentis
3462 3943 3528 3998 ad
3557 3944 3795 3998 creden-

2216 4031 2346 4088 dum
2399 4033 2637 4088 haeretici
2697 4049 2807 4089 non
2869 4035 3253 4099 adducantur,
3311 4037 3369 4089 in
3411 4046 3653 4091 extremo
3698 4037 3793 4091 die

2217 4123 2382 4178 rebus
2408 4125 2541 4193 ipsis
2586 4133 2850 4197 cogentur
2886 4141 2901 4178 :
2944 4140 3069 4179 cum
3108 4127 3212 4196 ipsi
3250 4140 3416 4181 omne
3448 4143 3609 4197 ειιιιιι,
3662 4127 3791 4181 reltt

2216 4215 2374 4280 nolit,
2392 4213 2659 4270 'ﬂectetur
2686 4216 2754 4269 ³¹.

2287 4305 2421 4361 Ibid.
2450 4307 2513 4361 C.
2555 4307 2748 4362 Verum
2780 4308 2889 4362 lucc
2908 4310 3187 4378 posterius.
3227 4307 3387 4363 Nunc
3418 4319 3594 4363 autent
3626 4308 3791 4364 Thro-

2216 4399 2432 4468 plumia,
2461 4410 2565 4455 etc.
2609 4400 2807 4454 Verum
2864 4400 2999 4467 tunc,
3050 4402 3247 4471 inquit,
3280 4401 3561 4472 posterius
3603 4404 3787 4456 l’utura

2214 4499 2362 4553 sunt,
2398 4489 2654 4543 nimirum
2688 4500 2745 4544 ut
2772 4490 2865 4545 alii
2896 4491 2963 4544 ad
2989 4491 3189 4546 Christi
3225 4507 3542 4557 ascensum,
3588 4493 3683 4546 alii
3720 4492 3785 4545 ad

1959 4537 1974 4540 _
2691 4537 2745 4544 _-
2773 4537 2865 4545 _...
2896 4537 2963 4544 _.-
2996 4537 3189 4546 πη-..
3225 4537 3542 4557 ..---...,.....,
3588 4537 3683 4546 _---
3720 4537 3785 4545 η

527 4537 750 4654 nescius
789 4542 1122 4613 principium
1172 4550 1339 4619 capit.
1385 4551 1521 4606 Nam
1554 4555 1598 4609 si
1630 4571 1761 4612 caro
1793 4558 1971 4616 factus
1996 4573 2103 4632 esi.
2130 4562 2185 4625 Ι)
2213 4582 2529 4636 descensum
2567 4582 2809 4638 credant.
2853 4582 3095 4640 l‘rmsens
3121 4593 3302 4640 autem
3352 4584 3573 4649 festum,
3619 4596 3787 4654 atque

525 4628 819 4700 carnisque
851 4637 1215 4705 proprietates
1250 4640 1462 4704 habuit,
1498 4655 1654 4702 ortus
1693 4663 1910 4717 quoque
1952 4628 2103 4720 prin;

527 4720 731 4789 cipium
785 4738 909 4779 cum
965 4730 1246 4799 accepisse
1302 4748 1528 4790 necesse
1574 4749 1677 4794 est.
1730 4742 1885 4805 Quod
1916 4753 2100 4801 autem

529 4814 803 4892 sermonis
864 4828 1030 4886 caput
1074 4829 1198 4885 est,
1254 4819 1347 4875 Dei
1408 4824 1587 4882 Filius
1634 4829 1877 4886 hominis
1931 4831 2104 4892 Filius

527 4885 784 4969 efﬁcitur:
834 4920 942 4997 non
999 4916 1209 4961 naturae
1256 4909 1375 4979 lege
1421 4922 1588 4982 atque
1640 4885 1870 4975 ordine.
1924 4922 2103 4995 Virg-i-

528 5009 652 5049 ncm
696 4996 841 5050 enim
905 4996 1024 5051 sine
1082 4998 1180 5052 viri
1232 5001 1527 5056 concubitu
1586 5017 1865 5074 parentem
1922 5016 2099 5071 nescit

527 5096 745 5141 natura.
800 5086 998 5142 Verum
1049 5103 1176 5143 cum
1207 5106 1371 5148 verus
1411 5092 1555 5149 Deus
1585 5106 1750 5164 esset,
1798 5115 2097 5173 corporeus

526 5177 694 5229 homo
739 5174 922 5231 factus
956 5188 1062 5234 est.
1116 5178 1244 5237 Haec
1294 5193 1475 5240 autem
1515 5189 1699 5244 omnia
1747 5204 1856 5247 non
1905 5208 2105 5250 secun-

525 5266 656 5320 dum
712 5268 1116 5337 mutationem,
1161 5273 1258 5328 sed
1308 5277 1610 5334 secundum
1662 5285 2098 5355 assumptionem

526 5358 893 5429 contigerunt.
945 5359 1072 5418 Hmc
1119 5365 1267 5420 enim
1315 5383 1422 5422 una
1461 5380 1547 5425 est
1601 5371 1657 5426 in
1703 5377 1961 5431 omnibus
1996 5378 2099 5432 ltu-

520 5452 761 5521 jnsmodi
827 5453 1302 5524 propositionibus
1360 5460 1585 5517 solutio.
1659 5464 1798 5520 Illud
1868 5475 2051 5524 autem
2081 5510 2096 5536 ,

424 5581 433 5607 ,
521 5540 680 5598 Iesus
717 5542 963 5602 Christus
1004 5547 1120 5603 heri
1157 5556 1208 5602 et
1255 5548 1433 5619 hodie,
1476 5552 1616 5607 idem
1656 5563 1706 5608 et
1752 5556 1809 5609 in
1870 5559 2093 5628 stt-cuia,

594 5744 643 5841 ’ς
675 5744 835 5841 J‘oan.
871 5748 1101 5841 “£915.
1131 5751 1236 5841 ..δι’
1263 5749 1368 5805 Isa.
1422 5752 1630 5841 minii.
1779 5755 1980 5841 Biatth.
2027 5773 2107 5827 tu,

2269 5766 2314 5797 “
2354 5765 2460 5821 lsa.
2503 5784 2589 5836 xc,
2615 5768 2671 5825 ’5.
2750 5772 2794 5804 ³⁷
2832 5769 2988 5828 Joan.
3028 5788 3066 5841 t,
3114 5775 3167 5831 i.

527 5815 573 5850 ”
619 5812 638 5868 i
695 5816 823 5872 Cor.
861 5834 896 5883 ι,
945 5817 1034 5876 25.
1128 5822 1173 5855 ³ο
1209 5820 1367 5877 Joan.
1406 5836 1502 5888 xu,
1528 5812 1617 5876 32.
1695 5825 1735 5858 ³¹
1778 5825 2007 5895 Philipp.
2037 5812 2094 5885 li.

2212 4688 2315 4725 una
2367 4673 2666 4742 eademque
2705 4689 2816 4739 res,
2871 4690 3063 4744 nempe
3111 4675 3312 4732 Christi
3341 4675 3631 4742 Nativitas,
3679 4681 3783 4733 du-

2208 4764 2330 4832 ptici
2379 4765 2598 4820 nomine
2646 4765 2966 4834 appellatur.
3028 4765 3164 4823 Nam
3224 4769 3352 4837 quia
3401 4770 3445 4823 is
3471 4770 3565 4841 qui
3621 4782 3786 4825 natus

2207 4864 2311 4918 est,
2347 4855 2551 4923 duplici
2602 4866 2794 4911 natura
2849 4867 3089 4921 constat,
3148 4858 3347 4928 duplex
3392 4876 3607 4931 quoque
3659 4860 3785 4915 festi

2211 4946 2375 5015 hujus
2409 4961 2603 5001 nenten
2638 4957 2740 5015 est,
2779 4947 3133 5021 Theophanis
3167 4952 3425 5006 nimirum
3455 4952 3781 5018 divinitatis,

2205 5036 2471 5091 Nativitas
2506 5037 2886 5096 humanitatis.
2936 5041 3217 5109 Quatenus
3251 5044 3395 5098 enim
3436 5042 3580 5098 Deus
3611 5057 3781 5113 appa-

2207 5128 2341 5191 ruit,
2400 5127 2753 5200 The0phania
2811 5133 2941 5187 huic
2994 5134 3069 5188 rei
3120 5149 3320 5191 nomen
3369 5136 3595 5191 inditum
3649 5147 3775 5203 est;

2209 5228 2481 5288 quatenus
2532 5231 2715 5277 autem
2770 5232 2933 5280 natus
2986 5234 3090 5292 est,
3144 5224 3428 5282 Nativitas.
3494 5228 3672 5296 Atque
3721 5237 3777 5281 ut

2211 5313 2352 5366 Deus
2381 5312 2601 5382 quidem
2636 5329 2852 5386 semper
2885 5326 3003 5371 erat
3029 5332 3098 5372 ex
3131 5319 3464 5385 sempiterno
3491 5317 3670 5383 Patre,
3711 5333 3777 5374 ac

2205 5416 2368 5469 supra
2402 5416 2623 5459 causam
2673 5413 2726 5460 et
2765 5407 3030 5463 rationem
3076 5417 3196 5464 erat
3243 5409 3444 5480 (neque
3488 5410 3632 5464 enim
3668 5410 3776 5466 ulla

2206 5506 2370 5547 causa
2405 5496 2704 5562 praecessit,
2747 5497 2818 5551 ob
2845 5514 3010 5568 quam
3041 5497 3211 5554 Filius
3236 5515 3269 5555 a
3294 5500 3454 5556 Patre
3485 5513 3775 5572 generatus

2201 5582 2403 5653 fuerit;
2454 5603 2630 5659 neque
2679 5590 2824 5645 enim
2878 5607 2944 5646 eo
2985 5591 3282 5663 quidquam
3337 5601 3423 5648 est
3469 5593 3771 5665 antiquius)

3270 5775 3317 5808 "
3360 5774 3526 5834 Hebr.
3567 5793 3690 5845 ml,
3720 5776 3774 5833 8.
