4048 6278
291 345 425 410 1185

1183 353 1505 413 NlCETAS
1550 356 1626 416 IN
1663 357 1890 422 ORAT.
1930 360 2238 422 XXXVIII
2281 365 2344 424 S.
2381 364 2604 428 GREG.

3414 369 3554 435 1186

286 463 452 515 homo
505 475 636 515 vero
687 463 739 514 in
786 465 1113 518 saeculorum
1161 466 1268 522 ﬁne
1321 467 1498 524 factus
1545 480 1649 525 est.
1689 470 1867 528 Causa
1898 478 1943 532 A
1972 491 2037 530 ex
2069 477 2280 533 deliciis
2313 479 2441 544 illis,
2502 481 2702 549 quibus
2753 481 2805 534 in
2862 482 3118 550 paradiso
3167 483 3549 549 afﬂuebamus,

285 567 449 621 porro
469 551 748 607 inferioris
775 555 948 623 ipsius
972 558 1298 623 nativitatis,
1327 560 1654 616 instauratio
1681 574 1868 618 nostra

282 645 386 698 fttit
420 661 434 699 :
469 653 529 698 ut
552 645 646 712 qtti
676 645 842 700 vitam
875 645 1098 702 dederat
1132 649 1337 718 (omnia
1370 652 1516 704 enim
1551 669 1649 721 per
1684 654 1862 721 ipsunt

281 736 423 790 facta
455 737 606 804 sunt)
661 737 872 792 beatam
926 755 1147 809 quoque
1199 743 1365 796 vitam
1416 745 1575 799 nobis
1625 745 1863 801 afferret.

279 825 550 881 Cancrum
579 843 649 881 ne
675 828 798 898 quis
824 830 1097 898 suspicari
1129 843 1333 899 posset,
1385 834 1590 888 homini
1639 851 1668 888 a
1717 839 1866 905 priu-

248 918 426 986 ,cipio
474 932 597 971 cum
634 919 744 974 vita
796 921 1013 975 beatam
1044 937 1264 990 quoque
1298 925 1464 979 vitam
1498 927 1724 981 minimc
1767 929 1867 982 da-

280 1017 390 1062 tam
430 1009 626 1075 fuisse,
661 1010 789 1064 huic
822 1013 1123 1081 suspicioni
1157 1013 1466 1085 Theologus
1490 1018 1562 1070 ita
1593 1020 1860 1084 medetur,

277 1110 337 1152 ut
382 1100 549 1164 dicat,
594 1115 698 1155 nos
731 1101 955 1170 quidem
991 1105 1144 1171 prius
1176 1121 1396 1176 quoque
1427 1108 1638 1163 beatam
1691 1110 1857 1163 vitam

249 1190 556 1256 habuisse,
583 1207 770 1246 verum
803 1209 867 1248 ea
892 1206 1115 1264 prepter
1142 1207 1425 1266 peceatum
1459 1199 1640 1268 lapsos
1665 1201 1856 1256 fuisse.

272 1278 354 1335 0b
413 1281 556 1335 hanc
613 1297 836 1338 causam
891 1284 1120 1338 Creator
1177 1297 1487 1344 creaturam
1546 1291 1746 1356 induit,
1802 1303 1860 1346 ut

270 1387 392 1425 eam
431 1382 672 1436 renovet,
707 1384 870 1442 atque
896 1375 1184 1442 instauret,
1218 1395 1433 1449 nosque
1459 1380 1857 1438 incarnationis

268 1477 382 1516 suae
411 1478 576 1530 opera
629 1465 686 1518 in
737 1465 1029 1533 pristinum
1071 1479 1272 1528 statum
1324 1471 1556 1538 afferat,
1606 1475 1709 1529 hoc
1750 1485 1852 1539 est,

268 1553 338 1605 ad
370 1558 582 1608 beatam
608 1556 771 1610 vitam
800 1572 963 1625 quam
985 1560 1052 1613 ab
1077 1576 1142 1614 eo
1163 1572 1441 1631 acceptam
1467 1566 1851 1622 amiseramus.

267 1643 405 1698 Nam
439 1662 563 1701 cum
589 1647 684 1702 Dei
720 1649 914 1704 notitia
949 1652 1171 1720 privati,
1199 1665 1363 1723 atque
1391 1657 1457 1710 ad
1494 1672 1556 1711 ea
1585 1673 1706 1727 quae
1747 1675 1852 1714 non

268 1749 422 1803 sunt,
477 1740 660 1794 aversi
707 1755 959 1796 essemus
1011 1741 1150 1813 (sola
1186 1746 1329 1799 enim
1382 1748 1544 1812 bona,
1594 1759 1780 1819 utpote
1822 1770 1849 1803 ιι

1972 567 2178 622 factum
2227 583 2329 636 est,
2385 582 2440 625 ut
2492 574 2641 627 illinc
2688 574 3138 640 exturbaremur,
3195 591 3259 630 ac
3305 593 3454 632 mors
3485 594 3548 632 ex

1972 664 2080 716 vita
2113 664 2350 732 profluit,
2404 666 2476 718 ita
2531 683 2596 720 ex
2659 666 2742 720 his
2773 683 2964 724 rursus
3019 669 3225 721 lwtiora
3277 670 3548 725 oriantur.

1971 752 2180 822 Quippe
2235 771 2332 822 pro
2397 756 2603 812 amisso
2657 759 2914 825 paradiso
2963 759 3160 812 cmlum
3218 760 3546 827 recepimus.

1969 853 2133 915 atque
2167 848 2237 900 ab
2272 849 2517 917 angelica
2549 850 2675 902 vitae
2704 851 2916 903 ratione
2950 850 3191 918 prolapsi
3217 856 3280 903 ad
3311 851 3547 906 ﬁliorum

1967 937 2314 1004 adeptionem
2356 938 2530 991 vocati
2561 953 2776 1001 sumus,
2811 953 2873 991 ac
2908 954 3007 1007 pro
3053 940 3184 1002 vita,
3232 953 3393 1007 quam
3430 955 3550 1008 per-

1965 1029 2306 1094 didcramus,
2345 1031 2567 1085 caeleste
2599 1045 2824 1100 regnum
2867 1030 3182 1085 haereditate
3219 1033 3549 1099 accepimus.

1964 1118 2121 1187 Nam,
2156 1132 2215 1175 ut
2245 1122 2322 1175 ait
2349 1121 2663 1190 Apostolus,
2729 1121 2829 1175 Ubi
2866 1122 3152 1176 abundavit
3188 1123 3459 1186 delictum,
3493 1121 3549 1176 in

1965 1212 2188 1268 homine
2233 1214 2460 1280 scilicet,
2507 1214 2961 1284 superabundavit
2996 1225 3044 1269 et
3075 1217 3250 1283 gratia
3286 1213 3331 1246 “
3365 1225 3419 1269 et
3451 1214 3549 1269 be-

1963 1303 2242 1360 neﬁcium.
2291 1305 2357 1360 Et
2400 1306 2446 1360 si
2491 1321 2635 1362 unus
2675 1321 2742 1360 ex
2784 1306 3027 1375 quinque
3077 1307 3351 1370 sensibus,
3386 1306 3550 1359 nimi-

1963 1411 2081 1449 rum
2135 1406 2346 1465 gustus,
2413 1398 2786 1452 damnationis
2839 1412 3066 1451 eausam
3127 1399 3286 1452 nobis
3341 1397 3544 1460 attulit,

1959 1495 2163 1556 quanto
2195 1489 2368 1556 magis
2393 1503 2494 1542 nos
2527 1503 2669 1542 unus
2715 1488 2968 1542 Christus
3005 1489 3348 1556 justiﬁeavit,
3395 1504 3551 1542 acer-

1961 1579 2223 1634 bissimos
2273 1580 2328 1632 in
2377 1589 2490 1632 tota
2547 1593 2645 1633 sua
2695 1587 3050 1632 sacrosancta
3112 1593 3276 1633 carne
3330 1578 3546 1633 dolores

1959 1678 2146 1723 nostra
2177 1684 2345 1723 causa
2382 1668 2718 1738 perpessus?
2767 1667 2898 1732 Quae
2944 1668 3213 1722 sententia
3281 1668 3350 1720 ab
3397 1671 3542 1736 Apo-

1958 1761 2104 1815 stolo
2137 1771 2362 1830 accepta
2389 1751 2473 1814 est
2500 1758 2718 1814 dicente
2752 1777 2764 1811 :
2791 1757 3432 1828 Igiturquemadmodnm
3454 1774 3546 1828 per

268 1829 403 1892 Deo,
441 1831 533 1900 qui
568 1847 695 1888 vere
740 1842 847 1898 est,
895 1833 1159 1904 profecta,
1215 1839 1536 1896 substantiae
1583 1811 1840 1897 rationem

1959 1811 2097 1815 γρ-
2138 1811 2361 1830 τη,τὴ
2403 1811 2469 1814 --ἡ
2824 1811 2891 1827 αθ
3165 1811 3170 1812 ,
3284 1811 3291 1812 ,
3454 1811 3466 1828 ,

1953 1855 2112 1908 unius
2147 1855 2398 1908 delictum
2423 1856 2478 1907 in
2506 1854 2740 1907 homines
2779 1853 2847 1904 ad
2879 1852 3390 1914 condemnationem,
3469 1852 3546 1904 sic

267 1923 470 1978 habent
503 1942 517 1978 :
547 1924 690 1978 mala
732 1941 858 1980 vero
903 1929 1211 1990 substantia
1258 1933 1407 1986 omni
1443 1935 1654 2003 carent)
1695 1936 1849 1988 beata

1949 1949 2113 2000 etiam
2177 1963 2269 2017 per
2323 1949 2480 2000 unius
2521 1947 2800 2014 justitiam
2839 1947 2894 1999 in
2943 1960 3120 1999 omnes
3183 1945 3417 1999 homines
3475 1946 3544 1996 ad

264 2029 503 2108 quoque
529 2016 639 2070 vita
687 2017 905 2086 spoliati
944 2033 1159 2084 sumus,
1205 2022 1312 2076 hoc
1358 2033 1463 2086 est,
1505 2024 1753 2080 dissoluti
1785 2041 1850 2081 ac
1941 2016 2384 2108 justiﬁcdtionem
2420 2039 2541 2092 vitm
2565 2039 2634 2091 ³⁸.

262 2106 461 2175 dilapsi
493 2107 547 2160 in
587 2118 763 2164 morte
789 2117 843 2164 et
873 2113 1224 2180 corruptione
1251 2117 1577 2172 mansimus.

335 2196 454 2252 Col.
487 2197 611 2255 515.
644 2199 708 2255 Α.
753 2198 870 2254 Hoc
906 2201 1106 2270 festum
1158 2215 1233 2259 est
1265 2246 1280 2270 ,
1335 2205 1433 2260 ltoc
1476 2206 1728 2264 hodierno
1762 2210 1848 2263 die

261 2289 750 2353 celebramus..etc.
805 2291 1097 2350 Professus
1133 2311 1192 2350 se
1239 2297 1344 2351 dici
1391 2299 1554 2367 hujus
1596 2301 1706 2354 vim
1754 2304 1844 2356 de-

260 2381 622 2448 claraturum,
660 2398 804 2438 nunc
834 2396 1076 2452 praestat,
1127 2388 1272 2454 quod
1300 2390 1572 2456 promisit,
1603 2391 1791 2447 dicens
1820 2408 1835 2446 :

250 2472 619 2531 .Celebramus
648 2474 740 2529 Dei
773 2477 839 2529 ad
875 2492 974 2532 nos
1003 2492 1309 2537 accessum.
1357 2479 1604 2538 Accessit
1637 2493 1841 2550 autem,

259 2575 323 2620 ut
377 2581 480 2623 nos
531 2568 598 2622 ad
648 2584 774 2623 eum
823 2585 1049 2640 peregre
1101 2572 1550 2642 proﬁciscamur,
1586 2576 1708 2642 ,‘vel,
1784 2585 1845 2631 ut

255 2661 438 2729 magis
499 2663 719 2730 proprie
771 2663 987 2727 dicam,
1053 2674 1413 2721 revertamur.
1496 2664 1840 2738 Peregrinari

253 2754 407 2807 enim
441 2758 562 2824 quis
598 2758 824 2823 dicitur,
874 2775 998 2813 cum
1049 2761 1115 2814 ad
1159 2776 1284 2814 cum
1317 2761 1519 2824 locum,
1577 2763 1641 2818 ad
1678 2780 1838 2834 quem

254 2859 543 2913 numquam
593 2857 752 2900 antea
803 2849 1086 2916 profectus
1115 2849 1310 2913 l'uerat,
1365 2867 1424 2904 se
1465 2851 1721 2908 confert:
1755 2869 1841 2908 re-

253 2939 397 2990 verti
452 2947 655 3001 autem,
704 2953 830 2993 cum
879 2941 1057 2994 locum
1105 2956 1230 2995 eum
1284 2945 1502 3012 repetit,
1549 2945 1615 2998 ad
1673 2960 1836 3014 quem

253 3029 553 3097 aliquando
581 3041 914 3098 perrexerat.
977 3032 1246 3098 Quoniam
1298 3034 1462 3102 igitur
1513 3036 1695 3090 anima
1741 3053 1835 3092 no-

2023 2130 2162 2185 lbid.
2214 2129 2482 2195 Quocirca
2518 2147 2618 2183 non
2649 2139 2706 2183 ut
2731 2131 2783 2183 in
2810 2129 3038 2199 publicis
3067 2128 3218 2197 festis
3241 2128 3360 2197 ﬁeri
3386 2127 3540 2190 solet,

1946 2223 2037 2276 sed
2062 2223 2254 2287 divine,
2291 2232 2399 2278 etc.
2455 2221 2749 2288 Quocirca,
2805 2220 3000 2290 inquit,
3054 2219 3254 2274 festum
3300 2219 3541 2272 celebre—

1947 2329 2094 2372 mus.
2147 2329 2254 2367 non
2285 2322 2346 2368 ut
2376 2327 2493 2367 mos
2521 2322 2606 2368 est
2651 2313 2704 2366 in
2756 2312 2986 2381 publicis
3032 2310 3185 2364 festis
3217 2317 3271 2363 et
3303 2309 3541 2364 celebri-

1947 2407 2153 2460 tatibus
2194 2422 2291 2476 per
2334 2407 2522 2466 luxum
2575 2413 2631 2459 et
2674 2405 2952 2459 lasciviam
3008 2411 3171 2472 atque
3219 2399 3536 2470 hulusmodi

1945 2497 2388 2557 oblectationem.
2425 2495 2520 2552 sed
2557 2495 2914 2565 spiritualiter
2959 2499 3124 2560 atque
3174 2502 3234 2546 ut
3269 2491 3382 2546 Deo
3415 2504 3543 2560 gra-

1945 2596 2060 2642 tum
2091 2596 2194 2651 est,
2229 2602 2339 2640 non
2369 2585 2557 2640 mundi
2594 2585 2722 2650 ritu,
2772 2585 2823 2638 id
2850 2595 2955 2647 est,
2989 2580 3362 2651 voluptuarie,
3391 2588 3447 2634 et
3479 2587 3536 2633 ut

1947 2675 2138 2730 mundi
2172 2675 2430 2745 princeps
2457 2675 2630 2745 cupit,
2680 2675 2772 2730 sed
2805 2686 2970 2742 supra
3006 2669 3196 2725 mundi
3245 2669 3435 2737 ritum,
3482 2668 3536 2721 id

1942 2781 2048 2834 est,
2082 2768 2351 2838 angelice,
2390 2784 2496 2823 non
2529 2783 2618 2822 res
2651 2776 2890 2829 nostras,
2939 2765 2991 2818 id
3019 2772 3122 2829 est,
3171 2776 3295 2832 qua:
3321 2760 3386 2815 ad
3421 2759 3541 2814 eul-

1947 2871 2063 2916 tum
2111 2870 2167 2916 et
2217 2861 2621 2917 observantiam
2674 2859 2866 2922 nostri,
2909 2857 3000 2912 sed
3047 2871 3170 2925 qua:
3225 2854 3293 2908 ad
3327 2853 3535 2908 cultum

1943 2954 2146 3010 Christi
2173 2962 2441 3024 spectent,
2499 2953 2593 3021 qui
2643 2962 2908 3020 cognatus
2953 2948 3175 3016 quidem
3228 2953 3411 2999 noster
3452 2953 3538 2998 est

1943 3054 2207 3115 quantum
2248 3045 2312 3100 ad
2343 3043 2764 3102 humanitatem,
2803 3041 3073 3096 Dominus
3123 3047 3305 3092 autem
3351 3053 3534 3107 quan-

251 3120 350 3218 bis.
375 3135 405 3174 a
442 3119 555 3176 Deo
601 3122 864 3192 inspirata
916 3135 1024 3187 est,
1076 3126 1236 3194 eique
1271 3127 1571 3196 aliquando
1609 3130 1835 3199 propiu-
1868 3154 1915 3218 ε
1947 3146 2062 3194 tum
2095 3140 2162 3193 ad
2189 3138 2557 3202 divinitatem,
2591 3150 2698 3190 non
2727 3149 2850 3205 quae
2875 3133 3215 3188 inﬁrmitatis
3256 3141 3405 3196 sunt,
3437 3131 3533 3185 sed

252 3211 354 3281 qui
378 3227 621 3276 eramus,
653 3231 759 3268 non
793 3215 1016 3283 quidem
1040 3217 1160 3272 loco
1189 3218 1282 3272 sed
1316 3219 1620 3282 voluntate,
1649 3223 1844 3277 animi-

251 3319 367 3374 que
401 3305 673 3369 instituto,
723 3322 908 3362 verum
954 3319 1175 3378 propter
1224 3320 1506 3378 peccatum
1545 3315 1615 3368 ab
1646 3329 1713 3367 eo
1745 3330 1841 3368 es-

249 3396 510 3460 cidimus,
543 3399 828 3467 aptissimo
863 3403 1132 3456 vocabulo
1164 3414 1356 3459 nostra
1389 3423 1512 3460 eum
1568 3407 1678 3462 Deo
1713 3425 1844 3463 cono

245 3483 468 3554 iunctio
497 3496 551 3541 et
571 3489 885 3543 conciliatio
919 3493 1124 3546 reditus
1152 3495 1454 3562 appellatur
1485 3515 1499 3550 :
1535 3507 1614 3559 ut.
1650 3515 1833 3567 quem-

247 3576 548 3630 admodum
573 3577 647 3632 ait
667 3577 934 3645 Paulus”,
960 3594 1243 3648 peccatum
1264 3594 1417 3640 vetus
1440 3603 1547 3641 non
1577 3605 1738 3644 secus
1761 3605 1824 3645 ac

251 3676 464 3735 vestem
503 3670 800 3737 quamdam
849 3672 1121 3727 coriosam
1175 3690 1240 3730 ac
1297 3687 1566 3733 vetustate
1622 3695 1836 3735 erosam

249 3757 574 3826 abjicieutes
626 3775 828 3816 novum
881 3763 1158 3819 hominem
1211 3767 1533 3833 induamus,
1584 3771 1688 3826 hoc
1729 3782 1833 3837 est,

249 3849 551 3914 virtutem,
611 3860 706 3904 aut
751 3852 916 3906 etiam
967 3853 1146 3921 ipsum
1204 3855 1520 3922 Christum,
1571 3868 1624 3911 et
1675 3860 1836 3924 sicut,

242 3940 404 4009 juxta
449 3941 700 3996 eumdem
757 3943 1080 4012 Apostolum
1110 3947 1197 4012 ³³,
1264 3948 1340 4005 in.
1379 3948 1586 4003 Adamo
1635 3952 1838 4006 mortui

245 4045 464 4095 smnus,
495 4033 710 4086 mortali
745 4033 959 4090 scilicet
991 4035 1132 4091 facta
1166 4035 1338 4105 ipsius
1373 4048 1591 4100 natura,
1630 4040 1835 4104 talique

247 4121 316 4174 ad
349 4135 598 4190 posteros
628 4124 930 4190 transfusa.
1003 4127 1085 4181 sic
1128 4127 1182 4180 in
1222 4126 1443 4182 Christo
1481 4143 1704 4198 quoque
1752 4132 1833 4183 vi-

242 4227 464 4276 tamus,
493 4229 602 4282 per
643 4227 766 4270 eum
813 4230 1008 4274 rursus
1055 4217 1122 4272 ad
1182 4219 1646 4278 immortalitatem
1678 4237 1837 4277 revo-

243 4303 380 4368 cati,
421 4319 570 4360 cum
625 4305 829 4362 Christi
866 4322 971 4362 una
1023 4320 1315 4365 nascentes
1358 4325 1456 4382 per
1501 4312 1838 4382 baptismum.

242 4395 700 4462 regenerationis,
729 4412 840 4454 una
871 4399 1023 4454 cruci
1058 4401 1207 4456 afﬁxi
1235 4417 1330 4471 per
1356 4403 1686 4460 laboriosam
1711 4407 1836 4463 vita:

1948 3245 2072 3300 qua
2130 3229 2452 3284 curationis.
2525 3227 2841 3297 Congruere
2892 3226 3036 3279 enim
3095 3224 3203 3278 diei
3269 3223 3538 3294 mysterio

1947 3323 2108 3378 debet
2132 3321 2255 3377 festi
2285 3321 2601 3376 celebratio.
2637 3319 2715 3373 Ac
2735 3319 2778 3373 si
2811 3318 3031 3388 quidem
3063 3317 3133 3370 ob
3164 3314 3534 3380 inﬁrmitates,

1946 3416 2001 3469 in
2029 3430 2170 3485 quas
2197 3413 2515 3477 incidimus,
2562 3411 2705 3466 diem
2757 3409 2954 3465 festum
3008 3423 3321 3478 ageremus,
3375 3415 3535 3476 petu-

1950 3507 2122 3561 lanter
2151 3518 2206 3560 et
2235 3505 2438 3561 lascive
2490 3504 2688 3559 festum
2732 3503 3114 3556 celebrandum
3162 3509 3332 3554 esset.
3378 3499 3534 3552 inﬁr-

1947 3598 2156 3653 mitatis
2189 3599 2333 3650 enim
2367 3607 2452 3652 est
2503 3595 2834 3650 comessatio
2872 3604 3035 3664 atque
3080 3590 3530 3660 intemperantia.

1944 3688 2217 3754 Quoniam
2248 3695 2429 3742 autem
2465 3687 2746 3740 contraria
2775 3700 2940 3739 causa
2974 3684 3330 3754 impellimur,
3367 3692 3535 3749 atque

1945 3779 2155 3833 idcirco
2183 3779 2326 3831 diem
2359 3776 2557 3830 festum
2587 3777 2834 3846 agimus,
2875 3775 3000 3844 quia
3055 3773 3325 3828 medicina
3374 3773 3532 3827 nobis

1943 3869 2104 3923 allata
2136 3881 2238 3934 est,
2310 3868 2376 3922 ad
2408 3868 2573 3937 hujus
2600 3867 3180 3923 festi'celebrationem
3224 3865 3532 3919 adhibenda

1941 3973 2024 4015 est
2071 3958 2430 4028 temperantia
2482 3977 2496 4013 :
2544 3960 2831 4013 medicinae
2886 3957 3155 4024 siquidem
3215 3966 3298 4011 est
3328 3966 3533 4026 tempe-

1941 4051 2142 4115 rantia,
2177 4059 2362 4120 utpote
2388 4067 2511 4121 quae
2532 4054 2728 4106 animae
2759 4052 3098 4106 curationem
3128 4050 3278 4104 velut
3299 4044 3526 4119 sc0pum

1942 4143 2046 4195 sibi
2101 4150 2386 4211 proponat.
2432 4143 2550 4196 Non
2593 4157 2656 4198 ea
2709 4159 2831 4211 qua:
2872 4143 3213 4203 creationis,
3265 4141 3356 4194 sed
3408 4155 3530 4208 quae

1939 4235 2291 4289 recreatiouis
2321 4244 2486 4304 atque
2525 4236 2961 4290 instaurationis.
3037 4233 3174 4288 Nam
3206 4235 3527 4300 incorporea

1941 4328 2323 4394 procreatione
2363 4343 2630 4396 corporea
2677 4329 2866 4396 utique
2913 4336 3015 4391 est,
3076 4335 3186 4378 tam
3235 4326 3350 4394 ipsa
3402 4341 3529 4394 pro-

1939 4420 2170 4486 creatio,
2210 4434 2374 4488 quam
2412 4420 2676 4473 solemnis
2709 4419 2888 4472 laetitia
2942 4427 3170 4486 propter
3199 4433 3319 4471 cam
3363 4417 3524 4470 insti-

243 4485 506 4554 degendte
555 4488 850 4555 rationem,
903 4507 1017 4551 una.
1043 4493 1239 4561 sepulti
1292 4509 1386 4562 per
1417 4494 1710 4551 affectuum
1743 4517 1835 4554 cx-

1947 4523 2056 4567 tuta
2095 4531 2108 4568 :
2149 4521 2204 4567 at
2241 4529 2365 4568 cum
2415 4512 2681 4566 rccreatio
2713 4520 2766 4564 et
2811 4511 3136 4563 instauratio
3170 4519 3353 4561 nostra
3407 4509 3524 4576 spi-

245 4578 624 4634 stiuctionem.
661 4581 1136 4646 Quemadmodum
1171 4595 1353 4640 autem
1399 4588 1617 4644 litterali
1668 4608 1834 4648 sensu

240 4669 530 4724 cruciﬁxio
561 4678 615 4723 et
643 4671 927 4739 sepultura
961 4673 1104 4728 inter
1134 4690 1194 4730 se
1223 4675 1506 4740 diﬂ'eruut,
1553 4680 1632 4734 sic
1665 4682 1830 4736 etiam

243 4760 516 4828 spirituali
550 4771 600 4815 et
633 4762 949 4832 allegorice.
983 4765 1280 4820 Crueiﬁxio
1313 4770 1456 4824 enim
1481 4769 1829 4828 afﬂictionem

241 4863 294 4906 ct
325 4855 641 4922 patientiam
667 4857 952 4926 animique
1001 4859 1056 4911 in
1089 4860 1348 4928 gravibus
1385 4863 1710 4935 acet-bisque
1743 4882 1830 4920 re-

242 4945 346 4998 bus
380 4946 718 5014 perferendis
754 4948 1130 5008 fortitudinem
1164 4953 1438 5022 designat,
1489 4971 1597 5010 non
1643 4967 1825 5012 tamen

243 5039 514 5105 ejusmodi
569 5041 737 5098 animi
783 5045 1258 5109 constitutionem,
1307 5063 1414 5117 qua
1461 5048 1713 5105 dolorum
1756 5067 1824 5106 ex

243 5132 504 5190 virtutum
537 5137 688 5192 cultu
735 5148 899 5208 atque
941 5144 1262 5210 apetatione
1309 5145 1653 5198 nascentium
1699 5160 1824 5199 sen-

241 5237 336 5276 sus
368 5227 547 5282 omnis
579 5238 800 5297 ereptus
844 5231 932 5287 ait.
989 5230 1280 5301 Sepultum
1329 5245 1511 5289 autem
1563 5235 1821 5304 perfectae

243 5325 296 5368 et
323 5319 654 5376 omnimodae
677 5322 972 5379 aﬁ‘ectuum
999 5327 1436 5382 mortiﬁcationis
1466 5329 1682 5398 signum
1711 5339 1816 5386 est.

239 5403 393 5463 lianc
444 5414 778 5470 resurrectio
818 5415 1087 5486 sequitur,
1142 5417 1194 5472 id
1239 5428 1344 5485 est,
1396 5420 1640 5475 absoluta
1687 5434 1819 5477 con-

242 5501 522 5567 templatio
555 5519 619 5560 ac
651 5506 945 5564 deiﬁcatio.
972 5508 1243 5565 Praeclara
1271 5513 1415 5566 enim
1443 5523 1496 5566 et
1526 5513 1815 5570 laudabilis

240 5598 529 5653 conversio
574 5599 733 5656 nobis
783 5600 1069 5656 sentienda
1103 5611 1210 5667 est,
1257 5614 1314 5657 ut
1351 5606 1812 5673 quemadmodum

1941 4606 2114 4660 ritalis
2162 4621 2225 4660 ac
2275 4606 2456 4659 divina
2505 4605 2595 4668 sit,
2647 4601 2967 4670 spiritaliter
3001 4615 3221 4669 quoque
3250 4615 3313 4654 ac
3339 4600 3527 4654 divine

1938 4697 2137 4754 festum
2172 4697 2489 4768 agitandum
2516 4706 2616 4750 est.
2663 4696 2834 4749 Porro
2882 4695 3215 4749 creationem
3265 4692 3370 4748 hoc
3401 4694 3522 4745 loco

1939 4806 2046 4844 non
2079 4790 2310 4859 primam
2363 4791 2511 4843 illam
2549 4787 2822 4857 intelligit,
2869 4801 2977 4856 qua
3016 4785 3269 4840 Christus
3295 4797 3522 4855 accepto

1936 4897 1966 4937 e
2007 4893 2150 4936 terra
2185 4884 2406 4952 pulvere
2437 4880 2691 4934 manibus
2721 4877 2958 4948 prepriis
3002 4877 3277 4931 hominem
3313 4892 3342 4930 a
3375 4879 3520 4946 prin-

1937 4970 2081 5041 cipio
2112 4971 2288 5034 tinxit,
2331 4971 2424 5025 sed
2457 4978 2706 5024 mutuam
2739 4969 2885 5022 illam
2915 4967 3342 5030 successionem,
3396 4982 3520 5034 qua:

1932 5077 2032 5132 per
2060 5063 2471 5133 generationem
2502 5063 2581 5126 ﬁt,
2637 5076 2744 5130 qua
2770 5075 2872 5114 nos
2899 5059 3160 5114 mortales
3196 5060 3517 5112 naturaliter

1932 5153 1987 5207 in
2022 5163 2272 5208 materno
2303 5164 2493 5208 ventre
2519 5155 2795 5222 ﬁngimttr.
2834 5151 2892 5205 id
2937 5162 3118 5206 autem
3155 5151 3254 5205 hac
3292 5149 3512 5204 demunt

1931 5248 2145 5300 ratione
2186 5261 2612 5315 consequemur,
2662 5245 2706 5300 si
2752 5244 2908 5315 juxta
2941 5244 3205 5314 Theologi
3255 5245 3511 5299 cohorta-

1930 5337 2134 5392 tionem
2159 5337 2521 5406 spiritualiter
2543 5335 2740 5390 festum
2773 5335 3136 5392 celebremus.
3185 5334 3296 5390 Nec
3343 5337 3510 5390 arbo-

1927 5443 2048 5483 rum
2111 5429 2304 5496 ramis,
2357 5436 2418 5482 ut
2482 5426 2664 5482 facere
2722 5427 2947 5497 quidam
3001 5427 3058 5480 in
3103 5425 3259 5480 festis
3308 5427 3507 5490 solent,

1927 5517 2126 5573 aedium
2155 5518 2429 5573 vestibula
2457 5519 2759 5589 cingamus,
2785 5533 2885 5572 nec
2915 5516 3060 5586 quod
3090 5515 3348 5584 turpioris
3371 5518 3510 5571 mol-

1924 5610 2060 5665 litiei
2116 5620 2222 5675 est,
2284 5610 2714 5686 choreas_extra
2771 5609 3066 5665 ecclesiam
3125 5606 3506 5673 conﬁciemus,

314 5753 359 5785 ³⁸
387 5754 601 5814 Coloss.
629 5773 712 5822 ut,
744 5759 798 5814 9.
845 5759 889 5792 “
919 5759 1088 5816 lCor.
1123 5778 1211 5831 xv,
1239 5763 1329 5817 22.
1373 5763 1418 5795 ³ἰ
1446 5765 1604 5821 Rom.
1631 5783 1682 5836 v,
1718 5770 1808 5822 20.

1947 5768 2051 5824 bid.
2086 5770 2174 5825 18.
