  <div class='ocr_page' id='page_1' title='image "/cluster/home/n/w/nwhite01/storage/ocr_20150623/127/mdp.39015038085968/069.png"; bbox 0 0 4048 6278; ppageno 0'>
   <div class='ocr_carea' id='block_1_1' title="bbox 510 264 642 330">
    <p class='ocr_par' dir='ltr' id='par_1_1' title="bbox 510 264 642 330">
     <span class='ocr_line' id='line_1_1' title="bbox 510 264 642 330; baseline 0 0"><span class='ocrx_word' id='word_1_1' title='bbox 510 264 642 330; x_wconf 75' lang='lat'><strong>“87</strong></span> 
     </span>
    </p>
   </div>
   <div class='ocr_carea' id='block_1_2' title="bbox 1909 260 2286 320">
    <p class='ocr_par' dir='ltr' id='par_1_2' title="bbox 1909 260 2286 320">
     <span class='ocr_line' id='line_1_2' title="bbox 1909 260 2286 320; baseline 0 0"><span class='ocrx_word' id='word_1_2' title='bbox 1909 260 2286 320; x_wconf 74' lang='lat' dir='ltr'><strong>ADDENDA.</strong></span> 
     </span>
    </p>
   </div>
   <div class='ocr_carea' id='block_1_3' title="bbox 3641 261 3776 323">
    <p class='ocr_par' dir='ltr' id='par_1_3' title="bbox 3641 261 3776 323">
     <span class='ocr_line' id='line_1_3' title="bbox 3641 261 3776 323; baseline -0.007 -2"><span class='ocrx_word' id='word_1_3' title='bbox 3641 261 3776 323; x_wconf 61' lang='grc' dir='ltr'>ιιςςι</span> 
     </span>
    </p>
   </div>
   <div class='ocr_carea' id='block_1_4' title="bbox 505 373 3774 450">
    <p class='ocr_par' dir='ltr' id='par_1_4' title="bbox 505 373 3774 450">
     <span class='ocr_line' id='line_1_4' title="bbox 505 373 3774 450; baseline -0.002 -18"><span class='ocrx_word' id='word_1_4' title='bbox 505 380 790 449; x_wconf 86' lang='lat' dir='ltr'><strong>nec,quod</strong></span> <span class='ocrx_word' id='word_1_5' title='bbox 829 381 1000 450; x_wconf 86' lang='lat' dir='ltr'><strong>magis</strong></span> <span class='ocrx_word' id='word_1_6' title='bbox 1032 381 1290 449; x_wconf 89' lang='lat' dir='ltr'><strong>populare</strong></span> <span class='ocrx_word' id='word_1_7' title='bbox 1308 389 1410 442; x_wconf 90' lang='lat' dir='ltr'><strong>est,</strong></span> <span class='ocrx_word' id='word_1_8' title='bbox 1431 379 1579 433; x_wconf 88' lang='lat' dir='ltr'><strong>vicos</strong></span> <span class='ocrx_word' id='word_1_9' title='bbox 1613 378 1828 432; x_wconf 82' lang='lat' dir='ltr'><strong>urbium</strong></span> <span class='ocrx_word' id='word_1_10' title='bbox 1855 392 2087 432; x_wconf 70' lang='lat' dir='ltr'><strong>exorne~</strong></span> <span class='ocrx_word' id='word_1_11' title='bbox 2113 373 2168 430; x_wconf 76' lang='grc' dir='ltr'><strong>Λ</strong></span> <span class='ocrx_word' id='word_1_12' title='bbox 2193 385 2422 446; x_wconf 85' lang='lat' dir='ltr'><strong>spectat,</strong></span> <span class='ocrx_word' id='word_1_13' title='bbox 2473 391 2536 430; x_wconf 90' lang='lat' dir='ltr'><strong>ac</strong></span> <span class='ocrx_word' id='word_1_14' title='bbox 2588 377 2795 431; x_wconf 87' lang='lat' dir='ltr'><strong>libidini</strong></span> <span class='ocrx_word' id='word_1_15' title='bbox 2850 375 3111 445; x_wconf 91' lang='lat' dir='ltr'><strong>indulget,</strong></span> <span class='ocrx_word' id='word_1_16' title='bbox 3154 376 3394 443; x_wconf 83' lang='lat' dir='ltr'><strong>vitioque</strong></span> <span class='ocrx_word' id='word_1_17' title='bbox 3429 374 3667 428; x_wconf 89' lang='lat' dir='ltr'><strong>obrutus</strong></span> <span class='ocrx_word' id='word_1_18' title='bbox 3707 378 3774 428; x_wconf 83' lang='lat' dir='ltr'><strong>ad</strong></span> 
     </span>
    </p>
   </div>
   <div class='ocr_carea' id='block_1_5' title="bbox 505 471 2080 541">
    <p class='ocr_par' dir='ltr' id='par_1_5' title="bbox 505 471 2080 541">
     <span class='ocr_line' id='line_1_5' title="bbox 505 471 2080 541; baseline -0.003 -15"><span class='ocrx_word' id='word_1_19' title='bbox 505 489 650 536; x_wconf 89' lang='lat' dir='ltr'><strong>mus,</strong></span> <span class='ocrx_word' id='word_1_20' title='bbox 672 473 924 528; x_wconf 86' lang='lat' dir='ltr'><strong>diversas</strong></span> <span class='ocrx_word' id='word_1_21' title='bbox 941 473 1154 526; x_wconf 78' lang='lat' dir='ltr'><strong>eximiae</strong></span> <span class='ocrx_word' id='word_1_22' title='bbox 1173 471 1520 541; x_wconf 90' lang='lat' dir='ltr'><strong>supellectilis</strong></span> <span class='ocrx_word' id='word_1_23' title='bbox 1542 472 1752 540; x_wconf 85' lang='lat' dir='ltr'><strong>species</strong></span> <span class='ocrx_word' id='word_1_24' title='bbox 1776 471 1843 524; x_wconf 88' lang='lat' dir='ltr'><strong>ad</strong></span> <span class='ocrx_word' id='word_1_25' title='bbox 1867 485 2080 533; x_wconf 88' lang='lat' dir='ltr'><strong>eorum,</strong></span> 
     </span>
    </p>
   </div>
   <div class='ocr_carea' id='block_1_6' title="bbox 506 562 2082 632">
    <p class='ocr_par' dir='ltr' id='par_1_6' title="bbox 506 562 2082 632">
     <span class='ocr_line' id='line_1_6' title="bbox 506 562 2082 632; baseline 0 -18"><span class='ocrx_word' id='word_1_26' title='bbox 506 563 598 629; x_wconf 92' lang='lat' dir='ltr'><strong>qui</strong></span> <span class='ocrx_word' id='word_1_27' title='bbox 632 563 696 614; x_wconf 87' lang='lat' dir='ltr'><strong>ad</strong></span> <span class='ocrx_word' id='word_1_28' title='bbox 733 562 932 616; x_wconf 88' lang='lat' dir='ltr'><strong>festum</strong></span> <span class='ocrx_word' id='word_1_29' title='bbox 966 562 1270 630; x_wconf 86' lang='lat' dir='ltr'><strong>conﬂuunt,</strong></span> <span class='ocrx_word' id='word_1_30' title='bbox 1322 564 1741 617; x_wconf 84' lang='lat' dir='ltr'><strong>oblectationem</strong></span> <span class='ocrx_word' id='word_1_31' title='bbox 1777 563 2082 632; x_wconf 83' lang='lat' dir='ltr'><strong>appenden-</strong></span> 
     </span>
    </p>
   </div>
   <div class='ocr_carea' id='block_1_7' title="bbox 507 651 2080 723">
    <p class='ocr_par' dir='ltr' id='par_1_7' title="bbox 507 651 2080 723">
     <span class='ocr_line' id='line_1_7' title="bbox 507 651 2080 723; baseline 0.004 -22"><span class='ocrx_word' id='word_1_32' title='bbox 507 662 609 711; x_wconf 85' lang='lat' dir='ltr'><strong>tes,</strong></span> <span class='ocrx_word' id='word_1_33' title='bbox 646 666 764 714; x_wconf 85' lang='lat' dir='ltr'><strong>nec,</strong></span> <span class='ocrx_word' id='word_1_34' title='bbox 804 651 951 719; x_wconf 91' lang='lat' dir='ltr'><strong>quod</strong></span> <span class='ocrx_word' id='word_1_35' title='bbox 979 651 1181 706; x_wconf 75' lang='lat' dir='ltr'><strong>foedius</strong></span> <span class='ocrx_word' id='word_1_36' title='bbox 1214 661 1315 713; x_wconf 91' lang='lat' dir='ltr'><strong>est,</strong></span> <span class='ocrx_word' id='word_1_37' title='bbox 1345 653 1597 707; x_wconf 79' lang='lat' dir='ltr'><strong>absurdis</strong></span> <span class='ocrx_word' id='word_1_38' title='bbox 1627 655 2080 723; x_wconf 68' lang='lat' dir='ltr'><strong>praestigiatorum</strong></span> 
     </span>
    </p>
   </div>
   <div class='ocr_carea' id='block_1_8' title="bbox 506 738 2082 812">
    <p class='ocr_par' dir='ltr' id='par_1_8' title="bbox 506 738 2082 812">
     <span class='ocr_line' id='line_1_8' title="bbox 506 738 2082 812; baseline 0.008 -26"><span class='ocrx_word' id='word_1_39' title='bbox 506 738 1015 802; x_wconf 47' lang='lat' dir='ltr'><strong>gesticulationibus</strong></span> <span class='ocrx_word' id='word_1_40' title='bbox 1073 750 1168 794; x_wconf 90' lang='lat' dir='ltr'><strong>aut</strong></span> <span class='ocrx_word' id='word_1_41' title='bbox 1203 756 1494 810; x_wconf 84' lang='lat' dir='ltr'><strong>corporum</strong></span> <span class='ocrx_word' id='word_1_42' title='bbox 1546 745 1858 812; x_wconf 84' lang='lat' dir='ltr'><strong>aspectibus</strong></span> <span class='ocrx_word' id='word_1_43' title='bbox 1924 745 2082 799; x_wconf 86' lang='lat' dir='ltr'><strong>volu-</strong></span> 
     </span>
    </p>
   </div>
   <div class='ocr_carea' id='block_1_9' title="bbox 504 830 2084 904">
    <p class='ocr_par' dir='ltr' id='par_1_9' title="bbox 504 830 2084 904">
     <span class='ocr_line' id='line_1_9' title="bbox 504 830 2084 904; baseline 0.007 -24"><span class='ocrx_word' id='word_1_44' title='bbox 504 832 664 896; x_wconf 86' lang='lat' dir='ltr'><strong>ptatis</strong></span> <span class='ocrx_word' id='word_1_45' title='bbox 697 830 944 886; x_wconf 85' lang='lat' dir='ltr'><strong>aculeum</strong></span> <span class='ocrx_word' id='word_1_46' title='bbox 969 831 1346 888; x_wconf 89' lang='lat' dir='ltr'><strong>emittentibus</strong></span> <span class='ocrx_word' id='word_1_47' title='bbox 1373 836 1559 888; x_wconf 84' lang='lat' dir='ltr'><strong>oculos</strong></span> <span class='ocrx_word' id='word_1_48' title='bbox 1595 850 1902 903; x_wconf 88' lang='lat' dir='ltr'><strong>pascamus.</strong></span> <span class='ocrx_word' id='word_1_49' title='bbox 1938 838 2084 904; x_wconf 86' lang='lat' dir='ltr'><strong>Epu-</strong></span> 
     </span>
    </p>
   </div>
   <div class='ocr_carea' id='block_1_10' title="bbox 507 921 2085 992">
    <p class='ocr_par' dir='ltr' id='par_1_10' title="bbox 507 921 2085 992">
     <span class='ocr_line' id='line_1_10' title="bbox 507 921 2085 992; baseline 0.01 -25"><span class='ocrx_word' id='word_1_50' title='bbox 507 922 615 970; x_wconf 97' lang='lat' dir='ltr'><strong>lum</strong></span> <span class='ocrx_word' id='word_1_51' title='bbox 677 921 821 974; x_wconf 87' lang='lat' dir='ltr'><strong>enim</strong></span> <span class='ocrx_word' id='word_1_52' title='bbox 883 937 947 976; x_wconf 90' lang='lat' dir='ltr'><strong>ac</strong></span> <span class='ocrx_word' id='word_1_53' title='bbox 991 923 1240 992; x_wconf 82' lang='lat' dir='ltr'><strong>voluptas</strong></span> <span class='ocrx_word' id='word_1_54' title='bbox 1291 927 1571 981; x_wconf 89' lang='lat' dir='ltr'><strong>oculorum</strong></span> <span class='ocrx_word' id='word_1_55' title='bbox 1617 937 1700 982; x_wconf 86' lang='lat' dir='ltr'><strong>est</strong></span> <span class='ocrx_word' id='word_1_56' title='bbox 1759 944 1821 982; x_wconf 89' lang='lat' dir='ltr'><strong>ca</strong></span> <span class='ocrx_word' id='word_1_57' title='bbox 1867 930 2085 985; x_wconf 87' lang='lat' dir='ltr'><strong>curiose</strong></span> 
     </span>
    </p>
   </div>
   <div class='ocr_carea' id='block_1_11' title="bbox 507 1011 2084 1081">
    <p class='ocr_par' dir='ltr' id='par_1_11' title="bbox 507 1011 2084 1081">
     <span class='ocr_line' id='line_1_11' title="bbox 507 1011 2084 1081; baseline 0.008 -19"><span class='ocrx_word' id='word_1_58' title='bbox 507 1011 864 1081; x_wconf 77' lang='lat' dir='ltr'><strong>intueri,qu-.e</strong></span> <span class='ocrx_word' id='word_1_59' title='bbox 895 1014 1118 1068; x_wconf 89' lang='lat' dir='ltr'><strong>minime</strong></span> <span class='ocrx_word' id='word_1_60' title='bbox 1149 1018 1423 1071; x_wconf 86' lang='lat' dir='ltr'><strong>convenit.</strong></span> <span class='ocrx_word' id='word_1_61' title='bbox 1449 1016 1619 1074; x_wconf 85' lang='lat' dir='ltr'><strong>Orsus</strong></span> <span class='ocrx_word' id='word_1_62' title='bbox 1647 1029 1829 1074; x_wconf 90' lang='lat' dir='ltr'><strong>autem</strong></span> <span class='ocrx_word' id='word_1_63' title='bbox 1851 1020 2084 1076; x_wconf 83' lang='lat' dir='ltr'><strong>Theolo-</strong></span> 
     </span>
    </p>
   </div>
   <div class='ocr_carea' id='block_1_12' title="bbox 505 1116 2082 1179">
    <p class='ocr_par' dir='ltr' id='par_1_12' title="bbox 505 1116 2082 1179">
     <span class='ocr_line' id='line_1_12' title="bbox 505 1116 2082 1179; baseline 0.008 -25"><span class='ocrx_word' id='word_1_64' title='bbox 505 1118 607 1172; x_wconf 73' lang='lat' dir='ltr'><strong>gl-IS</strong></span> <span class='ocrx_word' id='word_1_65' title='bbox 650 1119 843 1158; x_wconf 71' lang='lat' dir='ltr'><strong>SGllSlIS</strong></span> <span class='ocrx_word' id='word_1_66' title='bbox 884 1116 1102 1162; x_wconf 69' lang='grc' dir='ltr'><strong>ηοδῑτθε</strong></span> <span class='ocrx_word' id='word_1_67' title='bbox 1131 1123 1486 1177; x_wconf 90' lang='lat' dir='ltr'><strong>componere,</strong></span> <span class='ocrx_word' id='word_1_68' title='bbox 1538 1126 1731 1166; x_wconf 90' lang='lat' dir='ltr'><strong>omnes</strong></span> <span class='ocrx_word' id='word_1_69' title='bbox 1779 1124 2082 1179; x_wconf 91' lang='lat' dir='ltr'><strong>enumerat,</strong></span> 
     </span>
    </p>
   </div>
   <div class='ocr_carea' id='block_1_13' title="bbox 506 1195 2084 1271">
    <p class='ocr_par' dir='ltr' id='par_1_13' title="bbox 506 1195 2084 1271">
     <span class='ocr_line' id='line_1_13' title="bbox 506 1195 2084 1271; baseline 0.008 -27"><span class='ocrx_word' id='word_1_70' title='bbox 506 1210 569 1247; x_wconf 86' lang='lat' dir='ltr'><strong>ac</strong></span> <span class='ocrx_word' id='word_1_71' title='bbox 616 1195 792 1261; x_wconf 91' lang='lat' dir='ltr'><strong>primo</strong></span> <span class='ocrx_word' id='word_1_72' title='bbox 840 1197 1061 1265; x_wconf 81' lang='lat' dir='ltr'><strong>quidem</strong></span> <span class='ocrx_word' id='word_1_73' title='bbox 1117 1199 1321 1263; x_wconf 91' lang='lat' dir='ltr'><strong>visum,</strong></span> <span class='ocrx_word' id='word_1_74' title='bbox 1377 1201 1470 1271; x_wconf 89' lang='lat' dir='ltr'><strong>qui</strong></span> <span class='ocrx_word' id='word_1_75' title='bbox 1524 1217 1785 1257; x_wconf 85' lang='lat' dir='ltr'><strong>sensuum</strong></span> <span class='ocrx_word' id='word_1_76' title='bbox 1840 1205 2084 1259; x_wconf 91' lang='lat' dir='ltr'><strong>omnium</strong></span> 
     </span>
    </p>
   </div>
   <div class='ocr_carea' id='block_1_14' title="bbox 504 1284 2084 1363">
    <p class='ocr_par' dir='ltr' id='par_1_14' title="bbox 504 1284 2084 1363">
     <span class='ocr_line' id='line_1_14' title="bbox 504 1284 2084 1363; baseline 0.012 -29"><span class='ocrx_word' id='word_1_77' title='bbox 504 1284 757 1352; x_wconf 84' lang='lat' dir='ltr'><strong>princeps</strong></span> <span class='ocrx_word' id='word_1_78' title='bbox 805 1297 888 1341; x_wconf 86' lang='lat' dir='ltr'><strong>est</strong></span> <span class='ocrx_word' id='word_1_79' title='bbox 919 1307 932 1340; x_wconf 92' lang='lat'>:</span> <span class='ocrx_word' id='word_1_80' title='bbox 963 1297 1086 1356; x_wconf 76' lang='lat' dir='ltr'><strong>post</strong></span> <span class='ocrx_word' id='word_1_81' title='bbox 1130 1292 1402 1355; x_wconf 89' lang='lat' dir='ltr'><strong>auditum,</strong></span> <span class='ocrx_word' id='word_1_82' title='bbox 1446 1293 1645 1362; x_wconf 89' lang='lat' dir='ltr'><strong>jubens</strong></span> <span class='ocrx_word' id='word_1_83' title='bbox 1688 1304 2084 1363; x_wconf 83' lang='lat' dir='ltr'><strong>utcaveamus,</strong></span> 
     </span>
    </p>
   </div>
   <div class='ocr_carea' id='block_1_15' title="bbox 503 1381 2083 1444">
    <p class='ocr_par' dir='ltr' id='par_1_15' title="bbox 503 1381 2083 1444">
     <span class='ocr_line' id='line_1_15' title="bbox 503 1381 2083 1444; baseline 0.01 -17"><span class='ocrx_word' id='word_1_84' title='bbox 503 1390 572 1428; x_wconf 88' lang='lat' dir='ltr'><strong>ne</strong></span> <span class='ocrx_word' id='word_1_85' title='bbox 605 1392 703 1444; x_wconf 89' lang='lat' dir='ltr'><strong>per</strong></span> <span class='ocrx_word' id='word_1_86' title='bbox 732 1393 895 1434; x_wconf 85' lang='lat' dir='ltr'><strong>aures</strong></span> <span class='ocrx_word' id='word_1_87' title='bbox 921 1381 1173 1435; x_wconf 75' lang='lat' dir='ltr'><strong>obscenzn</strong></span> <span class='ocrx_word' id='word_1_88' title='bbox 1201 1383 1480 1438; x_wconf 84' lang='lat' dir='ltr'><strong>cautiones</strong></span> <span class='ocrx_word' id='word_1_89' title='bbox 1509 1384 1562 1438; x_wconf 91' lang='lat' dir='ltr'><strong>in</strong></span> <span class='ocrx_word' id='word_1_90' title='bbox 1597 1387 1810 1442; x_wconf 88' lang='lat' dir='ltr'><strong>animos</strong></span> <span class='ocrx_word' id='word_1_91' title='bbox 1835 1387 2083 1443; x_wconf 91' lang='lat' dir='ltr'><strong>inﬂuant.</strong></span> 
     </span>
    </p>
   </div>
   <div class='ocr_carea' id='block_1_16' title="bbox 504 1464 2086 1547">
    <p class='ocr_par' dir='ltr' id='par_1_16' title="bbox 504 1464 2086 1547">
     <span class='ocr_line' id='line_1_16' title="bbox 504 1464 2086 1547; baseline 0.013 -31"><span class='ocrx_word' id='word_1_92' title='bbox 504 1464 640 1519; x_wconf 85' lang='lat' dir='ltr'><strong>Nam</strong></span> <span class='ocrx_word' id='word_1_93' title='bbox 673 1483 737 1521; x_wconf 87' lang='lat' dir='ltr'><strong>ex</strong></span> <span class='ocrx_word' id='word_1_94' title='bbox 775 1468 1090 1539; x_wconf 85' lang='lat' dir='ltr'><strong>bujusmodi</strong></span> <span class='ocrx_word' id='word_1_95' title='bbox 1125 1475 1350 1529; x_wconf 83' lang='lat' dir='ltr'><strong>musicae</strong></span> <span class='ocrx_word' id='word_1_96' title='bbox 1375 1491 1573 1544; x_wconf 84' lang='lat' dir='ltr'><strong>genere</strong></span> <span class='ocrx_word' id='word_1_97' title='bbox 1616 1478 1974 1547; x_wconf 88' lang='lat' dir='ltr'><strong>abjectissimi</strong></span> <span class='ocrx_word' id='word_1_98' title='bbox 2020 1495 2086 1536; x_wconf 89' lang='lat' dir='ltr'><strong>ac</strong></span> 
     </span>
    </p>
   </div>
   <div class='ocr_carea' id='block_1_17' title="bbox 507 1557 2082 1634">
    <p class='ocr_par' dir='ltr' id='par_1_17' title="bbox 507 1557 2082 1634">
     <span class='ocr_line' id='line_1_17' title="bbox 507 1557 2082 1634; baseline 0.011 -25"><span class='ocrx_word' id='word_1_99' title='bbox 507 1557 866 1614; x_wconf 90' lang='lat' dir='ltr'><strong>sordidissimi</strong></span> <span class='ocrx_word' id='word_1_100' title='bbox 909 1561 1134 1618; x_wconf 84' lang='lat' dir='ltr'><strong>eﬂcctus</strong></span> <span class='ocrx_word' id='word_1_101' title='bbox 1187 1566 1337 1621; x_wconf 85' lang='lat' dir='ltr'><strong>nasci</strong></span> <span class='ocrx_word' id='word_1_102' title='bbox 1384 1570 1581 1623; x_wconf 84' lang='lat' dir='ltr'><strong>solent.</strong></span> <span class='ocrx_word' id='word_1_103' title='bbox 1639 1569 1868 1634; x_wconf 82' lang='lat' dir='ltr'><strong>Quidam</strong></span> <span class='ocrx_word' id='word_1_104' title='bbox 1919 1574 2082 1627; x_wconf 87' lang='lat' dir='ltr'><strong>etiam</strong></span> 
     </span>
    </p>
   </div>
   <div class='ocr_carea' id='block_1_18' title="bbox 505 1643 2085 1730">
    <p class='ocr_par' dir='ltr' id='par_1_18' title="bbox 505 1643 2085 1730">
     <span class='ocr_line' id='line_1_18' title="bbox 505 1643 2085 1730; baseline 0.011 -28"><span class='ocrx_word' id='word_1_105' title='bbox 505 1648 573 1702; x_wconf 91' lang='lat' dir='ltr'><strong>ad</strong></span> <span class='ocrx_word' id='word_1_106' title='bbox 604 1651 793 1705; x_wconf 85' lang='lat' dir='ltr'><strong>tibiam</strong></span> <span class='ocrx_word' id='word_1_107' title='bbox 853 1651 1061 1721; x_wconf 79' lang='lat' dir='ltr'><strong>furiose</strong></span> <span class='ocrx_word' id='word_1_108' title='bbox 1109 1657 1310 1712; x_wconf 89' lang='lat' dir='ltr'><strong>saltant</strong></span> <span class='ocrx_word' id='word_1_109' title='bbox 1361 1675 1425 1715; x_wconf 90' lang='lat' dir='ltr'><strong>ac</strong></span> <span class='ocrx_word' id='word_1_110' title='bbox 1475 1643 1934 1730; x_wconf 73' lang='lat' dir='ltr'><strong>perbaccliatitur,</strong></span> <span class='ocrx_word' id='word_1_111' title='bbox 1981 1665 2085 1720; x_wconf 90' lang='lat' dir='ltr'><strong>boc</strong></span> 
     </span>
    </p>
   </div>
   <div class='ocr_carea' id='block_1_19' title="bbox 502 1741 2085 1811">
    <p class='ocr_par' dir='ltr' id='par_1_19' title="bbox 502 1741 2085 1811">
     <span class='ocr_line' id='line_1_19' title="bbox 502 1741 2085 1811; baseline 0.011 -17"><span class='ocrx_word' id='word_1_112' title='bbox 502 1751 606 1803; x_wconf 89' lang='lat' dir='ltr'><strong>est,</strong></span> <span class='ocrx_word' id='word_1_113' title='bbox 645 1741 1048 1811; x_wconf 78' lang='lat' dir='ltr'><strong>lympliatorum</strong></span> <span class='ocrx_word' id='word_1_114' title='bbox 1085 1747 1366 1803; x_wconf 83' lang='lat' dir='ltr'><strong>hominum</strong></span> <span class='ocrx_word' id='word_1_115' title='bbox 1410 1765 1475 1805; x_wconf 91' lang='lat' dir='ltr'><strong>ac</strong></span> <span class='ocrx_word' id='word_1_116' title='bbox 1527 1753 1838 1810; x_wconf 69' lang='lat' dir='ltr'><strong>daemonum</strong></span> <span class='ocrx_word' id='word_1_117' title='bbox 1875 1755 2085 1811; x_wconf 90' lang='lat' dir='ltr'><strong>intem-</strong></span> 
     </span>
    </p>
   </div>
   <div class='ocr_carea' id='block_1_20' title="bbox 504 1832 2085 1913">
    <p class='ocr_par' dir='ltr' id='par_1_20' title="bbox 504 1832 2085 1913">
     <span class='ocr_line' id='line_1_20' title="bbox 504 1832 2085 1913; baseline 0.013 -30"><span class='ocrx_word' id='word_1_118' title='bbox 504 1832 674 1898; x_wconf 87' lang='lat' dir='ltr'><strong>periis</strong></span> <span class='ocrx_word' id='word_1_119' title='bbox 721 1835 1050 1904; x_wconf 81' lang='lat' dir='ltr'><strong>agitatorum</strong></span> <span class='ocrx_word' id='word_1_120' title='bbox 1094 1841 1332 1908; x_wconf 89' lang='lat' dir='ltr'><strong>speciem</strong></span> <span class='ocrx_word' id='word_1_121' title='bbox 1379 1843 1641 1913; x_wconf 59' lang='lat' dir='ltr'><strong>praebent.</strong></span> <span class='ocrx_word' id='word_1_122' title='bbox 1692 1844 1811 1900; x_wconf 84' lang='lat' dir='ltr'><strong>Jam</strong></span> <span class='ocrx_word' id='word_1_123' title='bbox 1840 1862 1968 1903; x_wconf 88' lang='lat' dir='ltr'><strong>vero</strong></span> <span class='ocrx_word' id='word_1_124' title='bbox 2001 1849 2085 1902; x_wconf 93' lang='lat' dir='ltr'><strong>ol-</strong></span> 
     </span>
    </p>
   </div>
   <div class='ocr_carea' id='block_1_21' title="bbox 505 1920 2085 1998">
    <p class='ocr_par' dir='ltr' id='par_1_21' title="bbox 505 1920 2085 1998">
     <span class='ocr_line' id='line_1_21' title="bbox 505 1920 2085 1998; baseline 0.012 -24"><span class='ocrx_word' id='word_1_125' title='bbox 505 1920 734 1977; x_wconf 79' lang='lat' dir='ltr'><strong>factum&#39;</strong></span> <span class='ocrx_word' id='word_1_126' title='bbox 763 1928 969 1982; x_wconf 84' lang='lat' dir='ltr'><strong>emollit</strong></span> <span class='ocrx_word' id='word_1_127' title='bbox 1023 1938 1185 1998; x_wconf 86' lang='lat' dir='ltr'><strong>atque</strong></span> <span class='ocrx_word' id='word_1_128' title='bbox 1219 1931 1497 1990; x_wconf 67' lang='lat' dir='ltr'><strong>eﬂ‘eminat</strong></span> <span class='ocrx_word' id='word_1_129' title='bbox 1545 1936 1933 1993; x_wconf 88' lang='lat' dir='ltr'><strong>deliciosorum</strong></span> <span class='ocrx_word' id='word_1_130' title='bbox 1982 1956 2085 1993; x_wconf 91' lang='lat' dir='ltr'><strong>un-</strong></span> 
     </span>
    </p>
   </div>
   <div class='ocr_carea' id='block_1_22' title="bbox 505 2019 2084 2099">
    <p class='ocr_par' dir='ltr' id='par_1_22' title="bbox 505 2019 2084 2099">
     <span class='ocr_line' id='line_1_22' title="bbox 505 2019 2084 2099; baseline 0.013 -33"><span class='ocrx_word' id='word_1_131' title='bbox 505 2023 831 2083; x_wconf 86' lang='lat' dir='ltr'><strong>guentorum</strong></span> <span class='ocrx_word' id='word_1_132' title='bbox 883 2019 1020 2075; x_wconf 91' lang='lat' dir='ltr'><strong>odor</strong></span> <span class='ocrx_word' id='word_1_133' title='bbox 1064 2038 1079 2076; x_wconf 90' lang='lat'><strong>:</strong></span> <span class='ocrx_word' id='word_1_134' title='bbox 1127 2032 1181 2078; x_wconf 91' lang='lat' dir='ltr'><strong>et</strong></span> <span class='ocrx_word' id='word_1_135' title='bbox 1234 2025 1441 2096; x_wconf 83' lang='lat' dir='ltr'><strong>alioqui</strong></span> <span class='ocrx_word' id='word_1_136' title='bbox 1489 2033 1782 2098; x_wconf 82' lang='lat' dir='ltr'><strong>unguentis</strong></span> <span class='ocrx_word' id='word_1_137' title='bbox 1830 2032 2084 2099; x_wconf 82' lang='lat' dir='ltr'><strong>perfundi</strong></span> 
     </span>
    </p>
   </div>
   <div class='ocr_carea' id='block_1_23' title="bbox 507 2107 2081 2192">
    <p class='ocr_par' dir='ltr' id='par_1_23' title="bbox 507 2107 2081 2192">
     <span class='ocr_line' id='line_1_23' title="bbox 507 2107 2081 2192; baseline 0.012 -35"><span class='ocrx_word' id='word_1_138' title='bbox 507 2107 792 2164; x_wconf 82' lang='lat' dir='ltr'><strong>muliebris</strong></span> <span class='ocrx_word' id='word_1_139' title='bbox 811 2121 889 2164; x_wconf 91' lang='lat' dir='ltr'><strong>est</strong></span> <span class='ocrx_word' id='word_1_140' title='bbox 932 2112 1188 2169; x_wconf 82' lang='lat' dir='ltr'><strong>lasciviae.</strong></span> <span class='ocrx_word' id='word_1_141' title='bbox 1222 2116 1627 2174; x_wconf 83' lang='lat' dir='ltr'><strong>Lenocinamur</strong></span> <span class='ocrx_word' id='word_1_142' title='bbox 1659 2133 1840 2177; x_wconf 87' lang='lat' dir='ltr'><strong>autem</strong></span> <span class='ocrx_word' id='word_1_143' title='bbox 1876 2132 2081 2192; x_wconf 75' lang='lat' dir='ltr'><strong>gustur,</strong></span> 
     </span>
    </p>
   </div>
   <div class='ocr_carea' id='block_1_24' title="bbox 507 2201 2084 2276">
    <p class='ocr_par' dir='ltr' id='par_1_24' title="bbox 507 2201 2084 2276">
     <span class='ocr_line' id='line_1_24' title="bbox 507 2201 2084 2276; baseline 0.013 -24"><span class='ocrx_word' id='word_1_144' title='bbox 507 2214 631 2253; x_wconf 92' lang='lat' dir='ltr'><strong>cum</strong></span> <span class='ocrx_word' id='word_1_145' title='bbox 658 2201 905 2257; x_wconf 91' lang='lat' dir='ltr'><strong>ciborum</strong></span> <span class='ocrx_word' id='word_1_146' title='bbox 933 2205 1303 2275; x_wconf 81' lang='lat' dir='ltr'><strong>voluptatibus</strong></span> <span class='ocrx_word' id='word_1_147' title='bbox 1325 2211 1503 2276; x_wconf 88' lang='lat' dir='ltr'><strong>ipsum</strong></span> <span class='ocrx_word' id='word_1_148' title='bbox 1527 2212 1854 2270; x_wconf 86' lang='lat' dir='ltr'><strong>addicimus.</strong></span> <span class='ocrx_word' id='word_1_149' title='bbox 1884 2215 2084 2273; x_wconf 88' lang='lat' dir='ltr'><strong>Tactus</strong></span> 
     </span>
    </p>
   </div>
   <div class='ocr_carea' id='block_1_25' title="bbox 507 2291 2084 2376">
    <p class='ocr_par' dir='ltr' id='par_1_25' title="bbox 507 2291 2084 2376">
     <span class='ocr_line' id='line_1_25' title="bbox 507 2291 2084 2376; baseline 0.013 -33"><span class='ocrx_word' id='word_1_150' title='bbox 507 2291 742 2362; x_wconf 80' lang='lat' dir='ltr'><strong>denique</strong></span> <span class='ocrx_word' id='word_1_151' title='bbox 791 2296 962 2365; x_wconf 84' lang='lat' dir='ltr'><strong>gratia</strong></span> <span class='ocrx_word' id='word_1_152' title='bbox 1018 2307 1070 2351; x_wconf 90' lang='lat' dir='ltr'><strong>et</strong></span> <span class='ocrx_word' id='word_1_153' title='bbox 1115 2299 1415 2355; x_wconf 88' lang='lat' dir='ltr'><strong>oblectatio</strong></span> <span class='ocrx_word' id='word_1_154' title='bbox 1458 2312 1543 2357; x_wconf 88' lang='lat' dir='ltr'><strong>est</strong></span> <span class='ocrx_word' id='word_1_155' title='bbox 1584 2305 1727 2359; x_wconf 64' lang='lat' dir='ltr'><strong>foede</strong></span> <span class='ocrx_word' id='word_1_156' title='bbox 1780 2317 1942 2376; x_wconf 90' lang='lat' dir='ltr'><strong>atque</strong></span> <span class='ocrx_word' id='word_1_157' title='bbox 1988 2310 2084 2362; x_wconf 84' lang='lat' dir='ltr'><strong>ob-</strong></span> 
     </span>
    </p>
   </div>
   <div class='ocr_carea' id='block_1_26' title="bbox 508 2392 2086 2460">
    <p class='ocr_par' dir='ltr' id='par_1_26' title="bbox 508 2392 2086 2460">
     <span class='ocr_line' id='line_1_26' title="bbox 508 2392 2086 2460; baseline 0.013 -26"><span class='ocrx_word' id='word_1_158' title='bbox 508 2397 669 2437; x_wconf 85' lang='lat' dir='ltr'><strong>scene</strong></span> <span class='ocrx_word' id='word_1_159' title='bbox 733 2399 963 2456; x_wconf 88' lang='lat' dir='ltr'><strong>corpora</strong></span> <span class='ocrx_word' id='word_1_160' title='bbox 1019 2397 1259 2460; x_wconf 76' lang='lat' dir='ltr'><strong>tangere.</strong></span> <span class='ocrx_word' id='word_1_161' title='bbox 1325 2392 1595 2458; x_wconf 86' lang='lat' dir='ltr'><strong>Quidnam</strong></span> <span class='ocrx_word' id='word_1_162' title='bbox 1656 2409 1836 2452; x_wconf 88' lang='lat' dir='ltr'><strong>autem</strong></span> <span class='ocrx_word' id='word_1_163' title='bbox 1887 2399 2086 2455; x_wconf 81' lang='lat' dir='ltr'><strong>dixerit</strong></span> 
     </span>
    </p>
   </div>
   <div class='ocr_carea' id='block_1_27' title="bbox 508 2474 2086 2560">
    <p class='ocr_par' dir='ltr' id='par_1_27' title="bbox 508 2474 2086 2560">
     <span class='ocr_line' id='line_1_27' title="bbox 508 2474 2086 2560; baseline 0.013 -34"><span class='ocrx_word' id='word_1_164' title='bbox 508 2474 780 2544; x_wconf 86' lang='lat' dir='ltr'><strong>quispiam</strong></span> <span class='ocrx_word' id='word_1_165' title='bbox 813 2480 879 2532; x_wconf 91' lang='lat' dir='ltr'><strong>ad</strong></span> <span class='ocrx_word' id='word_1_166' title='bbox 913 2479 1166 2537; x_wconf 82' lang='lat' dir='ltr'><strong>homines</strong></span> <span class='ocrx_word' id='word_1_167' title='bbox 1191 2498 1216 2535; x_wconf 90' lang='lat' dir='ltr'><strong>a</strong></span> <span class='ocrx_word' id='word_1_168' title='bbox 1241 2488 1628 2554; x_wconf 88' lang='lat' dir='ltr'><strong>conquirendis</strong></span> <span class='ocrx_word' id='word_1_169' title='bbox 1656 2497 1834 2542; x_wconf 89' lang='lat' dir='ltr'><strong>tactus</strong></span> <span class='ocrx_word' id='word_1_170' title='bbox 1867 2501 2086 2560; x_wconf 82' lang='lat' dir='ltr'><strong>gustus-</strong></span> 
     </span>
    </p>
   </div>
   <div class='ocr_carea' id='block_1_28' title="bbox 505 2569 2082 2652">
    <p class='ocr_par' dir='ltr' id='par_1_28' title="bbox 505 2569 2082 2652">
     <span class='ocr_line' id='line_1_28' title="bbox 505 2569 2082 2652; baseline 0.015 -37"><span class='ocrx_word' id='word_1_171' title='bbox 505 2579 614 2632; x_wconf 92' lang='lat' dir='ltr'><strong>que</strong></span> <span class='ocrx_word' id='word_1_172' title='bbox 671 2569 1037 2636; x_wconf 78' lang='lat' dir='ltr'><strong>voluptatibus</strong></span> <span class='ocrx_word' id='word_1_173' title='bbox 1069 2572 1456 2641; x_wconf 89' lang='lat' dir='ltr'><strong>debortandos,</strong></span> <span class='ocrx_word' id='word_1_174' title='bbox 1497 2579 1601 2633; x_wconf 90' lang='lat' dir='ltr'><strong>nisi</strong></span> <span class='ocrx_word' id='word_1_175' title='bbox 1645 2581 1790 2648; x_wconf 86' lang='lat' dir='ltr'><strong>quod</strong></span> <span class='ocrx_word' id='word_1_176' title='bbox 1833 2598 1951 2647; x_wconf 90' lang='lat' dir='ltr'><strong>eos,</strong></span> <span class='ocrx_word' id='word_1_177' title='bbox 1987 2585 2082 2652; x_wconf 89' lang='lat' dir='ltr'><strong>qui</strong></span> 
     </span>
    </p>
   </div>
   <div class='ocr_carea' id='block_1_29' title="bbox 506 2655 2087 2746">
    <p class='ocr_par' dir='ltr' id='par_1_29' title="bbox 506 2655 2087 2746">
     <span class='ocr_line' id='line_1_29' title="bbox 506 2655 2087 2746; baseline 0.015 -37"><span class='ocrx_word' id='word_1_178' title='bbox 506 2655 563 2709; x_wconf 91' lang='lat' dir='ltr'><strong>in</strong></span> <span class='ocrx_word' id='word_1_179' title='bbox 617 2657 724 2712; x_wconf 90' lang='lat' dir='ltr'><strong>illis</strong></span> <span class='ocrx_word' id='word_1_180' title='bbox 771 2665 1164 2730; x_wconf 85' lang='lat' dir='ltr'><strong>persequendis</strong></span> <span class='ocrx_word' id='word_1_181' title='bbox 1213 2669 1459 2725; x_wconf 89' lang='lat' dir='ltr'><strong>studiose</strong></span> <span class='ocrx_word' id='word_1_182' title='bbox 1498 2678 1868 2742; x_wconf 81' lang='lat' dir='ltr'><strong>occupantur,</strong></span> <span class='ocrx_word' id='word_1_183' title='bbox 1920 2692 2087 2746; x_wconf 86' lang='lat' dir='ltr'><strong>pecu-</strong></span> 
     </span>
    </p>
   </div>
   <div class='ocr_carea' id='block_1_30' title="bbox 507 2745 2084 2835">
    <p class='ocr_par' dir='ltr' id='par_1_30' title="bbox 507 2745 2084 2835">
     <span class='ocr_line' id='line_1_30' title="bbox 507 2745 2084 2835; baseline 0.016 -36"><span class='ocrx_word' id='word_1_184' title='bbox 507 2745 636 2802; x_wconf 86' lang='lat' dir='ltr'><strong>dum</strong></span> <span class='ocrx_word' id='word_1_185' title='bbox 681 2750 844 2835; x_wconf 87' lang='lat' dir='ltr'><strong>vitam</strong></span> <span class='ocrx_word' id='word_1_186' title='bbox 892 2752 1094 2810; x_wconf 80' lang='lat' dir='ltr'><strong>imitari</strong></span> <span class='ocrx_word' id='word_1_187' title='bbox 1133 2770 1354 2828; x_wconf 87' lang='lat' dir='ltr'><strong>cogunt,</strong></span> <span class='ocrx_word' id='word_1_188' title='bbox 1388 2777 1521 2830; x_wconf 86' lang='lat' dir='ltr'><strong>quas</strong></span> <span class='ocrx_word' id='word_1_189' title='bbox 1553 2765 1606 2818; x_wconf 91' lang='lat' dir='ltr'><strong>in</strong></span> <span class='ocrx_word' id='word_1_190' title='bbox 1635 2775 1878 2820; x_wconf 85' lang='lat' dir='ltr'><strong>ventrem</strong></span> <span class='ocrx_word' id='word_1_191' title='bbox 1908 2745 1962 2822; x_wconf 86' lang='lat' dir='ltr'><strong>et</strong></span> <span class='ocrx_word' id='word_1_192' title='bbox 1989 2784 2084 2823; x_wconf 89' lang='lat' dir='ltr'><strong>ve-</strong></span> 
     </span>
    </p>
   </div>
   <div class='ocr_carea' id='block_1_31' title="bbox 509 2851 2086 2928">
    <p class='ocr_par' dir='ltr' id='par_1_31' title="bbox 509 2851 2086 2928">
     <span class='ocr_line' id='line_1_31' title="bbox 509 2851 2086 2928; baseline 0.015 -36"><span class='ocrx_word' id='word_1_193' title='bbox 509 2855 694 2895; x_wconf 91' lang='lat' dir='ltr'><strong>nerem</strong></span> <span class='ocrx_word' id='word_1_194' title='bbox 729 2857 928 2908; x_wconf 88' lang='lat' dir='ltr'><strong>pronas</strong></span> <span class='ocrx_word' id='word_1_195' title='bbox 958 2856 1157 2903; x_wconf 85' lang='lat' dir='ltr'><strong>natura</strong></span> <span class='ocrx_word' id='word_1_196' title='bbox 1186 2851 1390 2906; x_wconf 72' lang='lat' dir='ltr'><strong>finxit?</strong></span> <span class='ocrx_word' id='word_1_197' title='bbox 1431 2852 1630 2924; x_wconf 80' lang='lat' dir='ltr'><strong>Atque,</strong></span> <span class='ocrx_word' id='word_1_198' title='bbox 1661 2866 1722 2910; x_wconf 90' lang='lat' dir='ltr'><strong>ut</strong></span> <span class='ocrx_word' id='word_1_199' title='bbox 1752 2873 1864 2912; x_wconf 88' lang='lat' dir='ltr'><strong>rem</strong></span> <span class='ocrx_word' id='word_1_200' title='bbox 1896 2861 2086 2928; x_wconf 87' lang='lat' dir='ltr'><strong>paucis</strong></span> 
     </span>
    </p>
   </div>
   <div class='ocr_carea' id='block_1_32' title="bbox 2187 467 3772 540">
    <p class='ocr_par' dir='ltr' id='par_1_32' title="bbox 2187 467 3772 540">
     <span class='ocr_line' id='line_1_32' title="bbox 2187 467 3772 540; baseline -0.003 -16"><span class='ocrx_word' id='word_1_201' title='bbox 2187 471 2489 540; x_wconf 82' lang='lat' dir='ltr'><strong>tlagitiosos</strong></span> <span class='ocrx_word' id='word_1_202' title='bbox 2520 485 2849 540; x_wconf 86' lang='lat' dir='ltr'><strong>congressus</strong></span> <span class='ocrx_word' id='word_1_203' title='bbox 2896 483 2958 524; x_wconf 87' lang='lat' dir='ltr'><strong>ac</strong></span> <span class='ocrx_word' id='word_1_204' title='bbox 3009 478 3197 537; x_wconf 86' lang='lat' dir='ltr'><strong>turpes</strong></span> <span class='ocrx_word' id='word_1_205' title='bbox 3230 469 3540 536; x_wconf 89' lang='lat' dir='ltr'><strong>voluptates</strong></span> <span class='ocrx_word' id='word_1_206' title='bbox 3595 467 3772 521; x_wconf 80' lang='lat' dir='ltr'><strong>fertur</strong></span> 
     </span>
    </p>
   </div>
   <div class='ocr_carea' id='block_1_33' title="bbox 2187 558 3776 614">
    <p class='ocr_par' dir='ltr' id='par_1_33' title="bbox 2187 558 3776 614">
     <span class='ocr_line' id='line_1_33' title="bbox 2187 558 3776 614; baseline 0.001 -2"><span class='ocrx_word' id='word_1_207' title='bbox 2187 569 2240 613; x_wconf 88' lang='lat' dir='ltr'><strong>ct</strong></span> <span class='ocrx_word' id='word_1_208' title='bbox 2264 558 2652 614; x_wconf 87' lang='lat' dir='ltr'><strong>inﬂammatur.</strong></span> <span class='ocrx_word' id='word_1_209' title='bbox 2698 559 3038 614; x_wconf 88' lang='lat' dir='ltr'><strong>Comessatio</strong></span> <span class='ocrx_word' id='word_1_210' title='bbox 3067 559 3214 613; x_wconf 91' lang='lat' dir='ltr'><strong>enim</strong></span> <span class='ocrx_word' id='word_1_211' title='bbox 3255 569 3308 612; x_wconf 90' lang='lat' dir='ltr'><strong>et</strong></span> <span class='ocrx_word' id='word_1_212' title='bbox 3354 560 3596 613; x_wconf 86' lang='lat' dir='ltr'><strong>ebrietas</strong></span> <span class='ocrx_word' id='word_1_213' title='bbox 3625 561 3776 613; x_wconf 81' lang='lat' dir='ltr'><strong>velut</strong></span> 
     </span>
    </p>
   </div>
   <div class='ocr_carea' id='block_1_34' title="bbox 2188 649 3775 721">
    <p class='ocr_par' dir='ltr' id='par_1_34' title="bbox 2188 649 3775 721">
     <span class='ocr_line' id='line_1_34' title="bbox 2188 649 3775 721; baseline -0.002 -16"><span class='ocrx_word' id='word_1_214' title='bbox 2188 652 2316 705; x_wconf 91' lang='lat' dir='ltr'><strong>mali</strong></span> <span class='ocrx_word' id='word_1_215' title='bbox 2369 651 2614 721; x_wconf 86' lang='lat' dir='ltr'><strong>magistri</strong></span> <span class='ocrx_word' id='word_1_216' title='bbox 2663 651 2972 705; x_wconf 88' lang='lat' dir='ltr'><strong>doctrinam</strong></span> <span class='ocrx_word' id='word_1_217' title='bbox 3028 650 3227 704; x_wconf 87' lang='lat' dir='ltr'><strong>malam</strong></span> <span class='ocrx_word' id='word_1_218' title='bbox 3271 649 3325 703; x_wconf 89' lang='lat' dir='ltr'><strong>in</strong></span> <span class='ocrx_word' id='word_1_219' title='bbox 3367 651 3612 703; x_wconf 89' lang='lat' dir='ltr'><strong>animum</strong></span> <span class='ocrx_word' id='word_1_220' title='bbox 3665 649 3775 702; x_wconf 61' lang='lat' dir='ltr'><strong>im-</strong></span> 
     </span>
    </p>
   </div>
   <div class='ocr_carea' id='block_1_35' title="bbox 2188 739 3774 810">
    <p class='ocr_par' dir='ltr' id='par_1_35' title="bbox 2188 739 3774 810">
     <span class='ocr_line' id='line_1_35' title="bbox 2188 739 3774 810; baseline -0.003 -14"><span class='ocrx_word' id='word_1_221' title='bbox 2188 743 2436 806; x_wconf 90' lang='lat' dir='ltr'><strong>mittnnt,</strong></span> <span class='ocrx_word' id='word_1_222' title='bbox 2468 741 2818 796; x_wconf 88' lang='lat' dir='ltr'><strong>concubitum</strong></span> <span class='ocrx_word' id='word_1_223' title='bbox 2851 757 3048 810; x_wconf 89' lang='lat' dir='ltr'><strong>nempe</strong></span> <span class='ocrx_word' id='word_1_224' title='bbox 3079 757 3143 795; x_wconf 88' lang='lat' dir='ltr'><strong>ac</strong></span> <span class='ocrx_word' id='word_1_225' title='bbox 3175 740 3478 796; x_wconf 86' lang='lat' dir='ltr'><strong>libidinem.</strong></span> <span class='ocrx_word' id='word_1_226' title='bbox 3539 739 3637 793; x_wconf 81' lang='lat' dir='ltr'><strong>Vel</strong></span> <span class='ocrx_word' id='word_1_227' title='bbox 3670 755 3774 808; x_wconf 86' lang='lat' dir='ltr'><strong>po-</strong></span> 
     </span>
    </p>
   </div>
   <div class='ocr_carea' id='block_1_36' title="bbox 2190 830 3774 903">
    <p class='ocr_par' dir='ltr' id='par_1_36' title="bbox 2190 830 3774 903">
     <span class='ocr_line' id='line_1_36' title="bbox 2190 830 3774 903; baseline -0.003 -16"><span class='ocrx_word' id='word_1_228' title='bbox 2190 835 2320 899; x_wconf 91' lang='lat' dir='ltr'><strong>tius,</strong></span> <span class='ocrx_word' id='word_1_229' title='bbox 2356 834 2616 903; x_wconf 88' lang='lat' dir='ltr'><strong>quoniam</strong></span> <span class='ocrx_word' id='word_1_230' title='bbox 2645 837 2846 888; x_wconf 90' lang='lat' dir='ltr'><strong>docere</strong></span> <span class='ocrx_word' id='word_1_231' title='bbox 2876 834 3096 902; x_wconf 85' lang='lat' dir='ltr'><strong>proprie</strong></span> <span class='ocrx_word' id='word_1_232' title='bbox 3123 835 3305 886; x_wconf 90' lang='lat' dir='ltr'><strong>anima</strong></span> <span class='ocrx_word' id='word_1_233' title='bbox 3353 830 3593 900; x_wconf 65' lang='lat' dir='ltr'><strong>praeditis</strong></span> <span class='ocrx_word' id='word_1_234' title='bbox 3636 845 3774 884; x_wconf 85' lang='lat' dir='ltr'><strong>con-</strong></span> 
     </span>
    </p>
   </div>
   <div class='ocr_carea' id='block_1_37' title="bbox 2187 919 3775 992">
    <p class='ocr_par' dir='ltr' id='par_1_37' title="bbox 2187 919 3775 992">
     <span class='ocr_line' id='line_1_37' title="bbox 2187 919 3775 992; baseline -0.001 -17"><span class='ocrx_word' id='word_1_235' title='bbox 2187 924 2356 988; x_wconf 89' lang='lat' dir='ltr'><strong>venit,</strong></span> <span class='ocrx_word' id='word_1_236' title='bbox 2390 922 2570 992; x_wconf 85' lang='lat' dir='ltr'><strong>aptius</strong></span> <span class='ocrx_word' id='word_1_237' title='bbox 2604 923 2766 978; x_wconf 84' lang='lat' dir='ltr'><strong>fuerit</strong></span> <span class='ocrx_word' id='word_1_238' title='bbox 2809 922 3128 977; x_wconf 87' lang='lat' dir='ltr'><strong>ebrietatem</strong></span> <span class='ocrx_word' id='word_1_239' title='bbox 3175 937 3361 976; x_wconf 88' lang='lat' dir='ltr'><strong>semen</strong></span> <span class='ocrx_word' id='word_1_240' title='bbox 3390 921 3589 985; x_wconf 89' lang='lat' dir='ltr'><strong>dicere,</strong></span> <span class='ocrx_word' id='word_1_241' title='bbox 3645 919 3775 974; x_wconf 56' lang='lat' dir='ltr'><strong>libi-</strong></span> 
     </span>
    </p>
   </div>
   <div class='ocr_carea' id='block_1_38' title="bbox 2187 1013 3244 1081">
    <p class='ocr_par' dir='ltr' id='par_1_38' title="bbox 2187 1013 3244 1081">
     <span class='ocr_line' id='line_1_38' title="bbox 2187 1013 3244 1081; baseline -0.002 -13"><span class='ocrx_word' id='word_1_242' title='bbox 2187 1013 2367 1068; x_wconf 90' lang='lat' dir='ltr'><strong>dinem</strong></span> <span class='ocrx_word' id='word_1_243' title='bbox 2409 1023 2590 1068; x_wconf 89' lang='lat' dir='ltr'><strong>autem</strong></span> <span class='ocrx_word' id='word_1_244' title='bbox 2623 1023 2856 1081; x_wconf 81' lang='lat' dir='ltr'><strong>segetem</strong></span> <span class='ocrx_word' id='word_1_245' title='bbox 2889 1029 2953 1067; x_wconf 90' lang='lat' dir='ltr'><strong>ac</strong></span> <span class='ocrx_word' id='word_1_246' title='bbox 2987 1026 3244 1066; x_wconf 90' lang='lat' dir='ltr'><strong>messem.</strong></span> 
     </span>
    </p>
   </div>
   <div class='ocr_carea' id='block_1_39' title="bbox 2263 1101 3776 1173">
    <p class='ocr_par' dir='ltr' id='par_1_39' title="bbox 2263 1101 3776 1173">
     <span class='ocr_line' id='line_1_39' title="bbox 2263 1101 3776 1173; baseline -0.001 -16"><span class='ocrx_word' id='word_1_247' title='bbox 2263 1104 2398 1159; x_wconf 90' lang='lat' dir='ltr'><strong>Ibid.</strong></span> <span class='ocrx_word' id='word_1_248' title='bbox 2433 1103 2495 1159; x_wconf 91' lang='lat' dir='ltr'><strong>C.</strong></span> <span class='ocrx_word' id='word_1_249' title='bbox 2543 1105 2650 1158; x_wconf 83' lang='lat' dir='ltr'><strong>Nec</strong></span> <span class='ocrx_word' id='word_1_250' title='bbox 2690 1115 2829 1158; x_wconf 84' lang='lat' dir='ltr'><strong>toros</strong></span> <span class='ocrx_word' id='word_1_251' title='bbox 2861 1106 3002 1158; x_wconf 78' lang='lat' dir='ltr'><strong>altos</strong></span> <span class='ocrx_word' id='word_1_252' title='bbox 3045 1104 3292 1173; x_wconf 78' lang='lat' dir='ltr'><strong>ﬁgamus,</strong></span> <span class='ocrx_word' id='word_1_253' title='bbox 3345 1103 3514 1155; x_wconf 80' lang='lat' dir='ltr'><strong>uentri</strong></span> <span class='ocrx_word' id='word_1_254' title='bbox 3553 1101 3776 1155; x_wconf 81' lang='lat' dir='ltr'><strong>delicias</strong></span> 
     </span>
    </p>
   </div>
   <div class='ocr_carea' id='block_1_40' title="bbox 2186 1195 3777 1264">
    <p class='ocr_par' dir='ltr' id='par_1_40' title="bbox 2186 1195 3777 1264">
     <span class='ocr_line' id='line_1_40' title="bbox 2186 1195 3777 1264; baseline -0.004 -12"><span class='ocrx_word' id='word_1_255' title='bbox 2186 1207 2499 1264; x_wconf 68' lang='lat' dir='ltr'><strong>ater-nentes,</strong></span> <span class='ocrx_word' id='word_1_256' title='bbox 2533 1207 2641 1252; x_wconf 88' lang='lat' dir='ltr'><strong>etc.</strong></span> <span class='ocrx_word' id='word_1_257' title='bbox 2693 1197 2966 1252; x_wconf 90' lang='lat' dir='ltr'><strong>Usitatum</strong></span> <span class='ocrx_word' id='word_1_258' title='bbox 2999 1204 3119 1251; x_wconf 87' lang='lat' dir='ltr'><strong>erat</strong></span> <span class='ocrx_word' id='word_1_259' title='bbox 3153 1197 3206 1250; x_wconf 91' lang='lat' dir='ltr'><strong>in</strong></span> <span class='ocrx_word' id='word_1_260' title='bbox 3245 1195 3396 1250; x_wconf 80' lang='lat' dir='ltr'><strong>festis</strong></span> <span class='ocrx_word' id='word_1_261' title='bbox 3433 1195 3777 1263; x_wconf 85' lang='lat' dir='ltr'><strong>publicisque</strong></span> 
     </span>
    </p>
   </div>
   <div class='ocr_carea' id='block_1_41' title="bbox 2187 1285 3778 1359">
    <p class='ocr_par' dir='ltr' id='par_1_41' title="bbox 2187 1285 3778 1359">
     <span class='ocr_line' id='line_1_41' title="bbox 2187 1285 3778 1359; baseline -0.004 -14"><span class='ocrx_word' id='word_1_262' title='bbox 2187 1290 2459 1345; x_wconf 86' lang='lat' dir='ltr'><strong>conviviis</strong></span> <span class='ocrx_word' id='word_1_263' title='bbox 2507 1304 2674 1359; x_wconf 88' lang='lat' dir='ltr'><strong>super</strong></span> <span class='ocrx_word' id='word_1_264' title='bbox 2727 1304 2948 1344; x_wconf 83' lang='lat' dir='ltr'><strong>mensas</strong></span> <span class='ocrx_word' id='word_1_265' title='bbox 2982 1289 3171 1342; x_wconf 90' lang='lat' dir='ltr'><strong>lances</strong></span> <span class='ocrx_word' id='word_1_266' title='bbox 3197 1301 3422 1356; x_wconf 89' lang='lat' dir='ltr'><strong>ponere,</strong></span> <span class='ocrx_word' id='word_1_267' title='bbox 3460 1288 3516 1340; x_wconf 90' lang='lat' dir='ltr'><strong>in</strong></span> <span class='ocrx_word' id='word_1_268' title='bbox 3573 1285 3778 1354; x_wconf 86' lang='lat' dir='ltr'><strong>quibus</strong></span> 
     </span>
    </p>
   </div>
   <div class='ocr_carea' id='block_1_42' title="bbox 2188 1378 3780 1449">
    <p class='ocr_par' dir='ltr' id='par_1_42' title="bbox 2188 1378 3780 1449">
     <span class='ocr_line' id='line_1_42' title="bbox 2188 1378 3780 1449; baseline -0.004 -13"><span class='ocrx_word' id='word_1_269' title='bbox 2188 1397 2382 1437; x_wconf 84' lang='lat' dir='ltr'><strong>carnes</strong></span> <span class='ocrx_word' id='word_1_270' title='bbox 2429 1382 2722 1436; x_wconf 86' lang='lat' dir='ltr'><strong>acervatim</strong></span> <span class='ocrx_word' id='word_1_271' title='bbox 2772 1381 2826 1436; x_wconf 92' lang='lat' dir='ltr'><strong>in</strong></span> <span class='ocrx_word' id='word_1_272' title='bbox 2875 1381 3044 1435; x_wconf 89' lang='lat' dir='ltr'><strong>altum</strong></span> <span class='ocrx_word' id='word_1_273' title='bbox 3081 1378 3566 1449; x_wconf 85' lang='lat' dir='ltr'><strong>congerebantur:</strong></span> <span class='ocrx_word' id='word_1_274' title='bbox 3600 1390 3780 1444; x_wconf 83' lang='lat' dir='ltr'><strong>eaque</strong></span> 
     </span>
    </p>
   </div>
   <div class='ocr_carea' id='block_1_43' title="bbox 2189 1468 3778 1540">
    <p class='ocr_par' dir='ltr' id='par_1_43' title="bbox 2189 1468 3778 1540">
     <span class='ocr_line' id='line_1_43' title="bbox 2189 1468 3778 1540; baseline -0.003 -14"><span class='ocrx_word' id='word_1_275' title='bbox 2189 1488 2278 1528; x_wconf 87' lang='lat' dir='ltr'><strong>res</strong></span> <span class='ocrx_word' id='word_1_276' title='bbox 2304 1475 2528 1536; x_wconf 68' lang='grc' dir='ltr'>ποιὸὰς</span> <span class='ocrx_word' id='word_1_277' title='bbox 2557 1475 2880 1536; x_wconf 87' lang='lat' dir='ltr'><strong>vocabatur,</strong></span> <span class='ocrx_word' id='word_1_278' title='bbox 2929 1487 2994 1527; x_wconf 89' lang='lat' dir='ltr'><strong>ac</strong></span> <span class='ocrx_word' id='word_1_279' title='bbox 3036 1471 3334 1540; x_wconf 89' lang='lat' dir='ltr'><strong>quamdam</strong></span> <span class='ocrx_word' id='word_1_280' title='bbox 3391 1469 3615 1524; x_wconf 88' lang='lat' dir='ltr'><strong>tentorii</strong></span> <span class='ocrx_word' id='word_1_281' title='bbox 3664 1468 3778 1522; x_wconf 86' lang='lat' dir='ltr'><strong>for-</strong></span> 
     </span>
    </p>
   </div>
   <div class='ocr_carea' id='block_1_44' title="bbox 2191 1552 3780 1634">
    <p class='ocr_par' dir='ltr' id='par_1_44' title="bbox 2191 1552 3780 1634">
     <span class='ocr_line' id='line_1_44' title="bbox 2191 1552 3780 1634; baseline -0.004 -15"><span class='ocrx_word' id='word_1_282' title='bbox 2191 1552 2333 1619; x_wconf 80' lang='lat' dir='ltr'><strong>mam</strong></span> <span class='ocrx_word' id='word_1_283' title='bbox 2364 1565 2607 1634; x_wconf 79' lang='lat' dir='ltr'><strong>gerebat.</strong></span> <span class='ocrx_word' id='word_1_284' title='bbox 2664 1562 2760 1618; x_wconf 81' lang='lat' dir='ltr'><strong>Vel</strong></span> <span class='ocrx_word' id='word_1_285' title='bbox 2803 1560 3281 1632; x_wconf 80' lang='grc' dir='ltr'><strong>σκηνοποιοῦντες,</strong></span> <span class='ocrx_word' id='word_1_286' title='bbox 3315 1561 3366 1614; x_wconf 88' lang='lat' dir='ltr'><strong>id</strong></span> <span class='ocrx_word' id='word_1_287' title='bbox 3398 1569 3502 1625; x_wconf 83' lang='lat' dir='ltr'><strong>est,</strong></span> <span class='ocrx_word' id='word_1_288' title='bbox 3537 1577 3606 1614; x_wconf 73' lang='lat' dir='ltr'><strong>ex</strong></span> <span class='ocrx_word' id='word_1_289' title='bbox 3640 1568 3780 1614; x_wconf 85' lang='lat' dir='ltr'><strong>tem-</strong></span> 
     </span>
    </p>
   </div>
   <div class='ocr_carea' id='block_1_45' title="bbox 2194 1653 3777 1728">
    <p class='ocr_par' dir='ltr' id='par_1_45' title="bbox 2194 1653 3777 1728">
     <span class='ocr_line' id='line_1_45' title="bbox 2194 1653 3777 1728; baseline -0.003 -18"><span class='ocrx_word' id='word_1_290' title='bbox 2194 1673 2326 1728; x_wconf 91' lang='lat' dir='ltr'><strong>pore</strong></span> <span class='ocrx_word' id='word_1_291' title='bbox 2353 1665 2682 1727; x_wconf 87' lang='lat' dir='ltr'><strong>apparantes</strong></span> <span class='ocrx_word' id='word_1_292' title='bbox 2719 1656 2892 1710; x_wconf 89' lang='lat' dir='ltr'><strong>ventri</strong></span> <span class='ocrx_word' id='word_1_293' title='bbox 2942 1670 3031 1721; x_wconf 91' lang='lat' dir='ltr'><strong>ea,</strong></span> <span class='ocrx_word' id='word_1_294' title='bbox 3077 1669 3200 1724; x_wconf 72' lang='lat' dir='ltr'><strong>quae</strong></span> <span class='ocrx_word' id='word_1_295' title='bbox 3233 1655 3300 1709; x_wconf 93' lang='lat' dir='ltr'><strong>ad</strong></span> <span class='ocrx_word' id='word_1_296' title='bbox 3352 1653 3576 1708; x_wconf 89' lang='lat' dir='ltr'><strong>delicias</strong></span> <span class='ocrx_word' id='word_1_297' title='bbox 3605 1653 3777 1722; x_wconf 87' lang='lat' dir='ltr'><strong>perti-</strong></span> 
     </span>
    </p>
   </div>
   <div class='ocr_carea' id='block_1_46' title="bbox 2192 1743 3777 1816">
    <p class='ocr_par' dir='ltr' id='par_1_46' title="bbox 2192 1743 3777 1816">
     <span class='ocr_line' id='line_1_46' title="bbox 2192 1743 3777 1816; baseline -0.005 -13"><span class='ocrx_word' id='word_1_298' title='bbox 2192 1757 2402 1803; x_wconf 91' lang='lat' dir='ltr'><strong>nerent.</strong></span> <span class='ocrx_word' id='word_1_299' title='bbox 2439 1746 2577 1814; x_wconf 66' lang='lat' dir='ltr'><strong>,Vel,</strong></span> <span class='ocrx_word' id='word_1_300' title='bbox 2625 1746 2783 1816; x_wconf 87' lang='lat' dir='ltr'><strong>quasi</strong></span> <span class='ocrx_word' id='word_1_301' title='bbox 2828 1746 2880 1800; x_wconf 91' lang='lat' dir='ltr'><strong>in</strong></span> <span class='ocrx_word' id='word_1_302' title='bbox 2921 1745 3276 1800; x_wconf 88' lang='lat' dir='ltr'><strong>tabernaculo</strong></span> <span class='ocrx_word' id='word_1_303' title='bbox 3303 1744 3543 1814; x_wconf 87' lang='lat' dir='ltr'><strong>quodam</strong></span> <span class='ocrx_word' id='word_1_304' title='bbox 3569 1751 3628 1797; x_wconf 87' lang='lat' dir='ltr'><strong>et</strong></span> <span class='ocrx_word' id='word_1_305' title='bbox 3656 1743 3777 1796; x_wconf 83' lang='lat' dir='ltr'><strong>loco</strong></span> 
     </span>
    </p>
   </div>
   <div class='ocr_carea' id='block_1_47' title="bbox 2191 1834 3777 1912">
    <p class='ocr_par' dir='ltr' id='par_1_47' title="bbox 2191 1834 3777 1912">
     <span class='ocr_line' id='line_1_47' title="bbox 2191 1834 3777 1912; baseline -0.006 -16"><span class='ocrx_word' id='word_1_306' title='bbox 2191 1855 2513 1912; x_wconf 72' lang='lat' dir='ltr'><strong>perammno</strong></span> <span class='ocrx_word' id='word_1_307' title='bbox 2543 1840 2719 1894; x_wconf 82' lang='lat' dir='ltr'><strong>ventri</strong></span> <span class='ocrx_word' id='word_1_308' title='bbox 2744 1839 2971 1894; x_wconf 89' lang='lat' dir='ltr'><strong>delicias</strong></span> <span class='ocrx_word' id='word_1_309' title='bbox 2994 1837 3290 1904; x_wconf 70' lang='lat' dir='ltr'><strong>afferentes</strong></span> <span class='ocrx_word' id='word_1_310' title='bbox 3328 1853 3344 1890; x_wconf 91' lang='lat'><strong>:</strong></span> <span class='ocrx_word' id='word_1_311' title='bbox 3381 1836 3487 1899; x_wconf 89' lang='lat' dir='ltr'><strong>vel,</strong></span> <span class='ocrx_word' id='word_1_312' title='bbox 3538 1849 3634 1905; x_wconf 87' lang='lat' dir='ltr'><strong>per</strong></span> <span class='ocrx_word' id='word_1_313' title='bbox 3680 1834 3777 1888; x_wconf 88' lang='lat' dir='ltr'><strong>de-</strong></span> 
     </span>
    </p>
   </div>
   <div class='ocr_carea' id='block_1_48' title="bbox 2192 1929 3777 1989">
    <p class='ocr_par' dir='ltr' id='par_1_48' title="bbox 2192 1929 3777 1989">
     <span class='ocr_line' id='line_1_48' title="bbox 2192 1929 3777 1989; baseline -0.003 -1"><span class='ocrx_word' id='word_1_314' title='bbox 2192 1934 2346 1988; x_wconf 91' lang='lat' dir='ltr'><strong>licias</strong></span> <span class='ocrx_word' id='word_1_315' title='bbox 2379 1942 2622 1989; x_wconf 89' lang='lat' dir='ltr'><strong>ventrem</strong></span> <span class='ocrx_word' id='word_1_316' title='bbox 2655 1931 2924 1988; x_wconf 90' lang='lat' dir='ltr'><strong>foventes.</strong></span> <span class='ocrx_word' id='word_1_317' title='bbox 2961 1929 3323 1985; x_wconf 88' lang='lat' dir='ltr'><strong>Tabernaculi</strong></span> <span class='ocrx_word' id='word_1_318' title='bbox 3375 1930 3521 1982; x_wconf 91' lang='lat' dir='ltr'><strong>enim</strong></span> <span class='ocrx_word' id='word_1_319' title='bbox 3565 1937 3619 1981; x_wconf 92' lang='lat' dir='ltr'><strong>et</strong></span> <span class='ocrx_word' id='word_1_320' title='bbox 3656 1936 3777 1984; x_wconf 51' lang='lat' dir='ltr'><strong>ten-</strong></span> 
     </span>
    </p>
   </div>
   <div class='ocr_carea' id='block_1_49' title="bbox 2197 2018 3771 2094">
    <p class='ocr_par' dir='ltr' id='par_1_49' title="bbox 2197 2018 3771 2094">
     <span class='ocr_line' id='line_1_49' title="bbox 2197 2018 3771 2094; baseline -0.007 -13"><span class='ocrx_word' id='word_1_321' title='bbox 2197 2026 2325 2082; x_wconf 90' lang='lat' dir='ltr'><strong>torii</strong></span> <span class='ocrx_word' id='word_1_322' title='bbox 2356 2025 2639 2094; x_wconf 91' lang='lat' dir='ltr'><strong>proprium</strong></span> <span class='ocrx_word' id='word_1_323' title='bbox 2668 2031 2753 2078; x_wconf 90' lang='lat' dir='ltr'><strong>est</strong></span> <span class='ocrx_word' id='word_1_324' title='bbox 2788 2022 2992 2076; x_wconf 86' lang='lat' dir='ltr'><strong>fovere.</strong></span> <span class='ocrx_word' id='word_1_325' title='bbox 3046 2021 3221 2075; x_wconf 87' lang='lat' dir='ltr'><strong>Porro</strong></span> <span class='ocrx_word' id='word_1_326' title='bbox 3245 2019 3552 2088; x_wconf 75' lang='grc' dir='ltr'><strong>ἀνθοσμίας</strong></span> <span class='ocrx_word' id='word_1_327' title='bbox 3585 2018 3771 2071; x_wconf 85' lang='lat' dir='ltr'><strong>vinum</strong></span> 
     </span>
    </p>
   </div>
   <div class='ocr_carea' id='block_1_50' title="bbox 2191 2106 3772 2188">
    <p class='ocr_par' dir='ltr' id='par_1_50' title="bbox 2191 2106 3772 2188">
     <span class='ocr_line' id='line_1_50' title="bbox 2191 2106 3772 2188; baseline -0.009 -14"><span class='ocrx_word' id='word_1_328' title='bbox 2191 2127 2274 2174; x_wconf 91' lang='lat' dir='ltr'><strong>est</strong></span> <span class='ocrx_word' id='word_1_329' title='bbox 2300 2118 2535 2188; x_wconf 84' lang='lat' dir='ltr'><strong>pulchro</strong></span> <span class='ocrx_word' id='word_1_330' title='bbox 2581 2117 2766 2171; x_wconf 91' lang='lat' dir='ltr'><strong>colore</strong></span> <span class='ocrx_word' id='word_1_331' title='bbox 2809 2129 2872 2168; x_wconf 89' lang='lat' dir='ltr'><strong>ac</strong></span> <span class='ocrx_word' id='word_1_332' title='bbox 2901 2114 3053 2168; x_wconf 85' lang='lat' dir='ltr'><strong>suavi</strong></span> <span class='ocrx_word' id='word_1_333' title='bbox 3108 2111 3277 2166; x_wconf 90' lang='lat' dir='ltr'><strong>odore</strong></span> <span class='ocrx_word' id='word_1_334' title='bbox 3325 2109 3640 2181; x_wconf 76' lang='lat' dir='ltr'><strong>praeditum,</strong></span> <span class='ocrx_word' id='word_1_335' title='bbox 3690 2106 3772 2161; x_wconf 85' lang='lat' dir='ltr'><strong>vel</strong></span> 
     </span>
    </p>
   </div>
   <div class='ocr_carea' id='block_1_51' title="bbox 2191 2198 3772 2282">
    <p class='ocr_par' dir='ltr' id='par_1_51' title="bbox 2191 2198 3772 2282">
     <span class='ocr_line' id='line_1_51' title="bbox 2191 2198 3772 2282; baseline -0.009 -16"><span class='ocrx_word' id='word_1_336' title='bbox 2191 2213 2336 2282; x_wconf 84' lang='lat' dir='ltr'><strong>quod</strong></span> <span class='ocrx_word' id='word_1_337' title='bbox 2367 2209 2680 2270; x_wconf 85' lang='lat' dir='ltr'><strong>suavissimi</strong></span> <span class='ocrx_word' id='word_1_338' title='bbox 2731 2207 2884 2261; x_wconf 89' lang='lat' dir='ltr'><strong>ﬂoris</strong></span> <span class='ocrx_word' id='word_1_339' title='bbox 2933 2204 3156 2259; x_wconf 91' lang='lat' dir='ltr'><strong>odorem</strong></span> <span class='ocrx_word' id='word_1_340' title='bbox 3210 2200 3400 2258; x_wconf 81' lang='lat' dir='ltr'><strong>refert.</strong></span> <span class='ocrx_word' id='word_1_341' title='bbox 3454 2198 3772 2261; x_wconf 85' lang='lat' dir='ltr'><strong>Lenocinia,</strong></span> 
     </span>
    </p>
   </div>
   <div class='ocr_carea' id='block_1_52' title="bbox 2191 2293 3774 2372">
    <p class='ocr_par' dir='ltr' id='par_1_52' title="bbox 2191 2293 3774 2372">
     <span class='ocr_line' id='line_1_52' title="bbox 2191 2293 3774 2372; baseline -0.009 -14"><span class='ocrx_word' id='word_1_342' title='bbox 2191 2305 2379 2359; x_wconf 65' lang='lat' dir='ltr'><strong>Gragce.</strong></span> <span class='ocrx_word' id='word_1_343' title='bbox 2413 2299 2780 2372; x_wconf 81' lang='grc' dir='ltr'><strong>μαγγανείας,</strong></span> <span class='ocrx_word' id='word_1_344' title='bbox 2807 2300 2857 2353; x_wconf 93' lang='lat' dir='ltr'><strong>id</strong></span> <span class='ocrx_word' id='word_1_345' title='bbox 2895 2306 3001 2362; x_wconf 92' lang='lat' dir='ltr'><strong>est,</strong></span> <span class='ocrx_word' id='word_1_346' title='bbox 3037 2295 3368 2366; x_wconf 90' lang='lat' dir='ltr'><strong>superﬂuos,</strong></span> <span class='ocrx_word' id='word_1_347' title='bbox 3403 2293 3676 2354; x_wconf 89' lang='lat' dir='ltr'><strong>curiosos,</strong></span> <span class='ocrx_word' id='word_1_348' title='bbox 3711 2305 3774 2344; x_wconf 85' lang='lat' dir='ltr'><strong>ac</strong></span> 
     </span>
    </p>
   </div>
   <div class='ocr_carea' id='block_1_53' title="bbox 2192 2389 3771 2464">
    <p class='ocr_par' dir='ltr' id='par_1_53' title="bbox 2192 2389 3771 2464">
     <span class='ocr_line' id='line_1_53' title="bbox 2192 2389 3771 2464; baseline -0.011 -12"><span class='ocrx_word' id='word_1_349' title='bbox 2192 2396 2524 2464; x_wconf 85' lang='lat' dir='ltr'><strong>multiplices</strong></span> <span class='ocrx_word' id='word_1_350' title='bbox 2575 2401 2894 2464; x_wconf 88' lang='lat' dir='ltr'><strong>apparatus.</strong></span> <span class='ocrx_word' id='word_1_351' title='bbox 2960 2389 3272 2444; x_wconf 87' lang='lat' dir='ltr'><strong>Pretiosum</strong></span> <span class='ocrx_word' id='word_1_352' title='bbox 3326 2395 3509 2440; x_wconf 86' lang='lat' dir='ltr'><strong>autem</strong></span> <span class='ocrx_word' id='word_1_353' title='bbox 3563 2393 3771 2438; x_wconf 87' lang='lat' dir='ltr'><strong>stercus</strong></span> 
     </span>
    </p>
   </div>
   <div class='ocr_carea' id='block_1_54' title="bbox 2190 2473 3770 2558">
    <p class='ocr_par' dir='ltr' id='par_1_54' title="bbox 2190 2473 3770 2558">
     <span class='ocr_line' id='line_1_54' title="bbox 2190 2473 3770 2558; baseline -0.011 -17"><span class='ocrx_word' id='word_1_354' title='bbox 2190 2504 2285 2558; x_wconf 88' lang='lat' dir='ltr'><strong>per</strong></span> <span class='ocrx_word' id='word_1_355' title='bbox 2313 2495 2682 2554; x_wconf 90' lang='lat' dir='ltr'><strong>contemptum</strong></span> <span class='ocrx_word' id='word_1_356' title='bbox 2710 2482 2939 2538; x_wconf 80' lang='lat' dir='ltr'><strong>delicias</strong></span> <span class='ocrx_word' id='word_1_357' title='bbox 2966 2490 3125 2535; x_wconf 88' lang='lat' dir='ltr'><strong>vocat</strong></span> <span class='ocrx_word' id='word_1_358' title='bbox 3157 2498 3171 2534; x_wconf 88' lang='lat'><strong>:</strong></span> <span class='ocrx_word' id='word_1_359' title='bbox 3199 2478 3494 2549; x_wconf 88' lang='lat' dir='ltr'><strong>pretiosum</strong></span> <span class='ocrx_word' id='word_1_360' title='bbox 3529 2473 3770 2543; x_wconf 85' lang='lat' dir='ltr'><strong>quidem,</strong></span> 
     </span>
    </p>
   </div>
   <div class='ocr_carea' id='block_1_55' title="bbox 2190 2570 3767 2648">
    <p class='ocr_par' dir='ltr' id='par_1_55' title="bbox 2190 2570 3767 2648">
     <span class='ocr_line' id='line_1_55' title="bbox 2190 2570 3767 2648; baseline -0.011 -15"><span class='ocrx_word' id='word_1_361' title='bbox 2190 2579 2320 2648; x_wconf 92' lang='lat' dir='ltr'><strong>quia</strong></span> <span class='ocrx_word' id='word_1_362' title='bbox 2352 2575 2623 2646; x_wconf 91' lang='lat' dir='ltr'><strong>principio</strong></span> <span class='ocrx_word' id='word_1_363' title='bbox 2668 2589 2795 2628; x_wconf 92' lang='lat' dir='ltr'><strong>cum</strong></span> <span class='ocrx_word' id='word_1_364' title='bbox 2847 2586 3061 2626; x_wconf 91' lang='lat' dir='ltr'><strong>summa</strong></span> <span class='ocrx_word' id='word_1_365' title='bbox 3092 2570 3356 2626; x_wconf 86' lang='lat' dir='ltr'><strong>aviditate</strong></span> <span class='ocrx_word' id='word_1_366' title='bbox 3387 2573 3723 2637; x_wconf 79' lang='lat' dir='ltr'><strong>expetuntur</strong></span> <span class='ocrx_word' id='word_1_367' title='bbox 3751 2581 3767 2616; x_wconf 89' lang='lat'><strong>:</strong></span> 
     </span>
    </p>
   </div>
   <div class='ocr_carea' id='block_1_56' title="bbox 2191 2660 3768 2735">
    <p class='ocr_par' dir='ltr' id='par_1_56' title="bbox 2191 2660 3768 2735">
     <span class='ocr_line' id='line_1_56' title="bbox 2191 2660 3768 2735; baseline -0.011 -9"><span class='ocrx_word' id='word_1_368' title='bbox 2191 2680 2401 2726; x_wconf 89' lang='lat' dir='ltr'><strong>stercus</strong></span> <span class='ocrx_word' id='word_1_369' title='bbox 2453 2677 2657 2728; x_wconf 87' lang='lat' dir='ltr'><strong>autem,</strong></span> <span class='ocrx_word' id='word_1_370' title='bbox 2689 2666 2815 2735; x_wconf 89' lang='lat' dir='ltr'><strong>quia</strong></span> <span class='ocrx_word' id='word_1_371' title='bbox 2861 2663 3105 2718; x_wconf 86' lang='lat' dir='ltr'><strong>concocti</strong></span> <span class='ocrx_word' id='word_1_372' title='bbox 3153 2662 3259 2716; x_wconf 90' lang='lat' dir='ltr'><strong>cibi</strong></span> <span class='ocrx_word' id='word_1_373' title='bbox 3307 2660 3361 2716; x_wconf 90' lang='lat' dir='ltr'><strong>in</strong></span> <span class='ocrx_word' id='word_1_374' title='bbox 3421 2667 3635 2717; x_wconf 87' lang='lat' dir='ltr'><strong>stercus</strong></span> <span class='ocrx_word' id='word_1_375' title='bbox 3677 2671 3768 2709; x_wconf 74' lang='lat' dir='ltr'><strong>ex-</strong></span> 
     </span>
    </p>
   </div>
   <div class='ocr_carea' id='block_1_57' title="bbox 2191 2748 3769 2830">
    <p class='ocr_par' dir='ltr' id='par_1_57' title="bbox 2191 2748 3769 2830">
     <span class='ocr_line' id='line_1_57' title="bbox 2191 2748 3769 2830; baseline -0.013 -12"><span class='ocrx_word' id='word_1_376' title='bbox 2191 2770 2508 2819; x_wconf 90' lang='lat' dir='ltr'><strong>cernantur.</strong></span> <span class='ocrx_word' id='word_1_377' title='bbox 2550 2757 2819 2830; x_wconf 84' lang='grc' dir='ltr'><strong>Ἀκρασια</strong></span> <span class='ocrx_word' id='word_1_378' title='bbox 2850 2756 3090 2824; x_wconf 89' lang='lat' dir='ltr'><strong>denique</strong></span> <span class='ocrx_word' id='word_1_379' title='bbox 3131 2751 3511 2808; x_wconf 86' lang='lat' dir='ltr'><strong>immoderatio</strong></span> <span class='ocrx_word' id='word_1_380' title='bbox 3547 2748 3769 2809; x_wconf 79' lang='lat' dir='ltr'><strong>dicitur,</strong></span> 
     </span>
    </p>
   </div>
   <div class='ocr_carea' id='block_1_58' title="bbox 2193 2837 3770 2924">
    <p class='ocr_par' dir='ltr' id='par_1_58' title="bbox 2193 2837 3770 2924">
     <span class='ocr_line' id='line_1_58' title="bbox 2193 2837 3770 2924; baseline -0.013 -15"><span class='ocrx_word' id='word_1_381' title='bbox 2193 2854 2338 2924; x_wconf 91' lang='lat' dir='ltr'><strong>quod</strong></span> <span class='ocrx_word' id='word_1_382' title='bbox 2368 2867 2504 2908; x_wconf 90' lang='lat' dir='ltr'><strong>usus</strong></span> <span class='ocrx_word' id='word_1_383' title='bbox 2533 2849 2863 2906; x_wconf 87' lang='lat' dir='ltr'><strong>necessitate</strong></span> <span class='ocrx_word' id='word_1_384' title='bbox 2913 2847 3141 2902; x_wconf 92' lang='lat' dir='ltr'><strong>minime</strong></span> <span class='ocrx_word' id='word_1_385' title='bbox 3177 2851 3533 2914; x_wconf 88' lang='lat' dir='ltr'><strong>temperetur.</strong></span> <span class='ocrx_word' id='word_1_386' title='bbox 3579 2837 3770 2892; x_wconf 83' lang='lat' dir='ltr'><strong>Enim-</strong></span> 
     </span>
    </p>
   </div>
   <div class='ocr_carea' id='block_1_59' title="bbox 509 2928 3770 3023">
    <p class='ocr_par' dir='ltr' id='par_1_59' title="bbox 509 2928 3770 3023">
     <span class='ocr_line' id='line_1_59' title="bbox 509 2928 3770 3023; baseline -0.001 -39"><span class='ocrx_word' id='word_1_387' title='bbox 509 2933 688 2987; x_wconf 86' lang='lat' dir='ltr'><strong>verbis</strong></span> <span class='ocrx_word' id='word_1_388' title='bbox 723 2937 1078 3004; x_wconf 82' lang='lat' dir='ltr'><strong>complectar,</strong></span> <span class='ocrx_word' id='word_1_389' title='bbox 1123 2955 1343 3006; x_wconf 85' lang='lat' dir='ltr'><strong>sensus,</strong></span> <span class='ocrx_word' id='word_1_390' title='bbox 1375 2944 1482 2998; x_wconf 85' lang='lat' dir='ltr'><strong>nisi</strong></span> <span class='ocrx_word' id='word_1_391' title='bbox 1509 2946 1681 3014; x_wconf 89' lang='lat' dir='ltr'><strong>probe</strong></span> <span class='ocrx_word' id='word_1_392' title='bbox 1703 2957 1984 3017; x_wconf 79' lang='lat' dir='ltr'><strong>regantur,</strong></span> <span class='ocrx_word' id='word_1_393' title='bbox 2011 2951 2080 3005; x_wconf 78' lang='lat' dir='ltr'><strong>ad</strong></span> <span class='ocrx_word' id='word_1_394' title='bbox 2107 2963 2152 3023; x_wconf 74' lang='grc' dir='ltr'>α</span> <span class='ocrx_word' id='word_1_395' title='bbox 2185 2962 2320 3006; x_wconf 79' lang='lat' dir='ltr'><strong>vero</strong></span> <span class='ocrx_word' id='word_1_396' title='bbox 2350 2959 2476 3000; x_wconf 86' lang='lat' dir='ltr'><strong>cum</strong></span> <span class='ocrx_word' id='word_1_397' title='bbox 2506 2941 2715 2998; x_wconf 88' lang='lat' dir='ltr'><strong>deliciis</strong></span> <span class='ocrx_word' id='word_1_398' title='bbox 2750 2940 3033 3009; x_wconf 85' lang='lat' dir='ltr'><strong>indulgere</strong></span> <span class='ocrx_word' id='word_1_399' title='bbox 3056 2953 3151 3008; x_wconf 90' lang='lat' dir='ltr'><strong>per</strong></span> <span class='ocrx_word' id='word_1_400' title='bbox 3197 2950 3256 2992; x_wconf 89' lang='lat' dir='ltr'><strong>se</strong></span> <span class='ocrx_word' id='word_1_401' title='bbox 3301 2947 3464 3006; x_wconf 87' lang='lat' dir='ltr'><strong>grave</strong></span> <span class='ocrx_word' id='word_1_402' title='bbox 3491 2938 3659 3000; x_wconf 89' lang='lat' dir='ltr'><strong>atque</strong></span> <span class='ocrx_word' id='word_1_403' title='bbox 3683 2928 3770 2981; x_wconf 85' lang='lat' dir='ltr'><strong>in-</strong></span> 
     </span>
    </p>
   </div>
   <div class='ocr_carea' id='block_1_60' title="bbox 507 3023 2087 3107">
    <p class='ocr_par' dir='ltr' id='par_1_60' title="bbox 507 3023 2087 3107">
     <span class='ocr_line' id='line_1_60' title="bbox 507 3023 2087 3107; baseline 0.016 -35"><span class='ocrx_word' id='word_1_404' title='bbox 507 3023 698 3076; x_wconf 84' lang='lat' dir='ltr'><strong>vitium</strong></span> <span class='ocrx_word' id='word_1_405' title='bbox 727 3025 918 3082; x_wconf 84' lang='lat' dir='ltr'><strong>faciles</strong></span> <span class='ocrx_word' id='word_1_406' title='bbox 939 3039 1072 3084; x_wconf 85' lang='lat' dir='ltr'><strong>sunt</strong></span> <span class='ocrx_word' id='word_1_407' title='bbox 1099 3031 1200 3086; x_wconf 67' lang='lat' dir='ltr'><strong>viae</strong></span> <span class='ocrx_word' id='word_1_408' title='bbox 1258 3037 1580 3107; x_wconf 83' lang='lat' dir='ltr'><strong>peccatique</strong></span> <span class='ocrx_word' id='word_1_409' title='bbox 1597 3038 1806 3107; x_wconf 67' lang='lat' dir='ltr'><strong>januae.</strong></span> <span class='ocrx_word' id='word_1_410' title='bbox 1851 3041 1958 3096; x_wconf 80' lang='lat' dir='ltr'><strong>Per</strong></span> <span class='ocrx_word' id='word_1_411' title='bbox 1989 3057 2087 3097; x_wconf 80' lang='lat' dir='ltr'><strong>eos</strong></span> 
     </span>
    </p>
   </div>
   <div class='ocr_carea' id='block_1_61' title="bbox 503 3117 2081 3201">
    <p class='ocr_par' dir='ltr' id='par_1_61' title="bbox 503 3117 2081 3201">
     <span class='ocr_line' id='line_1_61' title="bbox 503 3117 2081 3201; baseline 0.013 -34"><span class='ocrx_word' id='word_1_412' title='bbox 503 3117 709 3169; x_wconf 85' lang='lat' dir='ltr'><strong>etenim</strong></span> <span class='ocrx_word' id='word_1_413' title='bbox 751 3117 818 3172; x_wconf 87' lang='lat' dir='ltr'><strong>ad</strong></span> <span class='ocrx_word' id='word_1_414' title='bbox 869 3120 1000 3174; x_wconf 87' lang='lat' dir='ltr'><strong>vitia</strong></span> <span class='ocrx_word' id='word_1_415' title='bbox 1031 3123 1194 3180; x_wconf 88' lang='lat' dir='ltr'><strong>nobis</strong></span> <span class='ocrx_word' id='word_1_416' title='bbox 1232 3126 1414 3184; x_wconf 90' lang='lat' dir='ltr'><strong>aditus</strong></span> <span class='ocrx_word' id='word_1_417' title='bbox 1441 3137 1610 3198; x_wconf 84' lang='lat' dir='ltr'><strong>patet,</strong></span> <span class='ocrx_word' id='word_1_418' title='bbox 1655 3145 1720 3186; x_wconf 89' lang='lat' dir='ltr'><strong>ac</strong></span> <span class='ocrx_word' id='word_1_419' title='bbox 1760 3146 1858 3201; x_wconf 89' lang='lat' dir='ltr'><strong>per</strong></span> <span class='ocrx_word' id='word_1_420' title='bbox 1885 3147 1985 3189; x_wconf 87' lang='lat' dir='ltr'><strong>eos</strong></span> <span class='ocrx_word' id='word_1_421' title='bbox 2025 3133 2081 3187; x_wconf 90' lang='lat' dir='ltr'><strong>in</strong></span> 
     </span>
    </p>
   </div>
   <div class='ocr_carea' id='block_1_62' title="bbox 504 3206 2082 3287">
    <p class='ocr_par' dir='ltr' id='par_1_62' title="bbox 504 3206 2082 3287">
     <span class='ocr_line' id='line_1_62' title="bbox 504 3206 2082 3287; baseline 0.013 -29"><span class='ocrx_word' id='word_1_422' title='bbox 504 3206 749 3260; x_wconf 89' lang='lat' dir='ltr'><strong>animum</strong></span> <span class='ocrx_word' id='word_1_423' title='bbox 795 3209 972 3265; x_wconf 86' lang='lat' dir='ltr'><strong>influit</strong></span> <span class='ocrx_word' id='word_1_424' title='bbox 1011 3221 1174 3283; x_wconf 90' lang='lat' dir='ltr'><strong>atque</strong></span> <span class='ocrx_word' id='word_1_425' title='bbox 1215 3215 1384 3271; x_wconf 86' lang='lat' dir='ltr'><strong>intrat</strong></span> <span class='ocrx_word' id='word_1_426' title='bbox 1427 3229 1732 3287; x_wconf 90' lang='lat' dir='ltr'><strong>peccatum.</strong></span> <span class='ocrx_word' id='word_1_427' title='bbox 1779 3222 1862 3276; x_wconf 90' lang='lat' dir='ltr'><strong>Ne</strong></span> <span class='ocrx_word' id='word_1_428' title='bbox 1899 3232 2082 3279; x_wconf 83' lang='lat' dir='ltr'><strong>tenera</strong></span> 
     </span>
    </p>
   </div>
   <div class='ocr_carea' id='block_1_63' title="bbox 506 3301 2084 3378">
    <p class='ocr_par' dir='ltr' id='par_1_63' title="bbox 506 3301 2084 3378">
     <span class='ocr_line' id='line_1_63' title="bbox 506 3301 2084 3378; baseline 0.015 -32"><span class='ocrx_word' id='word_1_429' title='bbox 506 3308 653 3352; x_wconf 85' lang='lat' dir='ltr'><strong>veste</strong></span> <span class='ocrx_word' id='word_1_430' title='bbox 702 3301 1134 3368; x_wconf 88' lang='lat' dir='ltr'><strong>permolliamur,</strong></span> <span class='ocrx_word' id='word_1_431' title='bbox 1187 3321 1310 3372; x_wconf 63' lang='lat' dir='ltr'><strong>quae</strong></span> <span class='ocrx_word' id='word_1_432' title='bbox 1361 3309 1582 3378; x_wconf 87' lang='lat' dir='ltr'><strong>quidem</strong></span> <span class='ocrx_word' id='word_1_433' title='bbox 1633 3311 1980 3377; x_wconf 88' lang='lat' dir='ltr'><strong>circumﬂuit,</strong></span> <span class='ocrx_word' id='word_1_434' title='bbox 2019 3329 2084 3369; x_wconf 88' lang='lat' dir='ltr'><strong>ac</strong></span> 
     </span>
    </p>
   </div>
   <div class='ocr_carea' id='block_1_64' title="bbox 505 3387 2081 3473">
    <p class='ocr_par' dir='ltr' id='par_1_64' title="bbox 505 3387 2081 3473">
     <span class='ocr_line' id='line_1_64' title="bbox 505 3387 2081 3473; baseline 0.012 -32"><span class='ocrx_word' id='word_1_435' title='bbox 505 3387 712 3444; x_wconf 88' lang='lat' dir='ltr'><strong>lubrica</strong></span> <span class='ocrx_word' id='word_1_436' title='bbox 741 3405 802 3446; x_wconf 82' lang='lat' dir='ltr'><strong>se</strong></span> <span class='ocrx_word' id='word_1_437' title='bbox 833 3392 886 3446; x_wconf 91' lang='lat' dir='ltr'><strong>in</strong></span> <span class='ocrx_word' id='word_1_438' title='bbox 922 3402 1095 3449; x_wconf 87' lang='lat' dir='ltr'><strong>totum</strong></span> <span class='ocrx_word' id='word_1_439' title='bbox 1133 3410 1336 3465; x_wconf 91' lang='lat' dir='ltr'><strong>corpus</strong></span> <span class='ocrx_word' id='word_1_440' title='bbox 1361 3398 1540 3455; x_wconf 90' lang='lat' dir='ltr'><strong>fundit</strong></span> <span class='ocrx_word' id='word_1_441' title='bbox 1574 3417 1589 3454; x_wconf 91' lang='lat'><strong>:</strong></span> <span class='ocrx_word' id='word_1_442' title='bbox 1621 3402 1783 3472; x_wconf 85' lang='lat' dir='ltr'><strong>idque</strong></span> <span class='ocrx_word' id='word_1_443' title='bbox 1811 3404 2081 3473; x_wconf 91' lang='lat' dir='ltr'><strong>duplicem</strong></span> 
     </span>
    </p>
   </div>
   <div class='ocr_carea' id='block_1_65' title="bbox 504 3482 2085 3560">
    <p class='ocr_par' dir='ltr' id='par_1_65' title="bbox 504 3482 2085 3560">
     <span class='ocr_line' id='line_1_65' title="bbox 504 3482 2085 3560; baseline 0.011 -25"><span class='ocrx_word' id='word_1_444' title='bbox 504 3482 576 3536; x_wconf 92' lang='lat' dir='ltr'><strong>ob</strong></span> <span class='ocrx_word' id='word_1_445' title='bbox 605 3497 852 3550; x_wconf 88' lang='lat' dir='ltr'><strong>causam,</strong></span> <span class='ocrx_word' id='word_1_446' title='bbox 901 3494 1014 3540; x_wconf 89' lang='lat' dir='ltr'><strong>tum</strong></span> <span class='ocrx_word' id='word_1_447' title='bbox 1057 3497 1278 3556; x_wconf 88' lang='lat' dir='ltr'><strong>propter</strong></span> <span class='ocrx_word' id='word_1_448' title='bbox 1307 3491 1742 3560; x_wconf 89' lang='lat' dir='ltr'><strong>superﬂuitatem</strong></span> <span class='ocrx_word' id='word_1_449' title='bbox 1778 3510 1842 3550; x_wconf 91' lang='lat' dir='ltr'><strong>ac</strong></span> <span class='ocrx_word' id='word_1_450' title='bbox 1879 3497 2085 3552; x_wconf 59' lang='lat' dir='ltr'><strong>levita-</strong></span> 
     </span>
    </p>
   </div>
   <div class='ocr_carea' id='block_1_66' title="bbox 508 3576 2081 3656">
    <p class='ocr_par' dir='ltr' id='par_1_66' title="bbox 508 3576 2081 3656">
     <span class='ocr_line' id='line_1_66' title="bbox 508 3576 2081 3656; baseline 0.011 -31"><span class='ocrx_word' id='word_1_451' title='bbox 508 3583 638 3638; x_wconf 89' lang='lat' dir='ltr'><strong>tem,</strong></span> <span class='ocrx_word' id='word_1_452' title='bbox 667 3583 782 3629; x_wconf 90' lang='lat' dir='ltr'><strong>tum</strong></span> <span class='ocrx_word' id='word_1_453' title='bbox 815 3576 941 3645; x_wconf 89' lang='lat' dir='ltr'><strong>quia</strong></span> <span class='ocrx_word' id='word_1_454' title='bbox 984 3577 1037 3631; x_wconf 91' lang='lat' dir='ltr'><strong>in</strong></span> <span class='ocrx_word' id='word_1_455' title='bbox 1072 3593 1343 3635; x_wconf 89' lang='lat' dir='ltr'><strong>summam</strong></span> <span class='ocrx_word' id='word_1_456' title='bbox 1381 3584 1631 3655; x_wconf 90' lang='lat' dir='ltr'><strong>corporis</strong></span> <span class='ocrx_word' id='word_1_457' title='bbox 1667 3586 2081 3656; x_wconf 80' lang='lat' dir='ltr'><strong>longitudinem,</strong></span> 
     </span>
    </p>
   </div>
   <div class='ocr_carea' id='block_1_67' title="bbox 505 3666 2086 3750">
    <p class='ocr_par' dir='ltr' id='par_1_67' title="bbox 505 3666 2086 3750">
     <span class='ocr_line' id='line_1_67' title="bbox 505 3666 2086 3750; baseline 0.01 -30"><span class='ocrx_word' id='word_1_458' title='bbox 505 3666 956 3739; x_wconf 84' lang='lat' dir='ltr'><strong>latitudinemque</strong></span> <span class='ocrx_word' id='word_1_459' title='bbox 971 3673 1550 3740; x_wconf 88' lang='lat' dir='ltr'><strong>protenditur.Tenera</strong></span> <span class='ocrx_word' id='word_1_460' title='bbox 1567 3687 1747 3733; x_wconf 88' lang='lat' dir='ltr'><strong>autem</strong></span> <span class='ocrx_word' id='word_1_461' title='bbox 1765 3690 1850 3734; x_wconf 91' lang='lat' dir='ltr'><strong>est</strong></span> <span class='ocrx_word' id='word_1_462' title='bbox 1865 3691 2086 3750; x_wconf 80' lang='lat' dir='ltr'><strong>propter</strong></span> 
     </span>
    </p>
   </div>
   <div class='ocr_carea' id='block_1_68' title="bbox 504 3758 2083 3839">
    <p class='ocr_par' dir='ltr' id='par_1_68' title="bbox 504 3758 2083 3839">
     <span class='ocr_line' id='line_1_68' title="bbox 504 3758 2083 3839; baseline 0.011 -29"><span class='ocrx_word' id='word_1_463' title='bbox 504 3758 790 3814; x_wconf 88' lang='lat' dir='ltr'><strong>mollitiem</strong></span> <span class='ocrx_word' id='word_1_464' title='bbox 825 3770 879 3816; x_wconf 93' lang='lat' dir='ltr'><strong>et</strong></span> <span class='ocrx_word' id='word_1_465' title='bbox 908 3762 1223 3832; x_wconf 65' lang='lat' dir='ltr'><strong>laevitatem,</strong></span> <span class='ocrx_word' id='word_1_466' title='bbox 1273 3775 1440 3836; x_wconf 86' lang='lat' dir='ltr'><strong>atque</strong></span> <span class='ocrx_word' id='word_1_467' title='bbox 1476 3769 1641 3822; x_wconf 89' lang='lat' dir='ltr'><strong>etiam</strong></span> <span class='ocrx_word' id='word_1_468' title='bbox 1675 3778 1900 3839; x_wconf 90' lang='lat' dir='ltr'><strong>propter</strong></span> <span class='ocrx_word' id='word_1_469' title='bbox 1938 3771 2083 3826; x_wconf 87' lang='lat' dir='ltr'><strong>nito-</strong></span> 
     </span>
    </p>
   </div>
   <div class='ocr_carea' id='block_1_69' title="bbox 504 3852 2083 3921">
    <p class='ocr_par' dir='ltr' id='par_1_69' title="bbox 504 3852 2083 3921">
     <span class='ocr_line' id='line_1_69' title="bbox 504 3852 2083 3921; baseline 0.009 -19"><span class='ocrx_word' id='word_1_470' title='bbox 504 3863 621 3903; x_wconf 90' lang='lat' dir='ltr'><strong>rem</strong></span> <span class='ocrx_word' id='word_1_471' title='bbox 670 3866 684 3903; x_wconf 89' lang='lat'><strong>:</strong></span> <span class='ocrx_word' id='word_1_472' title='bbox 731 3852 786 3904; x_wconf 91' lang='lat' dir='ltr'><strong>in</strong></span> <span class='ocrx_word' id='word_1_473' title='bbox 823 3867 932 3921; x_wconf 89' lang='lat' dir='ltr'><strong>qua</strong></span> <span class='ocrx_word' id='word_1_474' title='bbox 963 3855 1129 3909; x_wconf 89' lang='lat' dir='ltr'><strong>etiam</strong></span> <span class='ocrx_word' id='word_1_475' title='bbox 1154 3855 1289 3911; x_wconf 91' lang='lat' dir='ltr'><strong>illud</strong></span> <span class='ocrx_word' id='word_1_476' title='bbox 1319 3859 1406 3913; x_wconf 92' lang='lat' dir='ltr'><strong>vel</strong></span> <span class='ocrx_word' id='word_1_477' title='bbox 1450 3859 1747 3914; x_wconf 80' lang='lat' dir='ltr'><strong>maximum</strong></span> <span class='ocrx_word' id='word_1_478' title='bbox 1781 3861 1971 3916; x_wconf 89' lang='lat' dir='ltr'><strong>vitium</strong></span> <span class='ocrx_word' id='word_1_479' title='bbox 2000 3863 2083 3917; x_wconf 83' lang='lat' dir='ltr'><strong>in-</strong></span> 
     </span>
    </p>
   </div>
   <div class='ocr_carea' id='block_1_70' title="bbox 501 3942 2084 4022">
    <p class='ocr_par' dir='ltr' id='par_1_70' title="bbox 501 3942 2084 4022">
     <span class='ocr_line' id='line_1_70' title="bbox 501 3942 2084 4022; baseline 0.01 -29"><span class='ocrx_word' id='word_1_480' title='bbox 501 3949 608 4000; x_wconf 88' lang='lat' dir='ltr'><strong>est,</strong></span> <span class='ocrx_word' id='word_1_481' title='bbox 638 3942 781 4010; x_wconf 91' lang='lat' dir='ltr'><strong>quod</strong></span> <span class='ocrx_word' id='word_1_482' title='bbox 810 3951 870 3996; x_wconf 88' lang='lat' dir='ltr'><strong>ut</strong></span> <span class='ocrx_word' id='word_1_483' title='bbox 895 3958 1127 4014; x_wconf 67' lang='lat' dir='ltr'><strong>quaeque</strong></span> <span class='ocrx_word' id='word_1_484' title='bbox 1161 3947 1392 4004; x_wconf 90' lang='lat' dir='ltr'><strong>summis</strong></span> <span class='ocrx_word' id='word_1_485' title='bbox 1423 3950 1731 4019; x_wconf 85' lang='lat' dir='ltr'><strong>sumptibus</strong></span> <span class='ocrx_word' id='word_1_486' title='bbox 1758 3968 2084 4022; x_wconf 89' lang='lat' dir='ltr'><strong>summaque</strong></span> 
     </span>
    </p>
   </div>
   <div class='ocr_carea' id='block_1_71' title="bbox 503 4030 2082 4113">
    <p class='ocr_par' dir='ltr' id='par_1_71' title="bbox 503 4030 2082 4113">
     <span class='ocr_line' id='line_1_71' title="bbox 503 4030 2082 4113; baseline 0.009 -27"><span class='ocrx_word' id='word_1_487' title='bbox 503 4030 768 4101; x_wconf 89' lang='lat' dir='ltr'><strong>elegantia</strong></span> <span class='ocrx_word' id='word_1_488' title='bbox 818 4037 1069 4091; x_wconf 86' lang='lat' dir='ltr'><strong>confecta</strong></span> <span class='ocrx_word' id='word_1_489' title='bbox 1117 4047 1234 4104; x_wconf 89' lang='lat' dir='ltr'><strong>est,</strong></span> <span class='ocrx_word' id='word_1_490' title='bbox 1285 4039 1360 4095; x_wconf 88' lang='lat' dir='ltr'><strong>ita</strong></span> <span class='ocrx_word' id='word_1_491' title='bbox 1413 4051 1636 4113; x_wconf 89' lang='lat' dir='ltr'><strong>propter</strong></span> <span class='ocrx_word' id='word_1_492' title='bbox 1687 4045 2082 4113; x_wconf 89' lang='lat' dir='ltr'><strong>parcimoniam</strong></span> 
     </span>
    </p>
   </div>
   <div class='ocr_carea' id='block_1_72' title="bbox 504 4125 2084 4208">
    <p class='ocr_par' dir='ltr' id='par_1_72' title="bbox 504 4125 2084 4208">
     <span class='ocr_line' id='line_1_72' title="bbox 504 4125 2084 4208; baseline 0.01 -33"><span class='ocrx_word' id='word_1_493' title='bbox 504 4125 742 4179; x_wconf 80' lang='lat' dir='ltr'><strong>maxime</strong></span> <span class='ocrx_word' id='word_1_494' title='bbox 775 4126 984 4183; x_wconf 90' lang='lat' dir='ltr'><strong>inutilis</strong></span> <span class='ocrx_word' id='word_1_495' title='bbox 1005 4128 1172 4199; x_wconf 85' lang='lat' dir='ltr'><strong>jacet,</strong></span> <span class='ocrx_word' id='word_1_496' title='bbox 1202 4146 1302 4188; x_wconf 88' lang='lat' dir='ltr'><strong>nec</strong></span> <span class='ocrx_word' id='word_1_497' title='bbox 1337 4133 1506 4188; x_wconf 90' lang='lat' dir='ltr'><strong>ullum</strong></span> <span class='ocrx_word' id='word_1_498' title='bbox 1534 4135 1624 4190; x_wconf 92' lang='lat' dir='ltr'><strong>sui</strong></span> <span class='ocrx_word' id='word_1_499' title='bbox 1663 4152 1824 4191; x_wconf 90' lang='lat' dir='ltr'><strong>usum</strong></span> <span class='ocrx_word' id='word_1_500' title='bbox 1854 4138 2084 4208; x_wconf 64' lang='lat' dir='ltr'><strong>praebet.</strong></span> 
     </span>
    </p>
   </div>
   <div class='ocr_carea' id='block_1_73' title="bbox 499 4213 2080 4296">
    <p class='ocr_par' dir='ltr' id='par_1_73' title="bbox 499 4213 2080 4296">
     <span class='ocr_line' id='line_1_73' title="bbox 499 4213 2080 4296; baseline 0.009 -24"><span class='ocrx_word' id='word_1_501' title='bbox 499 4213 906 4274; x_wconf 84' lang='lat' dir='ltr'><strong>Pulcherrimas</strong></span> <span class='ocrx_word' id='word_1_502' title='bbox 943 4221 1088 4275; x_wconf 91' lang='lat' dir='ltr'><strong>enim</strong></span> <span class='ocrx_word' id='word_1_503' title='bbox 1137 4238 1384 4296; x_wconf 89' lang='lat' dir='ltr'><strong>quasque</strong></span> <span class='ocrx_word' id='word_1_504' title='bbox 1435 4235 1614 4282; x_wconf 87' lang='lat' dir='ltr'><strong>vestes</strong></span> <span class='ocrx_word' id='word_1_505' title='bbox 1665 4244 1793 4283; x_wconf 89' lang='lat' dir='ltr'><strong>arca</strong></span> <span class='ocrx_word' id='word_1_506' title='bbox 1839 4229 2080 4286; x_wconf 89' lang='lat' dir='ltr'><strong>inclusas</strong></span> 
     </span>
    </p>
   </div>
   <div class='ocr_carea' id='block_1_74' title="bbox 2189 3021 3771 3111">
    <p class='ocr_par' dir='ltr' id='par_1_74' title="bbox 2189 3021 3771 3111">
     <span class='ocr_line' id='line_1_74' title="bbox 2189 3021 3771 3111; baseline -0.016 -12"><span class='ocrx_word' id='word_1_507' title='bbox 2189 3043 2412 3111; x_wconf 74' lang='lat' dir='ltr'><strong>dignum</strong></span> <span class='ocrx_word' id='word_1_508' title='bbox 2437 3036 2535 3102; x_wconf 80' lang='lat' dir='ltr'><strong>sit,</strong></span> <span class='ocrx_word' id='word_1_509' title='bbox 2585 3044 2702 3100; x_wconf 83' lang='lat' dir='ltr'><strong>tum</strong></span> <span class='ocrx_word' id='word_1_510' title='bbox 2733 3033 2904 3088; x_wconf 89' lang='lat' dir='ltr'><strong>multo</strong></span> <span class='ocrx_word' id='word_1_511' title='bbox 2933 3031 3213 3100; x_wconf 79' lang='lat' dir='ltr'><strong>indignius</strong></span> <span class='ocrx_word' id='word_1_512' title='bbox 3245 3037 3350 3095; x_wconf 89' lang='lat' dir='ltr'><strong>est,</strong></span> <span class='ocrx_word' id='word_1_513' title='bbox 3401 3040 3528 3080; x_wconf 89' lang='lat' dir='ltr'><strong>cum</strong></span> <span class='ocrx_word' id='word_1_514' title='bbox 3561 3022 3657 3077; x_wconf 82' lang='lat' dir='ltr'><strong>alii</strong></span> <span class='ocrx_word' id='word_1_515' title='bbox 3688 3021 3771 3074; x_wconf 84' lang='lat' dir='ltr'><strong>in-</strong></span> 
     </span>
    </p>
   </div>
   <div class='ocr_carea' id='block_1_75' title="bbox 2188 3115 3768 3198">
    <p class='ocr_par' dir='ltr' id='par_1_75' title="bbox 2188 3115 3768 3198">
     <span class='ocr_line' id='line_1_75' title="bbox 2188 3115 3768 3198; baseline -0.013 -10"><span class='ocrx_word' id='word_1_516' title='bbox 2188 3134 2350 3188; x_wconf 88' lang='lat' dir='ltr'><strong>terim</strong></span> <span class='ocrx_word' id='word_1_517' title='bbox 2402 3130 2550 3186; x_wconf 83' lang='lat' dir='ltr'><strong>fame</strong></span> <span class='ocrx_word' id='word_1_518' title='bbox 2597 3127 3011 3198; x_wconf 86' lang='lat' dir='ltr'><strong>opprimuntur.</strong></span> <span class='ocrx_word' id='word_1_519' title='bbox 3069 3121 3378 3188; x_wconf 86' lang='lat' dir='ltr'><strong>Quinetiam</strong></span> <span class='ocrx_word' id='word_1_520' title='bbox 3443 3118 3560 3188; x_wconf 90' lang='lat' dir='ltr'><strong>ipse</strong></span> <span class='ocrx_word' id='word_1_521' title='bbox 3612 3115 3768 3170; x_wconf 86' lang='lat' dir='ltr'><strong>Plato</strong></span> 
     </span>
    </p>
   </div>
   <div class='ocr_carea' id='block_1_76' title="bbox 2186 3208 3770 3291">
    <p class='ocr_par' dir='ltr' id='par_1_76' title="bbox 2186 3208 3770 3291">
     <span class='ocr_line' id='line_1_76' title="bbox 2186 3208 3770 3291; baseline -0.013 -15"><span class='ocrx_word' id='word_1_522' title='bbox 2186 3221 2428 3291; x_wconf 90' lang='lat' dir='ltr'><strong>quodam</strong></span> <span class='ocrx_word' id='word_1_523' title='bbox 2465 3219 2585 3272; x_wconf 86' lang='lat' dir='ltr'><strong>loco</strong></span> <span class='ocrx_word' id='word_1_524' title='bbox 2631 3217 2731 3281; x_wconf 84' lang='lat' dir='ltr'><strong>ait,</strong></span> <span class='ocrx_word' id='word_1_525' title='bbox 2782 3213 2953 3284; x_wconf 63' lang='lat' dir='ltr'><strong>Nugas</strong></span> <span class='ocrx_word' id='word_1_526' title='bbox 2982 3222 3136 3276; x_wconf 86' lang='lat' dir='ltr'><strong>sunt,</strong></span> <span class='ocrx_word' id='word_1_527' title='bbox 3163 3208 3432 3281; x_wconf 84' lang='lat' dir='ltr'><strong>quidquid</strong></span> <span class='ocrx_word' id='word_1_528' title='bbox 3464 3215 3552 3263; x_wconf 85' lang='lat' dir='ltr'><strong>est</strong></span> <span class='ocrx_word' id='word_1_529' title='bbox 3579 3219 3770 3274; x_wconf 84' lang='lat' dir='ltr'><strong>super-</strong></span> 
     </span>
    </p>
   </div>
   <div class='ocr_carea' id='block_1_77' title="bbox 2187 3302 3344 3377">
    <p class='ocr_par' dir='ltr' id='par_1_77' title="bbox 2187 3302 3344 3377">
     <span class='ocr_line' id='line_1_77' title="bbox 2187 3302 3344 3377; baseline -0.006 -11"><span class='ocrx_word' id='word_1_530' title='bbox 2187 3314 2357 3366; x_wconf 90' lang='lat' dir='ltr'><strong>ﬂuum</strong></span> <span class='ocrx_word' id='word_1_531' title='bbox 2393 3322 2502 3366; x_wconf 91' lang='lat' dir='ltr'><strong>tam</strong></span> <span class='ocrx_word' id='word_1_532' title='bbox 2541 3310 2594 3364; x_wconf 91' lang='lat' dir='ltr'><strong>in</strong></span> <span class='ocrx_word' id='word_1_533' title='bbox 2631 3308 2819 3369; x_wconf 87' lang='lat' dir='ltr'><strong>rebus,</strong></span> <span class='ocrx_word' id='word_1_534' title='bbox 2854 3321 3018 3377; x_wconf 88' lang='lat' dir='ltr'><strong>quam</strong></span> <span class='ocrx_word' id='word_1_535' title='bbox 3051 3305 3106 3359; x_wconf 91' lang='lat' dir='ltr'><strong>in</strong></span> <span class='ocrx_word' id='word_1_536' title='bbox 3139 3302 3344 3359; x_wconf 75' lang='lat' dir='ltr'><strong>verbis.</strong></span> 
     </span>
    </p>
   </div>
   <div class='ocr_carea' id='block_1_78' title="bbox 2261 3394 3768 3469">
    <p class='ocr_par' dir='ltr' id='par_1_78' title="bbox 2261 3394 3768 3469">
     <span class='ocr_line' id='line_1_78' title="bbox 2261 3394 3768 3469; baseline -0.011 -10"><span class='ocrx_word' id='word_1_537' title='bbox 2261 3406 2394 3461; x_wconf 91' lang='lat' dir='ltr'><strong>Ibid.</strong></span> <span class='ocrx_word' id='word_1_538' title='bbox 2425 3405 2486 3458; x_wconf 92' lang='lat' dir='ltr'><strong>D.</strong></span> <span class='ocrx_word' id='word_1_539' title='bbox 2529 3402 2718 3458; x_wconf 85' lang='lat' dir='ltr'><strong>Verum</strong></span> <span class='ocrx_word' id='word_1_540' title='bbox 2749 3402 2861 3455; x_wconf 75' lang='lat' dir='ltr'><strong>hwc</strong></span> <span class='ocrx_word' id='word_1_541' title='bbox 2887 3398 3198 3469; x_wconf 79' lang='lat' dir='ltr'><strong>gentilibus,</strong></span> <span class='ocrx_word' id='word_1_542' title='bbox 3228 3411 3292 3449; x_wconf 78' lang='lat' dir='ltr'><strong>ac</strong></span> <span class='ocrx_word' id='word_1_543' title='bbox 3320 3394 3597 3465; x_wconf 71' lang='lat' dir='ltr'><strong>gmilitiis</strong></span> <span class='ocrx_word' id='word_1_544' title='bbox 3625 3405 3768 3458; x_wconf 70' lang='lat' dir='ltr'><strong>pont-</strong></span> 
     </span>
    </p>
   </div>
   <div class='ocr_carea' id='block_1_79' title="bbox 2187 3482 3767 3567">
    <p class='ocr_par' dir='ltr' id='par_1_79' title="bbox 2187 3482 3767 3567">
     <span class='ocr_line' id='line_1_79' title="bbox 2187 3482 3767 3567; baseline -0.01 -14"><span class='ocrx_word' id='word_1_545' title='bbox 2187 3500 2268 3567; x_wconf 77' lang='lat' dir='ltr'><strong>pis</strong></span> <span class='ocrx_word' id='word_1_546' title='bbox 2306 3497 2555 3566; x_wconf 78' lang='lat' dir='ltr'><strong>festisque</strong></span> <span class='ocrx_word' id='word_1_547' title='bbox 2588 3494 2943 3562; x_wconf 77' lang='lat' dir='ltr'><strong>relinquamus</strong></span> <span class='ocrx_word' id='word_1_548' title='bbox 2965 3506 2984 3544; x_wconf 89' lang='lat'><strong><em>:</em></strong></span> <span class='ocrx_word' id='word_1_549' title='bbox 3013 3491 3104 3559; x_wconf 85' lang='lat' dir='ltr'><strong>qui</strong></span> <span class='ocrx_word' id='word_1_550' title='bbox 3134 3489 3293 3542; x_wconf 76' lang='lat' dir='ltr'><strong>etiam</strong></span> <span class='ocrx_word' id='word_1_551' title='bbox 3317 3487 3403 3550; x_wconf 85' lang='lat' dir='ltr'><strong>iis,</strong></span> <span class='ocrx_word' id='word_1_552' title='bbox 3433 3494 3538 3540; x_wconf 90' lang='lat' dir='ltr'><strong>etc.</strong></span> <span class='ocrx_word' id='word_1_553' title='bbox 3569 3482 3767 3538; x_wconf 74' lang='lat' dir='ltr'><strong>Verum</strong></span> 
     </span>
    </p>
   </div>
   <div class='ocr_carea' id='block_1_80' title="bbox 2189 3575 3766 3651">
    <p class='ocr_par' dir='ltr' id='par_1_80' title="bbox 2189 3575 3766 3651">
     <span class='ocr_line' id='line_1_80' title="bbox 2189 3575 3766 3651; baseline -0.01 -7"><span class='ocrx_word' id='word_1_554' title='bbox 2189 3592 2325 3651; x_wconf 66' lang='lat' dir='ltr'><strong>hinc,</strong></span> <span class='ocrx_word' id='word_1_555' title='bbox 2358 3587 2620 3642; x_wconf 89' lang='lat' dir='ltr'><strong>nimirum</strong></span> <span class='ocrx_word' id='word_1_556' title='bbox 2653 3583 2865 3638; x_wconf 85' lang='lat' dir='ltr'><strong>deliciis</strong></span> <span class='ocrx_word' id='word_1_557' title='bbox 2895 3591 2950 3636; x_wconf 90' lang='lat' dir='ltr'><strong>et</strong></span> <span class='ocrx_word' id='word_1_558' title='bbox 2976 3581 3181 3635; x_wconf 87' lang='lat' dir='ltr'><strong>ventris</strong></span> <span class='ocrx_word' id='word_1_559' title='bbox 3208 3577 3581 3647; x_wconf 90' lang='lat' dir='ltr'><strong>voluptatibus</strong></span> <span class='ocrx_word' id='word_1_560' title='bbox 3614 3575 3766 3630; x_wconf 79' lang='lat' dir='ltr'><strong>festis</strong></span> 
     </span>
    </p>
   </div>
   <div class='ocr_carea' id='block_1_81' title="bbox 2188 3667 3762 3745">
    <p class='ocr_par' dir='ltr' id='par_1_81' title="bbox 2188 3667 3762 3745">
     <span class='ocr_line' id='line_1_81' title="bbox 2188 3667 3762 3745; baseline -0.01 -12"><span class='ocrx_word' id='word_1_561' title='bbox 2188 3680 2382 3734; x_wconf 88' lang='lat' dir='ltr'><strong>diebus</strong></span> <span class='ocrx_word' id='word_1_562' title='bbox 2412 3677 2720 3745; x_wconf 87' lang='lat' dir='ltr'><strong>indulgere,</strong></span> <span class='ocrx_word' id='word_1_563' title='bbox 2753 3674 2819 3728; x_wconf 88' lang='lat' dir='ltr'><strong>ad</strong></span> <span class='ocrx_word' id='word_1_564' title='bbox 2847 3671 3078 3742; x_wconf 79' lang='lat' dir='ltr'><strong>gentiles</strong></span> <span class='ocrx_word' id='word_1_565' title='bbox 3105 3668 3441 3740; x_wconf 88' lang='lat' dir='ltr'><strong>rejiciamus,</strong></span> <span class='ocrx_word' id='word_1_566' title='bbox 3491 3667 3590 3736; x_wconf 90' lang='lat' dir='ltr'><strong>qui</strong></span> <span class='ocrx_word' id='word_1_567' title='bbox 3638 3679 3762 3720; x_wconf 85' lang='lat' dir='ltr'><strong>cum</strong></span> 
     </span>
    </p>
   </div>
   <div class='ocr_carea' id='block_1_82' title="bbox 2187 3757 3762 3831">
    <p class='ocr_par' dir='ltr' id='par_1_82' title="bbox 2187 3757 3762 3831">
     <span class='ocr_line' id='line_1_82' title="bbox 2187 3757 3762 3831; baseline -0.011 -5"><span class='ocrx_word' id='word_1_568' title='bbox 2187 3773 2319 3826; x_wconf 81' lang='lat' dir='ltr'><strong>deos</strong></span> <span class='ocrx_word' id='word_1_569' title='bbox 2363 3769 2601 3823; x_wconf 87' lang='lat' dir='ltr'><strong>habeant</strong></span> <span class='ocrx_word' id='word_1_570' title='bbox 2633 3765 3031 3822; x_wconf 85' lang='lat' dir='ltr'><strong>sacrificiorum</strong></span> <span class='ocrx_word' id='word_1_571' title='bbox 3069 3761 3220 3816; x_wconf 89' lang='lat' dir='ltr'><strong>fumo</strong></span> <span class='ocrx_word' id='word_1_572' title='bbox 3256 3761 3580 3831; x_wconf 81' lang='lat' dir='ltr'><strong>gaudentes,</strong></span> <span class='ocrx_word' id='word_1_573' title='bbox 3633 3757 3762 3812; x_wconf 82' lang='lat' dir='ltr'><strong>nihil</strong></span> 
     </span>
    </p>
   </div>
   <div class='ocr_carea' id='block_1_83' title="bbox 2188 3852 3759 3926">
    <p class='ocr_par' dir='ltr' id='par_1_83' title="bbox 2188 3852 3759 3926">
     <span class='ocr_line' id='line_1_83' title="bbox 2188 3852 3759 3926; baseline -0.01 -10"><span class='ocrx_word' id='word_1_574' title='bbox 2188 3862 2425 3916; x_wconf 89' lang='lat' dir='ltr'><strong>alienum</strong></span> <span class='ocrx_word' id='word_1_575' title='bbox 2463 3860 2696 3926; x_wconf 90' lang='lat' dir='ltr'><strong>faciunt,</strong></span> <span class='ocrx_word' id='word_1_576' title='bbox 2747 3872 2870 3913; x_wconf 92' lang='lat' dir='ltr'><strong>cum</strong></span> <span class='ocrx_word' id='word_1_577' title='bbox 2922 3866 3169 3910; x_wconf 87' lang='lat' dir='ltr'><strong>ventrem</strong></span> <span class='ocrx_word' id='word_1_578' title='bbox 3227 3852 3508 3908; x_wconf 84' lang='lat' dir='ltr'><strong>farciendo</strong></span> <span class='ocrx_word' id='word_1_579' title='bbox 3550 3861 3759 3921; x_wconf 86' lang='lat' dir='ltr'><strong>gratum</strong></span> 
     </span>
    </p>
   </div>
   <div class='ocr_carea' id='block_1_84' title="bbox 2189 3945 3760 4024">
    <p class='ocr_par' dir='ltr' id='par_1_84' title="bbox 2189 3945 3760 4024">
     <span class='ocr_line' id='line_1_84' title="bbox 2189 3945 3760 4024; baseline -0.007 -16"><span class='ocrx_word' id='word_1_580' title='bbox 2189 3955 2321 4024; x_wconf 88' lang='lat' dir='ltr'><strong>ipsis</strong></span> <span class='ocrx_word' id='word_1_581' title='bbox 2347 3953 2551 4007; x_wconf 90' lang='lat' dir='ltr'><strong>cultum</strong></span> <span class='ocrx_word' id='word_1_582' title='bbox 2583 3951 2845 4006; x_wconf 58' lang='lat' dir='ltr'><strong>exhibere</strong></span> <span class='ocrx_word' id='word_1_583' title='bbox 2895 3963 2955 4004; x_wconf 89' lang='lat' dir='ltr'><strong>se</strong></span> <span class='ocrx_word' id='word_1_584' title='bbox 2998 3948 3359 4003; x_wconf 86' lang='lat' dir='ltr'><strong>arbitrantur.</strong></span> <span class='ocrx_word' id='word_1_585' title='bbox 3406 3945 3673 4008; x_wconf 86' lang='lat' dir='ltr'><strong>Fictores,</strong></span> <span class='ocrx_word' id='word_1_586' title='bbox 3708 3953 3760 3997; x_wconf 88' lang='lat' dir='ltr'><strong>ut</strong></span> 
     </span>
    </p>
   </div>
   <div class='ocr_carea' id='block_1_85' title="bbox 2187 4036 3762 4114">
    <p class='ocr_par' dir='ltr' id='par_1_85' title="bbox 2187 4036 3762 4114">
     <span class='ocr_line' id='line_1_85' title="bbox 2187 4036 3762 4114; baseline -0.005 -18"><span class='ocrx_word' id='word_1_587' title='bbox 2187 4045 2407 4114; x_wconf 91' lang='lat' dir='ltr'><strong>quidem</strong></span> <span class='ocrx_word' id='word_1_588' title='bbox 2457 4043 2559 4098; x_wconf 89' lang='lat' dir='ltr'><strong>sibi</strong></span> <span class='ocrx_word' id='word_1_589' title='bbox 2595 4043 2868 4106; x_wconf 89' lang='lat' dir='ltr'><strong>videntur,</strong></span> <span class='ocrx_word' id='word_1_590' title='bbox 2921 4041 3177 4104; x_wconf 86' lang='lat' dir='ltr'><strong>deorum,</strong></span> <span class='ocrx_word' id='word_1_591' title='bbox 3226 4052 3417 4094; x_wconf 88' lang='lat' dir='ltr'><strong>revera</strong></span> <span class='ocrx_word' id='word_1_592' title='bbox 3446 4045 3632 4090; x_wconf 86' lang='lat' dir='ltr'><strong>autem</strong></span> <span class='ocrx_word' id='word_1_593' title='bbox 3660 4036 3762 4090; x_wconf 56' lang='lat' dir='ltr'><strong>dare</strong></span> 
     </span>
    </p>
   </div>
   <div class='ocr_carea' id='block_1_86' title="bbox 2187 4130 3756 4204">
    <p class='ocr_par' dir='ltr' id='par_1_86' title="bbox 2187 4130 3756 4204">
     <span class='ocr_line' id='line_1_86' title="bbox 2187 4130 3756 4204; baseline -0.007 -14"><span class='ocrx_word' id='word_1_594' title='bbox 2187 4150 2437 4190; x_wconf 86' lang='lat' dir='ltr'><strong>monum.</strong></span> <span class='ocrx_word' id='word_1_595' title='bbox 2500 4133 2604 4204; x_wconf 86' lang='lat' dir='ltr'><strong>Ipsi</strong></span> <span class='ocrx_word' id='word_1_596' title='bbox 2660 4133 2810 4188; x_wconf 91' lang='lat' dir='ltr'><strong>enim</strong></span> <span class='ocrx_word' id='word_1_597' title='bbox 2862 4145 2958 4201; x_wconf 88' lang='lat' dir='ltr'><strong>per</strong></span> <span class='ocrx_word' id='word_1_598' title='bbox 3010 4130 3292 4185; x_wconf 82' lang='lat' dir='ltr'><strong>fabulosus</strong></span> <span class='ocrx_word' id='word_1_599' title='bbox 3343 4143 3626 4183; x_wconf 88' lang='lat' dir='ltr'><strong>sermones</strong></span> <span class='ocrx_word' id='word_1_600' title='bbox 3669 4140 3756 4181; x_wconf 91' lang='lat' dir='ltr'><strong>eos</strong></span> 
     </span>
    </p>
   </div>
   <div class='ocr_carea' id='block_1_87' title="bbox 2186 4217 3755 4296">
    <p class='ocr_par' dir='ltr' id='par_1_87' title="bbox 2186 4217 3755 4296">
     <span class='ocr_line' id='line_1_87' title="bbox 2186 4217 3755 4296; baseline -0.007 -16"><span class='ocrx_word' id='word_1_601' title='bbox 2186 4232 2535 4287; x_wconf 88' lang='lat' dir='ltr'><strong>creaverunt,</strong></span> <span class='ocrx_word' id='word_1_602' title='bbox 2582 4233 2772 4292; x_wconf 90' lang='lat' dir='ltr'><strong>atque,</strong></span> <span class='ocrx_word' id='word_1_603' title='bbox 2808 4231 2868 4276; x_wconf 91' lang='lat' dir='ltr'><strong>ut</strong></span> <span class='ocrx_word' id='word_1_604' title='bbox 2894 4219 3239 4275; x_wconf 68' lang='lat' dir='ltr'><strong>daemonibus</strong></span> <span class='ocrx_word' id='word_1_605' title='bbox 3283 4218 3514 4272; x_wconf 87' lang='lat' dir='ltr'><strong>deorum</strong></span> <span class='ocrx_word' id='word_1_606' title='bbox 3565 4217 3755 4296; x_wconf 73' lang='lat' dir='ltr'><strong>numen</strong></span> 
     </span>
    </p>
   </div>
   <div class='ocr_carea' id='block_1_88' title="bbox 497 4308 3758 4380">
    <p class='ocr_par' dir='ltr' id='par_1_88' title="bbox 497 4308 3758 4380">
     <span class='ocr_line' id='line_1_88' title="bbox 497 4308 3758 4380; baseline -0 -18"><span class='ocrx_word' id='word_1_607' title='bbox 497 4317 662 4378; x_wconf 88' lang='lat' dir='ltr'><strong>atque</strong></span> <span class='ocrx_word' id='word_1_608' title='bbox 688 4312 902 4369; x_wconf 90' lang='lat' dir='ltr'><strong>abditas</strong></span> <span class='ocrx_word' id='word_1_609' title='bbox 940 4313 1162 4372; x_wconf 89' lang='lat' dir='ltr'><strong>inutiles</strong></span> <span class='ocrx_word' id='word_1_610' title='bbox 1207 4319 1492 4375; x_wconf 84' lang='lat' dir='ltr'><strong>habemus.</strong></span> <span class='ocrx_word' id='word_1_611' title='bbox 1531 4318 1612 4376; x_wconf 85' lang='lat' dir='ltr'><strong>Ne</strong></span> <span class='ocrx_word' id='word_1_612' title='bbox 1650 4322 1897 4376; x_wconf 92' lang='lat' dir='ltr'><strong>colorum</strong></span> <span class='ocrx_word' id='word_1_613' title='bbox 1939 4323 2078 4376; x_wconf 88' lang='lat' dir='ltr'><strong>arti-</strong></span> <span class='ocrx_word' id='word_1_614' title='bbox 2111 4309 2156 4365; x_wconf 78' lang='grc' dir='ltr'><strong>ἰ)</strong></span> <span class='ocrx_word' id='word_1_615' title='bbox 2187 4317 2539 4380; x_wconf 88' lang='lat' dir='ltr'><strong>tribueretur,</strong></span> <span class='ocrx_word' id='word_1_616' title='bbox 2573 4325 2822 4370; x_wconf 91' lang='lat' dir='ltr'><strong>auctores</strong></span> <span class='ocrx_word' id='word_1_617' title='bbox 2854 4313 3206 4369; x_wconf 72' lang='lat' dir='ltr'><strong>exsﬁterunt.</strong></span> <span class='ocrx_word' id='word_1_618' title='bbox 3237 4309 3302 4364; x_wconf 88' lang='lat' dir='ltr'><strong>Et</strong></span> <span class='ocrx_word' id='word_1_619' title='bbox 3335 4308 3651 4364; x_wconf 84' lang='lat' dir='ltr'><strong>sacerdotes</strong></span> <span class='ocrx_word' id='word_1_620' title='bbox 3682 4315 3758 4360; x_wconf 87' lang='lat' dir='ltr'><strong>at-</strong></span> 
     </span>
    </p>
   </div>
   <div class='ocr_carea' id='block_1_89' title="bbox 498 4401 2079 4468">
    <p class='ocr_par' dir='ltr' id='par_1_89' title="bbox 498 4401 2079 4468">
     <span class='ocr_line' id='line_1_89' title="bbox 498 4401 2079 4468; baseline 0.009 -15"><span class='ocrx_word' id='word_1_621' title='bbox 498 4401 639 4458; x_wconf 85' lang='lat' dir='ltr'><strong>ﬂciis</strong></span> <span class='ocrx_word' id='word_1_622' title='bbox 668 4413 910 4467; x_wconf 88' lang='lat' dir='ltr'><strong>utamur.</strong></span> <span class='ocrx_word' id='word_1_623' title='bbox 972 4408 1143 4463; x_wconf 88' lang='lat' dir='ltr'><strong>facies</strong></span> <span class='ocrx_word' id='word_1_624' title='bbox 1192 4421 1380 4464; x_wconf 89' lang='lat' dir='ltr'><strong>nostra</strong></span> <span class='ocrx_word' id='word_1_625' title='bbox 1426 4426 1649 4468; x_wconf 89' lang='lat' dir='ltr'><strong>cerussa</strong></span> <span class='ocrx_word' id='word_1_626' title='bbox 1695 4424 1749 4467; x_wconf 89' lang='lat' dir='ltr'><strong>et</strong></span> <span class='ocrx_word' id='word_1_627' title='bbox 1773 4413 1898 4468; x_wconf 92' lang='lat' dir='ltr'><strong>fuco</strong></span> <span class='ocrx_word' id='word_1_628' title='bbox 1926 4413 2079 4468; x_wconf 90' lang='lat' dir='ltr'><strong>aliis-</strong></span> 
     </span>
    </p>
   </div>
   <div class='ocr_carea' id='block_1_90' title="bbox 497 4498 2080 4572">
    <p class='ocr_par' dir='ltr' id='par_1_90' title="bbox 497 4498 2080 4572">
     <span class='ocr_line' id='line_1_90' title="bbox 497 4498 2080 4572; baseline 0.008 -28"><span class='ocrx_word' id='word_1_629' title='bbox 497 4507 604 4560; x_wconf 90' lang='lat' dir='ltr'><strong>que</strong></span> <span class='ocrx_word' id='word_1_630' title='bbox 633 4498 958 4552; x_wconf 90' lang='lat' dir='ltr'><strong>meretriciis</strong></span> <span class='ocrx_word' id='word_1_631' title='bbox 991 4514 1056 4552; x_wconf 90' lang='lat' dir='ltr'><strong>ac</strong></span> <span class='ocrx_word' id='word_1_632' title='bbox 1100 4498 1405 4555; x_wconf 89' lang='lat' dir='ltr'><strong>libidinosis</strong></span> <span class='ocrx_word' id='word_1_633' title='bbox 1459 4503 1752 4572; x_wconf 90' lang='lat' dir='ltr'><strong>unguentis</strong></span> <span class='ocrx_word' id='word_1_634' title='bbox 1807 4501 2080 4557; x_wconf 89' lang='lat' dir='ltr'><strong>frictioni-</strong></span> 
     </span>
    </p>
   </div>
   <div class='ocr_carea' id='block_1_91' title="bbox 495 4583 2080 4662">
    <p class='ocr_par' dir='ltr' id='par_1_91' title="bbox 495 4583 2080 4662">
     <span class='ocr_line' id='line_1_91' title="bbox 495 4583 2080 4662; baseline 0.008 -26"><span class='ocrx_word' id='word_1_635' title='bbox 495 4583 710 4652; x_wconf 89' lang='lat' dir='ltr'><strong>busque</strong></span> <span class='ocrx_word' id='word_1_636' title='bbox 739 4587 1121 4657; x_wconf 80' lang='lat' dir='ltr'><strong>depingentes,</strong></span> <span class='ocrx_word' id='word_1_637' title='bbox 1171 4607 1294 4659; x_wconf 69' lang='lat' dir='ltr'><strong>quae</strong></span> <span class='ocrx_word' id='word_1_638' title='bbox 1338 4592 1581 4647; x_wconf 86' lang='lat' dir='ltr'><strong>nativam</strong></span> <span class='ocrx_word' id='word_1_639' title='bbox 1616 4594 2080 4662; x_wconf 80' lang='lat' dir='ltr'><strong>pulchritudinem</strong></span> 
     </span>
    </p>
   </div>
   <div class='ocr_carea' id='block_1_92' title="bbox 495 4675 2077 4752">
    <p class='ocr_par' dir='ltr' id='par_1_92' title="bbox 495 4675 2077 4752">
     <span class='ocr_line' id='line_1_92' title="bbox 495 4675 2077 4752; baseline 0.009 -28"><span class='ocrx_word' id='word_1_640' title='bbox 495 4675 889 4740; x_wconf 90' lang='lat' dir='ltr'><strong>ementiuntur,</strong></span> <span class='ocrx_word' id='word_1_641' title='bbox 939 4677 1243 4734; x_wconf 87' lang='lat' dir='ltr'><strong>imitatione</strong></span> <span class='ocrx_word' id='word_1_642' title='bbox 1276 4683 1511 4750; x_wconf 87' lang='lat' dir='ltr'><strong>quadam</strong></span> <span class='ocrx_word' id='word_1_643' title='bbox 1550 4684 1724 4752; x_wconf 88' lang='lat' dir='ltr'><strong>ipsam</strong></span> <span class='ocrx_word' id='word_1_644' title='bbox 1763 4683 2077 4751; x_wconf 89' lang='lat' dir='ltr'><strong>referentia,</strong></span> 
     </span>
    </p>
   </div>
   <div class='ocr_carea' id='block_1_93' title="bbox 496 4769 2083 4839">
    <p class='ocr_par' dir='ltr' id='par_1_93' title="bbox 496 4769 2083 4839">
     <span class='ocr_line' id='line_1_93' title="bbox 496 4769 2083 4839; baseline 0.01 -23"><span class='ocrx_word' id='word_1_645' title='bbox 496 4775 661 4834; x_wconf 89' lang='lat' dir='ltr'><strong>atque</strong></span> <span class='ocrx_word' id='word_1_646' title='bbox 693 4769 957 4823; x_wconf 84' lang='lat' dir='ltr'><strong>adversus</strong></span> <span class='ocrx_word' id='word_1_647' title='bbox 987 4773 1280 4839; x_wconf 87' lang='lat' dir='ltr'><strong>imaginem</strong></span> <span class='ocrx_word' id='word_1_648' title='bbox 1306 4773 1548 4828; x_wconf 87' lang='lat' dir='ltr'><strong>divinam</strong></span> <span class='ocrx_word' id='word_1_649' title='bbox 1577 4777 1873 4830; x_wconf 89' lang='lat' dir='ltr'><strong>adinventa</strong></span> <span class='ocrx_word' id='word_1_650' title='bbox 1899 4786 1952 4831; x_wconf 92' lang='lat' dir='ltr'><strong>et</strong></span> <span class='ocrx_word' id='word_1_651' title='bbox 1981 4793 2083 4832; x_wconf 81' lang='lat' dir='ltr'><strong>ex-</strong></span> 
     </span>
    </p>
   </div>
   <div class='ocr_carea' id='block_1_94' title="bbox 495 4855 2074 4934">
    <p class='ocr_par' dir='ltr' id='par_1_94' title="bbox 495 4855 2074 4934">
     <span class='ocr_line' id='line_1_94' title="bbox 495 4855 2074 4934; baseline 0.01 -27"><span class='ocrx_word' id='word_1_652' title='bbox 495 4855 733 4922; x_wconf 83' lang='lat' dir='ltr'><strong>cogitata</strong></span> <span class='ocrx_word' id='word_1_653' title='bbox 765 4867 912 4910; x_wconf 86' lang='lat' dir='ltr'><strong>sunt.</strong></span> <span class='ocrx_word' id='word_1_654' title='bbox 951 4856 1170 4912; x_wconf 82' lang='lat' dir='ltr'><strong>Vultum</strong></span> <span class='ocrx_word' id='word_1_655' title='bbox 1199 4862 1343 4914; x_wconf 91' lang='lat' dir='ltr'><strong>enim</strong></span> <span class='ocrx_word' id='word_1_656' title='bbox 1371 4863 1707 4930; x_wconf 90' lang='lat' dir='ltr'><strong>oblitterant,</strong></span> <span class='ocrx_word' id='word_1_657' title='bbox 1730 4881 1796 4920; x_wconf 91' lang='lat' dir='ltr'><strong>ac</strong></span> <span class='ocrx_word' id='word_1_658' title='bbox 1822 4865 2074 4934; x_wconf 89' lang='lat' dir='ltr'><strong>formam,</strong></span> 
     </span>
    </p>
   </div>
   <div class='ocr_carea' id='block_1_95' title="bbox 497 4945 2075 5029">
    <p class='ocr_par' dir='ltr' id='par_1_95' title="bbox 497 4945 2075 5029">
     <span class='ocr_line' id='line_1_95' title="bbox 497 4945 2075 5029; baseline 0.011 -31"><span class='ocrx_word' id='word_1_659' title='bbox 497 4961 663 5014; x_wconf 91' lang='lat' dir='ltr'><strong>quam</strong></span> <span class='ocrx_word' id='word_1_660' title='bbox 698 4945 1099 5013; x_wconf 67' lang='lat' dir='ltr'><strong>Deus,‘naturaa</strong></span> <span class='ocrx_word' id='word_1_661' title='bbox 1114 4951 1314 5020; x_wconf 88' lang='lat' dir='ltr'><strong>pictor,</strong></span> <span class='ocrx_word' id='word_1_662' title='bbox 1351 4953 1509 5008; x_wconf 89' lang='lat' dir='ltr'><strong>nobis</strong></span> <span class='ocrx_word' id='word_1_663' title='bbox 1541 4954 1770 5022; x_wconf 72' lang='lat' dir='ltr'><strong>affinxit,</strong></span> <span class='ocrx_word' id='word_1_664' title='bbox 1795 4957 2075 5029; x_wconf 87' lang='lat' dir='ltr'><strong>obtegunt.</strong></span> 
     </span>
    </p>
   </div>
   <div class='ocr_carea' id='block_1_96' title="bbox 496 5037 2080 5118">
    <p class='ocr_par' dir='ltr' id='par_1_96' title="bbox 496 5037 2080 5118">
     <span class='ocr_line' id='line_1_96' title="bbox 496 5037 2080 5118; baseline 0.011 -29"><span class='ocrx_word' id='word_1_665' title='bbox 496 5037 578 5089; x_wconf 84' lang='lat' dir='ltr'><strong>Ac</strong></span> <span class='ocrx_word' id='word_1_666' title='bbox 611 5047 876 5106; x_wconf 64' lang='lat' dir='ltr'><strong>praeterea</strong></span> <span class='ocrx_word' id='word_1_667' title='bbox 907 5038 1133 5095; x_wconf 84' lang='lat' dir='ltr'><strong>honeste</strong></span> <span class='ocrx_word' id='word_1_668' title='bbox 1173 5042 1540 5109; x_wconf 89' lang='lat' dir='ltr'><strong>ambulemus,</strong></span> <span class='ocrx_word' id='word_1_669' title='bbox 1591 5045 1736 5101; x_wconf 90' lang='lat' dir='ltr'><strong>sicut</strong></span> <span class='ocrx_word' id='word_1_670' title='bbox 1783 5048 2080 5118; x_wconf 84' lang='lat' dir='ltr'><strong>Apostolus</strong></span> 
     </span>
    </p>
   </div>
   <div class='ocr_carea' id='block_1_97' title="bbox 496 5130 2073 5208">
    <p class='ocr_par' dir='ltr' id='par_1_97' title="bbox 496 5130 2073 5208">
     <span class='ocr_line' id='line_1_97' title="bbox 496 5130 2073 5208; baseline 0.011 -28"><span class='ocrx_word' id='word_1_671' title='bbox 496 5130 744 5199; x_wconf 81' lang='lat' dir='ltr'><strong>praecipit</strong></span> <span class='ocrx_word' id='word_1_672' title='bbox 767 5131 834 5197; x_wconf 80' lang='grc'><strong>³⁸,</strong></span> <span class='ocrx_word' id='word_1_673' title='bbox 868 5147 977 5186; x_wconf 91' lang='lat' dir='ltr'><strong>non</strong></span> <span class='ocrx_word' id='word_1_674' title='bbox 1002 5135 1053 5186; x_wconf 92' lang='lat' dir='ltr'><strong>in</strong></span> <span class='ocrx_word' id='word_1_675' title='bbox 1082 5136 1582 5194; x_wconf 89' lang='lat' dir='ltr'><strong>comessationibus</strong></span> <span class='ocrx_word' id='word_1_676' title='bbox 1609 5148 1664 5194; x_wconf 90' lang='lat' dir='ltr'><strong>et</strong></span> <span class='ocrx_word' id='word_1_677' title='bbox 1688 5143 2073 5208; x_wconf 87' lang='lat' dir='ltr'><strong>ebrietatibus,</strong></span> 
     </span>
    </p>
   </div>
   <div class='ocr_carea' id='block_1_98' title="bbox 497 5222 2070 5303">
    <p class='ocr_par' dir='ltr' id='par_1_98' title="bbox 497 5222 2070 5303">
     <span class='ocr_line' id='line_1_98' title="bbox 497 5222 2070 5303; baseline 0.009 -29"><span class='ocrx_word' id='word_1_678' title='bbox 497 5236 606 5275; x_wconf 90' lang='lat' dir='ltr'><strong>non</strong></span> <span class='ocrx_word' id='word_1_679' title='bbox 639 5222 693 5276; x_wconf 91' lang='lat' dir='ltr'><strong>in</strong></span> <span class='ocrx_word' id='word_1_680' title='bbox 726 5222 997 5280; x_wconf 89' lang='lat' dir='ltr'><strong>cubilibus</strong></span> <span class='ocrx_word' id='word_1_681' title='bbox 1029 5234 1083 5280; x_wconf 86' lang='lat' dir='ltr'><strong>et</strong></span> <span class='ocrx_word' id='word_1_682' title='bbox 1117 5227 1504 5286; x_wconf 90' lang='lat' dir='ltr'><strong>immunditiis.</strong></span> <span class='ocrx_word' id='word_1_683' title='bbox 1561 5231 1848 5303; x_wconf 86' lang='lat' dir='ltr'><strong>Eleganter</strong></span> <span class='ocrx_word' id='word_1_684' title='bbox 1891 5245 2070 5290; x_wconf 84' lang='lat' dir='ltr'><strong>autem</strong></span> 
     </span>
    </p>
   </div>
   <div class='ocr_carea' id='block_1_99' title="bbox 497 5316 2074 5380">
    <p class='ocr_par' dir='ltr' id='par_1_99' title="bbox 497 5316 2074 5380">
     <span class='ocr_line' id='line_1_99' title="bbox 497 5316 2074 5380; baseline 0.009 -14"><span class='ocrx_word' id='word_1_685' title='bbox 497 5327 620 5366; x_wconf 88' lang='lat' dir='ltr'><strong>cum</strong></span> <span class='ocrx_word' id='word_1_686' title='bbox 682 5316 1180 5374; x_wconf 87' lang='lat' dir='ltr'><strong>comessationibus</strong></span> <span class='ocrx_word' id='word_1_687' title='bbox 1233 5330 1288 5374; x_wconf 91' lang='lat' dir='ltr'><strong>et</strong></span> <span class='ocrx_word' id='word_1_688' title='bbox 1343 5322 1702 5380; x_wconf 88' lang='lat' dir='ltr'><strong>ebrietatibus</strong></span> <span class='ocrx_word' id='word_1_689' title='bbox 1762 5327 1964 5380; x_wconf 88' lang='lat' dir='ltr'><strong>cubilia</strong></span> <span class='ocrx_word' id='word_1_690' title='bbox 2019 5337 2074 5380; x_wconf 92' lang='lat' dir='ltr'><strong>et</strong></span> 
     </span>
    </p>
   </div>
   <div class='ocr_carea' id='block_1_100' title="bbox 496 5402 2075 5479">
    <p class='ocr_par' dir='ltr' id='par_1_100' title="bbox 496 5402 2075 5479">
     <span class='ocr_line' id='line_1_100' title="bbox 496 5402 2075 5479; baseline 0.009 -23"><span class='ocrx_word' id='word_1_691' title='bbox 496 5402 877 5462; x_wconf 86' lang='lat' dir='ltr'><strong>immunditias</strong></span> <span class='ocrx_word' id='word_1_692' title='bbox 932 5409 1263 5479; x_wconf 79' lang='lat' dir='ltr'><strong>conjunxit:</strong></span> <span class='ocrx_word' id='word_1_693' title='bbox 1324 5429 1390 5468; x_wconf 80' lang='lat' dir='ltr'><strong>ex</strong></span> <span class='ocrx_word' id='word_1_694' title='bbox 1448 5415 1556 5470; x_wconf 90' lang='lat' dir='ltr'><strong>illis</strong></span> <span class='ocrx_word' id='word_1_695' title='bbox 1605 5417 1750 5472; x_wconf 90' lang='lat' dir='ltr'><strong>enim</strong></span> <span class='ocrx_word' id='word_1_696' title='bbox 1803 5419 1920 5473; x_wconf 64' lang='lat' dir='ltr'><strong>haec</strong></span> <span class='ocrx_word' id='word_1_697' title='bbox 1975 5434 2075 5472; x_wconf 83' lang='lat' dir='ltr'><strong>na-</strong></span> 
     </span>
    </p>
   </div>
   <div class='ocr_carea' id='block_1_101' title="bbox 494 5496 2074 5567">
    <p class='ocr_par' dir='ltr' id='par_1_101' title="bbox 494 5496 2074 5567">
     <span class='ocr_line' id='line_1_101' title="bbox 494 5496 2074 5567; baseline 0.011 -18"><span class='ocrx_word' id='word_1_698' title='bbox 494 5504 755 5551; x_wconf 83' lang='lat' dir='ltr'><strong>scuntur.</strong></span> <span class='ocrx_word' id='word_1_699' title='bbox 815 5496 1169 5558; x_wconf 88' lang='lat' dir='ltr'><strong>Comessator</strong></span> <span class='ocrx_word' id='word_1_700' title='bbox 1221 5505 1368 5559; x_wconf 91' lang='lat' dir='ltr'><strong>enim</strong></span> <span class='ocrx_word' id='word_1_701' title='bbox 1420 5520 1486 5561; x_wconf 85' lang='lat' dir='ltr'><strong>ac</strong></span> <span class='ocrx_word' id='word_1_702' title='bbox 1536 5509 1863 5565; x_wconf 85' lang='lat' dir='ltr'><strong>temulentus</strong></span> <span class='ocrx_word' id='word_1_703' title='bbox 1893 5509 2074 5567; x_wconf 87' lang='lat' dir='ltr'><strong>cubile</strong></span> 
     </span>
    </p>
   </div>
   <div class='ocr_carea' id='block_1_102' title="bbox 496 5649 994 5720">
    <p class='ocr_par' dir='ltr' id='par_1_102' title="bbox 496 5649 994 5720">
     <span class='ocr_line' id='line_1_102' title="bbox 496 5649 994 5720; baseline 0.006 -14"><span class='ocrx_word' id='word_1_704' title='bbox 496 5649 543 5683; x_wconf 85' lang='grc'><strong><em>³⁸</em></strong></span> <span class='ocrx_word' id='word_1_705' title='bbox 564 5649 726 5706; x_wconf 80' lang='lat' dir='ltr'><strong>Rom.</strong></span> <span class='ocrx_word' id='word_1_706' title='bbox 762 5667 879 5720; x_wconf 84' lang='lat' dir='ltr'><strong>xm,</strong></span> <span class='ocrx_word' id='word_1_707' title='bbox 908 5654 994 5709; x_wconf 81' lang='lat' dir='ltr'><strong>l3.</strong></span> 
     </span>
    </p>
   </div>
   <div class='ocr_carea' id='block_1_103' title="bbox 2181 4401 3756 4478">
    <p class='ocr_par' dir='ltr' id='par_1_103' title="bbox 2181 4401 3756 4478">
     <span class='ocr_line' id='line_1_103' title="bbox 2181 4401 3756 4478; baseline -0.006 -15"><span class='ocrx_word' id='word_1_708' title='bbox 2181 4423 2289 4478; x_wconf 92' lang='lat' dir='ltr'><strong>que</strong></span> <span class='ocrx_word' id='word_1_709' title='bbox 2315 4409 2610 4470; x_wconf 83' lang='lat' dir='ltr'><strong>antistites,</strong></span> <span class='ocrx_word' id='word_1_710' title='bbox 2660 4416 2842 4476; x_wconf 90' lang='lat' dir='ltr'><strong>utpote</strong></span> <span class='ocrx_word' id='word_1_711' title='bbox 2871 4407 2966 4475; x_wconf 92' lang='lat' dir='ltr'><strong>qui</strong></span> <span class='ocrx_word' id='word_1_712' title='bbox 3011 4403 3326 4474; x_wconf 89' lang='lat' dir='ltr'><strong>bujusmodi</strong></span> <span class='ocrx_word' id='word_1_713' title='bbox 3377 4401 3756 4472; x_wconf 80' lang='lat' dir='ltr'><strong>mysteriorum</strong></span> 
     </span>
    </p>
   </div>
   <div class='ocr_carea' id='block_1_104' title="bbox 2182 4492 3754 4566">
    <p class='ocr_par' dir='ltr' id='par_1_104' title="bbox 2182 4492 3754 4566">
     <span class='ocr_line' id='line_1_104' title="bbox 2182 4492 3754 4566; baseline -0.004 -16"><span class='ocrx_word' id='word_1_714' title='bbox 2182 4498 2327 4566; x_wconf 88' lang='lat' dir='ltr'><strong>apud</strong></span> <span class='ocrx_word' id='word_1_715' title='bbox 2381 4496 2784 4550; x_wconf 90' lang='lat' dir='ltr'><strong>multitudinem</strong></span> <span class='ocrx_word' id='word_1_716' title='bbox 2814 4495 3061 4565; x_wconf 87' lang='lat' dir='ltr'><strong>magistri</strong></span> <span class='ocrx_word' id='word_1_717' title='bbox 3093 4492 3225 4548; x_wconf 83' lang='lat' dir='ltr'><strong>facti</strong></span> <span class='ocrx_word' id='word_1_718' title='bbox 3249 4494 3360 4547; x_wconf 90' lang='lat' dir='ltr'><strong>sint</strong></span> <span class='ocrx_word' id='word_1_719' title='bbox 3389 4510 3404 4546; x_wconf 91' lang='lat'><strong>:</strong></span> <span class='ocrx_word' id='word_1_720' title='bbox 3429 4503 3484 4546; x_wconf 90' lang='lat' dir='ltr'><strong>et</strong></span> <span class='ocrx_word' id='word_1_721' title='bbox 3505 4493 3754 4553; x_wconf 88' lang='lat' dir='ltr'><strong>cultores,</strong></span> 
     </span>
    </p>
   </div>
   <div class='ocr_carea' id='block_1_105' title="bbox 2183 4584 3760 4660">
    <p class='ocr_par' dir='ltr' id='par_1_105' title="bbox 2183 4584 3760 4660">
     <span class='ocr_line' id='line_1_105' title="bbox 2183 4584 3760 4660; baseline -0.008 -15"><span class='ocrx_word' id='word_1_722' title='bbox 2183 4591 2370 4646; x_wconf 69' lang='lat' dir='ltr'><strong>Graece</strong></span> <span class='ocrx_word' id='word_1_723' title='bbox 2396 4590 2620 4660; x_wconf 82' lang='grc' dir='ltr'><strong>μύσται,</strong></span> <span class='ocrx_word' id='word_1_724' title='bbox 2647 4601 2709 4643; x_wconf 87' lang='grc' dir='ltr'><strong>ιιι</strong></span> <span class='ocrx_word' id='word_1_725' title='bbox 2733 4598 2788 4642; x_wconf 88' lang='lat' dir='ltr'><strong>at</strong></span> <span class='ocrx_word' id='word_1_726' title='bbox 2816 4589 2950 4657; x_wconf 87' lang='lat' dir='ltr'><strong>ipsis</strong></span> <span class='ocrx_word' id='word_1_727' title='bbox 2976 4586 3322 4642; x_wconf 63' lang='lat' dir='ltr'><strong>daemonibus</strong></span> <span class='ocrx_word' id='word_1_728' title='bbox 3353 4584 3578 4649; x_wconf 88' lang='lat' dir='ltr'><strong>initiati,</strong></span> <span class='ocrx_word' id='word_1_729' title='bbox 3607 4592 3760 4650; x_wconf 80' lang='lat' dir='ltr'><strong>atque</strong></span> 
     </span>
    </p>
   </div>
   <div class='ocr_carea' id='block_1_106' title="bbox 2189 4674 3758 4750">
    <p class='ocr_par' dir='ltr' id='par_1_106' title="bbox 2189 4674 3758 4750">
     <span class='ocr_line' id='line_1_106' title="bbox 2189 4674 3758 4750; baseline -0.008 -11"><span class='ocrx_word' id='word_1_730' title='bbox 2189 4700 2377 4740; x_wconf 90' lang='lat' dir='ltr'><strong>errore</strong></span> <span class='ocrx_word' id='word_1_731' title='bbox 2426 4684 2644 4738; x_wconf 90' lang='lat' dir='ltr'><strong>imbuti.</strong></span> <span class='ocrx_word' id='word_1_732' title='bbox 2687 4683 2756 4736; x_wconf 82' lang='lat' dir='ltr'><strong>At</strong></span> <span class='ocrx_word' id='word_1_733' title='bbox 2795 4697 2918 4748; x_wconf 93' lang='lat' dir='ltr'><strong>nos,</strong></span> <span class='ocrx_word' id='word_1_734' title='bbox 2969 4681 3066 4750; x_wconf 92' lang='lat' dir='ltr'><strong>qui</strong></span> <span class='ocrx_word' id='word_1_735' title='bbox 3102 4677 3362 4742; x_wconf 79' lang='lat' dir='ltr'><strong>Verbum,</strong></span> <span class='ocrx_word' id='word_1_736' title='bbox 3419 4676 3475 4731; x_wconf 89' lang='lat' dir='ltr'><strong>id</strong></span> <span class='ocrx_word' id='word_1_737' title='bbox 3521 4686 3626 4740; x_wconf 90' lang='lat' dir='ltr'><strong>est,</strong></span> <span class='ocrx_word' id='word_1_738' title='bbox 3676 4674 3758 4728; x_wconf 83' lang='lat' dir='ltr'><strong>Dei</strong></span> 
     </span>
    </p>
   </div>
   <div class='ocr_carea' id='block_1_107' title="bbox 2185 4771 3755 4837">
    <p class='ocr_par' dir='ltr' id='par_1_107' title="bbox 2185 4771 3755 4837">
     <span class='ocr_line' id='line_1_107' title="bbox 2185 4771 3755 4837; baseline -0.006 -7"><span class='ocrx_word' id='word_1_739' title='bbox 2185 4777 2385 4831; x_wconf 89' lang='lat' dir='ltr'><strong>Filium</strong></span> <span class='ocrx_word' id='word_1_740' title='bbox 2417 4777 2650 4832; x_wconf 84' lang='lat' dir='ltr'><strong>colimus</strong></span> <span class='ocrx_word' id='word_1_741' title='bbox 2679 4784 2735 4830; x_wconf 90' lang='lat' dir='ltr'><strong>et</strong></span> <span class='ocrx_word' id='word_1_742' title='bbox 2763 4775 3079 4837; x_wconf 87' lang='lat' dir='ltr'><strong>adoramus,</strong></span> <span class='ocrx_word' id='word_1_743' title='bbox 3111 4773 3166 4827; x_wconf 94' lang='lat' dir='ltr'><strong>in</strong></span> <span class='ocrx_word' id='word_1_744' title='bbox 3198 4771 3383 4827; x_wconf 88' lang='lat' dir='ltr'><strong>verbis</strong></span> <span class='ocrx_word' id='word_1_745' title='bbox 3419 4771 3755 4830; x_wconf 88' lang='lat' dir='ltr'><strong>deliciemur,</strong></span> 
     </span>
    </p>
   </div>
   <div class='ocr_carea' id='block_1_108' title="bbox 2186 4863 3757 4936">
    <p class='ocr_par' dir='ltr' id='par_1_108' title="bbox 2186 4863 3757 4936">
     <span class='ocr_line' id='line_1_108' title="bbox 2186 4863 3757 4936; baseline -0.007 -13"><span class='ocrx_word' id='word_1_746' title='bbox 2186 4870 2232 4923; x_wconf 89' lang='lat' dir='ltr'><strong>si</strong></span> <span class='ocrx_word' id='word_1_747' title='bbox 2260 4868 2426 4923; x_wconf 89' lang='lat' dir='ltr'><strong>modo</strong></span> <span class='ocrx_word' id='word_1_748' title='bbox 2455 4864 2753 4936; x_wconf 81' lang='lat' dir='ltr'><strong>quidquam</strong></span> <span class='ocrx_word' id='word_1_749' title='bbox 2783 4865 2997 4920; x_wconf 91' lang='lat' dir='ltr'><strong>deliciis</strong></span> <span class='ocrx_word' id='word_1_750' title='bbox 3026 4863 3377 4920; x_wconf 90' lang='lat' dir='ltr'><strong>tribuendum</strong></span> <span class='ocrx_word' id='word_1_751' title='bbox 3406 4870 3510 4928; x_wconf 89' lang='lat' dir='ltr'><strong>est,</strong></span> <span class='ocrx_word' id='word_1_752' title='bbox 3538 4863 3640 4917; x_wconf 85' lang='lat' dir='ltr'><strong>hoc</strong></span> <span class='ocrx_word' id='word_1_753' title='bbox 3662 4867 3757 4922; x_wconf 91' lang='lat' dir='ltr'><strong>est,</strong></span> 
     </span>
    </p>
   </div>
   <div class='ocr_carea' id='block_1_109' title="bbox 2185 4956 3757 5027">
    <p class='ocr_par' dir='ltr' id='par_1_109' title="bbox 2185 4956 3757 5027">
     <span class='ocr_line' id='line_1_109' title="bbox 2185 4956 3757 5027; baseline -0.005 -13"><span class='ocrx_word' id='word_1_754' title='bbox 2185 4961 2240 5014; x_wconf 89' lang='lat' dir='ltr'><strong>in</strong></span> <span class='ocrx_word' id='word_1_755' title='bbox 2269 4974 2525 5015; x_wconf 90' lang='lat' dir='ltr'><strong>sermone</strong></span> <span class='ocrx_word' id='word_1_756' title='bbox 2581 4959 2649 5012; x_wconf 90' lang='lat' dir='ltr'><strong>de</strong></span> <span class='ocrx_word' id='word_1_757' title='bbox 2680 4956 2792 5012; x_wconf 90' lang='lat' dir='ltr'><strong>Deo</strong></span> <span class='ocrx_word' id='word_1_758' title='bbox 2815 4966 2870 5012; x_wconf 93' lang='lat' dir='ltr'><strong>et</strong></span> <span class='ocrx_word' id='word_1_759' title='bbox 2900 4956 3108 5014; x_wconf 87' lang='lat' dir='ltr'><strong>sanctis</strong></span> <span class='ocrx_word' id='word_1_760' title='bbox 3162 4956 3533 5027; x_wconf 79' lang='lat' dir='ltr'><strong>gravibusque</strong></span> <span class='ocrx_word' id='word_1_761' title='bbox 3574 4969 3757 5008; x_wconf 85' lang='lat' dir='ltr'><strong>narra-</strong></span> 
     </span>
    </p>
   </div>
   <div class='ocr_carea' id='block_1_110' title="bbox 2184 5043 3755 5120">
    <p class='ocr_par' dir='ltr' id='par_1_110' title="bbox 2184 5043 3755 5120">
     <span class='ocr_line' id='line_1_110' title="bbox 2184 5043 3755 5120; baseline -0.006 -15"><span class='ocrx_word' id='word_1_762' title='bbox 2184 5050 2446 5116; x_wconf 89' lang='lat' dir='ltr'><strong>tionibus,</strong></span> <span class='ocrx_word' id='word_1_763' title='bbox 2497 5064 2728 5120; x_wconf 91' lang='lat' dir='ltr'><strong>quarum</strong></span> <span class='ocrx_word' id='word_1_764' title='bbox 2772 5049 2828 5102; x_wconf 91' lang='lat' dir='ltr'><strong>in</strong></span> <span class='ocrx_word' id='word_1_765' title='bbox 2874 5061 3103 5102; x_wconf 91' lang='lat' dir='ltr'><strong>numero</strong></span> <span class='ocrx_word' id='word_1_766' title='bbox 3155 5046 3323 5116; x_wconf 84' lang='lat' dir='ltr'><strong>hujus</strong></span> <span class='ocrx_word' id='word_1_767' title='bbox 3368 5060 3589 5116; x_wconf 86' lang='lat' dir='ltr'><strong>quoque</strong></span> <span class='ocrx_word' id='word_1_768' title='bbox 3638 5043 3755 5099; x_wconf 87' lang='lat' dir='ltr'><strong>festi</strong></span> 
     </span>
    </p>
   </div>
   <div class='ocr_carea' id='block_1_111' title="bbox 2180 5138 3755 5214">
    <p class='ocr_par' dir='ltr' id='par_1_111' title="bbox 2180 5138 3755 5214">
     <span class='ocr_line' id='line_1_111' title="bbox 2180 5138 3755 5214; baseline -0.006 -15"><span class='ocrx_word' id='word_1_769' title='bbox 2180 5144 2358 5200; x_wconf 90' lang='lat' dir='ltr'><strong>oratio</strong></span> <span class='ocrx_word' id='word_1_770' title='bbox 2403 5143 2713 5214; x_wconf 88' lang='lat' dir='ltr'><strong>reponenda</strong></span> <span class='ocrx_word' id='word_1_771' title='bbox 2761 5151 2869 5197; x_wconf 91' lang='lat' dir='ltr'><strong>est.</strong></span> <span class='ocrx_word' id='word_1_772' title='bbox 2922 5141 3139 5196; x_wconf 88' lang='lat' dir='ltr'><strong>Etenim</strong></span> <span class='ocrx_word' id='word_1_773' title='bbox 3179 5138 3502 5197; x_wconf 84' lang='lat' dir='ltr'><strong>sermonum</strong></span> <span class='ocrx_word' id='word_1_774' title='bbox 3558 5138 3755 5193; x_wconf 71' lang='lat' dir='ltr'><strong>deliciae</strong></span> 
     </span>
    </p>
   </div>
   <div class='ocr_carea' id='block_1_112' title="bbox 2182 5229 3750 5306">
    <p class='ocr_par' dir='ltr' id='par_1_112' title="bbox 2182 5229 3750 5306">
     <span class='ocr_line' id='line_1_112' title="bbox 2182 5229 3750 5306; baseline -0.006 -16"><span class='ocrx_word' id='word_1_775' title='bbox 2182 5246 2321 5306; x_wconf 63' lang='lat' dir='ltr'><strong>aptae</strong></span> <span class='ocrx_word' id='word_1_776' title='bbox 2359 5246 2412 5291; x_wconf 91' lang='lat' dir='ltr'><strong>et</strong></span> <span class='ocrx_word' id='word_1_777' title='bbox 2443 5243 2812 5306; x_wconf 87' lang='lat' dir='ltr'><strong>congruentes</strong></span> <span class='ocrx_word' id='word_1_778' title='bbox 2863 5233 3062 5288; x_wconf 64' lang='lat' dir='ltr'><strong>futurae</strong></span> <span class='ocrx_word' id='word_1_779' title='bbox 3093 5241 3241 5297; x_wconf 90' lang='lat' dir='ltr'><strong>sunt,</strong></span> <span class='ocrx_word' id='word_1_780' title='bbox 3297 5241 3416 5286; x_wconf 90' lang='lat' dir='ltr'><strong>tum</strong></span> <span class='ocrx_word' id='word_1_781' title='bbox 3448 5232 3630 5293; x_wconf 86' lang='lat' dir='ltr'><strong>nobis,</strong></span> <span class='ocrx_word' id='word_1_782' title='bbox 3665 5229 3750 5299; x_wconf 89' lang='lat' dir='ltr'><strong>qui</strong></span> 
     </span>
    </p>
   </div>
   <div class='ocr_carea' id='block_1_113' title="bbox 2177 5323 3747 5398">
    <p class='ocr_par' dir='ltr' id='par_1_113' title="bbox 2177 5323 3747 5398">
     <span class='ocr_line' id='line_1_113' title="bbox 2177 5323 3747 5398; baseline -0.007 -14"><span class='ocrx_word' id='word_1_783' title='bbox 2177 5329 2434 5398; x_wconf 90' lang='lat' dir='ltr'><strong>loquendi</strong></span> <span class='ocrx_word' id='word_1_784' title='bbox 2488 5328 2744 5383; x_wconf 89' lang='lat' dir='ltr'><strong>facultate</strong></span> <span class='ocrx_word' id='word_1_785' title='bbox 2793 5327 3006 5397; x_wconf 64' lang='lat' dir='ltr'><strong>praediti</strong></span> <span class='ocrx_word' id='word_1_786' title='bbox 3037 5341 3253 5392; x_wconf 86' lang='lat' dir='ltr'><strong>sumus,</strong></span> <span class='ocrx_word' id='word_1_787' title='bbox 3306 5335 3424 5379; x_wconf 91' lang='lat' dir='ltr'><strong>tum</strong></span> <span class='ocrx_word' id='word_1_788' title='bbox 3459 5325 3561 5394; x_wconf 90' lang='lat' dir='ltr'><strong>ipsi</strong></span> <span class='ocrx_word' id='word_1_789' title='bbox 3595 5323 3747 5376; x_wconf 82' lang='lat' dir='ltr'><strong>etiam</strong></span> 
     </span>
    </p>
   </div>
   <div class='ocr_carea' id='block_1_114' title="bbox 2180 5411 3748 5487">
    <p class='ocr_par' dir='ltr' id='par_1_114' title="bbox 2180 5411 3748 5487">
     <span class='ocr_line' id='line_1_114' title="bbox 2180 5411 3748 5487; baseline -0.007 -15"><span class='ocrx_word' id='word_1_790' title='bbox 2180 5417 2361 5473; x_wconf 72' lang='lat' dir='ltr'><strong>Verbo</strong></span> <span class='ocrx_word' id='word_1_791' title='bbox 2389 5427 2445 5473; x_wconf 91' lang='lat' dir='ltr'><strong>et</strong></span> <span class='ocrx_word' id='word_1_792' title='bbox 2468 5415 2604 5481; x_wconf 89' lang='lat' dir='ltr'><strong>Deo,</strong></span> <span class='ocrx_word' id='word_1_793' title='bbox 2645 5417 2740 5487; x_wconf 88' lang='lat' dir='ltr'><strong>qui</strong></span> <span class='ocrx_word' id='word_1_794' title='bbox 2768 5432 2868 5472; x_wconf 90' lang='lat' dir='ltr'><strong>nos</strong></span> <span class='ocrx_word' id='word_1_795' title='bbox 2899 5416 2968 5470; x_wconf 89' lang='lat' dir='ltr'><strong>ad</strong></span> <span class='ocrx_word' id='word_1_796' title='bbox 3003 5417 3199 5471; x_wconf 89' lang='lat' dir='ltr'><strong>festum</strong></span> <span class='ocrx_word' id='word_1_797' title='bbox 3233 5430 3394 5470; x_wconf 89' lang='lat' dir='ltr'><strong>suum</strong></span> <span class='ocrx_word' id='word_1_798' title='bbox 3440 5411 3748 5470; x_wconf 82' lang='lat' dir='ltr'><strong>convocavit</strong></span> 
     </span>
    </p>
   </div>
   <div class='ocr_carea' id='block_1_115' title="bbox 2179 5506 3743 5580">
    <p class='ocr_par' dir='ltr' id='par_1_115' title="bbox 2179 5506 3743 5580">
     <span class='ocr_line' id='line_1_115' title="bbox 2179 5506 3743 5580; baseline -0.007 -17"><span class='ocrx_word' id='word_1_799' title='bbox 2179 5519 2343 5580; x_wconf 89' lang='lat' dir='ltr'><strong>atque</strong></span> <span class='ocrx_word' id='word_1_800' title='bbox 2376 5509 2751 5580; x_wconf 79' lang='lat' dir='ltr'><strong>congregavit.</strong></span> <span class='ocrx_word' id='word_1_801' title='bbox 2789 5509 2872 5562; x_wconf 80' lang='lat' dir='ltr'><strong>An</strong></span> <span class='ocrx_word' id='word_1_802' title='bbox 2903 5507 3088 5573; x_wconf 90' lang='lat' dir='ltr'><strong>vultis,</strong></span> <span class='ocrx_word' id='word_1_803' title='bbox 3125 5517 3184 5561; x_wconf 90' lang='lat' dir='ltr'><strong>ut</strong></span> <span class='ocrx_word' id='word_1_804' title='bbox 3212 5506 3473 5575; x_wconf 85' lang='lat' dir='ltr'><strong>quoniam</strong></span> <span class='ocrx_word' id='word_1_805' title='bbox 3505 5519 3602 5576; x_wconf 82' lang='lat' dir='ltr'><strong>ego</strong></span> <span class='ocrx_word' id='word_1_806' title='bbox 3633 5518 3743 5556; x_wconf 82' lang='lat' dir='ltr'><strong>con-</strong></span> 
     </span>
    </p>
   </div>
  </div>
