4064 6274
331 345 466 407 1189

1111 359 1116 364 '
1206 342 1523 401 NICETAS
1561 341 1642 401 IN
1684 341 1904 402 ORAT.
1949 340 2253 402 XXXVIII
2296 340 2353 399 S.
2397 339 2626 399 GltEG.

3439 338 3461 401 1
3480 342 3574 403 Ξ’90

328 457 588 511 vivatoris
616 463 796 522 partes
827 453 986 514 obco,
1037 453 1372 520 spiritualetn
1415 451 1700 504 verborum
1749 463 1900 501 men-
1933 460 1974 511 Α
2009 447 2299 500 essentiam
2334 447 2386 498 in
2419 446 2595 514 seipse
2627 443 3022 512 complectitur.
3060 443 3170 514 Ego
3198 446 3365 511 enim,
3403 448 3576 516 inquit

328 565 444 604 sam
483 547 704 614 c0piose
741 545 894 599 vobis
926 543 1318 613 magniﬁceque
1365 542 1630 597 iustruam
1669 560 1683 594 :
1723 551 1782 596 ut
1811 541 1894 593 in-

329 641 603 708 telligatis,
637 653 745 706 quo
773 636 928 690 modo
954 651 1069 700 vos,
1092 634 1724 702 Constantinopdlitanos
1753 633 1899 684 cives

329 743 494 800 alque
538 731 846 798 indigenas,
879 737 931 782 et
957 729 1219 790 urbanos,
1255 736 1307 780 et
1345 725 1659 780 deliciarum
1693 723 1901 778 studio-

330 837 442 882 sos,
493 819 810 886 divitiisque
840 817 1192 886 couSpicuos,
1243 831 1341 884 ego
1370 817 1513 869 alere
1541 830 1757 884 queam,
1807 812 1898 882 qui

328 929 392 966 ex
455 913 558 964 alia
609 911 826 978 regione
869 911 974 962 huc
1014 909 1080 962 ad
1133 923 1226 960 vos
1261 921 1481 975 peregre
1523 907 1751 968 accessi,
1807 905 1900 972 qui

334 1005 477 1057 I'UIIS
508 1000 952 1068 tranquillitatem
982 1000 1130 1066 prius
1160 979 1550 1065 atnpleetebar,
1579 998 1668 1065 qui
1692 995 1901 1049 deliciis

332 1108 680 1161 nequaquam
718 1092 992 1158 indulgeo,
1026 1090 1117 1142 sed
1151 1091 1201 1142 itt
1236 1096 1553 1157 paupertate
1581 1089 1745 1140 vitam
1773 1103 1899 1156 ago,

330 1202 393 1239 ac
433 1187 595 1237 domo
619 1181 819 1235 careo?
877 1180 1008 1232 Illud
1057 1193 1218 1248 porro
1272 1177 1550 1232 sciendum
1602 1186 1706 1243 est,
1757 1175 1901 1244 quod

330 1278 590 1344 ἄγροικος
639 1273 683 1326 is
732 1282 832 1334 est,
883 1273 974 1340 qui
1025 1271 1136 1324 ruri
1192 1269 1436 1338 atquein
1473 1269 1616 1337 agris
1655 1283 1900 1322 commo-

329 1377 480 1418 ratur
514 1381 527 1416 :
557 1365 814 1433 ἀγροῖκος
844 1372 1025 1416 autem
1053 1361 1202 1415 rudis
1231 1363 1448 1431 ineptus
1483 1377 1544 1414 ac
1572 1359 1823 1415 stolidus.

399 1455 516 1508 Col.
537 1456 641 1508 5t8
660 1457 723 1506 A.
752 1452 892 1506 Hine
915 1462 1088 1506 autem
1110 1452 1381 1518 exordiar,
1401 1469 1461 1506 ac
1485 1468 1571 1506 eos
1588 1460 1902 1521 quwso,;etc.

330 1546 443 1614 Ego
471 1546 713 1614 quidem,
763 1546 960 1613 inquit,
995 1559 1025 1598 a
1069 1545 1369 1599 divinitatis
1396 1544 1642 1598 doctrina
1686 1543 1902 1596 initium

331 1636 546 1690 dicendi
598 1634 818 1688 faciant.
869 1633 977 1689 Vos
1010 1644 1216 1698 autem,
1267 1633 1603 1703 quicunqtte,
1651 1646 1737 1686 res
1773 1631 1904 1684 diti-

331 1741 432 1780 nas
459 1740 553 1795 pro
585 1725 795 1778 deliciis
829 1723 1062 1787 habetis,
1103 1721 1544 1793 quandoquidem
1595 1721 1774 1777 divina
1821 1729 1904 1774 est

2005 538 2310 607 Scriptura,
2374 535 2502 589 Sum
2555 536 2757 602 primus
2791 544 2838 587 et
2885 553 2975 604 ego
3019 548 3219 603 postea,
3258 547 3304 590 et
3350 548 3470 590 ante
3498 555 3579 591 me

2004 644 2103 680 non
2154 637 2229 679 est
2283 627 2421 678 alius
2454 624 2614 686 Deus,
2644 640 2732 676 nec
2760 633 2874 692 post
2901 639 2979 675 me
3013 624 3222 690 futurus
3254 627 3408 679 est”.
3445 627 3578 678 Tota

2002 721 2146 772 enim
2202 718 2439 772 essentia
2493 719 2639 771 illius
2689 732 2786 769 nec
2820 717 3146 784 principium
3209 717 3436 779 habens,
3478 735 3578 794 nec

2002 811 2163 865 tinem
2219 809 2491 872 habitura,
2539 810 2698 878 quasi
2733 819 2960 862 .vastunt
3019 809 3293 877 quoddam
3353 810 3576 880 pelagus

2002 901 2252 955 essentia:
2304 915 2405 966 εει,
2437 900 2761 954 immensum
2820 899 3039 968 quidem
3089 909 3142 953 et
3195 899 3490 964 infinitum,
3524 911 3582 954 ut

2001 993 2272 1062 principio
2309 1005 2371 1046 ac
2411 993 2516 1046 line
2569 1005 2765 1046 carens
2800 1009 2812 1044 :
2845 992 3254 1044 interminatum
3292 1000 3497 1055 autem,
3523 1001 3580 1044 ut

2004 1101 2101 1138 nec
2125 1087 2267 1146 loco,
2300 1100 2399 1137 nec
2425 1083 2739 1136 definitione
2773 1084 2945 1151 ipsius
2967 1091 3220 1136 naturam
3248 1083 3582 1147 declaraute.

2005 1175 2504 1242 circumscriptum.
2541 1175 2683 1227 Deus
2740 1175 2886 1228 enim
2932 1189 3148 1227 onmem
3201 1173 3582 1242 cogitationem

2004 1265 2236 1329 excedit,
2274 1267 2532 1337 temporis
2567 1267 2806 1333 quidem,
2839 1275 3023 1335 utpote
3061 1265 3341 1320 inlinitus:
3378 1278 3585 1321 natura:

2005 1367 2206 1421 autem,
2264 1367 2448 1426 utpote
2511 1357 2674 1410 nullis
2725 1358 2970 1411 terminis
3015 1357 3282 1410 inclusus.
3335 1357 3405 1409 At
3455 1370 3586 1410 vero

2007 1465 2162 1504 mens
2218 1450 2362 1503 haud
2409 1451 2720 1512 immerito,
2769 1459 2823 1502 ιιι
2884 1447 2979 1502 Dei
3015 1449 3215 1517 imago,
3265 1456 3583 1518 pertenuem

2013 1542 2307 1610 quamdam
2330 1551 2383 1596 et
2405 1542 2795 1612 perobscuram
2829 1543 3340 1610 contemplationem
3362 1542 3583 1612 accipit.

2007 1632 2374 1688 Adumbratur
2399 1641 2581 1687 autem
2613 1643 2793 1688 mente
2837 1632 3000 1698 Deus,
3033 1648 3139 1687 non
3171 1651 3238 1689 ex
3271 1635 3356 1690 his
3381 1649 3500 1705 qum
3529 1638 3585 1691 in

2007 1723 2128 1792 ipso
2177 1732 2327 1789 sunt,
2369 1725 2462 1779 sed
2496 1738 2618 1794 quae
2648 1723 2793 1778 circa
2823 1723 2998 1792 ipsum
3051 1735 3197 1787 sunt,
3237 1725 3290 1778 id
3331 1734 3436 1790 est,
3474 1742 3584 1781 non

330 1820 449 1872 haec
479 1816 676 1881 oratio,
714 1830 813 1870 nec
848 1816 930 1870 fas
970 1825 1052 1870 est
1097 1815 1343 1885 impuros
1390 1814 1464 1881 id,
1516 1812 1660 1884 quod
1704 1825 1899 1881 purum
1933 1801 1974 1850 Β
2008 1829 2072 1868 ex
2113 1815 2329 1884 propria
2361 1827 2552 1869 natura
2606 1824 2661 1868 et
2709 1815 2947 1872 essentia
2980 1814 3102 1885 (nec
3146 1817 3292 1870 enim
3325 1817 3440 1886 ipsa
3474 1817 3585 1872 ullo

326 1919 435 1975 est,
471 1909 754 1978 attingere.
787 1921 922 1976 pura
955 1915 1135 1961 mente
1179 1914 1234 1960 et
1279 1921 1410 1960 aure
1455 1919 1574 1958 eam
1621 1902 1850 1971 excipite
1884 1920 1897 1954 :

330 2011 393 2055 ut
437 2002 558 2055 cibo
605 2013 712 2053 non
750 2007 1036 2067 pereunte,
1085 1997 1179 2051 sed
1215 2006 1572 2066 permanente
1603 1991 1783 2048 satiati
1819 2003 1900 2045 at—

329 2108 438 2163 que
489 2091 690 2162 expleti
734 2089 1047 2146 discedatis.
1094 2087 1262 2143 Porro
1315 2103 1416 2142 nec
1464 2086 1674 2156 prolixa
1730 2084 1902 2138 oratio

329 2191 520 2238 nostra
554 2181 736 2235 futura
773 2190 876 2244 est,
914 2195 981 2234 ne
1025 2177 1368 2249 longitudine
1416 2177 1633 2230 taedium
1683 2176 1854 2244 pariet
1887 2191 1900 2226 :

331 2289 435 2328 nec
459 2286 652 2328 manca
678 2280 731 2326 et
753 2271 1090 2341 imperfecta,
1113 2285 1182 2324 ne
1203 2268 1418 2323 delectu
1469 2282 1571 2322 suo
1597 2264 1901 2320 molestiam

331 2365 522 2418 aﬂ‘erat
574 2380 588 2416 :
640 2378 824 2418 verum
880 2377 1032 2417 suam
1082 2361 1332 2415 virtutem
1385 2359 1640 2414 habitura
1686 2367 1791 2420 est,
1847 2365 1904 2409 ut

331 2458 540 2512 scilicet
588 2453 978 2525 compendiosa
1029 2451 1192 2506 simul
1243 2461 1296 2505 et
1347 2450 1595 2504 absoluta
1631 2449 1719 2502 sit.
1769 2445 1904 2500 Illud

329 2557 509 2600 autem
563 2546 846 2600 sciendum
903 2542 1205 2596 divinitatis
1255 2540 1562 2594 doctrinam
1624 2538 1727 2592 hoc
1784 2536 1905 2589 loco

329 2637 690 2705 propositam,
738 2635 793 2688 in
830 2633 1069 2688 secunda
1121 2645 1342 2700 quoque
1385 2630 1632 2683 oratione
1663 2628 1730 2682 de
1765 2625 1904 2682 festo

329 2727 556 2780 Pascha:
599 2727 792 2781 iisdem
837 2723 1061 2779 omnino
1107 2721 1286 2774 verbis
1316 2733 1628 2789 expressam
1663 2718 1850 2771 haberi
1889 2736 1900 2770 :

329 2833 393 2873 ac
420 2823 614 2872 merito
642 2817 886 2886 quidem.
919 2814 1132 2869 Etenim
1164 2813 1218 2866 itt
1251 2828 1316 2866 eo
1355 2812 1624 2872 laborare,
1677 2818 1736 2863 ut
1785 2823 1908 2878 qua:

329 2911 501 2966 semel
531 2909 835 2964 rectissime
869 2907 1011 2961 dicta
1044 2913 1190 2970 sunt,
1242 2918 1383 2958 nova
1416 2903 1686 2956 orationis
1729 2899 1904 2955 forma

328 3001 603 3068 enunties,
635 3005 983 3069 praepostera
1042 2996 1328 3066 cujusdam
1383 2991 1770 3048 ostentationis
1797 3001 1902 3044 cst.

2008 1907 2167 1960 modo
2242 1906 2631 1976 comprehendi
2709 1915 2873 1976 atque
2955 1907 3315 1977 intelligentia
3377 1911 3584 1980 percipi

2007 2007 2181 2064 potest
2207 2015 2219 2050 :
2253 1996 2477 2066 )verum
2503 2013 2567 2052 ex
2601 1996 2835 2061 effectis,
2861 1998 2961 2053 hoc
2981 2008 3085 2061 est,
3105 1999 3394 2063 creaturis,
3421 2010 3585 2070 atque

2005 2104 2068 2142 ex
2119 2088 2510 2158 gubernatione
2571 2105 2750 2144 rerum
2795 2102 2850 2144 et
2881 2090 3241 2160 providentia.
3296 2091 3429 2146 Nam
3489 2108 3586 2162 per

2006 2179 2101 2232 Dei
2161 2181 2408 2235 actiones
2469 2191 2635 2251 atque
2698 2196 2861 2251 opera
2915 2183 3160 2238 subvecti
3187 2193 3241 2238 et
3270 2185 3322 2237 in
3353 2185 3586 2238 sublime

2007 2271 2172 2338 rapti,
2227 2285 2290 2326 ac
2338 2287 2433 2341 per
2482 2283 2764 2328 creaturas
2819 2273 3130 2328 Creatorem
3183 2275 3368 2330 animo
3403 2277 3586 2330 conci-

2006 2359 2238 2428 pientes,
2273 2361 2337 2414 ad
2381 2361 2640 2417 bonitatis
2692 2362 2864 2431 ipsius
2903 2371 2954 2416 et
2991 2363 3270 2432 sapientia:
3317 2365 3586 2435 cognitio-

2008 2466 2130 2505 nem
2158 2452 2506 2519 pervenimus
2531 2454 2657 2524 (hoe
2691 2454 2835 2507 enim
2866 2455 2932 2508 de
2957 2455 3067 2508 Deo
3097 2457 3351 2524 cognosci
3381 2465 3580 2526 potest,

2007 2544 2150 2612 quod
2208 2542 2353 2598 Deus
2399 2545 2656 2600 omnibus
2704 2546 3026 2600 mortalibus
3083 2548 3356 2618 patefecit)
3420 2559 3586 2618 atque

2007 2633 2169 2686 aliam
2203 2633 2438 2702 speciem
2466 2642 2520 2686 et
2548 2633 2994 2702 imaginationem
3023 2651 3086 2690 ex
3117 2637 3219 2689 alia
3246 2652 3304 2692 re
3329 2639 3395 2692 ad
3415 2655 3582 2693 unum

2011 2725 2252 2778 veritatis
2282 2725 2640 2780 simulacrum
2689 2741 2754 2778 ac
2804 2726 3217 2780 sin‘tilitudinem
3253 2729 3581 2798 colligimus.

2008 2813 2466 2884 Quandoquidem
2519 2817 2822 2886 spiritualis
2856 2818 2994 2872 lucis
3031 2833 3094 2872 ac
3121 2819 3291 2874 divini
3324 2821 3574 2891 splendo-

2009 2907 2086 2959 ris
2108 2907 2419 2974 praasentia,
2443 2915 2504 2960 ut
2531 2922 2761 2976 magnus
2785 2909 2836 2960 iu
2873 2908 3071 2962 divinis
3103 2912 3266 2964 rebus
3293 2910 3584 2980 Dionysius

2009 2993 2279 3062 loquitur,
2312 3009 2528 3060 eorum,
2564 2999 2656 3066 qui
2690 2997 3000 3064 hujusmodi
3039 2998 3209 3067 gloria
3243 3007 3294 3053 et
3329 3012 3582 3054 contem-

327 3093 619 3162 Antiquior
665 3100 749 3147 est
798 3101 980 3144 autem
1017 3089 1132 3144 haec
1183 3088 1250 3142 de
1294 3087 1586 3140 Nativitate
1615 3085 1790 3139 oratio
1816 3097 1898 3148 ea,
1930 3121 1975 3178 ε
2013 3087 2247 3154 platione
2276 3089 2422 3156 digni
2459 3088 2622 3142 habiti
2646 3096 2794 3153 sunt,
2832 3099 3066 3164 mentem
3101 3106 3130 3144 a
3167 3091 3350 3148 multis
3381 3095 3582 3148 variis-

330 3203 492 3256 quam
527 3184 593 3240 de
625 3184 760 3238 festo
794 3182 1016 3237 Paschaa
1043 3179 1396 3249 conscripsit.
1433 3177 1557 3232 llaec
1586 3176 1729 3231 enim
1761 3175 1901 3244 apud

329 3273 859 3342 Constantinopolim
913 3271 1056 3326 edita
1113 3279 1196 3326 est
1228 3290 1242 3325 :
1279 3270 1369 3324 illa
1405 3281 1583 3324 autem
1612 3277 1900 3338 postquam

332 3380 390 3418 se
417 3363 875 3433 archiepiscopali
911 3361 1129 3427 throno,
1165 3370 1224 3415 ut
1255 3359 1463 3426 ferunt,
1499 3359 1828 3414 abdicasset.

403 3455 539 3509 Ibid.
569 3455 627 3508 D.
675 3455 837 3519 Deus,
881 3463 930 3508 et
959 3463 1072 3508 erat
1106 3469 1331 3523 semper,
1367 3460 1538 3515 etest,
1574 3460 1623 3505 et
1648 3451 1771 3515 erit,
1795 3459 1898 3506 etc.

333 3547 571 3601 Platonis
601 3547 652 3600 in
683 3545 878 3601 Timaeo
912 3549 1026 3602 haec
1058 3548 1222 3601 verba
1263 3555 1411 3600 sunt.
1461 3543 1609 3609 Erat,
1662 3553 1714 3598 et
1765 3544 1898 3606 Erit,

331 3639 589 3707 temporis
634 3649 760 3692 sunt
813 3639 1024 3707 species
1080 3656 1094 3691 :
1142 3652 1282 3706 quas
1329 3637 1496 3691 etiam
1559 3635 1902 3704 sempiternae

329 3730 578 3784 essentia:
604 3745 713 3784 non
746 3741 894 3784 recte
921 3729 1235 3782 tribuimus.
1268 3725 1405 3780 Huic
1429 3727 1573 3780 enim
1600 3726 1698 3780 Est
1725 3727 1900 3780 solum

331 3835 455 3876 vere
482 3821 760 3875 convenit.
801 3819 883 3873 Ab
912 3833 978 3872 eo
1012 3818 1178 3887 igitur
1214 3819 1311 3871 ista
1344 3826 1626 3870 mutuatus
1663 3815 1901 3869 Theolo-

329 3927 429 3982 gus
456 3911 531 3963 ait
566 3926 582 3963 :
623 3909 750 3963 Erat
785 3917 838 3962 et
860 3906 979 3961 Erit
1007 3907 1171 3976 hujus
1204 3911 1376 3961 nostri
1426 3907 1688 3976 temporis
1715 3907 1901 3959 ﬂuxae-

326 4017 435 4071 que
467 4009 520 4055 et
553 3999 775 4054 caducae
819 4005 1027 4051 naturae
1074 4003 1355 4065 segmenta
1404 4006 1552 4052 sunt.
1599 3994 1736 4048 Nam
1776 4009 1900 4048 cum

330 4107 417 4147 res
443 4092 695 4146 humanae
723 4089 778 4143 in
807 4095 960 4142 motu
995 4094 1052 4143 et
1076 4085 1227 4142 ﬂuxu
1262 4087 1392 4152 siut,
1433 4085 1702 4156 ejusmodi
1737 4085 1900 4139 etiam

327 4198 520 4238 earum
567 4191 780 4251 tempus
814 4193 936 4237 esse
977 4178 1169 4250 liquet.
1216 4177 1390 4246 Hujus
1435 4193 1563 4246 pars
1610 4177 1717 4233 alia
1761 4192 1900 4246 prae-

327 4275 474 4330 teriit
506 4291 521 4329 :
554 4274 660 4328 alia
693 4273 874 4327 futura
925 4279 1030 4328 est.
1085 4268 1219 4325 Nam
1275 4286 1514 4340 praesens
1545 4270 1720 4340 ipsius
1750 4269 1902 4324 nullo

329 4365 490 4420 modo
538 4362 870 4434 apprehendi
916 4369 1117 4432 potest.
1171 4361 1475 4431 Antequam
1525 4362 1672 4416 enim
1715 4360 1904 4430 cogni-

2009 3192 2116 3246 que
2168 3178 2451 3234 sententiis
2491 3187 2655 3249 atque
2698 3180 3185 3248 imaginationibus
3240 3181 3308 3236 ad
3348 3182 3400 3238 id
3435 3185 3583 3254 quod

2006 3282 2131 3323 vere
2159 3280 2264 3334 εει,
2301 3269 2404 3324 hoc
2440 3279 2541 3334 est,
2596 3271 2662 3324 ad
2716 3271 2884 3325 Deum
2935 3276 3241 3339 convertit,
3277 3289 3343 3328 ac
3391 3275 3584 3328 multi-

2004 3361 2166 3430 plicia
2209 3362 2344 3423 visa.
2377 3363 2480 3428 vel,
2517 3373 2575 3416 ut
2609 3361 2808 3432 aptiori
2841 3363 3107 3419 vocabulo
3135 3376 3278 3431 utar,
3321 3367 3586 3437 imagina-

2007 3455 2202 3519 tiones,
2242 3455 2317 3509 ad.
2348 3470 2508 3511 unam
2541 3471 2723 3509 veram
2758 3464 2812 3508 et
2848 3469 3039 3524 puram
3069 3464 3234 3526 atque
3259 3457 3579 3521 uniusmodi

2005 3547 2374 3615 cognitionem
2421 3546 2650 3614 colligit.
2681 3545 2992 3612 Quinetiam
3028 3546 3132 3600 hoc
3161 3547 3300 3602 exile
3333 3548 3579 3604 veritatis

2003 3636 2399 3700 simulacrum,
2452 3651 2561 3688 nou
2609 3637 2770 3690 modo
2823 3650 2948 3690 eum
3001 3635 3335 3692 intellectum
3395 3637 3584 3705 fuerit,

2006 3727 2178 3781 teneri
2213 3739 2320 3780 non
2357 3735 2556 3796 potest,
2601 3727 2694 3782 sed
2736 3743 2802 3783 ne
2833 3729 2992 3798 plene
3020 3731 3240 3798 quidem
3271 3738 3434 3800 atque
3462 3745 3585 3799 per-

2007 3815 2146 3872 fecte
2187 3816 2414 3887 intelligi
2453 3834 2467 3871 :
2501 3827 2559 3872 ut
2587 3817 2732 3872 enim
2763 3820 3019 3889 cognosci
3058 3820 3270 3888 incipit,
3295 3821 3476 3874 statim
3524 3837 3585 3876 se

2005 3907 2255 3976 proripit,
2291 3921 2400 3962 non
2443 3924 2604 3964 secus
2632 3926 2698 3965 ac
2734 3908 3054 3981 fulgetrum,
3080 3913 3226 3981 quod
3261 3913 3584 3984 priusquam

2005 3998 2163 4067 plene
2196 4010 2548 4070 conspectum
2572 4001 2760 4066 fuerit,
2783 4003 2985 4068 avolat,
3009 4013 3173 4075 atque
3203 4006 3394 4060 oculos
3425 4005 3582 4079 fugit.

2003 4086 2179 4154 Quam
2236 4097 2422 4144 autem
2469 4091 2540 4145 ob
2573 4107 2794 4146 causam
2836 4093 2909 4148 ita
2956 4095 3098 4150 Deus
3149 4095 3490 4165 intelligitur,
3527 4107 3587 4151 ιιι

2005 4185 2379 4255 ιειιιεηὲριειιε
2411 4187 2614 4255 percipi
2647 4202 2710 4242 ac
2749 4190 3136 4256 comprehendi
3167 4192 3436 4260 nequeat?
3468 4190 3586 4244 Meo

2005 4277 2224 4349 quidem
2253 4277 2484 4346 judicio,
2505 4289 2562 4332 ιιι
2589 4294 2682 4348 per
2708 4279 2756 4333 id
2785 4281 2930 4349 quod
2957 4281 3304 4348 aliquatenus
3322 4281 3585 4346 cernitur,

2007 4376 2166 4437 atque
2216 4367 2452 4423 obscure
2484 4369 2856 4436 cognoscitur,
2893 4383 2992 4422 nos
3028 4370 3092 4422 ad
3128 4385 3188 4423 se
3232 4369 3409 4422 trahat
3441 4387 3458 4424 :
3494 4386 3588 4438 per

329 4457 476 4511 tione
505 4466 819 4525 perceptum
852 4455 947 4521 sit,
994 4453 1172 4508 avolat
1212 4463 1378 4524 atque
1412 4452 1690 4508 dilabitur.
1743 4449 1900 4505 Nunc

2009 4460 2064 4516 id
2096 4469 2278 4515 autem
2316 4462 2461 4530 quod
2503 4460 2850 4528 aliquatenus
2907 4460 3077 4522 cerni,
3115 4475 3212 4513 nec
3245 4468 3423 4513 tamen
3460 4476 3587 4529 per-

328 4549 472 4603 enim
505 4558 608 4602 est.
659 4547 796 4602 Illud
839 4561 1004 4618 porro
1038 4554 1479 4602 momentaneum
1511 4559 1576 4599 ac
1611 4543 1898 4598 divisionis

329 4655 542 4710 expers.
599 4639 801 4694 Rerum
830 4638 1136 4694 divinarum
1165 4637 1267 4690 alia
1298 4646 1382 4692 est
1422 4636 1585 4700 ratio,
1618 4649 1740 4702 quae
1771 4649 1894 4689 cum

328 4734 475 4787 omni
523 4742 674 4788 motu
733 4741 979 4797 careant,
1031 4728 1278 4799 profecto
1331 4727 1631 4783 secundum
1683 4740 1901 4796 quoque

330 4829 571 4895 ipsarum
621 4823 837 4878 firmum
887 4833 941 4876 et
969 4831 1229 4878 constans
1262 4821 1534 4890 uniusque
1586 4820 1732 4874 modi
1776 4831 1899 4874 esse

331 4929 556 4969 necesse
591 4921 712 4977 est;
751 4909 886 4964 αιὼν
915 4911 1062 4966 enim
1094 4911 1204 4965 ἀπὸ
1231 4909 1325 4963 τοῦ
1348 4909 1482 4972 alet.
1517 4910 1567 4963 id
1601 4917 1702 4972 est,
1736 4908 1804 4962 ab
1835 4923 1899 4960 eo

333 5008 475 5076 quod
522 5020 739 5074 semper
787 5004 879 5068 sit,
939 5002 1177 5057 nominis
1223 5001 1607 5072 etymologiam
1670 5003 1838 5055 sumit
1883 5016 1897 5054 :

332 5096 788 5169 quemadmodum
820 5096 1008 5166 χρόνος
1032 5095 1084 5150 id
1108 5103 1190 5150 est
1217 5104 1450 5164 tempus,
1476 5094 1580 5147 ἀπὸ
1607 5093 1702 5145 τοῦ
1728 5093 1893 5161 ῥέειν,

333 5190 386 5242 id
423 5198 526 5250 est,
565 5188 635 5241 ab
668 5203 734 5241 eo
788 5187 934 5256 quod
964 5185 1118 5240 ﬂuat.
1174 5184 1439 5251 Quocirca
1469 5185 1631 5239 rebus
1655 5183 1744 5246 iis,
1777 5196 1899 5252 quae

335 5281 388 5334 in
417 5287 660 5347 tempore
707 5289 835 5332 sunt
873 5293 936 5332 ac
965 5277 1288 5347 principium
1323 5277 1649 5342 habuerunt,
1690 5274 1820 5329 Erat
1852 5283 1905 5329 et

335 5372 451 5426 Erit
473 5374 820 5426 conveniunt.
854 5369 1013 5424 Verbi
1033 5385 1220 5433 causa,
1245 5371 1407 5424 Pater
1429 5384 1583 5424 meus
1619 5367 1732 5423 heri
1763 5376 1902 5433 erat,

335 5465 494 5518 hodie
523 5479 642 5532 ego,
671 5473 723 5518 et
751 5478 876 5517 cras
909 5478 1063 5518 meus
1095 5464 1258 5518 titius.
1292 5463 1360 5517 At
1395 5462 1536 5517 Deus
1561 5475 1774 5529 semper
1799 5472 1903 5522 εει,

335 5564 410 5621 ει,
441 5567 498 5610 ιιι
528 5572 651 5610 cum
679 5555 1014 5626 diviniloquo
1053 5555 1312 5627 Dionysio
1361 5556 1563 5629 dicam,
1592 5555 1904 5609 universam

337 5709 380 5744 "
413 5711 517 5766 lsa.
559 5725 706 5776 ιιιιν,
738 5712 792 5766 6.

2012 4553 2152 4610 fecte
2176 4553 2561 4624 comprehendi
2590 4551 2781 4621 possit,
2817 4565 2916 4604 nos
2948 4553 3010 4603 ad
3053 4552 3136 4612 sui
3169 4552 3583 4608 admirationem

2011 4646 2216 4713 trahat,
2250 4658 2413 4716 atque
2447 4644 2862 4700 admirationem
2922 4643 3004 4697 sui
3062 4644 3308 4698 excitans
3367 4644 3453 4712 (ex
3519 4660 3586 4698 eo

2013 4737 2240 4800 scilicet,
2301 4739 2449 4809 quod
2517 4736 2824 4790 intellectus
2895 4737 3060 4789 nostri
3119 4745 3336 4804 captum
3392 4733 3584 4805 fugiat)

2010 4829 2291 4884 ardentius
2379 4838 2590 4882 ametur
2664 4836 2718 4879 et
2801 4827 3173 4888 desideretur,
3239 4826 3584 4881 desideratus

2011 4918 2382 4972 desiderantes
2427 4927 2640 4986 purget,
2703 4931 2764 4969 ac
2819 4915 3113 4970 deiformcs
3150 4914 3387 4970 efficiat:
3427 4931 3584 4970 emn-

2010 5023 2116 5076 que
2173 5023 2238 5062 eo
2294 5017 2609 5076 perventum
2668 5007 2830 5061 fuerit
2872 5006 2986 5076 jam
3021 5005 3366 5060 familiariter
3413 5007 3584 5059 collo-

2012 5107 2212 5166 quatur
2241 5098 2383 5152 Deus
2416 5113 2576 5152 verus
2611 5106 2666 5150 et
2706 5097 2968 5150 naturalis
2992 5112 3114 5150 cum
3150 5097 3237 5161 iis,
3265 5095 3356 5165 qui
3389 5110 3588 5150 secun-

2005 5192 2133 5245 dum
2171 5189 2399 5258 gratiam
2439 5187 2514 5241 dii
2559 5187 2918 5254 appellantur,
2947 5188 3126 5249 nobis,
3161 5200 3321 5256 prout
3351 5187 3586 5255 quisque

2004 5288 2270 5351 purgatus
2301 5278 2484 5340 fuerit,
2530 5276 2742 5331 divinos
2810 5278 3143 5347 cognitionis
3186 5292 3298 5332 sua:
3343 5276 3584 5346 fulgores

2005 5375 2272 5436 inserens,
2306 5379 2626 5437 tantumque
2668 5368 3018 5424 innotescens
3061 5378 3225 5437 atque
3278 5368 3587 5437 imaginan—

2004 5463 2131 5516 dum
2171 5475 2231 5516 se
2284 5459 2550 5530 praebens,
2606 5469 2870 5528 quantum
2918 5459 3034 5528 ipse
3081 5471 3298 5526 quoque
3340 5470 3434 5510 eos
3487 5458 3582 5526 qui

2005 5561 2223 5622 propter
2255 5552 2422 5608 animi
2487 5551 2775 5622 puritatem
2845 5551 3228 5613 innotescunt,
3278 5548 3581 5620 cognoscit.
