4064 6274
564 325 700 394 1191

1979 317 2364 380 ADDENDA.

3699 310 3827 374 1192

478 430 509 457 ’⁵
559 436 819 505 Adjunxit
849 444 1053 502 autem,
1085 433 1360 500 Fortasse,
1413 432 1478 486 ad
1509 429 1865 497 mitigandum
1898 426 1949 480 id
1978 427 2124 496 quod
2157 430 2196 484 Α
2228 434 2394 491 retur,
2430 433 2538 480 etc.
2576 424 2872 498 Postquam
2920 430 3090 486 Deum
3150 432 3489 486 immensum
3554 445 3684 485 esse
3706 446 3827 500 pro—

557 527 972 593 dixerat,Dcum
999 542 1030 581 a
1064 526 1222 581 nobis
1245 540 1344 596 pro
1368 521 1706 594 purgationis
1743 520 1955 575 ratione
1979 534 2131 572 com-

560 621 843 691 prehendi.
874 619 1060 689 Neque
1082 617 1224 672 enim
1258 616 1551 685 quisquam
1601 614 1674 667 ita
1712 610 1884 666 Deum
1930 624 2134 680 cogno-

558 728 712 769 scere
745 720 940 781 p0test,
992 718 1053 764 ut
1101 710 1171 764 ab
1218 708 1338 779 ipso
1381 709 1630 778 cognitus
1660 713 1767 759 est.
1808 702 1921 759 Hoc
1946 709 2132 757 autem

557 807 626 859 ab
654 803 909 873 Apostolo
948 808 1228 856 mutuatus
1258 808 1361 865 cst,
1398 798 1466 852 de
1508 797 1706 852 futurze
1732 795 1859 850 vita:
1888 801 2037 849 statu
2072 794 2124 846 ln

556 899 673 951 haec
695 897 855 950 verba
885 895 950 949 ad
984 893 1298 949 Corinthios
1325 891 1596 947 scribente
1625 905 1638 942 :
1698 885 1855 940 Nunc
1878 897 2133 955 cognosco

554 1005 619 1043 ex
668 998 839 1058 parte,
902 998 1030 1040 tunc
1095 996 1271 1040 autem
1322 997 1603 1054 agnoscam
1655 979 1792 1034 sicut
1847 988 1895 1032 et
1925 976 2133 1047 agnitus

553 1097 671 1135 sum
689 1079 756 1133 ⁸³.
780 1078 935 1145 Quod
964 1077 1183 1147 quidem
1229 1075 1309 1131 sic
1367 1073 1623 1143 exposuit
1655 1071 2083 1142 Chrysoslomus
2116 1084 2133 1122 :

552 1168 1027 1238 Quemadmodum
1046 1166 1299 1221 Christus
1330 1163 1418 1218 hic
1448 1163 1515 1218 ad
1554 1176 1639 1216 me
1661 1160 1923 1224 accurrit,
1939 1171 2133 1227 meque

553 1262 949 1319 necessitudine
1008 1261 1110 1316 sibi
1172 1257 1441 1328 adjunxit,
1537 1255 1726 1309 eodem
1783 1251 1945 1307 modo
2014 1250 2134 1319 ipse

552 1367 769 1423 quoque
804 1360 935 1406 tunc
958 1349 1024 1405 ad
1046 1364 1171 1404 eum
1201 1361 1512 1402 accurram.
1548 1344 1684 1400 Illud
1723 1351 1925 1407 autem,
1984 1339 2133 1395 Sicut

552 1444 760 1512 agnitus
789 1457 927 1506 sum,
960 1439 1102 1494 idem
1130 1449 1213 1493 est
1245 1452 1308 1492 ac
1332 1437 1378 1491 si
1406 1436 1632 1500 diceret,
1669 1432 1824 1488 Sicut
1872 1431 1974 1503 ipsi
2029 1444 2126 1485 ne-

552 1532 884 1588 cessitudine
933 1530 1159 1599 junctus
1226 1542 1368 1582 sum.
1422 1524 1559 1579 Nam
1624 1523 1926 1580 secundum
1981 1520 2131 1575 illius

554 1624 977 1680 necessitudinis
1039 1622 1329 1685 rationem,
1377 1635 1486 1689 qua
1533 1616 1591 1672 in
1620 1617 1725 1672 hac
1772 1616 1884 1672 vita
1910 1628 2035 1670 cum
2065 1626 2133 1667 eo

555 1714 832 1784 c0njuucti
888 1712 1179 1775 fuerimus,
1243 1720 1369 1764 tunc
1422 1725 1542 1764 eum
1582 1721 2003 1778 cognoscemus,
2039 1703 2131 1758 alii

553 1806 789 1875 plenius,
841 1804 933 1858 alii
997 1800 1214 1858 exilius.
1247 1800 1717 1866 Quemadmodum
1769 1798 1915 1852 enim
1959 1796 2004 1850 si
2036 1810 2129 1848 rex
2166 1774 2208 1830 Β

553 1895 827 1965 quispiam
855 1894 1116 1948 infantem
1137 1892 1189 1947 in
1214 1892 1360 1946 bivio
1383 1890 1731 1960 provulntum
1758 1876 1976 1951 nactus,
2005 1899 2129 1940 cum

555 1988 840 2043 sustulerit
867 1996 1033 2055 atque
1056 1983 1417 2055 adoptaverit,
1449 1983 1705 2051 omnique
1747 1969 1916 2050 gloria
1966 1987 2133 2049 atque

556 2080 765 2134 honore
784 2076 1168 2143 cumulaverit,
1231 2084 1348 2129 tum
1376 2075 1619 2144 quidem,
1650 2082 1706 2126 ut
1745 2072 1801 2126 in
1850 2086 1913 2125 ea
1951 2078 2130 2131 aetate,

555 2183 820 2241 quantum
863 2171 1182 2225 beneficium
1217 2167 1508 2236 acceperit,
1556 2168 1752 2228 nescit,
1801 2177 1865 2218 ac
1898 2161 2128 2230 proinde

555 2279 656 2317 nec
682 2263 821 2318 tanti
877 2261 1127 2317 beneﬁcii
1174 2269 1473 2323 auctorem,
1537 2257 1681 2313 sicut
1712 2253 2004 2311 verisimile
2027 2259 2131 2318 est,

555 2371 743 2411 amore
788 2353 1205 2424 complectitur;
1271 2363 1327 2405 at
1384 2334 1741 2420 posteaquam
1804 2346 1871 2400 ad
1921 2344 2129 2398 virilem

555 2456 770 2504 aetatem
822 2444 1160 2516 pervenerit,
1208 2451 1373 2512 atque
1396 2439 1720 2496 intellexerit
1749 2452 1779 2491 e
1825 2448 1936 2504 quo
1984 2440 2132 2488 statu

557 2555 720 2609 atque
748 2539 964 2593 fortuna
999 2537 1066 2591 ad
1098 2544 1300 2590 tantam
1332 2534 1647 2603 dignitatem
1688 2530 1981 2584 subvectus
2014 2527 2135 2582 fuc-

557 2633 649 2695 rit,
693 2642 806 2684 tum
860 2642 989 2683 vero
1032 2642 1180 2689 enni,
1228 2643 1255 2678 a
1315 2640 1424 2694 quo
1485 2630 1636 2675 tanto
1672 2622 1881 2675 honore
1900 2618 2132 2675 affectus

558 2720 682 2781 fuit,
715 2716 944 2786 suspicit
983 2728 1146 2784 atque
1189 2729 1374 2770 amore
1418 2713 1767 2784 prosequitur
1808 2730 1822 2764 :
1859 2709 2131 2766 consimili

559 2815 720 2867 modo
754 2825 854 2865 nos
882 2824 1120 2879 quoque,
1156 2809 1249 2877 qui
1292 2808 1345 2861 in
1403 2807 1503 2860 hac
1560 2807 1688 2869 vita,
1746 2813 2008 2873 quantum
2064 2802 2130 2855 ad

554 2902 920 2973 cognitionem
952 2910 1004 2955 et
1022 2897 1584 2964 scientiam,infautes
1605 2912 1811 2956 sumus,
1840 2903 2130 2964 postquam

559 2997 612 3046 in
646 2993 830 3047 futuro
863 2991 1069 3047 sasculo
1097 2991 1487 3058 perfectionem
1514 2988 1795 3042 consecuti
1841 2986 2130 3047 fuerimus,

559 3097 674 3141 tum
699 3086 917 3140 demum
949 3098 1364 3155 cognoscemus,
1416 3073 1524 3153 quo
1555 3083 1718 3137 modo
1774 3080 1968 3151 agniti,
2026 3079 2131 3133 hoc
2162 3113 2204 3167 ϐ

556 3190 661 3244 est,
686 3193 797 3248 quo
829 3176 992 3232 modo
1028 3177 1209 3231 dilecti
1235 3176 1525 3230 fuerimus.

630 3270 751 3327 Col.
782 3268 886 3323 319
917 3269 982 3322 A.
1022 3267 1319 3322 Immensus
1337 3267 1502 3336 igitur
1529 3275 1577 3319 et
1603 3266 1841 3333 inﬁnitus
1864 3276 1942 3322 est
1969 3265 2131 3332 Deus,

559 3373 663 3417 etc.
703 3361 990 3427 Divinitas,
1031 3369 1295 3430 quantum
1323 3359 1389 3412 ad
1423 3369 1681 3411 naturam
1719 3359 2136 3426 incomprehen-

557 3453 734 3508 sibilis
759 3462 845 3507 est
873 3471 886 3506 :
922 3467 1065 3521 aegre
1087 3461 1266 3504 autem
1297 3448 1830 3519 comprehensibilis,
1868 3459 2129 3518 quantum

557 3548 624 3600 ad
662 3562 722 3599 eu
758 3558 881 3614 quae
923 3542 1067 3597 circa
1124 3542 1298 3610 ipsam
1348 3548 1502 3603 sunt,
1553 3541 1654 3593 hoc
1685 3547 1792 3605 est,
1819 3540 2047 3594 consilia
2080 3549 2134 3594 et

556 3638 1007 3709 gubernationem
1086 3643 1247 3703 atque
1322 3648 1488 3702 opera
1545 3649 1560 3686 :
1621 3632 2133 3701 comprehensibilis

555 3740 737 3783 autem
773 3737 1039 3797 quantum
1077 3726 1146 3778 ad
1193 3723 1615 3778 immensitatem
1666 3732 1719 3777 et
1765 3722 2129 3777 infinitatem:

555 3818 912 3891 quantumvis
943 3816 1250 3872 Eunomius
1270 3815 1547 3871 existimet
1599 3813 1790 3879 Deum,
1825 3815 1956 3884 quia
1999 3814 2132 3869 sim-

556 3913 676 3982 plex
707 3912 798 3974 sit,
826 3923 1173 3979 nequaquam
1210 3921 1352 3977 :egre
1404 3905 1793 3974 comprehendi
1853 3904 2134 3974 animique

556 4006 1012 4085 contemplatione
1052 4004 1256 4073 percipi
1284 4017 1466 4074 posse,
1495 4004 1586 4057 scd
1635 4002 1717 4057 vel
1775 4017 2003 4072 prorsus
2046 4002 2131 4054 in-

555 4096 1107 4166 comprehensibilem
1140 4111 1280 4160 esse,
1327 4095 1407 4149 vel
1458 4110 1684 4169 prorsus
1718 4097 2127 4163 comprehensi-

555 4190 742 4253 bilem,
783 4198 969 4259 utpote
1001 4186 1243 4258 partibus
1273 4198 1573 4250 carentem,
1597 4188 1857 4256 omnique
1882 4202 1949 4241 ex
1982 4198 2133 4255 parte

554 4284 642 4340 sui
683 4284 940 4337 similem.
984 4282 1046 4335 in
1077 4281 1397 4351 compositis
1453 4281 1597 4335 enim
1634 4280 1817 4345 solis;
1850 4280 2048 4349 inquit,
2079 4280 2133 4333 id

555 4378 735 4432 locum
801 4375 982 4439 habet,
1038 4385 1099 4428 ut
1150 4388 1238 4428 res
1287 4373 1471 4441 aliqua
1533 4373 1731 4441 partim
1779 4371 2129 4443 intelligatur,

2241 520 2531 583 nuntiavit,
2567 536 2735 580 nunc.
2769 521 2899 591 quid
2928 522 3000 577 sit
3036 523 3364 578 inuncusum
3404 521 3691 588 ostendit,
3752 524 3825 576 ni-

2238 614 2437 666 mirum
2474 614 2529 666 id
2555 613 2698 683 quod
2732 614 2999 682 principio
3040 623 3092 668 et
3130 614 3233 669 fine
3256 615 3523 684 superius
3558 623 3665 678 est,
3702 631 3825 682 qua-

2238 704 2304 760 lis
2335 705 2478 759 Deus
2507 704 2654 760 solus
2682 714 2785 759 est.
2812 705 2949 761 Cum
2973 705 3139 776 igitur
3180 705 3246 760 ad
3283 706 3588 775 superiora
3632 707 3818 761 saecula

2236 796 2571 869 cOgitatione
2597 797 2843 852 subvecti
2876 796 3166 865 fuerimus,
3204 809 3369 869 atque
3389 798 3447 852 in
3474 797 3688 852 divina:
3712 799 3824 853 vitae

2237 890 2684 955 immensitatem,
2716 890 2862 944 velut
2884 889 2938 944 in
2970 888 3344 945 vastissimum
3394 889 3692 960 quoddam
3729 906 3816 959 pe-

2236 986 2414 1056 lagus,
2444 983 2909 1054 prospexerimus,
2936 984 3063 1054 quia
3097 983 3312 1038 nullum
3361 983 3733 1054 principium,
3764 998 3820 1037 ex

2236 1089 2344 1145 quo
2369 1071 2637 1142 originem
2669 1072 2908 1138 duxerit,
2943 1073 3188 1141 arripere
3215 1087 3549 1141 possumus,
3608 1072 3703 1128 sed
3731 1087 3815 1126 ex-

2236 1167 2493 1222 teriorem
2517 1179 2730 1234 semper
2757 1179 2823 1218 ac
2851 1162 3228 1219 sublimiorem
3257 1162 3609 1231 cogitatione
3641 1169 3812 1217 nostra

2239 1258 2329 1315 Dei
2363 1258 2529 1314 vitam
2559 1271 2680 1312 esse
2719 1255 3228 1315 animadvertimus,
3283 1254 3406 1308 ideo
3465 1253 3545 1308 ab
3581 1268 3651 1308 eo
3688 1254 3814 1323 quod

2235 1350 2503 1422 principio
2526 1357 2732 1411 careat,
2765 1348 3023 1419 ἄναρχον,
3051 1347 3104 1401 id
3130 1354 3232 1413 est,
3255 1346 3518 1417 principii
3548 1354 3814 1415 espertctu

2204 1441 2649 1513 .appellavimus.
2685 1439 2901 1495 Rursus
2929 1453 3054 1493 cum
3089 1438 3155 1492 ad
3192 1436 3552 1493 succedentia
3586 1447 3644 1492 et
3685 1435 3810 1490 infe-

2237 1535 2384 1593 riora
2437 1535 2554 1590 haac
2614 1532 2810 1588 saecula
2867 1539 3106 1586 mentem
3152 1528 3602 1594 extenderimus,
3641 1543 3703 1584 ac
3730 1528 3810 1581 Dei

2238 1630 2403 1684 vitam
2431 1626 2581 1681 nullo
2603 1624 2837 1680 termino
2891 1621 3171 1678 deﬁnitam
3215 1635 3339 1677 esse
3395 1620 3675 1685 videmus,
3736 1619 3807 1675 in-

2239 1718 2583 1773 terminatam
2618 1713 2751 1769 illud
2788 1722 2951 1783 atque
2987 1712 3342 1775 immensum,
3396 1726 3508 1767 nec
3578 1712 3686 1766 ﬁne
3708 1710 3803 1765 ullo

2239 1808 2739 1877 circumscriptum,
2766 1804 3075 1860 immortale
3105 1811 3272 1875 atque
3317 1802 3587 1861 interitus
3626 1816 3800 1873 expers

2241 1904 2612 1963 nominamus.
2639 1900 2776 1959 Cum
2801 1910 2982 1957 autem
3014 1906 3069 1954 et
3100 1897 3354 1970 principii
3400 1896 3706 1954 carentiam
3746 1909 3801 1950 ex

2241 1994 2507 2066 superiori
2534 2004 2796 2062 tempore,
2842 1998 2897 2048 et
2949 1990 3420 2047 immortalitatem
3474 2004 3544 2045 ex
3572 1985 3795 2043 inferiori

2240 2084 2640 2158 collegerimus,
2671 2093 2785 2140 tum
2816 2098 2945 2140 vero
2973 2081 3143 2141 Deum
3180 2081 3427 2149 αἰώνιον,
3453 2082 3629 2146 idest,
3658 2088 3798 2135 ater-

2243 2198 2370 2236 num
2409 2180 2668 2235 dicimus.
2704 2176 2837 2232 Nam
2873 2175 3149 2232 aeternitas
3183 2190 3279 2230 seu
3325 2174 3595 2230 scculum
3625 2172 3675 2227 iu
3705 2170 3796 2225 Deo

2243 2289 2344 2329 nec
2366 2282 2581 2343 tempus
2614 2278 2720 2337 est,
2753 2286 2855 2326 nec
2874 2268 3142 2325 dimensis
3176 2268 3550 2337 temporibus,
3589 2266 3685 2320 hoc
3704 2271 3791 2327 est,

2241 2365 2434 2421 diebus
2462 2378 2528 2420 ac
2557 2362 2861 2426 mensibus,
2907 2361 3188 2431 subiacet;
3223 2374 3413 2416 verum
3463 2357 3791 2430 quemadmo-

2240 2456 2368 2511 dum
2400 2464 2616 2523 tempus
2648 2452 2751 2508 hoc
2784 2463 3031 2508 nostrum
3059 2451 3257 2509 solaris
3308 2466 3515 2506 cursus
3566 2461 3788 2504 mensura

2240 2548 2513 2611 delinitur,
2548 2545 2631 2602 sic
2665 2544 2875 2600 inﬁnita
2902 2544 2990 2598 illa
3043 2544 3365 2614 protractio,
3428 2559 3562 2612 quae.
3598 2538 3786 2598 aeternis

2241 2640 2403 2695 rebus
2439 2639 2603 2703 inest,
2644 2637 2904 2694 saeculum
2952 2634 3088 2704 ipsis
3126 2635 3381 2697 ellicitur,
3420 2633 3584 2704 quasi
3610 2642 3785 2698 tempo-

2242 2732 2373 2786 ralis
2401 2731 2621 2802 quidam
2658 2732 2851 2784 modus
2906 2736 2961 2784 et
3002 2728 3370 2783 intervallum.
3427 2726 3568 2781 [llud
3609 2733 3785 2785 autem,

2240 2823 2396 2892 quasi
2450 2821 2694 2891 quidam,
2743 2820 2939 2892 adjecit
2998 2818 3332 2891 Theologus,
3393 2819 3540 2888 quod
3568 2825 3777 2872 exactam

2241 2915 2593 2983 numerisque
2618 2911 2873 2968 omnibus
2902 2910 3208 2965 absolutam
3235 2909 3422 2965 smculi
3457 2926 3553 2965 seu
3592 2903 3778 2962 aeterni-

2243 3004 2369 3059 tatis
2399 3002 2813 3070 descriptionem
2842 3001 3087 3069 proferre
3118 3013 3229 3054 non
3262 3009 3469 3069 posset.

2310 3096 2445 3151 Ibid.
2507 3093 2675 3163 Atque
2730 3093 2880 3147 nobis
2930 3092 2985 3145 in
3040 3090 3328 3161 praesentia
3394 3091 3460 3144 de
3503 3089 3635 3151 Deo,
3686 3093 3774 3139 etc.

2240 3186 2545 3249 Sufﬁciunt,
2582 3185 2781 3253 inquit,
2818 3197 2883 3238 ea
2912 3196 3034 3252 quae
3065 3181 3132 3235 de
3151 3179 3262 3235 Deo
3296 3180 3441 3237 dicta
3467 3188 3601 3234 sum.
3616 3173 3774 3244 Neque

2236 3280 2381 3334 enim
2414 3278 2519 3332 hoc
2549 3275 2669 3330 loco
2702 3273 3005 3328 divinitatis
3035 3271 3340 3328 doctrinam
3367 3270 3624 3339 explicare
3656 3278 3770 3335 pro-

2235 3370 2418 3439 posui,
2454 3368 2550 3424 sed
2577 3365 2975 3421 incarnationis
3009 3379 3073 3419 ac
3138 3362 3547 3419 summissionis
3594 3353 3771 3412 Christi

2236 3462 2527 3519 consilium
2561 3459 2811 3514 oratione
2839 3457 3149 3527 complecti.
3190 3452 3364 3511 Por'ro
3406 3454 3645 3510 divinitas
3673 3462 3769 3503 non

2236 3555 2379 3608 ultra
2415 3563 2528 3608 tres
2559 3566 2822 3622 personas
2875 3549 3245 3620 progreditur,
3280 3562 3377 3607 nec
3430 3559 3606 3599 rursus
3636 3542 3761 3595 intra

2234 3652 2347 3698 tres
2381 3656 2639 3712 personas
2698 3641 3041 3696 contrahitur
3098 3649 3263 3715 atque
3309 3634 3752 3694 circumscribitur.

2239 3733 2352 3789 [ioc
2386 3734 2531 3789 enim
2575 3731 2789 3787 Judaici
2818 3732 3027 3787 erroris
3079 3741 3186 3796 est,
3220 3745 3377 3786 uuam
3428 3736 3615 3783 tantum
3645 3737 3755 3794 per-

2235 3840 2427 3881 sonam
2477 3822 2849 3894 agnoscentis,
2875 3837 2939 3879 ac
2972 3822 3276 3883 divinitatis
3301 3830 3504 3890 egestas
3532 3827 3582 3871 et
3604 3829 3759 3886 penn-

2235 3917 2335 3971 ria.
2364 3912 2622 3984 Ejusdem
2646 3912 2793 3969 enim
2815 3912 3112 3982 impietatis
3137 3922 3240 3976 est,
3279 3920 3327 3969 et
3363 3927 3455 3986 per
3481 3908 3628 3964 unius
3652 3919 3761 3974 per-

2235 4023 2381 4064 sonze
2404 4006 2765 4067 assertionem
2796 4004 3082 4063 Judaismo
3133 4002 3338 4068 favere,
3396 4012 3450 4059 et
3476 3998 3570 4073 'pcr
3597 3997 3763 4052 inultae

2235 4117 2354 4154 rum
2396 4100 2787 4155 astructionem
2822 4099 3132 4168 gentilismo
3200 4086 3760 4168 patrocinarittamctsi

2234 4205 2296 4245 ea
2323 4191 2377 4244 in
2415 4191 2709 4245 contrariis
2745 4186 3107 4259 reperiantur.
3157 4188 3341 4250 Unum
3378 4191 3521 4243 enim
3549 4183 3762 4242 multitu-

2236 4281 2345 4335 dini
2377 4282 2720 4348 adversatur,
2757 4297 2821 4335 ac
2884 4282 3125 4339 vicissim
3184 4283 3483 4337 multitudo
3543 4278 3625 4331 uni
3655 4289 3764 4327 con-

2236 4372 2404 4426 traria
2428 4380 2530 4426 est.
2568 4373 2620 4425 ld
2653 4380 2833 4427 autem
2865 4372 3070 4429 idcirco
3103 4367 3241 4441 dixit
3286 4371 3606 4441 Tiicuiogus,
3643 4362 3759 4435 quod

553 4472 751 4539 partim
784 4466 1062 4538 incognita
1100 4476 1339 4521 maneat.
1376 4464 1552 4536 Hujus
1582 4472 1765 4517 autem
1798 4463 2125 4518 Eunomiaui
2156 4457 2208 4516 D
2234 4463 2506 4519 contraria
2528 4479 2614 4525 ca,
2648 4480 2769 4537 qua:
2816 4465 2998 4523 medio
3051 4472 3262 4531 carent,
3296 4504 3299 4507 .
3332 4465 3476 4521 hanc
3532 4462 3756 4518 rationem

554 4559 900 4612 deliramenti
963 4556 1081 4611 bare
1133 4564 1219 4611 est
1278 4555 1500 4610 solutio.
1536 4553 1870 4623 Simplicitas
1912 4552 1966 4605 in
2017 4549 2129 4605 Deo

557 4656 766 4701 naturae
814 4648 1082 4702 rationem
1132 4661 1241 4700 non
1272 4647 1455 4710 habet,
1490 4655 1547 4698 ut
1597 4661 1663 4698 ex
1724 4659 1787 4697 ea
1833 4642 2124 4719 quisquam

555 4736 796 4805 colligat,
839 4752 988 4800 eum,
1025 4737 1151 4803 quia
1211 4735 1441 4804 simplex
1481 4736 1572 4801 sit,
1640 4735 1723 4790 vel
1764 4749 2009 4803 prorsus,
2043 4733 2128 4787 vel

556 4828 709 4881 nullo
736 4825 897 4880 modo
935 4827 1320 4894 comprehendi
1350 4842 1529 4894 posse.
1589 4825 1786 4881 Verum
1844 4826 1990 4879 aliud
2046 4833 2129 4880 est

556 4920 738 4973 divina
776 4926 994 4983 natura,
1041 4916 1367 4985 simplicitas
1425 4927 1603 4971 autem
1668 4919 1813 4971 circa
1866 4925 2122 4972 naturam

551 5007 954 5061 consideratur.
996 5004 1262 5071 Quocirca
1304 5006 1656 5075 quwrcndum
1684 5008 1835 5075 prius
1860 5016 1965 5074 est,
1994 5011 2125 5079 quid

551 5099 623 5151 sit
654 5100 795 5152 Deus
831 5110 1095 5166 quantum
1131 5098 1196 5150 ad
1231 5107 1505 5161 naturam,
1539 5114 1703 5168 quam
1758 5099 1824 5154 de
1857 5101 2125 5170 simplici-

554 5198 667 5241 tate
692 5186 1005 5256 loquamur,
1058 5204 1181 5257 qua:
1215 5199 1463 5243 naturam
1512 5184 1889 5261 consequitur.
1942 5190 2125 5260 Quare

554 5280 688 5333 nihil
716 5280 987 5348 prohibet,
1041 5282 1334 5350 quominus
1373 5282 1588 5336 diversa
1650 5284 1882 5349 ratione,
1933 5295 1987 5339 et
2037 5287 2124 5339 in-

552 5372 1086 5440 comprehensibilis,
1149 5381 1204 5427 et
1240 5375 1635 5445 comprehenso
1693 5375 1928 5432 diliicilis
1980 5375 2126 5433 Deus

550 5463 786 5518 dicatur.

624 5554 757 5614 lbid.
788 5555 913 5610 lam
945 5573 1060 5611 vero
1100 5575 1221 5613 cum
1249 5559 1576 5617 immensitas
1602 5561 1853 5631 bifariam
1889 5562 2127 5618 conside-

624 5715 670 5748 ⁸⁸
694 5715 711 5769 1
735 5713 861 5770 Cur.
893 5731 1012 5783 xm,
1047 5716 1135 5772 12.

2236 4552 2435 4607 habere
2467 4552 2649 4616 sciret,
2690 4561 2747 4609 ut
2777 4552 2826 4619 si
2847 4553 3076 4610 alterum
3116 4552 3434 4625 fugiendum
3489 4552 3555 4608 sit
3594 4559 3647 4602 ut
3667 4560 3759 4600 ma-

2234 4645 2368 4708 lum,
2400 4645 2629 4698 alterum
2660 4645 2887 4700 omnino
2940 4644 3303 4715 expetendum
3354 4646 3423 4699 sit
3472 4656 3529 4698 ut
3558 4643 3761 4697 bonum:

2235 4747 2289 4791 at
2313 4737 2365 4791 in
2389 4735 2700 4799 contrariis,
2731 4750 2854 4805 quae
2881 4736 3120 4791 medium
3158 4736 3476 4800 admittunt,
3510 4739 3762 4798 utrumque

2234 4838 2534 4883 extremum
2588 4827 2905 4897 fugiendum
2956 4842 3096 4892 esse,
3154 4836 3214 4882 ut
3253 4842 3539 4883 excessum
3588 4838 3645 4877 ac
3688 4819 3766 4872 dc-

2236 4918 2456 4973 fectum.
2484 4919 2641 4976 Verbi
2674 4934 2837 4975 causa
2879 4919 3374 4987 intemperantiam,
3416 4929 3472 4974 ct
3515 4912 3763 4985 stupidila-

2234 5020 2340 5065 tem
2363 5009 2531 5065 animi
2557 5010 2625 5063 ab
2653 5012 2802 5066 omni
2845 5010 3137 5080 voluptatis
3200 5012 3384 5083 specie
3428 5000 3758 5065 abhorrentis;

2234 5117 2387 5171 teque
2454 5101 2740 5172 fugiendas
2790 5117 2936 5165 esse,
2993 5101 3411 5172 temperantiam
3446 5105 3759 5161 antennqlm

2237 5195 2473 5250 medium
2520 5196 2661 5251 inter
2709 5211 2806 5251 ens
2869 5197 3051 5251 locum
3112 5203 3293 5262 tenet,
3344 5188 3758 5267 amplectendam-

2233 5286 2375 5357 Ergo
2404 5289 2594 5344 eodem
2632 5289 2792 5342 modo
2812 5288 2900 5344 hic
2939 5303 3160 5363 quoque
3225 5288 3564 5363 gentilismqs
3611 5289 3658 5336 et
3679 5275 3760 5329 Ju-

2231 5378 2478 5433 daismus
2501 5381 2644 5434 inter
2682 5394 2742 5434 se
2791 5352 3034 5450 pugnant
3068 5352 3147 5435 ‘ac
3200 5352 3675 5449 reprehenduntur.
3711 5371 3760 5418 ιιι

2230 5482 2490 5524 excessus
2516 5478 2569 5525 et
2606 5468 2884 5539 defectus;
2914 5469 3461 5541 atChristiauismus,
3483 5483 3538 5527 ut
3557 5464 3760 5524 medium

2232 5560 2513 5630 quiddam,
2537 5561 2595 5616 in
2623 5561 2784 5619 laude
2811 5563 3054 5632 ponitur.
