4048 6278
286 272 424 337 1193

281 493 475 540 sancta
504 482 767 545 Trinitas.
788 500 953 553 quam
981 501 1083 556 ego
1116 486 1318 543 Sancta
1346 499 1664 547 sanctorum
1698 509 1860 561 voco,

282 585 342 630 ut
366 590 584 631 omnem
609 570 953 630 sanctitatem
983 579 1036 632 in
1088 594 1149 634 se
1209 582 1659 651 complectentem
1695 605 1709 640 :
1740 604 1862 656 qua:

279 667 500 737 quidem
523 675 578 721 et
607 682 638 721 a
669 667 956 736 Seraphim
979 672 1293 741 contegitur
1337 674 1528 743 (porro
1579 676 1858 748 incognita

277 758 374 812 illa
438 769 494 811 et
540 757 751 811 occulta
808 758 1105 815 divinitatis
1157 762 1479 830 magnitudo
1519 780 1616 835 per
1646 767 1857 823 alarum

277 850 755 918 complicationem
783 850 1122 923 designatur)
1157 868 1221 908 ac
1254 855 1430 911 tribus
1475 858 1859 918 sanctitatibus

275 952 441 1011 atque
472 957 581 997 una
620 943 997 999 dominatione
1027 946 1357 1002 celebratur.
1384 948 1519 1004 Nam
1551 952 1706 1021 juxta
1740 969 1858 1008 ma-

275 1050 442 1105 gnum
472 1036 833 1089 Athanasium
867 1038 1067 1092 eximia
1091 1039 1205 1092 haec
1249 1040 1505 1096 animalia
1542 1052 1623 1098 ter
1659 1045 1856 1103 dictio-

274 1142 400 1181 nem
431 1127 593 1193 hanc,
617 1128 873 1192 Sanctus,
910 1130 1262 1197 proh-rentia,
1296 1138 1419 1198 {tres
1467 1150 1731 1204 personas
1765 1141 1857 1194 ab-

272 1218 452 1272 solute
474 1219 809 1273 ostendunt:
852 1234 1048 1276 rursus
1072 1237 1138 1276 eo
1180 1224 1328 1293 quod
1371 1227 1541 1281 semel
1588 1229 1855 1285 duntaxat

272 1327 473 1363 nomen
509 1312 632 1375 hoc,
675 1313 955 1377 Dominus,
1004 1314 1260 1380 clamant,
1317 1320 1614 1374 essentiam
1666 1322 1851 1377 decla-

269 1409 414 1451 rant.
451 1397 721 1464 Quoniam
759 1410 940 1456 autem
987 1418 1204 1459 summo
1252 1407 1326 1461 illi
1386 1411 1551 1474 bono,
1578 1478 1581 1481 _
1607 1412 1710 1467 hoc
1743 1423 1849 1478 est,

270 1484 401 1549 Deo,
431 1487 524 1553 qui
575 1488 869 1542 essentiale
921 1491 1125 1544 bonum
1162 1505 1267 1559 est,
1304 1509 1652 1566 nequaquam
1710 1501 1850 1556 satis

261 1586 388 1629 erat
418 1592 517 1630 sua
550 1578 721 1647 ipsius
755 1582 932 1634 solum
983 1585 1443 1653 centemplatioae
1506 1591 1735 1657 moveri,
1794 1592 1848 1647 id

266 1676 373 1727 cst,
430 1668 668 1736 seipsum
720 1673 1078 1740 centemplari
1136 1686 1299 1744 atque
1343 1677 1688 1749 intelligere,
1751 1683 1847 1738 sed

1174 280 1494 345 NICETAS
1536 284 1619 346 ΙΝ
1657 286 1879 349 ORAT.
1926 290 2231 353 XXXVIII
2271 296 2328 355 S.
2374 297 2598 363 GREG.

352 373 695 448 Col.3l9.C.
719 388 806 445 Sic
828 391 1227 455 nimirum,ctc.
1249 394 1361 459 Sic,
1390 398 1589 469 inquit,
1615 415 1677 455 se
1704 402 1865 457 habet
1893 416 1936 463 Α
1974 403 2076 459 hoc
2120 417 2227 473 est,
2264 423 2373 463 non
2411 424 2634 481 propter
2690 420 3073 478 necessitatem
3103 464 3119 490 ,

3408 316 3546 386 1194

3178 433 3272 485 sed
3328 445 3547 505 propter

1972 496 2275 553 benitatem
2314 502 2512 570 solam,
2554 517 2608 560 et
2642 510 2767 574 quia
2808 511 3014 568 bonum
3049 517 3181 573 illud
3227 537 3548 591 permanere

1966 602 2030 641 ac
2056 593 2347 660 propagari
2381 598 2686 664 oportebat.
2735 599 3033 673 Postquam
3079 618 3258 664 autem
3303 615 3547 675 coelestia

1966 678 2038 731 ita
2072 694 2253 736 creata
2296 688 2669 758 praeclareque
2699 695 2998 752 constituta
3052 709 3182 755 sunt
3226 702 3349 770 (nec
3399 708 3546 764 enim

1963 769 2122 825 aliter
2147 775 2464 847 contingere
2495 785 2732 854 poterat)
2761 788 3020 844 mundum
3044 769 3263 863 quoque
3292 809 3543 868 aspecta-

1962 857 2123 914 bilem
2150 871 2314 932 atque
2345 879 2409 919 ex
2440 872 2668 926 materia
2722 887 3067 934 constantem
3119 885 3298 939 moliri
3338 898 3394 943 et
3426 890 3543 945 effi-
3572 879 3620 939 Π

1960 960 2088 1003 cere
2116 952 2310 1006 voluit.
2345 951 2441 1009 Est
2465 967 2650 1013 autem
2687 966 2945 1032 mundus,
2979 970 3290 1027 secundum
3329 975 3543 1032 Aristo-

1962 1040 2146 1105 telem,
2179 1059 2469 1117 compages
2508 1064 2573 1103 ex
2604 1053 2767 1119 cuslo,
2791 1065 2845 1110 et
2874 1067 3040 1127 terra,
3092 1062 3270 1134 iisque
3308 1070 3541 1135 naturis,

1959 1147 2084 1200 quae
2111 1149 2303 1190 eorum
2346 1140 2555 1193 ambitu
2582 1147 2959 1204 continentur.
2985 1152 3066 1207 Ac
3088 1169 3381 1229 compages
3415 1164 3543 1231 qui-

1957 1221 2079 1275 dem
2112 1236 2163 1278 et
2192 1232 2595 1297 coagmentatio
2615 1235 2834 1304 dicitur,
2857 1241 3001 1309 quod
3034 1258 3099 1297 ex
3131 1221 3461 1306 his—constet
3484 1263 3542 1306 et

1956 1314 2313 1383 compleatur,
2361 1321 2674 1395 σύγκριμα’
2701 1342 2883 1383 autem
2920 1348 2984 1387 ac
3037 1336 3186 1391 velut
3217 1339 3538 1412 σύμμιγμα,

1957 1404 2059 1458 hoc
2093 1416 2199 1469 est,
2260 1414 2574 1469 eommistio
2603 1459 2618 1480 ,
2662 1427 2889 1487 propter
2939 1423 3237 1494 elementa,
3289 1446 3395 1497 que
3429 1448 3537 1487 non

1954 1494 2117 1548 modo
2167 1499 2418 1567 proprias
2459 1505 2620 1557 sedes
2675 1506 2897 1574 habent,
2930 1513 3026 1566 sed
3075 1514 3239 1569 etiam
3292 1494 3433 1573 inter
3479 1538 3540 1575 se

1954 1588 2412 1646 commiscentur.
2441 1594 2769 1665 Quanquam
2822 1602 2969 1656 enim
3030 1616 3094 1659 ea
3135 1608 3288 1663 locali
3332 1622 3436 1665 situ
3472 1632 3539 1668 ac

1958 1687 2149 1732 natura
2186 1681 2424 1737 discreta
2461 1697 2516 1740 et
2563 1698 2813 1756 separata
2872 1693 2984 1747 sint
3031 1711 3046 1749 :
3090 1704 3270 1753 tamen
3330 1713 3536 1759 mutuae

265 1757 497 1812 dia-“ml;
533 1774 595 1814 ac
631 1764 922 1830 propagari
955 1765 1158 1819 bonum
1188 1767 1322 1823 illud
1384 1746 1694 1838 οροτξριηι,
1743 1778 1845 1829 hoc
1881 1746 1920 1798 Β
1951 1770 2235 1826 relationis
2273 1776 2684 1835 necessitudine
2709 1781 3137 1853 conjunguntur.
3170 1787 3386 1845 Etcum
3416 1793 3535 1848 sin-

260 1859 370 1911 est,
406 1866 576 1905 unum
616 1852 783 1908 Deum
819 1871 917 1925 pro
959 1861 1168 1916 ratione
1225 1877 1442 1929 eorum,
1503 1883 1626 1937 quae
1670 1869 1846 1939 ipsius

260 1946 484 2010 capacia
510 1955 714 2013 essent,
750 1964 845 2017 per
869 1950 1137 2008 bonorum
1190 1971 1419 2012 suorum
1469 1964 1847 2019 communica-

264 2034 464 2088 tionem
493 2037 721 2094 diﬂundi
755 2057 818 2096 ac
848 2045 1227 2115 multiplicari.
1262 2048 1440 2120 (Quod
1493 2063 1674 2109 autem
1710 2057 1788 2111 ait
1823 2076 1839 2114 :

262 2126 590 2195 Oportebat,
629 2149 736 2187 non
790 2139 1166 2195 necessitatem
1222 2143 1414 2210 affert,
1473 2147 1567 2201 sed
1630 2151 1842 2217 Opiﬁcis

262 2223 600 2278 voluntatem
632 2227 966 2284 subindicat.
997 2231 1114 2302 Ipsa
1140 2237 1285 2289 enim
1309 2238 1391 2291 lex
1422 2248 1507 2293 est
1529 2256 1841 2311 congruen-

263 2313 524 2385 tissima.)
557 2316 849 2384 Quoniam,
881 2322 1080 2392 inquit,
1114 2326 1203 2397 ita,
1234 2332 1540 2400 oportebat,
1577 2335 1839 2405 primum,

260 2416 322 2457 ut
370 2414 505 2463 ordo
543 2412 819 2481 seriesque
870 2426 1076 2472 sterum
1127 2419 1355 2487 ferebat,
1380 2426 1603 2495 angelos
1637 2429 1840 2484 intelli-

259 2499 442 2566 gentia
488 2505 756 2573 concepit.
793 2507 970 2576 Atque
1016 2510 1105 2566 hie
1140 2512 1236 2568 tibi
1269 2515 1834 2587 animadvertendum,

257 2592 555 2662 principem
586 2612 775 2653 eorum
811 2618 934 2670 quae
965 2603 1123 2670 ﬁunt,
1160 2623 1409 2674 causam,
1441 2609 1656 2668 Patrem
1691 2632 1834 2683 esse,

256 2685 580 2742 effectricem
618 2706 752 2747 vero
782 2691 1003 2760 Filium,
1034 2699 1409 2766 perlecn-icem
1439 2715 1620 2759 autem
1660 2705 1837 2777 Spiri-

257 2788 373 2832 tnm
406 2790 651 2836 sanctum
681 2800 694 2839 :
725 2785 797 2839 ita
829 2796 886 2840 ut
907 2785 1084 2844 Patris
1109 2793 1331 2860 quidem
1354 2798 1633 2854 voluntate
1660 2802 1838 2857 admi-

259 2870 411 2924 nistri
439 2873 664 2939 spiritus
691 2878 957 2933 exsiStant
982 2898 997 2936 :
1022 2883 1235 2939 actione
1265 2902 1394 2941 vero
1420 2887 1540 2944 Filii
1565 2892 1617 2946 in
1652 2908 1833 2950 rerum

256 2970 507 3019 naturam
566 2968 940 3036 producantur
995 2990 1010 3028 :
1048 2971 1284 3044 Spiritus
1326 2988 1513 3036 autem
1544 2989 1831 3053 praesentia

253 3055 639 3125 perfectionem
701 3069 755 3115 et
792 3063 1151 3132 expletioncm
1204 3071 1495 3140 accipiant.
1560 3077 1899 3157 Perfectiol‘

251 3148 567 3215 angelorum
616 3148 948 3208 illuminatio
1003 3164 1059 3210 et
1103 3159 1464 3216 sanctificatio
1530 3173 1634 3228 est.
1666 3176 1833 3237 atque

248 3235 307 3290 in
352 3253 414 3292 ea
463 3243 796 3308 permansio.
844 3244 1008 3300 Verbo
1049 3250 1194 3304 enim
1233 3250 1470 3319 Domini,
1502 3257 1680 3328 inquit
1720 3263 1828 3327 ille,

248 3331 371 3382 caeli
421 3331 626 3399 ﬁrmati
672 3346 819 3402 sunt,
841 3348 893 3390 et
948 3340 1143 3409 spiritu
1181 3346 1289 3399 oris
1325 3347 1439 3416 ejus
1470 3353 1638 3406 onmis
1664 3355 1828 3411 virtus

240 3438 425 3475 eorum
442 3424 506 3490 ³⁸,
539 3424 778 3496 Angelos
809 3444 994 3498 porro,
1026 3434 1110 3488 vel
1144 3435 1325 3505 ignem
1364 3443 1591 3498 materia
1630 3457 1684 3499 et
1709 3462 1831 3502 cor-

240 3531 377 3584 pore
419 3531 692 3575 Carentem
726 3538 847 3579 esse
881 3527 1160 3582 existimat
1187 3531 1360 3599 (juxta
1392 3533 1522 3590 illud
1553 3536 1772 3596 Davidis
1810 3559 1825 3597 :

242 3607 351 3673 Qui
401 3611 534 3679 facit
582 3616 796 3685 angelos
849 3634 972 3673 suos
1015 3621 1256 3691 spiritus,
1299 3636 1346 3679 et
1388 3630 1657 3686 ministros
1700 3650 1825 3689 suos

239 3698 521 3766 ﬂammam
575 3705 800 3777 ignis")
833 3708 951 3764 sive
1002 3712 1162 3766 aliam
1210 3718 1505 3785 quamdam
1569 3733 1822 3779 naturam

241 3792 634 3861 impatibilem,
683 3808 739 3853 et
798 3811 975 3857 motus
1029 3794 1441 3875 expertem,rac
1491 3822 1708 3870 tenuem
1768 3826 1822 3874 et

242 3885 574 3954 simplicem,
621 3890 692 3946 ab
747 3890 817 3946 iis
864 3908 1001 3963 quas
1060 3904 1650 3973 commemoravimus,
1710 3924 1820 3969 non

239 3975 401 4045 longe
444 3993 733 4050 remotam,
767 3985 870 4039 hoc
895 3995 999 4051 est,
1035 3989 1104 4043 ab
1130 3990 1253 4060 igne
1281 4001 1337 4048 et
1363 3995 1582 4063 spiritu.
1610 3997 1823 4055 Caven-

240 4069 372 4119 dum
427 4069 572 4122 enim
631 4072 728 4126 tibi
763 4082 869 4139 est,
922 4091 990 4131 ne
1041 4093 1366 4149 Corporeunt
1431 4087 1692 4154 quiddam
1752 4091 1821 4146 de

235 4158 450 4226 angelis
500 4162 686 4217 animo
740 4166 1042 4236 concipias.
1078 4172 1156 4225 Ac
1189 4172 1377 4228 vellem
1428 4178 1648 4246 quidem
1683 4181 1818 4236 mihi
1858 4194 1861 4199 ‘

232 4249 417 4306 dicere
458 4252 666 4321 liceret,
724 4259 948 4328 angelos
998 4264 1066 4316 ad
1120 4266 1327 4320 malum
1358 4270 1584 4324 omnino
1618 4274 1818 4327 immo-

227 4336 391 4401 biles,
432 4352 620 4412 utpote
664 4343 762 4399 Dei
810 4350 1166 4419 propinquos,
1212 4369 1277 4409 ac
1328 4357 1592 4426 primario
1642 4361 1815 4432 ipsius

229 4429 446 4498 fulgore
497 4436 847 4496 collucentes.
879 4443 986 4497 Sed
1016 4455 1075 4499 ut
1112 4462 1210 4503 eos
1240 4466 1382 4518 aegre
1420 4453 1650 4513 mobiles
1695 4456 1812 4509 exi-
1837 4428 1892 4490 Β

230 4526 450 4581 stimcm
515 4543 579 4584 ac
628 4531 848 4599 dicam,
911 4537 1047 4592 mihi
1100 4537 1340 4596 Luciferi
1391 4544 1813 4619 daemonumque

231 4631 399 4672 casus
429 4625 744 4690 persuadet,
778 4629 871 4697 qui
904 4631 1125 4698 quidem
1157 4635 1224 4687 ab
1257 4634 1440 4689 habitu
1467 4637 1583 4704 illo,
1606 4654 1716 4707 quo
1743 4640 1813 4694 ad

220 4707 439 4763 bonum
491 4716 828 4783 ferebantur,
864 4721 1063 4786 aversi,
1097 4739 1162 4778 ac
1218 4740 1313 4793 per
1360 4741 1521 4780 suum
1578 4744 1608 4783 a
1666 4730 1810 4784 bono

222 4797 531 4856 discessum
563 4816 616 4859 et
656 4806 863 4879 fugam,
893 4814 1096 4868 malum
1122 4814 1370 4872 fabricati
1418 4822 1619 4890 (neque
1662 4823 1806 4876 enim

224 4895 339 4947 ulla
392 4897 495 4950 alia
556 4910 641 4954 est
684 4904 814 4958 mali
869 4907 1211 4975 substantia,
1253 4928 1417 4981 quam
1478 4917 1747 4983 separatio
1778 4931 1809 4969 a

227 4985 396 5058 bono)
447 4992 810 5060 cogitationes
852 5012 980 5054 suas
1023 5014 1214 5057 omnes
1240 5013 1295 5057 et
1323 5007 1503 5060 studia
1532 5022 1598 5062 eo
1619 5006 1810 5064 confe-

225 5087 376 5133 runt.
410 5088 468 5134 ut
497 5081 635 5137 alios
660 5099 880 5156 quoque
909 5089 974 5144 ad
1011 5092 1136 5145 mali
1172 5096 1508 5153 consortium
1543 5112 1598 5155 et
1626 5104 1806 5159 socie-

223 5179 391 5225 tatem
420 5180 756 5242 pertrahant.

294 5263 414 5319 Col.
448 5267 554 5321 522
586 5273 650 5326 Α.
680 5272 773 5329 Sic
811 5277 975 5344 igitur
1003 5290 1159 5352 atque
1200 5285 1262 5338 ob
1291 5286 1385 5340 has
1416 5304 1607 5345 causa:
1646 5294 1803 5365 intel-

218 5354 414 5410 lcctilis
452 5366 678 5420 mundus
709 5367 774 5421 ab
808 5385 868 5424 eo
901 5385 1110 5428 creatus
1144 5388 1245 5442 est,
1296 5391 1402 5436 etc.
1437 5381 1550 5450 Sic,
1601 5386 1798 5456 inquit,

219 5448 556 5509 intellectilis
592 5460 833 5516 mundus
888 5479 1106 5521 creatus
1141 5479 1246 5536 est,
1303 5471 1409 5528 hoc
1460 5485 1573 5540 est,
1618 5479 1796 5547 primo

218 5547 432 5612 Ordine,
464 5560 518 5605 et
557 5556 717 5610 unica
748 5562 1076 5630 cogitatione
1107 5581 1120 5617 :
1151 5573 1317 5634 atque
1344 5567 1415 5622 oh
1445 5568 1543 5625 has
1578 5586 1797 5644 causas,

254 5628 275 5659 ι

311 5703 355 5738 ³³
380 5706 530 5769 Psal,
568 5726 741 5778 xxxn,
780 5713 835 5769 6.
911 5716 963 5750 ⁸ο
998 5718 1142 5776 Psal.
1179 5726 1295 5790 ciu,
1332 5729 1386 5785 4.

542 5804 663 5865 ΡΔἸ
675 5825 818 5870 ιιοι..
862 5813 979 5873 Gn.
1026 5813 1289 5879 CXXVII
1310 5873 1315 5878 .

1948 1860 2089 1929 gulae
2134 1875 2403 1920 creatura:
2457 1872 2755 1938 separatim
2816 1875 3179 1933 considerata;
3229 1880 3533 1941 laudabiles

1948 1952 2061 2003 sint
2108 1968 2122 2005 :
2165 1962 2279 2007 tum
2317 1971 2448 2012 vero
2484 1959 2557 2014 ob
2593 1971 2838 2016 mutuam
2886 1979 3077 2022 earum
3115 1969 3258 2026 inter
3297 1988 3357 2029 se
3386 1978 3529 2031 rela-

1948 2039 2150 2094 tionem
2204 2042 2596 2103 laudabiliores
2647 2053 3102 2122 conspiciuntur.
3135 2059 3284 2130 Ignis
3319 2064 3530 2121 calidus

1944 2139 1999 2182 ct
2029 2130 2213 2187 siccus
2237 2147 2322 2190 est
2343 2172 2360 2199 ,
2392 2151 2487 2192 aer
2515 2139 2730 2197 calidus
2759 2153 2814 2197 et
2844 2144 3140 2218 humidus;
3173 2166 3313 2223 aqua
3345 2155 3532 2231 humi-

1944 2224 2012 2278 da
2035 2236 2089 2279 et
2142 2226 2372 2299 frigida;
2413 2241 2558 2288 terra
2615 2234 2813 2306 frigida
2867 2251 2922 2295 et
2960 2243 3128 2299 sicca.
3181 2227 3527 2321 lgnis'porro

1945 2319 2162 2374 tametsi
2206 2336 2304 2390 per
2334 2338 2394 2379 se
2445 2326 2787 2384 admirabilis
2829 2332 3099 2401 exsistat,
3150 2319 3528 2400 admirabilior

1943 2411 2125 2460 tamen
2156 2417 2243 2462 est
2271 2410 2443 2478 ipsius
2477 2428 2603 2469 cum
2638 2431 2766 2473 aere
2814 2420 3028 2491 mistio;
3061 2427 3204 2482 aeris
3229 2429 3357 2486 item
3398 2449 3523 2488 cum

1938 2505 2122 2561 aqua;
2177 2510 2332 2565 aquae
2391 2515 2584 2558 rursus
2618 2518 2742 2559 cum
2771 2518 2940 2566 terra.
2997 2514 3180 2586 Atque
3218 2522 3403 2578 omnia
3456 2528 3526 2580 ad

1939 2585 2130 2639 mundi
2177 2594 2715 2659 coagmentationem
2775 2599 2879 2655 sibi
2938 2585 3171 2661 invicem
3216 2611 3523 2682 conferunt,

1939 2683 2265 2747 naturaeque
2297 2696 2413 2737 sua:
2474 2694 2530 2738 et
2578 2688 2833 2746 utilitatis
2882 2694 3124 2752 rationes
3160 2699 3381 2769 habent,
3418 2710 3525 2763 etsi

1939 2767 2143 2821 meritis
2165 2779 2371 2826 nostrae
2406 2785 2566 2843 captu
2596 2778 2950 2838 sublimiores
2977 2784 3109 2840 sint.
3158 2788 3332 2847 Porro
3368 2767 3526 2852 bunc

1937 2872 2160 2928 quoque
2207 2863 2528 2919 sensibilem
2561 2869 2826 2924 mundum
2871 2871 3019 2930 Deus
3052 2879 3334 2946 produxit,
3373 2894 3430 2938 ut
3461 2899 3525 2942 se

1936 2962 2046 3003 non
2079 2950 2242 3006 modo
2275 2953 2646 3011 intellectilem
2696 2963 2962 3018 mundum
2993 2966 3208 3024 allicere
3236 2986 3399 3041 posse
3426 2991 3522 3033 os-

1939 3040 2209 3107 tenderet,
2244 3044 2342 3097 sed
2362 3044 2528 3100 etiam
2561 3062 2884 3118 corporeum
2910 3064 3076 3125 atque
3107 3073 3136 3112 a
3167 3075 3227 3115 se
3242 3040 3515 3122 alienum.

1932 3127 2322 3198 Cognationem
2357 3135 2503 3189 enim
2533 3139 2828 3206 quamdam
2859 3158 2984 3198 cum
3033 3146 3144 3203 Deo
3195 3154 3373 3223 angeli
3417 3157 3517 3211 ha-

1934 3221 2082 3285 bent,
2109 3231 2381 3292 quatenus
2410 3241 2646 3297 corpore
2669 3243 2865 3288 vacant
2920 3251 2985 3291 ac
3008 3239 3124 3294 sola
3155 3221 3335 3300 men-te
3361 3261 3515 3302 com-

1934 3313 2352 3380 prehenduntur
2389 3333 2405 3370 :
2439 3331 2631 3374 contra
2663 3323 2856 3392 procul
2907 3340 2938 3380 a
2980 3326 3091 3385 Deo
3120 3343 3347 3390 remoue
3387 3351 3517 3392 sunt

1932 3412 1987 3456 et
2033 3404 2227 3462 aliena:
2279 3417 2490 3464 natura:
2523 3427 2717 3471 omnes
2755 3432 2879 3487 qua:
2927 3420 2982 3474 in
3038 3436 3236 3482 sensus
3257 3429 3510 3491 cadunt:

1929 3504 2096 3564 atque
2138 3497 2224 3553 his
2276 3499 2444 3554 etiam
2487 3508 2832 3574 remotiores,
2891 3526 3017 3581 quae
3069 3515 3253 3572 anima
3299 3533 3511 3578 carent.

1928 3584 2198 3640 Caeterum
2251 3589 2445 3646 aliena:
2501 3608 2533 3648 ε
2578 3594 2687 3652 Deo
2740 3607 2796 3653 et
2851 3604 3152 3674 peregrina:
3198 3608 3513 3679 hujusmodi

1927 3687 2190 3731 creaturae
2227 3676 2530 3748 dicuntur,
2572 3692 2878 3744 secundum
2927 3702 3221 3763 naturam,
3277 3709 3332 3755 et
3382 3704 3511 3772 quia

1927 3764 2136 3820 nullam
2169 3768 2548 3829 similitudinis
2581 3779 2850 3835 rationem
2870 3796 2993 3838 cum
3026 3801 3095 3842 eo
3117 3788 3337 3846 habent.
3372 3764 3509 3849 Nam

1924 3855 2439 3929 alioqui,quantum
2469 3867 2536 3919 ad
2562 3870 2859 3928 creationis
2909 3886 2965 3930 et
3010 3880 3372 3947 providentiae
3417 3902 3508 3941 ra-

1926 3945 2154 4013 tionem,
2208 3952 2630 4025 haudquaquam
2683 3961 2754 4016 ab
2804 3977 2871 4018 eo
2943 3945 3176 4038 ejusque
3261 3972 3511 4032 bonitate

1923 4036 2114 4093 alienae
2150 4050 2299 4096 sunt.
2338 4042 2444 4098 Sed
2493 4045 2697 4104 dixerit
2749 4053 2881 4107 mihi
2916 4036 3189 4128 quispiam
3224 4064 3315 4131 id,
3362 4070 3507 4137 quod

1922 4127 2131 4196 vulgari
2173 4135 2468 4199 proverbio
2514 4137 2784 4210 jactatur,
2814 4146 2957 4212 Quin
2990 4127 3093 4217 tu,
3131 4155 3275 4209 velut
3302 4127 3508 4228 equum

1921 4216 1990 4272 ad
2020 4228 2217 4274 metam
2244 4260 2261 4285 ,
2320 4224 2394 4278 ita
2453 4229 2758 4286 orationem
2803 4250 3025 4307 quoque
3074 4243 3143 4295 ad
3180 4216 3504 4304 institutam

1920 4310 2230 4378 materiam,
2255 4315 2327 4368 ob
2358 4332 2523 4385 quam
2553 4325 2914 4382 convenimus
2960 4337 3016 4383 et
3044 4332 3375 4403 assidemus,
3406 4341 3505 4394 sti-

1921 4401 2142 4456 mulas?
2200 4402 2316 4459 Hoc
2377 4410 2637 4465 nimirum
2663 4412 2898 4484 faciam,
2947 4422 3049 4475 etsi
3090 4437 3123 4477 a
3187 4401 3510 4488 Divinitatis‘

1916 4490 2169 4548 doctrina
2201 4510 2435 4553 exorsus
2476 4515 2622 4568 sum,
2667 4518 2697 4556 a
2745 4507 3047 4573 cupiditate
3080 4512 3331 4571 videliCet
3379 4534 3503 4576 ser-

1919 4585 2208 4653 manisque
2244 4588 2391 4642 serie
2423 4601 2757 4660 pertractus.
2794 4596 2932 4652 Nam
2962 4615 3073 4668 me,
3112 4604 3180 4660 de
3207 4605 3502 4669 Divinitate

1916 4670 2192 4728 disserere
2249 4680 2590 4750 cupientem,
2631 4684 2746 4741 huc
2799 4690 2966 4744 traxit
3012 4696 3210 4751 oratio.
3256 4699 3498 4769 Etenim,

1915 4779 2040 4819 cum
2075 4767 2144 4820 de
2190 4768 2546 4829 humanitatis
2605 4788 2903 4848 assumpta:
2959 4785 3193 4841 consilio
3246 4767 3497 4851 dicturus

1914 4870 2090 4913 essem
2117 4898 2134 4924 ,
2187 4876 2312 4931 qua:
2359 4863 2534 4933 ipsius
2587 4881 2756 4924 causa
2787 4875 3080 4942 exstiterit,
3112 4886 3497 4951 exponendum

1914 4946 2046 5013 fuit,
2085 4966 2281 5021 nempe
2312 4951 2555 5013 hominis
2588 4966 2977 5031 transgressio.
3002 4966 3136 5023 illud
3161 4946 3326 5026 etiam
3359 4977 3496 5047 adji-

1911 5051 2036 5092 cere
2069 5046 2331 5109 oportuit,
2396 5045 2632 5117 hujusce
2688 5057 3159 5123 transgressionis
3209 5045 3491 5120 auctorem

1912 5130 2188 5187 diabolum
2243 5134 2415 5192 fuisse
2447 5156 2462 5192 :
2491 5149 2657 5211 atque
2702 5144 2806 5199 hoc
2853 5159 3169 5220 propterea,
3209 5155 3490 5214 diabolum

1912 5234 2266 5292 nequaquam
2295 5241 2325 5278 a
2356 5228 2467 5281 Deo
2498 5231 2660 5284 talem
2695 5244 2935 5291 creatum
2964 5239 3156 5308 fuisse,
3201 5261 3390 5302 verum
3433 5250 3490 5304 in

1909 5309 2150 5366 deterius
2186 5313 2535 5372 immutatum
2568 5359 2582 5384 ,
2643 5334 2697 5377 et
2737 5338 3020 5395 peceatum
3075 5333 3385 5406 inchoasse,
3434 5353 3489 5396 et

1911 5400 2046 5456 alios
2070 5402 2137 5455 ad
2163 5404 2500 5470 peccandum
2531 5409 2834 5473 induxisse.

1980 5492 2116 5547 lbid.
2157 5495 2219 5550 C.
2256 5494 2542 5554 Enimvero
2570 5520 2716 5561 mens
2758 5510 2876 5578 jam
2908 5522 2956 5566 et
3001 5530 3206 5583 sensus,
3246 5519 3324 5571 sic
3347 5521 3485 5579 inter

1910 5598 1964 5637 se
1992 5583 2245 5656 discreta,
2281 5597 2392 5645 etc.
2418 5588 2522 5647 Per
2556 5607 2798 5655 mentem
2834 5601 3149 5675 Theologus
3193 5608 3483 5670 intellecti.

2962 5847 3037 5909 38
