4064 6274
601 206 734 267 ὶῖθῦ

2010 206 2383 267 ΑΒΒΕΝΒΛ.

3728 214 3864 281 ιιεδ

3188 271 3214 302 \

595 318 699 371 lem
732 326 1007 382 ornatum,
1036 316 1089 372 id
1112 326 1216 381 cst,
1251 316 1471 388 angelos
1502 314 1756 385 intelligit
1785 332 1798 369 :
1834 329 1928 384 per
1953 329 2173 369 sensum
2206 323 2253 379 Α
2284 319 2351 375 οι)
2387 302 2601 382 inanem
2662 320 2886 390 gloriam
2932 330 2984 376 et
3036 321 3237 379 fastum
3290 328 3489 383 cristas
3538 316 3862 396 sustulerit,

595 420 802 474 autem,
854 409 1117 464 mundum
1158 410 1303 463 hunc
1353 411 1447 478 qui
1485 425 1650 463 sensu
1702 407 2016 477 percipitur.
2047 406 2163 462 Ait-

593 517 744 572 que:
780 500 1008 556 Sensilis
1039 508 1204 570 atque
1240 498 1599 569 intelligibilis
1649 497 1885 552 mundus
1936 498 1989 550 in
2036 495 2168 551 επε-

594 594 762 649 etriee
793 592 1012 662 quidem
1046 601 1230 646 mente
1258 591 1424 647 simul
1451 599 1610 646 erant
1642 605 1799 646 :cum
1827 601 2008 643 autem
2040 604 2166 657 pro-

593 685 741 738 ducti
775 692 922 748 sunt,
961 692 1090 739 tunc
1128 685 1292 739 etiam
1340 684 1481 740 inter
1524 697 1584 737 se
1614 681 1839 737 discreti
1871 689 2020 745 sunt,
2065 681 2169 734 hoc

592 786 699 840 est,
749 776 1042 846 separatim
1097 776 1285 832 creati.
1353 780 1531 846 Atque
1581 787 1807 845 uterque
1852 774 1992 828 intra
2035 773 2169 827 lines

594 884 725 923 suos
755 867 1115 933 consistebat,
1152 868 1260 923 hoc
1299 879 1383 922 est
1418 867 1775 937 intelligibilia
1812 864 2168 935 intelligibilia

594 959 773 1013 solutn
823 970 999 1023 erant,
1043 970 1099 1014 et
1140 959 1421 1014 srnsibilia
1480 958 1659 1011 solum
1714 955 2015 1015 sensibilia.
2069 970 2167 1007 nec

593 1050 736 1104 inter
764 1065 823 1105 se
852 1052 1351 1105 comtnisrebantur
1387 1090 1403 1115 ,
1438 1065 1502 1104 ac
1535 1048 1944 1118 pulchritudine
1971 1057 2026 1101 et
2053 1061 2164 1099 ma-

593 1141 880 1209 gnitudine
932 1157 1030 1196 sua
1076 1142 1355 1196 Creatoris
1402 1142 1701 1211 potentiam
1730 1139 2166 1209 sapientiamque

594 1236 755 1287 tacite
811 1234 1205 1303 praedicabant.
1260 1234 1513 1289 Nondum
1549 1244 1730 1285 autem
1772 1231 1878 1284 ulla
1926 1239 2047 1284 erat
2099 1245 2165 1284 ex

594 1333 828 1391 utroque
864 1324 1211 1393 temperatio,
1266 1339 1364 1377 nec
1397 1325 1798 1377 contrariorum
1826 1321 2029 1385 mistio,
2066 1322 2168 1375 hoc

592 1421 695 1476 est,
728 1411 1079 1480 intelligibilis
1107 1422 1162 1466 et
1211 1411 1486 1465 sensibilis
1520 1409 1748 1474 mundi,
1809 1408 2167 1479 quoadusque

593 1503 757 1555 homo
806 1517 872 1556 ex
927 1502 1109 1556 anima
1168 1501 1491 1571 intelligibili
1556 1516 1620 1556 ac
1681 1510 1896 1554 terreno
1937 1514 2167 1568 corpore

600 1595 853 1648 conditus
884 1604 989 1648 cst.
1028 1592 1199 1647 l’orro
1242 1593 1437 1648 anima:
1471 1600 1525 1647 et
1556 1592 1799 1661 corporis
1844 1590 2165 1660 temperatio

594 1684 814 1748 dicitur,
842 1696 899 1739 ut
930 1685 1293 1752 intelligamus
1319 1685 1557 1739 animam
1583 1693 1851 1747 nostram,
1887 1695 1945 1738 ut
1977 1686 2161 1737 vinum

591 1791 756 1845 aqua,
788 1777 869 1831 sic
901 1786 1014 1830 toto
1046 1792 1279 1846 corpore
1308 1784 1772 1847 contentperatam
1803 1790 1946 1830 esse.
1981 1775 2163 1829 Mistio

590 1877 795 1932 autem,
827 1867 956 1936 quia
982 1879 1153 1921 morte
1184 1876 1499 1936 separatur,
1538 1866 2009 1935 hujusmodienim
2037 1876 2165 1921 sunt

590 1975 713 2027 quae
754 1961 1075 2023 miscentur,
1110 1970 1166 2015 ut
1210 1961 1476 2016 hordeum
1499 1970 1554 2013 et
1586 1960 1847 2014 triticum.
1888 1957 2007 2014 Jam
2040 1975 2165 2013 vero

593 2053 734 2104 Deus
763 2051 1036 2107 hominem
1070 2050 1387 2115 fabricatur,
1427 2050 1625 2119 partim
1657 2067 1722 2105 ex
1756 2051 1980 2105 materia
2007 2060 2166 2105 terrae

583 2144 696 2213 jam
732 2145 913 2213 primo
951 2145 1039 2198 die
1075 2144 1250 2207 facite,
1312 2143 1509 2213 partim
1541 2158 1608 2198 ex
1661 2144 1842 2197 anima
1878 2144 1976 2212 ipsi
2023 2160 2052 2196 a
2107 2160 2164 2198 se

586 2236 876 2305 inspirata,
915 2236 1016 2289 hoc
1074 2244 1174 2295 est,
1232 2236 1300 2289 ab
1333 2233 1604 2289 cli'ectrice
1661 2233 1833 2303 ipsius
1891 2236 2160 2302 potentia,

586 2326 752 2394 idque
780 2341 846 2379 ex
885 2326 1055 2380 nihilo
1080 2365 1096 2390 ,
1148 2342 1211 2380 ac
1253 2340 1360 2378 non
1410 2339 1477 2380 ex
1528 2324 1850 2395 praejacente
1895 2327 2159 2381 materia:

589 2432 824 2486 eumque
863 2417 914 2470 in
951 2425 1095 2470 terra
1159 2418 1444 2471 constituit
1500 2432 1754 2485 tnaguum
1803 2418 2064 2471 mundum
2104 2419 2154 2471 in

596 2521 765 2576 parvo
798 2510 1022 2573 mundo,
1061 2507 1162 2561 hoc
1190 2517 1293 2570 cst,
1329 2508 1597 2564 sensibili.
1636 2507 1849 2563 Parvus
1883 2509 2029 2561 enim
2079 2518 2162 2564 est

593 2600 681 2651 hic
713 2598 976 2665 mundus,
1009 2599 1056 2656 si
1099 2615 1222 2654 cum
1262 2600 1504 2663 homine,
1559 2600 1718 2668 cujus
1760 2615 1928 2655 causa
1981 2603 2162 2655 omnia

589 2691 733 2746 facta
766 2704 913 2757 sunt,
940 2693 1284 2748 conferatur.
1339 2694 1395 2747 Ι]
1427 2694 1595 2759 enim,
1642 2693 1801 2763 tujus
1833 2707 1999 2748 causa
2060 2694 2162 2748 ali-

590 2781 722 2847 quid
757 2783 834 2846 til,
873 2783 1048 2852 majus
1075 2793 1159 2839 est
1182 2794 1236 2838 et
1266 2784 1627 2839 excellentius
1657 2798 1723 2837 eo
1754 2785 1896 2852 quod
1936 2794 2160 2855 propter

586 2874 734 2927 aliud
763 2876 1022 2944 quiddam
1053 2875 1300 2930 edicitur.
1339 2878 1518 2945 Atque
1548 2888 1670 2929 eum
1700 2875 1943 2929 omnium
1970 2890 2156 2929 earnm

585 2982 793 3029 rerum,
831 2984 952 3035 qua:
995 2965 1151 3043 infra
1181 2967 1370 3022 lunam
1430 2974 1580 3030 sunt,
1619 2981 1798 3037 regem
1852 2968 2152 3034 constituit,
2184 2997 2228 3056 ο

590 3063 647 3107 ιιι
679 3055 937 3111 omnibus
964 3055 1151 3121 rebus,
1184 3072 1323 3126 quas
1357 3057 1679 3112 condiderat
1703 3072 1767 3111 ac
1801 3057 2154 3126 produxerat,

590 3146 968 3202 dominaretur
1001 3168 1013 3202 :
1054 3159 1273 3219 propter
1298 3163 1502 3218 corpus
1543 3149 1763 3216 quidem
1798 3158 2071 3203 terrenum
2103 3160 2158 3204 ct

586 3238 852 3293 caducum
905 3253 971 3293 ac
1024 3240 1292 3294 visibilem
1329 3258 1342 3293 :
1375 3248 1599 3309 propter
1651 3241 1890 3294 animam
1951 3253 2153 3306 autem,

581 3329 860 3383 caelestem
921 3338 975 3384 et
1050 3331 1413 3384 immortalem
1486 3339 1651 3400 atque
1733 3331 2152 3401 intelligibiletn.

581 3419 820 3476 Medium
858 3421 1000 3476 inter
1033 3422 1463 3490 magnitudinem
1497 3431 1553 3476 et
1608 3422 1972 3477 humilitatem
1995 3465 2012 3490 ,
2054 3426 2157 3480 hoc

582 3522 689 3578 est,
722 3513 865 3567 inter
898 3523 1129 3567 mortem
1159 3520 1213 3566 et
1245 3513 1736 3579 immortalitatem,
1762 3515 2155 3570 utrumhorum

582 3605 739 3670 sequi
771 3610 935 3669 atque
978 3602 1233 3671 amplecti
1274 3602 1454 3666 vellet,
1499 3602 1734 3658 arbitrio
1779 3603 1957 3672 ipsius
1988 3606 2154 3659 relin-

584 3710 780 3763 quens.
817 3693 1142 3764 Quanquam
1166 3694 1311 3748 ettim
1363 3696 1529 3749 homo
1559 3703 1756 3751 natura
1795 3698 2044 3752 mortalis
2069 3713 2156 3754 cs—

584 3794 691 3847 set.
725 3794 909 3853 utpote
959 3801 1024 3839 ex
1062 3801 1167 3840 non
1201 3786 1500 3841 essisteute
1543 3786 1724 3842 factus
1754 3803 1770 3840 :
1808 3795 1990 3843 tamen
2021 3803 2154 3858 pio—-

587 3885 707 3943 pter
741 3876 913 3944 ipsius
943 3891 1068 3931 cum
1099 3878 1432 3945 sempiterno
1465 3878 1579 3933 Deo
1606 3878 2021 3935 similitudinem
2053 3882 2155 3935 hac

589 3977 709 4020 erat
738 3966 1075 4033 conditione,
1117 3978 1179 4021 ut
1205 3969 1252 4022 si
1283 3983 1401 4023 eam
1433 3970 1698 4039 integram
1731 3983 2001 4025 servasset
2043 3970 2153 4043 (ni-

588 4058 788 4113 mirum
814 4058 967 4114 omni
1000 4060 1199 4114 mentis
1227 4061 1595 4129 propensioue
1642 4061 1709 4115 ad
1737 4075 1865 4114 eum
1902 4063 2152 4127 tendens,
2186 4122 2191 4123 γ

588 4151 891 4206 naturalem
921 4150 1201 4206 interitum
1236 4151 1550 4215 retudisset,
1584 4160 1641 4206 et
1668 4152 1998 4208 immortalis
2031 4171 2155 4224 per-

585 4243 839 4307 stitisset,
872 4256 938 4297 ac
986 4243 1229 4308 tandem,
1278 4251 1339 4296 ut
1380 4242 1522 4296 Deus
1556 4242 1799 4297 vixisset.
1838 4241 1935 4297 Vel
1990 4246 2152 4299 etiam

2274 423 2495 486 propter
2528 425 2731 468 terratn
2786 430 2980 471 rursus
3023 417 3208 472 animo
3241 422 3630 487 contrahatur.
3668 427 3841 481 modo

2273 507 2554 574 ratiusque
2581 505 2649 559 de
2678 507 3049 563 seesistimet.
3090 507 3264 564 Porro
3305 524 3488 567 autem
3513 513 3571 567 iu
3602 516 3860 570 conﬁnio

2271 597 2366 652 Dei
2399 606 2454 651 et
2481 598 2723 652 materia:
2753 599 2939 667 positi,
2970 615 3066 667 per
3095 601 3520 659 declinationem
3560 606 3632 660 ad
3664 620 3848 661 mate-

2271 688 2411 742 riam
2450 689 2625 742 crassi
2651 703 2716 744 ac
2760 690 2961 745 terreni
2988 689 3255 746 elﬁcimur
3288 712 3302 747 :
3334 708 3434 763 per
3491 697 3702 752 mentis
3755 712 3830 750 an

2272 784 2381 831 tem
2407 778 2472 831 ad
2505 776 2675 833 Deum
2713 778 3075 842 evectionem,
3115 778 3326 843 divini,
3367 790 3535 852 atque
3578 784 3753 838 etiam
3777 786 3855 839 dii

2272 866 2646 921 nominamur.
2682 866 2763 920 ita
2802 868 3085 923 subvectio
3112 869 3180 922 ad
3219 869 3414 933 Deum,
3447 876 3746 941 praesentis
3773 878 3853 930 la-

2274 957 2421 1011 boris
2471 967 2629 1027 atque
2679 959 2964 1013 industria:
3021 974 3161 1028 opus
3212 972 3316 1025 est,
3362 964 3642 1019 dciticatio
3672 978 3855 1020 autem

2273 1047 2442 1102 futuri
2495 1049 2679 1103 szrculi
2726 1050 3032 1118 praemium.
3096 1050 3340 1123 Exiguus
3394 1057 3543 1108 enim
3600 1059 3851 1110 veritatis

2273 1141 2555 1209 Splendor,
2603 1142 2696 1210 qui
2747 1141 2801 1194 in
2839 1150 2985 1195 terra
3021 1147 3309 1214 contingit.
3347 1145 3399 1197 id
3451 1156 3557 1213 est,
3614 1149 3852 1217 exiguus

2271 1246 2333 1285 ac
2370 1233 2549 1286 tenuis
2575 1233 2813 1286 scientiae
2846 1233 3052 1296 radius,
3099 1249 3165 1289 eo
3198 1236 3389 1289 tendit.
3420 1236 3542 1302 Quo
3581 1241 3853 1293 tandem?

2267 1323 2534 1379 Nimirum
2569 1324 2623 1378 in
2653 1324 2777 1390 hoc,
2813 1331 2871 1377 ιιι
2907 1333 3038 1378 tunc
3091 1325 3181 1380 Dei
3212 1327 3516 1381 claritatem
3553 1339 3612 1383 et
3659 1331 3848 1383 videa-

2269 1430 2413 1479 mus,
2445 1425 2501 1469 et
2526 1415 2849 1480 sentiamus,
2882 1415 2936 1469 id
2963 1425 3064 1478 est,
3089 1425 3149 1469 ut
3189 1418 3493 1472 secundum
3520 1434 3651 1473 eam
3686 1421 3851 1475 otior-

2268 1522 2482 1560 metnur
2507 1516 2673 1576 atque
2701 1506 3061 1563 illustremur.
3089 1514 3104 1529 °
3126 1506 3236 1562 lloe
3264 1510 3574 1577 sciendum,
3600 1513 3847 1566 animant

2270 1593 2590 1659 rationalem
2636 1608 2701 1647 ea
2731 1594 2990 1648 facultme
3042 1597 3320 1664 praeditam
3349 1611 3493 1661 esse,
3519 1609 3588 1652 ut
3625 1602 3851 1670 corpori

2269 1695 2644 1756 augmentum,
2679 1700 2903 1740 sensum
2949 1702 3017 1741 ac
3070 1688 3175 1740 vim
3207 1687 3460 1758 gignendi
3492 1689 3723 1756 aﬂ'erat,
3756 1709 3853 1748 mc

2270 1776 2433 1830 aliam
2491 1784 2727 1830 utentem
2759 1777 2905 1831 circa
2933 1792 2993 1832 se
3028 1778 3246 1834 habere.
3279 1779 3430 1836 Mens
3459 1782 3640 1848 enim,
3666 1795 3729 1836 ut
3771 1796 3851 1840 te-

2266 1877 2440 1923 statur
2473 1867 2865 1934 Damascenus,
2892 1870 3184 1938 purissima
3217 1872 3413 1928 anima:
3435 1889 3566 1944 pars
3608 1886 3697 1931 est
3728 1878 3849 1946 (l‘).

2351 2026 2467 2081 Col.
2490 2026 2595 2081 525
2618 2027 2677 2081 Β.
2714 2025 2865 2081 Hunc
2911 2030 3123 2084 arbitrii
3147 2032 3391 2088 libertate
3422 2034 3712 2104 donatum,
3738 2050 3848 2094 etc.

2270 2120 2433 2184 Deus,
2469 2124 2668 2191 inquit,
2697 2124 2879 2177 sedem
2915 2134 2969 2178 et
2998 2125 3336 2182 domicilium
3378 2129 3593 2185 homini
3623 2135 3847 2202 paradio

2268 2228 2388 2267 sum
2431 2214 2749 2283 assignavit,
2789 2215 3104 2285 quicunque
3135 2217 3351 2272 tandem
3394 2230 3515 2275 erat
3550 2225 3847 2292 paradisus

2266 2304 2374 2367 ille,
2434 2304 2549 2358 sive
2606 2306 2914 2372 sensibilis,
2984 2310 3100 2362 sive
3151 2310 3507 2378 intellectilis,
3542 2324 3737 2384 atque,
3785 2330 3844 2374 ut

2268 2393 2455 2449 Sirach
2496 2397 2619 2450 ait:
2660 2396 2870 2451 Dimisit
2919 2416 3038 2453 eum
3069 2417 3225 2456 metut
3271 2406 3481 2459 consilii
3506 2408 3597 2460 sui
3622 2408 3691 2475 δι,
3741 2411 3843 2466 hoc

2265 2497 2370 2550 est,
2403 2488 2613 2542 arbitrii
2651 2489 2904 2544 llbertate
2935 2493 3181 2559 donavit,
3241 2505 3299 2549 ut
3329 2497 3559 2564 bonum,
3601 2504 3752 2573 quod
3775 2506 3841 2558 ab

2267 2577 2385 2647 ipso
2430 2580 2687 2647 [incolere
2719 2591 2998 2649 gereretur
3031 2599 3328 2641 commune
3360 2599 3531 2653 esset.
3564 2601 3625 2646 et
3670 2592 3762 2648 Dei
3807 2612 3839 2649 a

2266 2683 2375 2737 quo
2407 2685 2577 2738 rapax
2634 2670 2762 2724 boni
2818 2683 3039 2728 creatus
3097 2674 3297 2741 fuerat,
3346 2686 3400 2732 et
3451 2682 3723 2746 hominis,
3752 2685 3837 2754 qui

2266 2761 2519 2815 virtutem
2548 2763 2802 2832 elegisset
2849 2777 3011 2834 atque
3069 2778 3353 2823 assecutus
3383 2782 3556 2826 esset.
3594 2774 3710 2830 Mea
3747 2795 3837 2832 au-

2264 2860 2371 2904 tem
2398 2853 2667 2905 sententia
2700 2852 2823 2924 (l’),
2848 2855 3132 2922 paradisus
3166 2857 3320 2911 beata
3351 2870 3406 2914 et
3456 2864 3702 2918 mensus
3735 2870 3838 2923 vita

2262 2954 2367 3009 est,
2400 2945 2453 2997 in
2490 2961 2597 3015 qua
2651 2946 2814 2999 homo
2870 2950 3148 3003 institutus
3200 2952 3419 3006 divinas
3474 2960 3837 3026 cogitationes

2262 3036 2420 3106 quasi
2455 3037 2669 3105 plantas
2703 3039 2951 3094 excolere
2975 3042 3179 3115 jussus
3196 3054 3298 3103 est.
3336 3060 3443 3099 una
3468 3056 3680 3103 tantum
3714 3068 3838 3121 pr-

2263 3128 2486 3182 fectiore
2511 3128 2704 3182 arbore
2733 3127 2833 3198 ipsi
2867 3127 3175 3196 interdicta,
3213 3149 3335 3200 qua:
3375 3135 3431 3188 in
3461 3152 3521 3192 se
3551 3138 3839 3196 discretio.

2261 3235 2382 3275 nem
2435 3220 2562 3273 boni
2612 3228 2666 3274 et
2711 3220 2837 3273 mali
2890 3219 3142 3276 habebat.
3172 3224 3351 3278 Arbor
3400 3238 3581 3282 autem
3630 3231 3721 3284 illa
3751 3233 3837 3304 (ut

2262 3314 2380 3383 ipse
2445 3311 2864 3380 contemplando
2922 3314 3232 3387 assequor)
3301 3315 3394 3372 Dei
3441 3322 3835 3392 contemplatio

2259 3418 2396 3471 erat,
2429 3405 2829 3476 perl‘ectiorque
2864 3406 3037 3474 ipsius
3061 3408 3303 3477 cognitio
3329 3425 3391 3464 ac
3418 3411 3666 3480 jucunda
3695 3415 3836 3468 [rui-

2260 3502 2358 3555 tio.
2410 3497 2716 3572 [(2),Porro
2740 3499 2982 3554 scientiae
3014 3501 3139 3554 boni
3175 3511 3228 3556 et
3261 3503 3383 3556 mali
3411 3505 3667 3561 arborem
3694 3510 3834 3562 dixit

2256 3602 2479 3662 propter
2515 3592 2676 3648 variae
2729 3591 3156 3662 multiplicisque
3185 3595 3563 3663 speculationis
3608 3608 3664 3650 ct
3695 3616 3839 3653 con-

2259 3684 2635 3752 templationis
2691 3683 3123 3738 distinctionem.
3181 3683 3293 3738 Haec
3334 3694 3512 3739 autem
3581 3691 3834 3756 pmpria:

2258 3774 2528 3844 cujusque
2568 3784 2777 3828 natura:
2826 3774 2910 3828 vel
2958 3775 3123 3828 etiam
3160 3772 3248 3829 Dei
3290 3775 3511 3844 agnitio,
3555 3780 3837 3847 perlectis

2257 3866 2475 3936 quidem
2507 3875 2673 3934 atque
2720 3865 2886 3920 altius
2942 3864 2996 3918 in
3042 3867 3498 3937 contemplatione
3551 3873 3837 3939 provectis

2256 3959 2398 4014 bona
2432 3967 2536 4022 est,
2593 3968 2780 4028 utpote
2813 3973 2875 4011 ex
2915 3972 3035 4012 sese
3067 3959 3289 4028 Opiticis
3325 3962 3709 4017 excellentiam
3735 3966 3831 4019 de-

2256 4052 2587 4123 prtedicans,
2615 4052 2705 4117 iis,
2752 4052 2999 4121 inquam,
3036 4053 3239 4121 quibus
3290 4053 3362 4108 ob
3393 4054 3666 4123 ejusmodi
3692 4072 3832 4109 con-

2259 4145 2629 4214 templationis
2677 4144 2921 4199 habitum
2953 4146 3217 4200 diuturno
3268 4157 3515 4218 tempore
3544 4162 3829 4219 compara-

2258 4249 2371 4293 tum
2404 4238 2550 4291 nulla
2583 4239 2691 4309 jam
2723 4236 2776 4291 in
2809 4237 3053 4292 deterius
3086 4238 3366 4307 prolapsio
3390 4244 3678 4294 metuenda
3724 4252 3826 4296 est.

587 4334 703 4388 haec
734 4334 898 4389 verba
931 4350 949 4389 :
982 4333 1218 4388 Medium
1247 4333 1388 4386 inter
1418 4332 1853 4401 magnitudinem
1886 4340 1942 4387 et
1964 4330 2152 4388 humi;
2183 4352 2226 4409 ο
2256 4330 2434 4384 Arbor
2463 4341 2642 4384 autem
2671 4328 2793 4383 vitae
2818 4328 3040 4389 dicitur,
3078 4330 3341 4398 quoniam
3376 4330 3575 4385 divina:
3603 4332 3829 4401 partici-

582 4428 813 4492 litatetn,
843 4427 949 4481 hoc
978 4439 1142 4481 sensu
1175 4424 1497 4493 explicanda
1530 4433 1680 4477 sunt.
1713 4421 1889 4479 Homo
1924 4426 2148 4481 humilis

2258 4420 2498 4491 pationis
2535 4421 2780 4474 suavitas
2823 4420 2889 4474 iis
2912 4420 3005 4490 qui
3040 4422 3188 4474 hunc.
3244 4419 3483 4474 fructum
3509 4425 3818 4492 [mrcipiunt

2256 4517 2423 4570 vitam
2455 4514 2601 4568 nulla
2635 4523 2807 4568 morte
2844 4515 3202 4583 interruptam
3237 4512 3415 4567 θεῖοι-ι.
3468 4512 3621 4580 Quod
3660 4516 3822 4568 etiam

581 4519 828 4573 simuLet
874 4532 1107 4587 magnus
1146 4527 1253 4581 est,
1294 4530 1359 4571 ac
1381 4516 1613 4569 duorum
1640 4515 1839 4568 horum
1867 4523 1945 4570 εει
1977 4517 2147 4583 parti-

583 4624 711 4677 ceps
741 4647 758 4675 ,
816 4609 1072 4665 nimirum
1132 4608 1528 4679 magnitudinis
1560 4616 1806 4676 'propter
1861 4606 2098 4660 animam
2124 4645 2141 4673 ,

577 4702 898 4757 humilitatis
931 4713 1154 4772 propter
1182 4715 1404 4769 corpus.
1440 4703 1617 4769 Atque
1660 4699 1801 4754 idem
1834 4707 1889 4753 et
1919 4700 2148 4768 spiritus

580 4804 635 4847 et
664 4806 794 4846 caro
828 4802 932 4857 est,
994 4803 1055 4846 ut
1116 4793 1162 4847 si
1211 4792 1430 4860 quando
1466 4801 1685 4860 propter
1743 4799 1980 4844 mentem
2033 4805 2155 4845 sese

578 4890 760 4941 animo
801 4886 1072 4951 extulerit,
1105 4902 1168 4941 ac
1191 4887 1259 4940 de
1292 4901 1352 4940 se
1387 4885 1672 4954 magniﬁce
1699 4884 1955 4946 senserit,
1988 4894 2154 4954 atque

2251 4622 2412 4664 omne
2444 4608 2647 4676 lignum
2680 4622 2710 4660 a
2734 4604 2843 4660 Deo
2873 4617 3134 4659 vocatur:
3162 4605 3240 4659 De
3272 4609 3414 4659 omni
3435 4607 3600 4676 ligna,
3624 4605 3823 4676 inquit,

2248 4701 2386 4770 quod
2412 4709 2489 4752 est
2519 4699 2573 4751 in
2607 4697 2880 4767 paradiso,
2915 4698 3171 4751 comedas.
3203 4697 3299 4751 lllu
3321 4699 3333 4750 Ι
3358 4697 3502 4751 enim
3533 4714 3689 4750 autne
3719 4708 3819 4759 est.

2252 4807 2346 4861 per
2366 4789 2535 4860 quod,
2564 4799 2617 4843 et
2655 4792 2708 4842 in
2742 4802 2853 4858 quo
2883 4794 3061 4840 rerum
3094 4787 3428 4841 universitas
3445 4794 3820 4856 coagmentata

2253 4895 2306 4937 et
2329 4883 2624 4936 constituta
2656 4879 2786 4951 est.]
2822 4882 2959 4951 Ergo
3005 4879 3205 4934 adultis
3236 4879 3456 4950 quidem
3487 4891 3650 4949 atque
3697 4891 3819 4948 per-

683 5091 727 5123 "
755 5090 920 5146 Eccli.
947 5105 1035 5155 xv,
1067 5090 1154 5145 N.

2261 5263 2407 5315 hunc
2454 5257 2764 5329 paradisum
2816 5255 2991 5329 fuisse
3036 5254 3353 5329 existimant
3389 5273 3403 5307 :
3438 5264 3624 5329 atque,
3668 5251 3814 5329 salva

2250 5324 2478 5386 veritate
2530 5325 2863 5381 narrationis
2908 5326 3189 5380 historicen
3240 5327 3314 5383 de.
3354 5325 3625 5393 corporali
3677 5324 3826 5389 loco,

2247 5416 2411 5471 posse
2441 5398 2723 5471 spirituale
2752 5397 2955 5471 aliquid
2988 5395 3241 5471 intelligi.

2320 5470 2395 5541 (2)
2442 5464 2764 5541 llaec,_qu:n
2819 5464 3277 5541 unci_uis_inclusa
3309 5464 3480 5530 vides,
3529 5466 3584 5520 in
3613 5476 3818 5541 postro

2244 5535 2432 5593 Nam
2470 5553 2578 5592 non
2614 5538 2903 5591 habentur.
2937 5537 2993 5590 In
3042 5535 3261 5605 Regina:
3304 5547 3484 5590 tamen
3523 5536 3715 5591 codice
3739 5536 3823 5590 lc-

2242 5619 2462 5679 gunlut'.

649 5273 727 5347 (ι)
758 5272 884 5331 Haec
912 5275 1037 5347 quia
1058 5274 1112 5328 in
1133 5274 1249 5347 solo
1273 5271 1495 5347 Beginre
1517 5270 1700 5347 codice
1724 5269 2021 5347 habentur,
2052 5279 2153 5347 nec

577 5342 905 5416 magnopere
929 5342 1002 5399 'ad
1032 5359 1147 5399 rem
1185 5343 1411 5416 faciunt,
1432 5355 1468 5416 _a
1500 5343 1709 5416 reliquo
1744 5342 2146 5407 interpretatio-

579 5411 956 5485 nis—contextu
989 5414 1294 5485 separanda
1314 5412 1468 5485 duxi.
1493 5411 1620 5485 Diti.

646 5486 746 5555 (ι’)
772 5484 912 5555 ίΜεα
960 5476 1132 5539 autetn
1184 5483 1459 5555 sententia.
1492 5482 1552 5537 D.
1593 5480 1823 5550 August.
1852 5476 1969 5555 _lib.
2020 5490 2135 5555 aut,

576 5547 696 5622 cap.
721 5547 811 5615 ‘22,
844 5555 918 5608 De
950 5558 1091 5609 civit.
1128 5555 1240 5618 Dei,
1276 5552 1589 5622 opinionem
1626 5547 1818 5622 eorum
1852 5547 2139 5613 improbat,

579 5619 674 5696 qui
705 5625 784 5678 vel
819 5640 1139 5694 corporeum
1172 5619 1400 5688 tantum,
1439 5622 1520 5677 vel
1556 5619 1889 5691 Spiritualetn
1931 5626 2139 5671 tantum
