4048 6278
608 218 635 282 τι
654 216 751 279 199

2024 209 2403 274 ADDEN’DA.

3690 221 3796 287 uno

606 340 755 387 sunt.
799 326 1067 385 Caeterum
1114 327 1314 398 quibus
1366 325 1542 382 modis
1585 325 1818 398 correpti
1855 329 2026 383 sunt?
2059 330 2185 382 δεῖ·
2211 335 2255 388 Α
2285 325 2403 379 Alio
2439 333 2619 379 autem
2661 325 2779 380 loco
2805 324 2877 379 ait
2905 324 3141 397 sigillum
3176 324 3396 391 mobile,
3429 324 3482 380 id
3513 336 3611 396 est,
3634 331 3798 390 virens,

609 437 772 475 mone
827 431 991 489 atque
1051 419 1290 489 alloquio
1327 458 1342 472 .
1394 418 1717 489 Complures
1748 420 1889 473 enim
1923 418 2064 472 Deus
2098 429 2183 475 est

608 516 912 580 allocutus;
949 515 1032 568 vel
1086 515 1247 568 etiam
1290 514 1455 583 λόγῳ,
1504 512 1557 566 id
1607 522 1711 577 est,
1746 514 1908 567 insita
1948 513 2104 568 nobis
2130 522 2184 567 et

602 608 844 662 naturali
879 607 1119 670 ratione;
1152 605 1266 673 lege
1299 620 1392 673 per
1422 602 1626 659 Mosem
1657 605 2032 676 promulgata;
2063 620 2187 673 pro-

604 700 812 772 phetis,
842 699 944 753 hoc
977 707 1079 760 est,
1116 698 1506 766 prophetarum
1542 696 1827 766 praeceptis
1868 706 1921 750 et
1968 696 2188 750 insutu-

610 793 887 857 tionibus,
928 790 1233 854 beneﬂciis,
1268 788 1811 852 comminationibus,
1860 787 2052 857 plagis.
2086 788 2187 840 l’er

610 886 885 940 contraria
936 883 1356 936 instruebantur
1387 890 1441 934 et
1485 879 1925 949 corripiebantur
1961 898 1974 931 :
2005 879 2182 948 aquis,

613 990 671 1032 ut
706 976 891 1032 diluvii
942 985 1221 1045 tempore;
1278 972 1564 1036 incendiis,
1612 982 1672 1026 ut
1718 988 1841 1025 cum
1888 972 2188 1025 Sodomita:

616 1069 825 1124 ecclesti
884 1068 1008 1137 igne
1064 1061 1511 1136 conﬂagrarunt;
1547 1063 1718 1134 signis
1757 1079 1786 1116 e
1819 1064 1958 1116 cmlo
1984 1062 2186 1126 missis,

619 1172 677 1212 ιιι
713 1175 836 1214 cum
892 1158 974 1213 sol
1023 1157 1169 1212 stetit
1204 1166 1447 1225 tempore
1504 1153 1708 1214 losue;
1741 1155 1912 1223 signis
1959 1170 2020 1208 ex
2066 1168 2192 1207 aere

617 1263 675 1308 ut
718 1265 996 1323 cynomym
1045 1250 1150 1311 lue,
1195 1248 1477 1317 grandine,
1517 1245 1877 1315 palpabiltbus
1930 1245 2189 1312 tenebris,

621 1345 924 1404 coturnice,
977 1349 1108 1406 ctc.;
1159 1338 1330 1406 signis
1384 1351 1449 1390 ex
1496 1346 1679 1399 terra,
1719 1343 1777 1388 ut
1826 1350 2091 1403 aquarqu
2126 1351 2191 1389 ex

618 1445 766 1505 petra
809 1432 1110 1496 elinsionc;
1149 1430 1318 1499 signis
1362 1444 1427 1483 ex
1464 1428 1624 1495 mari,
1657 1442 1713 1481 ιιι
1746 1428 1913 1482 maris
1941 1427 2111 1481 Rubri
2137 1427 2193 1482 in

619 1527 991 1581 continentem
1029 1526 1365 1588 mutatione;
1416 1521 1723 1585 hominum,
1781 1520 2021 1584 urbium,
2063 1535 2196 1589 gen-

620 1618 754 1670 tium
783 1617 1074 1683 insperatis
1092 1612 1507 1667 mutationibus.
1525 1611 1735 1678 Quibus
1759 1612 2013 1666 omnibus
2039 1613 2196 1666 rebus

622 1708 884 1761 malitiam
942 1714 1245 1772 conterere,
1281 1720 1344 1759 ac
1384 1710 1450 1758 de
1482 1704 1662 1757 medio
1689 1703 1877 1758 tollere
1922 1706 2197 1773 satagebat

623 1801 785 1854 Deus.
817 1802 883 1852 At
925 1815 1054 1854 vero
1109 1798 1364 1852 mortales
1400 1798 1454 1850 in
1498 1794 1716 1866 ﬂagitiis
1770 1794 2194 1865 haudquaquaui

628 1893 793 1946 certis
835 1892 1083 1947 terminis
1110 1890 1486 1947 consistebant
1524 1906 1538 1942 :
1572 1891 1664 1943 sed
1696 1905 1821 1942 cutn
1864 1904 1894 1943 a
1934 1890 2198 1959 principio

631 1989 943 2041 inventores
973 1986 1099 2040 mali
1126 1985 1488 2049 exstitissent,
1513 1999 1649 2037 nova
1672 1982 1902 2037 subinde
1932 1983 2197 2037 scelerum

624 2095 820 2150 genera
871 2078 1468 2143 conuuiniscebautur,
1504 2087 1671 2146 atquc
1727 2075 2041 2145 inexplebili
2078 2091 2201 2144 pec-

622 2175 782 2228 cant'ii
829 2173 1053 2228 libidine
1086 2172 1401 2240 ﬂagrabant.
1455 2170 1737 2224 Adulteria
1768 2171 1912 2223 enim
1963 2181 2017 2224 et
2055 2168 2200 2222 furta

624 2267 829 2335 passim
887 2264 1323 2338 grassabantur,
1362 2278 1425 2317 ac
1456 2263 1725 2317 -ca:dihus
1784 2274 1835 2316 et
1905 2262 2201 2316 latrociniis

625 2358 775 2411 orbis
830 2357 1123 2410 universus
1177 2365 1447 2409 terrarum
1486 2355 1753 2419 scatebat,
1806 2362 1971 2422 atque
2019 2355 2201 2405 omnia

624 2446 850 2516 “aditia,
884 2458 992 2500 tum
1028 2447 1279 2515 privatim
1309 2462 1337 2499 a
1370 2446 1650 2515 quolibet,
1701 2454 1810 2499 tum
1842 2446 2202 2498 centtnuuiter

627 2540 696 2593 ab
729 2539 1005 2602 erunibus,
1041 2538 1522 2608 perpetrabantur:
1546 2552 1615 2591 nc
1638 2536 1706 2590 ab
1738 2551 1803 2591 eo
1831 2536 2049 2606 quidem
2081 2550 2202 2590 scc-

627 2630 739 2684 lere
781 2638 830 2681 et
882 2629 1219 2681 exsecrando
1261 2627 1466 2693 furore,
1492 2643 1523 2682 a
1556 2642 1663 2696 quo
1696 2635 1888 2681 natura
1921 2627 2200 2693 abhorret,

629 2720 1027 2772 abstinebatur.
1063 2717 1209 2772 Fons
1242 2728 1420 2771 autem
1477 2727 1531 2773 et
1583 2732 1747 2771 causa
1774 2733 1837 2772 ac
1867 2716 1989 2771 linis
2024 2719 2202 2772 Omnis

630 2808 755 2860 ntali
791 2816 906 2861 erat
940 2807 1209 2860 idolorum
1234 2807 1435 2872 cultus,
1465 2817 1519 2861 ει
1565 2815 1829 2861 creaturae
1861 2822 2022 2875 supra
2041 2805 2203 2861 Crea-

631 2909 802 2952 to.ent
832 2900 1095 2953 adoratio.
1124 2897 1429 2952 Idololatria
1460 2899 1627 2962 enim,
1650 2907 1707 2952 ιιι
1739 2897 1893 2953 malis
1926 2899 2200 2963 omnibus,

2286 416 2380 471 illa
2413 432 2506 486 per
2539 419 2721 472 omnia
2764 418 2961 474 similis
2992 421 3174 489 imago
3201 417 3298 474 Dei
3336 419 3618 477 invisibilis
3635 423 3694 488 ",
3714 442 3799 482 non

2287 521 2500 564 tnortua
2551 518 2603 563 et
2653 525 2816 564 manu
2862 511 3135 577 conlecta,
3164 515 3256 567 sed
3289 512 3437 578 viva,
3466 529 3568 568 non
3595 516 3803 574 similitu-

2286 602 2430 658 dinis
2466 601 2662 668 forma,
2690 605 2783 658 sed
2829 603 2884 658 in
2935 605 3054 671 ipsa
3107 605 3414 661 substantia
3445 607 3802 667 immutabiliu-

2289 704 2394 748 tem
2451 709 2696 749 servans.
2761 695 2939 749 Patris
2994 697 3295 760 terminus,
3353 709 3408 751 et
3446 698 3613 763 ratio,
3659 711 3805 772 utpote

2288 784 2503 839 Patrem
2569 785 2885 842 ostendens.
2943 782 3043 839 llic
3103 785 3172 838 ad
3224 785 3524 851 hominem,
3568 804 3713 857 quem
3748 797 3800 847 ad

2291 870 2581 944 imaginem
2664 891 2821 930 suam
2889 877 3244 941 condiderat,
3308 878 3478 931 venit.
3534 877 3658 934 Nam
3708 897 3803 938 ctua

2295 966 2573 1020 hominem
2606 966 2674 1019 ad
2696 966 3109 1021 similitudinem
3138 983 3295 1027 suam
3329 983 3361 1021 a
3386 969 3640 1040 principio
3663 988 3809 1030 creas.

2293 1065 2396 1119 set,
2467 1056 2718 1110 eumdem
2782 1070 2976 1111 rursus
3023 1058 3092 1110 ad
3143 1057 3552 1125 exprimendam
3580 1061 3656 1112 sui
3689 1062 3807 1115 sitni-

2293 1145 2581 1200 litudineut
2633 1147 2869 1213 reducit,
2904 1162 3017 1201 sua:
3071 1147 3325 1202 videlicet
3356 1158 3615 1205 creaturae
3656 1153 3808 1208 sintita

2293 1236 2538 1289 etl'ettus.
2568 1236 2937 1289 Conveniebat
2974 1234 3149 1298 enim,
3189 1246 3248 1291 ut.
3297 1235 3394 1304 qui
3436 1237 3657 1304 primum
3682 1238 3809 1293 tinxe-

2296 1338 2400 1390 rat,
2434 1329 2578 1381 idem
2616 1343 2833 1397 quoque
2870 1330 3186 1397 ﬁgmentum
3218 1342 3380 1381 suum
3403 1344 3433 1383 ε
3460 1341 3665 1397 peccato
3699 1333 3808 1386 labe-
3839 1375 3851 1390 .

2300 1417 2567 1470 lactatum
2607 1427 2773 1487 atque
2825 1420 3169 1472 contractum
3196 1419 3530 1474 insmuraret
3554 1419 3712 1475 Patris
3733 1432 3811 1475 ter-

2299 1507 2484 1562 minus
2526 1517 2588 1563 ret
2634 1517 2794 1563 rato.
2834 1508 2973 1574 Quid
3011 1509 3124 1563 ait?
3152 1508 3295 1564 Num
3326 1510 3485 1579 juxta
3519 1514 3709 1566 termini
3741 1529 3807 1567 ra-

2301 1605 2501 1657 tionem
2535 1601 2696 1657 Pater
2739 1602 2877 1659 Filio
2918 1607 3267 1671 terminatur,
3301 1607 3568 1676 siquidem
3597 1613 3812 1663 terminus

2229 1678 2272 1732 Β
2303 1696 2474 1764 ipsius
2503 1706 2605 1762 est,
2636 1697 2719 1753 sic
2774 1711 2831 1753 ut
2875 1708 3098 1767 paterna
3133 1709 3332 1755 natura
3363 1699 3486 1755 Filii
3515 1714 3689 1756 natura
3713 1719 3811 1757 eon-

2300 1793 2450 1848 clusa
2484 1809 2548 1848 ac
2570 1794 2797 1850 definita
2820 1797 2930 1850 sit?
2957 1798 3033 1849 ita
3067 1812 3199 1852 sane
3223 1815 3238 1852 :
3269 1798 3566 1852 dummodo
3585 1800 3813 1868 sapienter

2301 1898 2366 1938 ac
2409 1885 2639 1941 candide
2698 1889 3022 1943 sententiam
3075 1890 3275 1943 horum
3341 1891 3619 1945 verborum
3667 1894 3814 1945 audite

2302 1978 2574 2047 quispiam
2631 1978 2780 2043 velit.
2837 1979 3083 2036 Patet-uae
3137 1982 3361 2051 quidem
3404 1986 3642 2038 essentia
3671 1983 3810 2036 nullus

2302 2069 2527 2124 omnino
2553 2080 2639 2126 est
2665 2073 2957 2139 terminus,
2984 2074 3451 2142 quemadmodum
3501 2091 3592 2130 uec
3629 2075 3809 2129 aliarum

2302 2161 2531 2216 duarum
2568 2177 2928 2231 personarum
2968 2182 2981 2218 :
3009 2175 3066 2218 at
3097 2168 3313 2235 paterni
3344 2168 3576 2221 nominis
3601 2169 3811 2220 terminus

2302 2262 2387 2307 est
2425 2253 2619 2311 Filius.
2651 2253 2922 2319 Quoniam
2957 2257 3102 2311 enim
3140 2257 3261 2312 haec
3320 2259 3541 2312 nomina
3582 2274 3639 2313 ex
3661 2274 3807 2312 eorum

2304 2362 2533 2403 numero
2565 2359 2713 2415 sunt,
2745 2365 2868 2418 quae
2911 2352 2976 2405 ad
3020 2352 3229 2423 aliquid
3266 2353 3590 2419 referuntur,
3623 2356 3810 2425 profecto

2303 2452 2423 2491 eam
2453 2448 2704 2493 naturam
2754 2425 2984 2503 habent,
3013 2455 3071 2496 ut
3108 2454 3408 2515 utrumque
3469 2447 3628 2501 altero
3671 2448 3808 2500 tertai-

2305 2538 2483 2582 uetur.
2525 2531 2603 2585 Ae
2628 2533 2854 2602 proinde
2882 2532 3096 2589 Patrem
3138 2534 3314 2592 Filius
3363 2538 3634 2601 terminat,
3661 2552 3805 2606 quem-

2305 2620 2602 2674 admodum
2668 2623 2908 2677 vicissim
2962 2620 3124 2678 Pater
3156 2623 3384 2680 Filium.
3417 2626 3686 2680 Enimvero
3708 2642 3806 2696 quo-

2306 2714 2451 2767 niani
2503 2713 2645 2768 Deus
2691 2716 3000 2771 mistionem
3055 2734 3178 2771 cum
3233 2734 3403 2774 carne
3453 2735 3556 2773 nou
3606 2721 3804 2783 admittit,

2304 2804 2483 2857 anima
2518 2817 2701 2860 autem
2756 2819 2810 2862 et
2854 2825 3005 2863 meus
3041 2811 3184 2865 velut
3217 2811 3276 2865 in
3313 2811 3403 2867 Dei
3430 2813 3691 2882 carnisque
3714 2826 3809 2866 con-

2308 2891 2435 2945 ﬁnio
2472 2905 2577 2958 est,
2605 2898 2789 2952 carnis
2813 2899 3056 2967 quidem,
3088 2911 3145 2954 ut
3174 2903 3490 2973 conjugata,
3518 2903 3604 2957 Dei
3652 2911 3806 2967 autent,

631 2994 675 3046 si
746 2992 1007 3060 trtttporis
1089 2992 1229 3044 ratio
1290 2991 1579 3059 habeatur,
1647 2992 1918 3060 posterior
1970 2999 2075 3055 est,
2126 2991 2271 3054 itaC
2308 2996 2367 3038 ut
2411 2986 2592 3056 imago
2626 3006 2640 3043 :
2675 2989 2878 3043 idcirco
2939 3006 3061 3045 cum
3121 3004 3355 3063 cognata
3388 3009 3557 3050 mente
3583 3006 3720 3065 atque
3750 2994 3808 3046 iuo

630 3094 890 3154 quantum
937 3083 1003 3136 ad
1042 3066 1178 3136 ntnnli
1237 3083 1559 3151 gravitatem
1626 3093 1790 3152 atque
1841 3083 2197 3147 atrocitatem,

632 3171 870 3242 primum
922 3171 1100 3225 locum
1162 3169 1266 3225 sibi
1336 3173 1593 3227 vindicat.
1659 3172 1971 3228 Extremum
2037 3175 2199 3228 etiam

635 3265 906 3318 malorum
948 3264 1058 3319 diei
1108 3275 1305 3335 poteSI,
1347 3272 1404 3318 ut
1450 3265 1573 3319 linis
1607 3273 1660 3319 et
1692 3267 1966 3330 cumulus,
1995 3278 2049 3321 et
2074 3268 2202 3336 quia

633 3358 773 3411 ultra
839 3372 957 3412 eam
1026 3359 1236 3412 nullum
1289 3358 1436 3412 aliud
1498 3359 1679 3413 scelus
1737 3359 1984 3429 progredi
2038 3367 2202 3429 atque

628 3451 843 3504 extendi
872 3460 1070 3520 potest.

697 3540 813 3595 Col.
839 3543 943 3596 526
984 3544 1049 3596 A.
1105 3542 1233 3607 Qum
1265 3542 1511 3614 quoniam
1535 3544 1727 3613 majus,
1759 3556 1867 3600 etc.
1908 3544 2199 3612 Quoniam,

630 3631 830 3702 inquit,
869 3632 1044 3700 majus
1076 3633 1336 3686 auxilium
1382 3634 1688 3704 requirebat
1721 3634 1957 3689 humana
1983 3647 2199 3701 natura,

631 3736 812 3793 utpote
853 3728 1001 3795 gravi
1043 3725 1230 3779 mOtbo
1255 3735 1522 3796 correpta,
1566 3728 1743 3796 majus
1769 3740 1987 3798 quoque
2031 3729 2203 3782 medi-

630 3829 767 3869 cann
790 3827 943 3883 nium
977 3827 1031 3871 et
1078 3818 1339 3870 auxilium
1370 3827 1454 3872 est
1483 3828 1797 3873 consecuta.
1833 3819 1966 3874 Illud
2018 3831 2199 3874 autetu

630 3917 770 3972 erat,
802 3923 908 3961 non
936 3908 1185 3978 angelus,
1210 3924 1318 3963 non
1339 3909 1527 3977 homo,
1557 3909 1652 3966 sed
1677 3909 1939 3967 Dominus
1962 3912 2203 3982 ipse,qui

634 3999 867 4053 Verbum
919 3999 1137 4065 dicitur,
1204 4009 1264 4055 ut
1332 4002 1465 4056 illud
1524 4004 1878 4071 ostendatur,
1918 4004 2066 4074 quod
2134 4021 2201 4060 ex

630 4106 845 4144 summa
895 4089 985 4145 illa
1039 4102 1217 4147 mente
1265 4093 1488 4163 prodiit,
1523 4095 1666 4165 quod
1701 4095 1987 4166 impatibili
2038 4097 2201 4152 modo

630 4184 952 4252 progenitus
989 4191 1106 4252 est,
1155 4186 1300 4256 quod
1345 4185 1616 4242 Geuitoris
1662 4189 1842 4257 imago
1878 4198 1981 4255 est,
2024 4198 2199 4244 totum

626 4272 844 4330 Patrem
896 4278 950 4330 in
999 4277 1180 4347 seipso
1231 4277 1552 4344 ostendens,
1583 4295 1646 4334 ac
1678 4278 1953 4352 perlectus
1997 4296 2094 4351 per
2140 4296 2200 4336 se

627 4370 980 4433 exsistens“,
1004 4370 1219 4426 saeculis
1256 4371 1427 4441 prior,
1458 4386 1555 4441 per
1584 4387 1746 4441 quem
1783 4373 1950 4427 etiam
1995 4375 2196 4427 saecula

625 4460 787 4516 Pater
832 4463 978 4521 fecit.
1012 4464 1325 4530 Invisibilis,
1352 4473 1409 4519 ιιι
1441 4447 1640 4520 ῡειιεᾙ
1676 4464 1842 4520 Deut»
1870 4466 2015 4520 enim
2046 4481 2194 4519 nemo

625 4557 759 4608 vidit
799 4572 1033 4627 unquam
1059 4555 1125 4623 “,
1155 4557 1258 4610 hoc
1312 4567 1394 4610 est
1443 4555 1539 4611 Dei
1569 4565 1844 4611 ttaturam.
1881 4557 1954 4611 Ex
1989 4558 2194 4626 princi-

626 4649 717 4717 pio
747 4649 1069 4717 principium
1096 4666 1109 4702 :
1132 4663 1196 4702 ex
1229 4648 1389 4703 Patre
1411 4644 1582 4716 enim,
1611 4650 1705 4719 qui
1734 4650 1978 4704 omnium
2011 4665 2194 4706 rerum

624 4738 953 4809 principium
982 4748 1086 4805 est,
1121 4750 1177 4793 ut
1213 4754 1400 4795 causa.
1426 4741 1497 4795 At
1525 4739 1694 4796 Filius
1720 4742 2047 4811 principium
2092 4754 2195 4809 est,

627 4841 687 4885 ut
725 4846 886 4885 causa
918 4832 1204 4901 adiuvans.
1227 4830 1380 4886 Unde
1402 4842 1454 4886 et
1470 4831 1538 4887 ad
1557 4832 1773 4888 Patrem
1792 4834 1868 4887 ait
1886 4832 2156 4903 Propheta
2179 4852 2194 4895 ;

629 4928 813 4978 Tecum
844 4923 1157 4991 principum
1178 4923 1245 4989 ⁸⁸,
1276 4934 1380 4976 ειε.
1410 4923 1486 4976 Ev
1514 4924 1719 4978 lumine
1752 4925 1933 4980 lumen
1962 4940 1978 4980 :
2013 4926 2190 4982 lumen

622 5016 785 5071 Pater
833 5025 933 5070 est.
968 5014 1109 5068 Deus
1140 5015 1309 5079 enim,
1340 5016 1555 5084 inquit,
1604 5016 1700 5069 tua:
1750 5018 1909 5072 est“.
1942 5017 2018 5073 Ex
2072 5021 2193 5089 ipso

584 5112 799 5162 'autem
852 5109 1030 5161 lumen
1073 5118 1155 5162 est
1207 5104 1413 5162 Filius:
1446 5106 1559 5178 Ego
1607 5109 1776 5175 enim,
1818 5110 2014 5182 inquit,
2071 5129 2192 5166 sum

619 5204 716 5255 lux
748 5204 929 5254 mutuli
958 5203 1025 5254 ⁸⁷.
1058 5199 1203 5256 Fons
1237 5203 1359 5256 vitae
1400 5212 1452 5256 et
1484 5202 1927 5266 immortalitatis,
1967 5212 2190 5273 pmpter

619 5295 1034 5364 perennitatem,
1064 5305 1117 5348 et
1148 5294 1278 5364 quia
1326 5309 1391 5349 ex
1432 5295 1553 5364 ipso
1589 5296 1653 5349 ad
1698 5312 1789 5350 res
1838 5312 2030 5352 omnes
2082 5297 2190 5351 vita

616 5388 880 5445 dimanat.
940 5387 1231 5458 Archetypi
1295 5387 1612 5456 expressio,
1671 5388 1849 5443 Patris
1900 5390 2188 5444 immotum

616 5480 877 5549 sigillum,
911 5480 1013 5535 hoc
1041 5486 1148 5547 est,
1189 5494 1375 5545 verum
1413 5481 1747 5553 minimeque
1800 5484 2185 5540 adulteratam.

683 5639 727 5672 ’³
759 5638 918 5694 llebr.
959 5656 996 5705 ι,
1021 5642 1075 5697 3.
1155 5640 1198 5673 “
1232 5637 1421 5696 lJoan.
1455 5657 1527 5708 tv,
1566 5639 1648 5696 12.

1726 5641 1771 5676 ⁴⁸
1802 5641 1941 5700 Psal.
1979 5658 2090 5711 cui,
2119 5643 2173 5698 5.

2306 3077 2599 3134 tellectuali
2643 3083 2825 3135 anima
2885 3081 2979 3137 Dei
3026 3094 3223 3140 natura
3281 3087 3635 3158 coniungitur,
3683 3097 3805 3156 atque

2304 3175 2456 3230 illinc
2477 3191 2602 3232 cum
2647 3194 2911 3249 corporea
2951 3182 3092 3235 mole
3139 3181 3457 3238 societatem
3496 3183 3604 3248 init,
3643 3196 3694 3235 ac
3734 3194 3805 3249 per

2303 3268 2488 3322 omnia
2537 3267 2729 3337 plettus
2777 3279 2832 3325 et
2880 3271 3154 3341 perfectus
3199 3275 3367 3329 homo
3392 3273 3622 3340 edicitur,
3660 3274 3804 3327 iisdem

2304 3355 2586 3413 aﬂ‘ectibus
2607 3359 2899 3426 obnoxius,
2914 3361 3109 3431 quibus
3139 3365 3322 3419 cmteri
3347 3365 3612 3428 mortales,
3633 3371 3807 3429 excepto

2302 3460 2552 3517 peccato.
2596 3449 2798 3508 Omnes
2845 3453 2989 3508 enim
3026 3453 3255 3509 allectus
3316 3457 3581 3511 naturales
3607 3462 3655 3510 et
3682 3469 3708 3507 a
3743 3468 3805 3505 re-

2304 3540 2671 3608 prehensione
2726 3559 2926 3600 vacuos
2976 3547 3289 3615 amplexus,
3347 3557 3611 3617 peccatum
3648 3558 3807 3613 nequa-

2304 3647 2469 3701 quam
2504 3634 2787 3703 ampleaus
2828 3644 2932 3702 est,
2993 3646 3175 3706 utpote
3213 3653 3246 3692 a
3278 3649 3472 3694 natura
3519 3638 3720 3693 alienum
3758 3645 3805 3687 ac

2304 3725 2743 3794 vituperandum.
2776 3727 2854 3782 Ac
2904 3729 3077 3798 ipsius
3123 3744 3350 3799 corpus,
3373 3744 3403 3785 a
3435 3729 3624 3800 Spiritu
3656 3733 3805 3782 sancto

2303 3830 2571 3888 creatura,
2598 3818 2756 3875 Verbi
2780 3822 3114 3877 adorandum
3135 3823 3515 3879 indumentum
3536 3822 3705 3877 factum
3725 3824 3803 3872 est.

2302 3909 2480 3980 Atque
2509 3926 2575 3964 ex
2612 3908 2832 3981 Virgine
2863 3913 3006 3969 Deus
3044 3927 3170 3968 cum
3204 3925 3488 3985 assumpta
3514 3926 3659 3969 carne
3682 3919 3803 3965 natus

2302 4011 2406 4069 est,
2431 4002 2573 4056 idem
2602 4002 2769 4069 Deus,
2803 4003 2947 4059 idem
2973 4013 3028 4058 et
3058 4004 3243 4069 homo,
3278 4014 3562 4074 utrumque
3595 4013 3645 4056 ut
3667 3999 3802 4055 solum

2304 4091 2433 4158 (una
2457 4092 2604 4147 enim
2635 4107 2867 4162 persona
2895 4092 3149 4149 Christus
3170 4094 3276 4163 est)
3306 4110 3373 4150 ex
3402 4094 3603 4150 duabus
3634 4096 3802 4145 contra.

2304 4184 2401 4239 riis
2459 4185 2689 4250 naturis,
2742 4200 2909 4241 carne
2963 4186 3224 4242 nimirum
3284 4196 3340 4243 et
3389 4186 3593 4257 spiritu,
3619 4182 3799 4242 hocesl.

2307 4277 2646 4333 humanitate
2697 4288 2752 4333 et
2801 4278 3107 4347 divinitate,
3139 4295 3374 4349 quarum
3417 4278 3611 4341 altera,
3653 4283 3798 4339 nempe

2232 4337 2276 4392 Β
2307 4368 2581 4431 divinitas,
2609 4370 2763 4423 carui
2785 4369 3122 4426 divinitatem
3151 4337 3359 4438 attulit;
3392 4370 3571 4436 altera,
3598 4365 3797 4421 nimirum

2306 4474 2454 4525 caro,
2487 4461 2826 4514 divinitatem
2885 4462 3113 4530 accepit.
3148 4461 3228 4516 Ac
3284 4462 3387 4516 fuit
3449 4472 3555 4515 tuttt
3608 4467 3719 4511 nova
3761 4459 3800 4504 et

2303 4551 2543 4605 inaudita
2575 4552 2824 4618 mistura,
2848 4552 2975 4621 quia
3004 4552 3087 4607 ha:
3115 4552 3238 4608 dua:
3267 4563 3470 4609 natura:
3500 4548 3649 4607 semel
3688 4545 3797 4601 inter

2303 4659 2363 4700 se
2394 4646 2561 4700 unitae
2589 4647 2944 4703 indivisibiles
2977 4657 3164 4718 postea
3204 4657 3517 4703 manserunt
3548 4663 3561 4700 :
3586 4653 3633 4699 et
3664 4636 3797 4695 admi-

2304 4737 2473 4791 randa
2517 4740 2859 4809 temperatio,
2895 4742 3024 4811 quia
3057 4741 3203 4796 nulla
3251 4740 3499 4797 confusio
3525 4747 3667 4808 atque
3690 4731 3794 4785 aite-

2304 4833 2444 4886 ratio
2505 4841 2692 4886 secuta
2737 4842 2838 4887 est.
2869 4832 3082 4887 Etenim
3116 4834 3434 4903 temperatio
3475 4844 3557 4886 res
3584 4842 3679 4893 eas,
3706 4832 3796 4891 qua

2305 4930 2715 4990 temperantur,
2779 4923 3185 4991 quodammodo
3235 4924 3500 4987 immutat,
3533 4925 3689 4987 utpote
3722 4923 3791 4965 cas

2306 5015 2532 5068 minime
2585 5028 2753 5084 puras
2789 5028 3012 5070 servans
3046 5034 3061 5071 :
3094 5032 3159 5073 ac
3183 5032 3371 5072 rursus
3402 5015 3588 5075 mistio.
3617 5023 3670 5064 ea
3704 5016 3794 5073 (λικε

2306 5107 2629 5170 miscentur,
2657 5106 2795 5162 haud
2842 5108 3134 5163 admodum
3166 5108 3303 5163 unit.
3334 5107 3614 5173 Utrumque
3653 5106 3789 5151 autem

2304 5199 2522 5268 utrique
2552 5200 2865 5269 adjunctum
2894 5207 3140 5253 exactam
3166 5198 3287 5253 ﬁdei
3317 5196 3656 5261 doctrinaeque
3681 5184 3791 5240 reri-

2301 5301 2466 5347 tatetn
2491 5301 2694 5347 servat.
2716 5291 3126 5361 Temperaturze
3157 5291 3305 5345 enim
3334 5285 3624 5344 inconl'usio
3640 5278 3787 5346 adjun-

2296 5396 2408 5453 cta,
2428 5385 2779 5455 misturmque
2804 5384 2987 5439 itidem
3017 5384 3289 5450 indivisio,
3330 5381 3599 5453 perlectam
3630 5367 3787 5427 modis-

2294 5497 2400 5553 que
2417 5480 2671 5563 omnibus
2688 5482 2996 5538 absolutam
3021 5481 3143 5537 ﬁdei
3159 5482 3450 5537 doctrinam
3474 5473 3659 5534 retinet,
3676 5474 3781 5519 tura-

2249 5643 2293 5677 “
2328 5641 2349 5696 l
2378 5642 2532 5703 han.
2565 5660 2605 5711 t,
2639 5645 2692 5699 5.
2764 5645 2810 5678 ⁸⁷
2837 5642 2994 5700 Joan.
3023 5658 3139 5712 vin,
3176 5644 3261 5699 12.
3302 5641 3347 5676 "
3377 5637 3571 5696 Caloss.
3603 5646 3634 5696 ι,
3663 5622 3728 5677 i5-
