4048 6278
313 448 447 517 1201

1195 450 1517 511 NlCETAS
1559 447 1641 508 IN
1682 448 1904 506 ORAT.
1947 445 2254 505 XXXVlll
2297 446 2357 506 S.
2396 445 2625 505 GREG.

3429 445 3568 511 1202

305 583 417 637 que
447 566 698 622 videlicet
750 565 1139 621 naturarumin
1183 566 1406 620 Christo
1438 563 1879 620 concurrentium
1914 567 1956 624 Α
1988 561 2290 617 divinitatis
2344 576 2696 631 cxpensores,
2732 578 2793 616 ac
2838 578 2925 617 res
2966 562 3269 617 laudandus
3324 573 3376 616 rt
3434 582 3568 633 pra:-

307 654 672 730 proprieta‘tes
698 675 828 714 snas
854 660 1011 715 alteri
1039 660 1479 714 commtmicante
1505 668 1725 727 propter
1763 672 1885 726 per-

308 767 461 807 sonae
528 751 889 816 identitatcm,
936 765 1001 805 ac
1043 757 1290 804 mutuam
1358 750 1598 818 ipsarum
1644 749 1785 802 inter
1813 751 1886 801 'se

310 842 735 895 inimentio-tem.
773 841 908 896 Nam
939 841 1113 895 creari
1147 851 1200 894 et
1242 841 1356 894 fieri
1382 881 1396 907 ,
1429 840 1495 894 iis
1533 840 1883 901 conveniunt,

309 948 453 1000 quae,
489 947 613 986 cum
672 947 780 987 non
809 932 1137 996 essent,.‘in
1183 941 1362 985 ortum
1421 930 1683 1000 producta
1734 939 1884 983 sunt.

308 1022 455 1077 Fieri
492 1032 675 1079 autem
707 1023 906 1078 dicitur
939 1025 984 1080 is
1008 1024 1100 1093 qtti
1133 1032 1192 1078 ut
1215 1022 1357 1077 Dens
1384 1022 1751 1091 sempiternus
1782 1030 1884 1087 est,

307 1123 532 1185 propter
583 1129 803 1168 carnem
863 1129 1027 1183 quam
1077 1112 1394 1182 assumpsit.
1432 1111 1707 1166 Mutuatur
1738 1110 1884 1165 enim

307 1206 494 1261 carnis
547 1206 904 1275 proprietates
960 1214 1179 1274 propter
1249 1218 1523 1258 summam
1575 1199 1884 1256 unione'm:

308 1297 767 1367 quemadmodum
790 1297 999 1351 scilicet
1021 1296 1334 1350 humanitas
1358 1309 1576 1364 quoque
1607 1301 1884 1362 assumpta

312 1389 458 1442 Deus
480 1388 699 1451 dicitur,
722 1390 864 1457 quod
888 1386 1181 1440 divinitatis
1205 1386 1561 1455 proprietates
1583 1385 1685 1439 sibi
1707 1383 1887 1437 vindi-

309 1492 418 1534 cet.
455 1479 558 1546 Qui
606 1488 691 1534 est
717 1520 731 1543 ,
766 1480 851 1539 tit;
877 1477 968 1548 qui
994 1477 1287 1532 creationis
1332 1490 1526 1545 expers
1571 1483 1693 1552 est,
1736 1489 1889 1529 crca-

310 1583 422 1626 tur.
464 1571 587 1626 Haec
645 1569 1160 1626 communicationis
1224 1570 1397 1639 figura
1466 1567 1745 1622 dicuntur.
1810 1566 1889 1619 Ac

311 1672 507 1718 extera
542 1664 781 1729 quidem,
814 1662 939 1716 licet
974 1660 1333 1715 admiratione
1375 1659 1561 1729 digna,
1594 1668 1773 1712 tamen
1822 1657 1889 1710 de

313 1754 654 1810 humanitate
697 1762 972 1823 assumpta
1014 1751 1367 1823 intelligénda
1397 1759 1544 1806 sunt.
1578 1749 1715 1804 Nam
1741 1749 1888 1819 quod

310 1855 453 1909 erat,
486 1853 668 1899 manet
695 1861 711 1899 :
739 1843 891 1914 quod
913 1858 1023 1899 non
1044 1852 1186 1910 erat,
1207 1842 1522 1911 assumpsit.
1545 1840 1681 1896 lllud
1703 1848 1886 1895 autem

1994 652 2172 707 claras
2204 654 2544 709 criminando
2570 657 2930 711 insectantes?
2959 654 3195 711 lloccine
3222 657 3330 709 Deo
3353 656 3567 725 objieis,

1994 742 2161 799 homo
2195 745 2426 815 ingrate,
2464 747 2609 815 quod
2673 755 2764 801 tua
2817 764 2981 802 causa
3039 749 3277 817 St'ipsuttt
3344 751 3564 817 dejecit,

1993 833 2160 903 quod,
2196 850 2320 889 cum
2379 837 2497 890 ovis
2551 836 2757 905 perdita
2815 848 3063 900 esses,ct
3107 839 3337 908 impuris
3361 840 3567 893 dmmo-

1997 926 2155 980 nibus
2209 926 2261 979 in
2318 926 2549 981 collibus
2609 930 2984 995 sacrilicares,
3037 942 3088 985 te
3149 933 3613 999 conquisiverit,

1995 1024 2161 1085 atque
2201 1017 2477 1071 inventam
2513 1019 2563 1070 iu
2600 1020 2916 1089 angelorum
2951 1021 3195 1075 ordinem
3232 1025 3569 1096 ascripserit,

1995 1108 2141 1175 quod
2177 1122 2396 1161 carnem
2442 1123 2595 1163 snam
2646 1110 2801 1178 quasi
2836 1111 3113 1165 lucernam
3147 1115 3477 1178 accenderit,
3508 1131 3573 1168 ac

1996 1198 2259 1250 mundum
2302 1214 2328 1251 a
2360 1198 2509 1261 vitio,
2546 1214 2651 1252 non
2683 1216 2841 1254 secus
2870 1215 2934 1253 ac
2964 1201 3186 1255 domum
3222 1205 3514 1272 quamdam
3540 1219 3570 1258 a

1995 1288 2304 1355 quisquiliis
2334 1290 2697 1358 sordihusque
2727 1293 3054 1361 rcpurgarit,
3089 1294 3400 1365 regiamque
3432 1295 3572 1348 inta-

1996 1379 2174 1446 giuem
2235 1379 2395 1433 foedis
2445 1380 2729 1436 affectibus
2770 1383 3069 1437 involutam
3115 1394 3279 1456 atque
3320 1385 3576 1441 obrutam

1998 1471 2143 1523 velut
2194 1471 2513 1525 draclnuam
2565 1474 2618 1526 in
2656 1484 2898 1527 stercore
2942 1475 3234 1542 invenerit,
3265 1479 3572 1548 laetitizrque

1962 1565 2067 1617 ob
2108 1565 2424 1618 drachmam
2479 1567 2752 1620 inventam
2807 1578 3094 1637 suscepta,
3128 1571 3351 1639 angelos
3404 1573 3574 1642 parti-

1995 1655 2143 1723 cipes
2175 1654 2326 1718 facit,
2359 1671 2498 1725 quos
2526 1657 2688 1710 etiam
2719 1656 3152 1727 dispensationis
3185 1676 3296 1717 suae
3321 1664 3571 1717 conscius

1995 1755 2158 1815 atque
2228 1748 2580 1804 administros
2628 1751 2964 1819 assumpsit?
3016 1751 3226 1808 Etenim
3280 1755 3332 1808 in
3401 1755 3573 1824 ips'ius

1996 1830 2287 1885 Nativitate
2338 1834 2633 1889 multitudo
2692 1837 2935 1892 caelestis
3002 1839 3209 1896 militia;
3259 1843 3571 1911 pastoribus

312 1939 457 2002 quod
492 1938 567 1991 ait
600 1955 615 1991 :
673 1936 835 2001 Eum,
868 1935 960 2006 qni
1020 1935 1172 1988 nullo
1223 1934 1343 1988 loco
1377 1932 1646 1989 contineri
1692 1940 1747 1987 et
1768 1933 1886 2003 capi

1994 1921 2244 1990 apparuit
2276 1922 2612 1979 laudantium
2639 1924 2809 1980 Deum
2837 1942 2903 1983 ae
2927 1928 3262 1985 dicentium:
3301 1930 3489 1988 Gloria
3515 1937 3570 1988 in

310 2038 544 2099 poterat,
573 2028 861 2094 contineri,
903 2026 1117 2082 dilIieile
1148 2034 1234 2080 est
1263 2040 1326 2080 ac
1354 2026 1772 2097 perobscurum,
1792 2037 1893 2079 nec

314 2121 613 2189 quidquam
674 2117 823 2174 aliud
873 2119 979 2173 diri
1028 2126 1228 2189 potest,
1258 2132 1424 2187 quam
1475 2114 1620 2186 quod
1669 2123 1892 2185 propter

313 2213 708 2265 extuberantcm
765 2210 984 2265 virtutis
1032 2209 1401 2278 potentiaeque
1455 2206 1890 2277 magnitudinem

312 2305 372 2357 id
402 2304 534 2357 fiat,
550 2302 649 2368 Qui
686 2302 983 2371 locupletes
1019 2301 1157 2354 alios
1205 2299 1334 2353 facit
1394 2309 1534 2370 eget.
1570 2300 1714 2354 Caro
1745 2299 1891 2353 enim

316 2406 610 2465 paupertas
631 2404 736 2457 est,
791 2403 981 2464 utp0te
1024 2393 1210 2446 multis
1250 2391 1412 2446 rebus
1440 2393 1507 2446 ad
1540 2392 1625 2446 sui
1661 2405 1890 2445 conser-

317 2489 587 2542 vationem
627 2502 764 2556 opus
793 2486 1023 2540 habens.
1056 2485 1124 2539 At
1160 2484 1336 2538 deitas
1364 2484 1519 2538 dives
1552 2492 1606 2538 et
1630 2484 1887 2553 opulenta

313 2589 421 2644 cst,
457 2579 656 2648 quippe
684 2579 885 2632 nullius
914 2578 991 2630 rei
1023 2576 1292 2645 indigens.
1327 2574 1427 2641 Qui
1458 2576 1652 2644 plenus
1694 2582 1799 2639 est,
1834 2580 1894 2627 ut

316 2670 483 2732 Dctls,
515 2679 796 2722 vacuatur.
827 2666 1063 2721 lnauitio
1094 2674 1295 2728 autem,
1324 2680 1419 2719 seu
1452 2664 1722 2728 vacuatio,
1754 2663 1895 2718 dici-

318 2772 409 2814 tur
456 2761 712 2814 demissio
748 2761 861 2823 illa,
893 2774 999 2828 qua
1052 2758 1310 2812 Christus
1343 2757 1409 2810 ad
1454 2758 1889 2825 integumentum

314 2851 579 2918 dignitate
614 2864 713 2903 sua
751 2850 1013 2902 humilius
1061 2861 1182 2901 sese
1229 2845 1448 2915 dejecit,
1485 2845 1894 2912 humanamque

316 2941 552 2992 fortnam
588 2938 787 2991 induit.
817 2937 955 3001 Quid
991 2941 1172 2989 autem
1226 2933 1329 2988 sibi
1360 2932 1473 2986 vult
1501 2946 1760 3001 magnum
1789 2933 1891 2985 hoc

318 3044 485 3100 atque
527 3045 788 3084 arcanum
822 3028 1184 3099 mysterium?
1215 3025 1479 3092 Quoniam
1537 3024 1705 3077 homo
1747 3021 1893 3077 Deus

316 3124 497 3176 factus
526 3137 632 3174 non
659 3131 764 3184 est,
794 3120 1005 3191 idcirco
1039 3117 1182 3171 Deus
1226 3119 1387 3170 homo
1417 3114 1497 3180 fit,
1531 3115 1757 3169 honoris
1783 3113 1891 3168 mei

318 3229 507 3275 causa,
548 3213 801 3265 nimirum
830 3221 889 3265 ut
920 3211 986 3264 iis
1023 3210 1206 3276 rebus,
1239 3223 1379 3279 quas
1403 3208 1636 3278 accepit,
1669 3223 1734 3263 ea
1772 3224 1893 3277 qua:

318 3309 492 3369 dedit,
530 3308 862 3367 instaurans,
895 3305 1102 3375 peccati
1153 3318 1369 3372 pinnam
1420 3303 1657 3365 aboleat,
1686 3316 1753 3357 ac
1795 3318 1892 3372 per

318 3392 593 3454 mortuam
669 3398 1060 3453 humanitatem
1151 3394 1559 3450 interfectorem
1637 3395 1889 3464 perimat.

321 3493 495 3561 Major
529 3506 688 3559 porro
730 3490 998 3558 longeque
1045 3488 1421 3542 admirabilior
1450 3495 1536 3542 est
1565 3487 1893 3541 instauratio

318 3584 598 3638 creatione
635 3583 829 3651 prima.
870 3580 1087 3635 Creatio
1118 3581 1263 3634 enim
1298 3581 1417 3634 solo
1439 3580 1604 3632 verbo
1634 3580 1843 3632 exstitit
1874 3594 1891 3631 :

321 3674 617 3728 Faciamus
647 3673 906 3725 hominem
924 3672 994 3737 δ’,
1024 3681 1155 3737 etc.,
1194 3682 1250 3723 at
1276 3671 1448 3740 ipsius
1476 3669 1699 3738 Opificis
1728 3685 1891 3723 manu

318 3777 486 3836 atque
534 3780 697 3835 opera
750 3765 1079 3820 instauratio
1114 3762 1351 3834 perfecta
1391 3770 1497 3826 est,
1526 3778 1717 3833 nempe
1748 3763 1893 3832 quod

319 3862 552 3928 ipsemet
601 3856 797 3928 Opifex
840 3858 1005 3910 homo
1040 3855 1217 3911 factus
1251 3855 1341 3919 sit,
1378 3870 1443 3908 ac
1468 3853 1692 3908 domum
1738 3869 1891 3908 suam

319 3949 676 4006 cxstruxerit.
725 3952 803 4004 Ac
854 3956 1116 4017 praeterea
1166 3956 1292 4000 tunc
1324 3947 1389 3999 ad
1420 3947 1706 4014 imaginem
1750 3945 1894 3999 dnu-

319 4054 474 4100 taxat
505 4053 642 4100 erat.
674 4044 916 4098 Primum
958 4041 1102 4096 enim
1152 4038 1523 4107 intelligentia:
1570 4052 1634 4091 ac
1688 4035 1894 4106 princi-

321 4149 481 4209 patus
505 4137 864 4193 similitudine
896 4135 1073 4204 ipsum
1124 4133 1338 4197 ornavit
1386 4131 1709 4199 (principem
1745 4129 1891 4182 enim

321 4230 569 4283 oumium
601 4235 974 4282 creaturarum
1006 4240 1035 4278 a
1065 4224 1334 4294 principio
1379 4224 1653 4275 hominem
1690 4221 1895 4276 consti-

323 4324 477 4390 tuit),
511 4334 656 4374 nunc
686 4328 863 4372 autem
897 4319 1199 4371 secundum
1232 4315 1618 4370 substantiam.
1638 4311 1773 4368 Nam
1799 4326 1897 4382 per

322 4425 639 4482 expressam
669 4410 851 4464 carnis
879 4408 1052 4477 ipsius
1074 4408 1482 4461 similitudinem
1508 4421 1629 4460 cum
1660 4406 1892 4459 ornavit.

323 4504 383 4558 In
439 4501 695 4556 extremis
749 4501 1014 4569 siquidem
1072 4500 1406 4567 temporibus
1474 4498 1638 4550 homo
1695 4496 1893 4559 factus,

321 4607 587 4651 creatura:
635 4607 746 4646 sure
774 4591 1106 4645 assimilatus
1132 4602 1233 4652 eet,
1268 4603 1498 4657 eamque
1527 4589 1594 4643 ad
1625 4589 1708 4642 sui
1739 4588 1894 4641 sinti-

321 4688 607 4743 litndincm
647 4683 1052 4753 exprimendam
1111 4681 1344 4735 reduxit.
1392 4679 1466 4731 Ex
1518 4693 1628 4747 quo
1683 4677 1891 4747 liquido

321 4790 538 4835 constat
581 4780 684 4831 hoc
714 4776 1034 4831 beneficium
1075 4773 1241 4843 priori
1296 4773 1389 4825 illo
1421 4772 1778 4825 excellentius
1829 4785 1893 4824 ac

321 4873 561 4928 divinius
586 4886 725 4926 esse.
750 4869 1072 4937 Quanquam
1098 4868 1245 4920 enitn
1276 4866 1527 4935 imaginis
1546 4865 1892 4932 participatio

318 4959 566 5011 divinum
626 4957 900 5011 hominem
955 4955 1193 5009 effecerit
1242 4973 1255 5007 :
1310 4955 1450 5007 idem
1493 4964 1672 5008 tamen
1720 4954 1892 5007 multo

322 5050 520 5104 melius
546 5049 795 5118 prmstitit
815 5048 997 5101 carnis
1026 5044 1388 5114 participatio,
1416 5059 1537 5112 qua:
1575 5059 1682 5097 non
1715 5044 1891 5098 solum

322 5142 570 5197 divinum
624 5155 746 5194 eum
795 5138 1048 5200 reddidit,
1082 5153 1272 5192 verum
1324 5138 1487 5191 etiam
1522 5136 1715 5202 Deum,
1749 5151 1891 5205 pro-

322 5242 446 5303 pter
474 5231 860 5300 hypostaticam
893 5229 1172 5293 unionem,
1204 5241 1270 5282 ac
1303 5228 1347 5282 si
1380 5227 1639 5282 audacius
1663 5226 1893 5295 loquen-

321 5330 455 5378 dum
489 5332 571 5376 est
588 5360 604 5383 ,
635 5323 927 5375 condeum.

395 5414 513 5470 L‘ol.
565 5414 667 5467 5'27
714 5416 777 5466 Α.
824 5412 964 5479 Quid
1003 5411 1073 5464 ad
1102 5412 1213 5465 lucc
1248 5413 1397 5466 nobis
1434 5410 1770 5481 sycophanta:
1814 5409 1894 5462 di-

321 5510 475 5568 cunt,
523 5514 627 5557 etc.
661 5503 936 5557 Adversus
991 5503 1105 5555 hare
1145 5502 1217 5554 ita
1262 5502 1582 5555 admiranda
1632 5502 1895 5570 quidnam

323 5595 567 5649 haeretici
628 5596 806 5651 dicere
845 5594 1080 5663 queant?
1130 5594 1432 5662 peracerbi,
1496 5594 1740 5662 inquam,
1801 5595 1889 5647 isti

400 5768 445 5800 δ’
471 5765 606 5823 Gen.
636 5785 676 5833 ι,
704 5767 792 5821 26.

320 5840 485 5896 Juan.
526 5854 598 5905 tv,
631 5843 685 5894 6.

892 5768 938 5800 '°
960 5765 1095 5826 Luc.
1126 5784 1185 5830 tt,
1216 5769 1299 5822 ll.
1409 5768 1449 5799 "
1472 5766 1500 5823 ,Ι
1524 5784 1628 5822 tan.
1665 5786 1739 5826 vi.
1769 5769 1856 5823 53.

761 5839 1001 5892 "Marc.
1044 5853 1154 5905 XIV,
1189 5838 1255 5892 55
1297 5854 1449 5909 seqq.

1955 5771 1999 5802 δ’
2026 5771 2165 5827 Psal.
2200 5788 2396 5839 Lxxxv,
2438 5773 2516 5829 l6.

1522 5842 1566 5870 ⁵*
1592 5841 1759 5893 Matth
1812 5857 2004 5910 xxvm,
2049 5850 2130 5898 ιδ.

1992 2011 2270 2066 altissimis
2286 2013 2485 2077 Deo,et
2516 2017 2572 2069 in
2601 2025 2743 2070 terra
2769 2034 2878 2088 pax
2893 2020 2965 2085 '°,
2986 2030 3091 2075 etc.
3123 2024 3201 2076 Ad
3227 2024 3370 2078 hunc
3390 2027 3572 2095 itaque

1995 2102 2215 2156 modum
2249 2105 2469 2173 angelos
2501 2107 2712 2162 consilii
2743 2118 2797 2164 et
2834 2111 3257 2180 dispensationis
3288 2131 3400 2171 sua}
3440 2133 3571 2172 con-

1994 2195 2139 2250 scios
2191 2195 2339 2252 facit.
2373 2196 2612 2255 Hoccine
2647 2217 2836 2259 rursus
2864 2205 3060 2274 objicis
3084 2226 3099 2261 :
3127 2206 3282 2273 Quod
3330 2208 3571 2266 Joannes

1992 2287 2235 2356 quidem,
2268 2298 2327 2343 ut
2368 2289 2590 2345 lucerna
2625 2294 2825 2350 ardens
2857 2306 2911 2351 et
2939 2297 3130 2354 lucens
3156 2300 3225 2364 “,
3256 2299 3573 2357 Pt'mcursm

1993 2392 2109 2430 rem
2137 2380 2246 2448 egit
2274 2394 2290 2433 :
2322 2378 2579 2438 Christus
2614 2394 2796 2439 autem
2831 2387 2923 2440 lux
2958 2389 3238 2444 inaccessa
3277 2404 3397 2460 post
3443 2409 3568 2448 eum

1993 2471 2264 2537 apparuit,
2328 2487 2568 2542 eumque
2620 2485 2842 2533 secutus
2885 2487 2990 2544 est,
3018 2488 3077 2534 ut
3124 2496 3307 2536 vocem
3341 2486 3568 2537 verbum

1994 2558 2118 2627 (vox
2145 2564 2290 2614 enim
2317 2565 2475 2631 quasi
2495 2567 2723 2621 materia
2742 2577 2826 2621 est
2847 2571 3141 2637 sermonis,
3161 2588 3342 2626 sermo
3364 2586 3570 2637 autem,

1994 2648 2190 2715 forma,
2229 2668 2418 2709 vocem
2476 2656 2810 2730 informans)
2850 2669 2909 2714 ut
2944 2666 3255 2731 pronuhuin
3309 2680 3570 2733 sponsus,

1994 2743 2114 2812 pios
2164 2760 2230 2799 ac
2281 2746 2468 2802 ﬁdeles
2529 2749 2776 2805 homines
2823 2753 2927 2821 ipsi
2979 2754 3577 2825 con'ciliantezn?Qniu

1994 2835 2159 2906 igitur
2192 2837 2322 2892 illud
2367 2855 2585 2909 quoque
2632 2844 3006 2913 reprehendis,
3040 2847 3183 2913 quod
3223 2858 3274 2900 et
3309 2864 3431 2902 cum
3470 2865 3572 2917 pit,-

1995 2928 2224 2983 blicanis
2254 2931 2508 2995 comedit,
2538 2931 2787 3000 iniquum
2823 2945 3094 3003 quaestum
3129 2936 3475 3001 facientibus,
3513 2951 3585 2998 ut,

1994 3018 2111 3088 ipse
2165 3036 2383 3090 quoque
2432 3024 2664 3078 salutem
2708 3026 2924 3081 illorum
2956 3028 3365 3084 elucretur‘iAt
3394 3035 3572 3084 enim-

1994 3128 2123 3168 vero
2169 3130 2233 3169 ea
2274 3131 2363 3171 res
2410 3118 2560 3169 omni
2615 3121 3035 3187 reprehensione
3083 3130 3248 3186 caret,
3287 3123 3387 3176 nisi
3447 3126 3591 3192 quis.

2000 3208 2661 3271 medicumgaccusandum
2684 3218 2858 3279 putet,
2878 3212 3023 3281 quod
3053 3214 3119 3269 ad
3141 3213 3572 3285 fmtidosmgtoti

1996 3300 2219 3352 morbos
2250 3298 2487 3367 seipsum
2517 3299 2786 3365 demittat,
2815 3309 2875 3355 ut
2900 3315 3026 3356 eum
3060 3304 3276 3357 sanitati
3299 3307 3568 3371 restituat,

1995 3389 2109 3458 ipse
2158 3390 2374 3443 interim
2407 3390 2600 3444 morbo
2643 3406 2983 3461 nequaquam
3007 3393 3229 3450 affectus
3261 3411 3277 3450 :
3304 3404 3397 3450 aut
3421 3411 3579 3462 eum,

1993 3481 2085 3549 qui
2107 3481 2259 3549 juxta
2287 3481 2421 3552 legis
2442 3483 2820 3553 praescriptum
2854 3485 2906 3539 in
2938 3484 3149 3541 foveam
3179 3501 3299 3543 sese
3322 3489 3571 3554 inflectit,

1995 3584 2054 3626 ut
2086 3573 2418 3643 jumentum,
2447 3577 2591 3644 quod
2626 3576 2849 3633 homine
2892 3580 3053 3635 vilius
3077 3590 3183 3646 est,
3218 3580 3367 3636 illinc
3395 3590 3575 3637 extra.

1995 3664 2108 3729 hat,
2144 3665 2260 3735 ipse
2305 3668 2519 3721 interim
2551 3684 2617 3722 eo
2649 3671 2874 3725 minime
2907 3673 3218 3744 prolapsus.

2068 3756 2200 3810 Ibid.
2221 3748 2507 3812 CfMa'ssns
2537 3773 2859 3829 quidem-est,
2884 3773 2989 3819 etc.
3018 3765 3283 3835 Quoniam
3327 3768 3570 3822 nonnulli

1996 3850 2318 3905 missionem
2380 3846 2608 3906 secundi
2670 3855 2884 3909 ordinis
2932 3871 3093 3920 esse,
3149 3869 3314 3929 atque
3362 3859 3409 3913 ei
3478 3864 3573 3930 qui

1997 3945 2264 4005 subesset,
2295 3944 2590 3998 convenire
2608 3942 2748 3999 falso
2767 3945 3178 4012 existimabant,
3221 3950 3427 4005 ideirco
3446 3968 3569 4005 cum

1996 4032 2223 4087 dixisset
2249 4031 2566 4105 Theologus
2596 4036 2881 4093 Christum
2923 4041 3149 4095 missum
3185 4058 3326 4103 esse,
3361 4044 3571 4112 adjicit,

1999 4133 2056 4175 ut
2076 4124 2352 4178 hominem
2378 4142 2392 4178 :
2419 4128 2865 4197 quandoquidem
2892 4141 2947 4185 et
2974 4134 3178 4187 Servus
3208 4136 3260 4187 in
3288 4135 3574 4204 Scriptura

1996 4215 2176 4271 dictus
2207 4227 2307 4284 est,
2339 4227 2393 4274 ct
2434 4221 2646 4275 ancillae
2694 4221 2836 4277 filius
2854 4225 2921 4288 ",
2971 4235 3025 4280 et
3056 4242 3249 4295 agnus,
3281 4236 3335 4281 et
3360 4227 3537 4281 ovis”
3558 4270 3572 4288 .

1997 4317 2161 4378 atque
2197 4311 2362 4365 etiam
2399 4312 2678 4384 fatigatus,
2725 4325 2777 4370 et
2809 4317 2954 4370 fame
2997 4333 3060 4371 ac
3107 4318 3196 4373 siti
3234 4319 3466 4373 afﬂictus
3494 4321 3573 4385 ’νς

1997 4403 2299 4472 laborasse,
2332 4413 2384 4459 et
2419 4421 2624 4473 angore
2664 4417 2950 4476 correptus
2971 4409 3038 4477 “,
3083 4421 3248 4478 atque
3283 4411 3420 4464 adeo
3450 4427 3575 4478 pas-

1998 4511 2093 4550 sus
2125 4496 2291 4551 fuisse
2321 4497 2540 4551 dicitur.
2590 4497 2784 4553 Verum
2818 4501 2932 4555 haec
2961 4501 3165 4571 justam
3197 4512 3252 4557 et
3287 4505 3587 4565 honestam.

1925 4595 2221 4652 Dcausant
2281 4589 2655 4658 rationemque
2698 4591 2934 4657 habent,
2987 4593 3247 4647 nimirum
3297 4596 3463 4665 quia,
3522 4606 3577 4650 et

2000 4680 2183 4743 homo,
2238 4687 2293 4733 et
2327 4679 2498 4735 Filius
2555 4678 2791 4736 hominis
2830 4682 3006 4740 factus
3055 4692 3161 4740 est.
3213 4685 3393 4752 Quare
3436 4689 3574 4742 nihil

1998 4783 2103 4839 est,
2137 4790 2237 4828 cur
2270 4776 2354 4830 his
2381 4777 2609 4831 vocibus
2641 4778 2930 4847 quisquam
2961 4777 3288 4834 ullendatur.
3333 4779 3569 4833 Verbum

1999 4868 2141 4920 cnim
2180 4865 2350 4922 Filius
2382 4869 2619 4924 hominis
2653 4868 2855 4924 factum
2888 4881 2990 4933 est,
3028 4881 3087 4924 ut
3128 4872 3396 4927 mediator
3429 4874 3575 4926 exsi—

2001 4971 2149 5013 stcns
2180 4959 2272 5014 Dei
2309 4971 2472 5031 atque
2500 4963 2805 5027 hominum,
2841 4978 2961 5039 qum
2996 4962 3088 5017 Dei
3122 4975 3272 5028 sunt,
3313 4966 3489 5030 nobis,
3521 4976 3574 5018 rt

2001 5059 2122 5112 quzc
2157 5057 2341 5100 nostra
2377 5057 2527 5114 sunt,
2569 5051 2677 5103 Deo
2710 5053 3005 5104 ministret.
3048 5051 3185 5105 (Sum
3232 5054 3396 5121 igitur
3428 5055 3572 5110 fame

2004 5137 2182 5204 urgeri
2215 5139 2450 5203 dicitur,
2498 5141 2763 5210 lacrymas
2809 5131 3177 5208 profundere,
3231 5143 3468 5212 fatigari,
3517 5156 3572 5199 et

1998 5227 2123 5280 Elui
2165 5226 2286 5279 Eloi
2317 5228 2572 5291 clamare,
2628 5234 2893 5285 lnnnanos
2928 5247 2992 5285 ac
3020 5243 3237 5287 nostros
3270 5234 3496 5288 alit-ctus
3540 5253 3577 5297 ιι

2000 5319 2159 5372 nobis
2214 5320 2432 5385 accipit,
2471 5329 2637 5389 atque
2688 5322 2753 5374 ad
2804 5321 3018 5377 Patrem
3072 5327 3413 5390 transmittit,
3470 5342 3567 5394 pro

1997 5412 2155 5464 nobis
2194 5412 2557 5477 intercedcns,
2589 5423 2649 5467 ιιι
2676 5415 2926 5471 videlicet
2965 5419 3016 5471 in
3052 5418 3171 5486 ipso
3206 5422 3565 5487 exstinguun-

1998 5513 2104 5555 tur.
2138 5503 2271 5555 Cum
2303 5511 2485 5557 autem
2524 5505 2599 5558 ait
2631 5522 2645 5558 :
2673 5506 2813 5561 Data
2852 5509 2984 5561 mihi
3014 5521 3092 5563 est
3130 5511 3299 5563 omnis
3325 5522 3581 5578 potestas.

1997 5595 2049 5648 ita
2085 5595 2211 5647 coelo
2237 5604 2286 5648 et
2326 5596 2377 5647 in
2426 5604 2566 5650 terra
2591 5598 2660 5664 υ,
2704 5600 2940 5669 itemque
2964 5602 3107 5670 quod
3144 5601 3286 5658 Deus
3317 5620 3439 5659 eum
3478 5622 3570 5660 su-

2602 5776 2645 5807 ⁵³
2674 5776 2777 5831 ιδι.
2810 5792 2931 5844 Litt,
2969 5776 3020 5835 7.
3123 5778 3169 5810 "'
3193 5776 3327 5841 Luc.
3362 5793 3436 5847 tv,
3470 5779 3581 5853 “25;,
