4048 6278
602 513 1052 588 pereaaltarit”,
1101 515 1413 586 huiusmodi
1457 529 1623 573 voces
1657 515 1747 572 Dei
1783 516 2047 574 beneﬁcia
2097 534 2192 588 per

606 627 732 666 eum
767 611 820 665 in
868 625 967 666 nos
1021 610 1220 664 collata
1255 610 1560 667 declarant.
1598 610 1784 682 Neque
1831 613 1978 668 enim
2008 611 2190 668 Verbo

607 704 910 773 quidquam
964 718 1204 771 unquam
1243 704 1452 767 deerat,
1485 713 1578 758 aut
1608 704 1808 772 defuit,
1842 719 1945 761 nec
1991 722 2189 763 rursus

607 795 860 848 homines
911 793 1015 848 sibi
1072 792 1207 863 ipsis
1248 794 1563 850 ministrare
1601 805 1874 866 poterant.
1929 795 2055 851 llaec
2093 811 2189 865 per

613 885 847 941 Verbum
884 885 1043 941 nobis
1083 885 1463 952 conferuntur,
1510 897 1698 958 atque.
1738 897 1797 942 ut
1827 889 1929 960 ipsi
1964 890 2187 954 donata,

608 979 769 1034 nobis
818 978 1229 1047 impertiuntur.
1271 976 1486 1033 Etenim
1535 980 1605 1034 ob
1637 980 1780 1035 hanc
1808 997 2026 1051 quoque
2052 997 2186 1037 cau-

607 1087 728 1126 sam
762 1071 1158 1125 humanitatem
1197 1071 1429 1141 accepit,
1466 1080 1527 1126 ut
1566 1088 1689 1141 qua:
1719 1073 1820 1142 ipsi
1863 1074 2084 1138 dantur,
2120 1075 2188 1130 ad

506 1166 521 1175 ‘
607 1181 710 1221 nos
769 1163 941 1218 ﬂuant
997 1178 1061 1218 ac
1116 1171 1520 1232 pertranseant.
1586 1163 1763 1220 Homo
1823 1166 1966 1221 enim
2018 1181 2189 1236 purus

606 1254 1042 1323 haudquaquam
1097 1255 1302 1308 talibus
1332 1254 1636 1323 privilegiis
1680 1265 1911 1310 ornatus
1947 1256 2140 1311 fuisset
2171 1273 2186 1310 :

609 1358 674 1397 ae
732 1358 926 1399 rursus
973 1342 1212 1398 Verbum
1270 1345 1447 1397 solum
1506 1360 1853 1415 nequaquam
1916 1348 2001 1402 his
2050 1363 2188 1417 opus

608 1434 923 1491 habuisset.
951 1433 1191 1490 Proinde
1220 1438 1380 1492 nobis
1413 1436 1505 1491 Dei
1535 1438 1705 1494 Filius
1731 1439 2061 1508 coniunctus
2082 1451 2186 1503 est,

610 1543 677 1584 ac
710 1536 823 1582 tum
851 1528 1009 1583 uobis
1035 1537 1361 1596 potestatem
1393 1529 1603 1595 tribuit,
1632 1547 1841 1601 uosque
1872 1532 1926 1586 in
1957 1533 2191 1590 sublime

609 1618 823 1674 extulit.
859 1617 1099 1674 Verbum
1135 1620 1281 1674 enim
1322 1620 1377 1674 in
1420 1621 1642 1675 homine
1673 1623 1967 1685 exsistens.
2009 1624 2189 1678 homi-

613 1726 734 1765 nem
776 1710 1045 1766 altissime
1071 1711 1348 1771 subvexit.
1381 1722 1545 1782 atque
1574 1713 1645 1768 ita
1672 1711 1851 1770 Verbo
1884 1713 1937 1768 in
1970 1717 2191 1772 homine

609 1802 911 1858 essistente
929 1811 1254 1872 potestatem
1280 1805 1445 1860 homo
1472 1804 1707 1875 accepit.
1729 1804 2187 1876 Quandoquidem

612 1894 797 1963 igitur,
840 1893 1017 1949 Verbo
1068 1910 1190 1950 cum
1253 1910 1418 1950 carne
1466 1897 1786 1965 coniuncto.
1845 1898 1898 1952 in
1955 1899 2189 1955 sublime

616 1988 778 2039 homo
808 1982 1102 2054 prdvectns
1132 1997 1234 2051 est,
1269 2002 1334 2041 ac
1367 1996 1693 2057 potestatem
1726 1989 1956 2058 accepit,
1992 1992 2189 2045 merito

613 2078 728 2132 haec
769 2077 969 2143 Verbo.
1016 2094 1112 2149 per
1141 2080 1287 2149 quod
1324 2080 1448 2134 data
1490 2090 1640 2145 sunt,
1677 2090 1896 2151 accepta
1937 2082 2188 2138 referun-

610 2177 721 2222 tur.
752 2166 824 2221 At
848 2183 979 2224 vero
1010 2169 1158 2223 illam
1192 2186 1316 2225 cum
1349 2170 1569 2224 homine
1603 2171 1886 2238 unionem,
1928 2187 2051 2228 cum
2080 2188 2187 2243 qua

613 2260 906 2316 invisibilis
955 2270 1152 2317 natura
1200 2279 1297 2332 per
1347 2272 1557 2333 partem
1604 2264 1873 2321 visibilem
1926 2267 2189 2336 cognosci

610 2363 843 2421 poterat.
895 2355 1203 2410 missionem
1255 2357 1581 2410 nominarit.
1630 2355 1818 2427 Neque
1862 2360 2005 2413 enim
2041 2357 2189 2414 Deus

613 2446 855 2500 humano
902 2462 1055 2501 more
1114 2449 1266 2503 locos
1314 2449 1546 2504 subinde
1601 2459 1798 2513 mutat.
1853 2451 2055 2521 quippe
2094 2453 2188 2522 qui

610 2536 810 2614 etrlum
845 2547 900 2593 et
932 2547 1130 2592 terram
1164 2538 1427 2606 impleat:
1461 2556 1649 2595 verum
1685 2541 1923 2596 carnalis
1955 2558 2190 2611 pr:escn-

610 2630 712 2690 tia.
756 2641 811 2684 et
859 2631 1158 2686 submissio
1208 2632 1322 2695 illa,
1356 2632 1447 2702 qni
1478 2648 1544 2688 ex
1577 2632 1899 2702 incorporea
1933 2636 2188 2705 magniﬁ-

610 2722 786 2776 eeutia
840 2722 906 2777 ad
951 2724 1198 2793 corporis
1243 2725 1505 2779 vilitatem
1553 2741 1675 2781 sese
1725 2727 1944 2796 dejecit,
1998 2729 2190 2785 missio

612 2818 892 2870 nominata
926 2826 1030 2871 est.
1058 2818 1238 2886 Atque
1273 2826 1333 2872 ut
1375 2818 1540 2873 etiam
1576 2818 1681 2873 hoc
1715 2819 1930 2884 demus,
1966 2835 2090 2874 eum
2131 2829 2192 2875 ut

610 2906 781 2961 Deum
835 2907 1063 2963 missum
1112 2923 1254 2976 esse,
1300 2919 1626 2964 nontamen
1670 2910 1799 2966 hinc
1847 2926 1973 2965 eum
2023 2910 2184 2967 Patre

610 2998 927 3055 inferiorem
985 3016 1108 3056 esse
1163 3001 1458 3072 colligitur.
1515 3002 1650 3058 Nam
1707 3013 1980 3074 quatenus
2042 3003 2187 3059 Patri

613 3089 811 3143 Filium
875 3091 1153 3147 incarnari
1197 3092 1421 3163 placuit.
1475 3094 1740 3149 hactenus
1787 3110 1912 3149 eum
1969 3096 2190 3152 misisse

611 3182 814 3268 dist-itur
847 3199 863 3250 ;
892 3193 1056 3254 atque
1084 3184 1246 3239 etiam
1282 3188 1473 3240 eodem
1529 3184 1694 3239 modo
1724 3201 1835 3253 quo
1871 3187 2041 3241 solem
2096 3202 2185 3240 ra-
2217 3212 2260 3271 ρ

612 3273 760 3325 dium
788 3258 951 3328 suum
987 3275 1204 3331 misisse
1234 3276 1492 3331 dicimus.
1533 3275 1790 3332 Christus
1831 3277 1976 3331 enim
2006 3279 2188 3332 omnia

610 3379 712 3420 sua
748 3366 896 3422 Patri
933 3368 1177 3432 ascribit,
1211 3367 1409 3436 partim
1445 3376 1505 3421 ut
1536 3367 1713 3437 ipsum
1747 3377 2009 3437 tanquam
2040 3369 2190 3438 prin-

610 3453 817 3521 cipium
853 3461 908 3508 ct
938 3469 1162 3509 causam
1209 3469 1364 3508 suam
1397 3454 1660 3522 temporis
1700 3455 1883 3510 omnis
1909 3465 2187 3525 expertem

610 3544 841 3602 honoret
900 3548 1103 3617 (neque
1152 3547 1296 3602 enim
1356 3546 1480 3602 Filii
1536 3550 1876 3619 generationi
1925 3553 2190 3621 temporis

609 3638 907 3707 quidquam
944 3637 1250 3695 intercessit
1292 3656 1306 3693 :
1340 3641 1435 3696 sed
1472 3641 1637 3696 simul
1692 3641 1874 3705 Pater,
1927 3644 2091 3698 simul
2136 3654 2190 3700 et

607 3730 829 3802 Filius),
871 3732 1070 3800 partim
1104 3735 1266 3786 etiam
1311 3749 1380 3788 ne
1425 3733 1573 3789 Patri
1610 3735 1888 3790 adversari
1919 3736 2184 3791 rideatur.

610 3820 692 3875 0h
722 3839 843 3877 eam
900 3838 1125 3879 causam
1171 3840 1233 3879 se
1275 3825 1345 3880 ab
1396 3840 1464 3880 eo
1515 3826 1741 3881 missum
1795 3842 1918 3883 esse
1963 3828 2185 3884 dicitur.

611 3913 1084 3979 Quemadmodum
1121 3925 1176 3971 et
1226 3932 1256 3971 a
1291 3916 1452 3972 Patre
1506 3919 1744 3974 traditus
1784 3935 1907 3975 esse
1940 3920 2183 3976 dicitur:

612 4005 868 4060 Traditus
905 4008 1050 4062 enim
1085 4017 1191 4071 est.
1243 4010 1442 4081 inquit,
1478 4011 1571 4066 ille
1611 4021 1824 4083 propter
1849 4024 2064 4082 peccata
2093 4030 2188 4068 no-

609 4107 722 4151 stra
747 4098 816 4153 ⁸⁸.
882 4100 1046 4169 Atqui
1111 4101 1230 4170 ipse
1298 4118 1519 4172 quoque
1593 4106 1835 4174 seipsum
1900 4106 2189 4163 tradidisse

608 4190 891 4245 scribitur.
925 4192 1016 4246 Ait
1050 4195 1198 4247 enim
1245 4196 1581 4263 Apostolus:
1622 4196 1846 4259 Christi.
1873 4198 1965 4268 qui
1998 4197 2186 4251 dilexit

607 4299 712 4347 me,
765 4293 815 4338 et
863 4284 1095 4339 tradidit
1147 4291 1490 4357 semetipsum
1547 4305 1644 4357 pro
1697 4304 1778 4343 me
1798 4289 1868 4343 ”.
1915 4290 2117 4345 Adltaec
2154 4305 2185 4344 a

608 4374 772 4432 Patre
803 4377 870 4431 ad
906 4378 1072 4433 vitam
1100 4388 1394 4435 revocatus
1429 4395 1495 4434 ac
1529 4389 1820 4447 susceptus
1850 4378 2020 4436 fuisse
2046 4380 2188 4435 dici-

607 4475 719 4531 tur,
758 4474 819 4521 ut
853 4483 976 4521 cum
1014 4469 1092 4523 ait
1132 4468 1339 4524 Paulus
1367 4488 1381 4523 :
1412 4469 1554 4524 Deus
1588 4480 1767 4524 autem
1801 4479 1851 4524 et
1901 4470 2185 4524 Dominum

2023 406 2409 467 ADDENDA.

3689 405 3795 471 nu

2223 526 2262 578 Α
2294 529 2478 576 autem
2529 518 2747 576 silentio
2790 526 3004 588 premat
3050 528 3106 576 et
3151 525 3438 590 prastereat
3470 527 3655 589 :atque
3695 523 3793 578 illud

2292 612 2511 681 quidem
2545 622 2828 683 supputet.
2859 611 3007 683 quod
3047 610 3301 669 Christus
3332 626 3521 682 passus
3551 613 3630 671 sit.
3656 615 3791 683 ipsum

2293 705 2547 761 videlicet
2591 705 2925 761 imminuens
2955 724 2969 761 :
3002 705 3149 777 quod
3187 715 3367 761 autem
3399 706 3537 759 ultro
3564 713 3613 759 et
3648 719 3797 774 sponte

2293 812 2492 868 passus
2554 796 2625 853 sit
2679 801 2767 864 (ex
2833 813 2946 869 quo
2998 798 3171 866 ipsius
3238 805 3478 866 potestas
3527 796 3795 855 declaraturi

2293 904 2641 961 nequaquam
2691 890 2935 960 adjiciat.
2998 886 3323 959 Huiusmodi
3377 898 3550 944 autem
3602 893 3794 958 quadam

2293 997 2443 1036 nunc
2475 994 2697 1051 quoque
2718 981 2928 1050 patitur
2956 979 3130 1033 Filius
3161 991 3216 1034 et
3244 977 3481 1047 Verbum
3513 977 3621 1034 Dei.
3646 977 3752 1033 Nam
3772 996 3794 1035 a

2291 1070 2620 1131 Sabellianis
2648 1079 2709 1126 ut
2740 1070 2881 1126 Deus
2922 1069 3244 1131 honoratur.
3277 1077 3443 1137 atque
3486 1067 3796 1123 confunditur.

2292 1161 2372 1216 llli
2398 1161 2546 1217 enim
2582 1175 2744 1216 unam
2775 1161 2830 1215 in
2865 1160 3154 1216 divinitate
3193 1158 3536 1214 triuominem
3567 1173 3796 1228 personam

2290 1270 2413 1310 esse
2451 1254 2727 1313 dicebant.
2773 1253 3027 1309 eumdem
3071 1265 3195 1307 esse
3237 1252 3450 1306 Patrem
3484 1258 3537 1303 et
3565 1249 3731 1304 Filium
3755 1265 3799 1303 ac

2292 1347 2556 1416 Spiritum
2588 1353 2837 1401 sanetum
2865 1353 3197 1400 asserentes.
3226 1342 3307 1396 Al)
3326 1341 3539 1396 Arianis
3568 1350 3740 1403 autem.
3758 1350 3799 1394 ut

2291 1452 2444 1500 caro,
2493 1435 2836 1505 contemptui
2895 1434 3127 1489 habetur
3186 1448 3253 1487 ac
3303 1440 3597 1502 separatur.
3650 1431 3797 1484 Filium

2290 1529 2437 1584 enim
2472 1529 2526 1584 in
2571 1536 2946 1584 creaturarum
2977 1527 3225 1580 ordinem
3255 1526 3574 1594 redigentes,
3606 1539 3631 1576 a
3665 1521 3798 1576 Patris

2292 1619 2581 1674 divinitate
2624 1619 3001 1674 scmovebant.
3039 1616 3313 1684 Quoniam
3356 1617 3515 1686 igitur
3545 1615 3730 1683 utrique
3761 1614 3799 1667 iu

2293 1712 2408 1781 pari
2449 1712 2728 1781 impietate
2770 1719 3084 1776 versantur,
3141 1710 3284 1766 utris
3317 1709 3528 1777 gravius
3568 1708 3798 1769 irascetur,

2293 1806 2338 1860 si
2377 1805 2526 1874 justo
2550 1804 2762 1872 judicio
2805 1819 2929 1861 cum
2979 1803 3085 1858 illis
3145 1817 3311 1872 agere
3364 1801 3509 1862 velit,
3546 1799 3624 1853 vel
3666 1798 3799 1868 potius

2294 1895 2433 1949 utris
2484 1895 2606 1963 plus
2669 1893 3024 1960 eondonabit,
3078 1893 3126 1949 si
3194 1892 3418 1947 lenitate
3470 1900 3523 1946 et
3573 1888 3799 1944 clementia

2292 1986 2519 2040 utatur?
2550 1983 2746 2040 Utrum
2776 1985 3128 2048 Sabellianis,
3162 1984 3258 2055 qui
3286 1984 3490 2041 nefarie
3514 1984 3799 2043 contrahunt,

2288 2094 2356 2134 ac
2385 2077 2601 2133 Patrem
2649 2087 2703 2133 et
2732 2077 2928 2132 Filium
2958 2086 3013 2131 et
3055 2075 3324 2148 Spiritum
3362 2086 3618 2137 sanctum,
3657 2087 3801 2143 perso-

2293 2187 2420 2226 nam
2468 2185 2633 2226 unam
2670 2169 3023 2224 trinominem
3059 2184 3186 2223 esse
3226 2165 3591 2224 contendunt?
3621 2180 3676 2217 an
3707 2176 3802 2215 vero

2292 2265 2534 2328 Arianis,
2582 2266 2675 2335 qui
2724 2264 2891 2333 impie
2934 2261 3218 2325 scindunt.
3259 2275 3325 2315 ac
3377 2258 3564 2313 Filium
3600 2270 3626 2307 a
3666 2252 3800 2308 Patris

2290 2356 2599 2413 substantia
2648 2354 2976 2424 seiungunt?
3023 2353 3156 2407 Nam
3193 2361 3251 2408 et
3289 2351 3564 2423 oportebat
3590 2347 3797 2402 Sabeilia-

2293 2465 2396 2505 nos
2426 2464 2656 2504 numero
2694 2448 2957 2508 dividere.
2991 2445 3098 2499 hoc
3143 2453 3251 2506 est,
3280 2453 3389 2498 tres
3410 2454 3649 2511 personas
3674 2434 3798 2491 eouii-

2292 2543 2390 2598 teri
2422 2558 2487 2598 ac
2514 2555 2824 2604 numerare,
2852 2546 2907 2593 et
2944 2537 3180 2592 Arianos
3203 2535 3433 2591 decebat
3463 2542 3566 2587 tres
3594 2541 3799 2599 personas

2292 2645 2490 2691 natura
2540 2644 2594 2689 et
2645 2633 2932 2688 divinitate
2982 2631 3349 2700 conjungere,
3403 2639 3557 2680 unam
3606 2620 3800 2676 videlicet

2294 2730 2461 2783 trium
2505 2740 2872 2798 personarum
2928 2733 3178 2778 naturam
3234 2731 3293 2776 et
3326 2720 3641 2774 divinitatem
3673 2711 3799 2769 conti-

2293 2827 2495 2874 tentes.
2537 2816 2820 2887 lmpingis,
2862 2829 2896 2869 o
2946 2813 3225 2880 bzeretice,
3256 2822 3420 2882 atque
3456 2810 3519 2864 ad
3564 2801 3802 2862 Salratmis

2293 2927 2512 2967 carnem
2567 2910 2834 2966 oil’endis?
2865 2908 3011 2964 Idem
3055 2921 3282 2978 quoque
3317 2916 3370 2961 et
3401 2904 3592 2960 ludatis
3629 2896 3798 2955 accidit.

2292 3002 2494 3057 Christi
2528 3001 2799 3056 divinitati
2831 3000 2989 3054 (idem
3022 2998 3301 3068 abrogas?
3323 2995 3377 3051 ιιι
3411 3010 3536 3050 vero
3563 3006 3622 3047 ne
3641 2991 3797 3042 daemo-

2293 3111 2390 3150 nes
2421 3094 2640 3164 quidem
2679 3092 2949 3147 l'eeerunt.
2981 3092 3059 3146 lta
3091 3099 3146 3145 et
3174 3090 3455 3145 daemones
3482 3080 3797 3142 incredulitate

2294 3202 2547 3256 superas.
2596 3194 2650 3240 et
2680 3183 2899 3240 Iudaeos
2935 3181 3138 3254 ingenii
3182 3183 3454 3236 tarditate.
3486 3178 3606 3233 Nam
3645 3174 3801 3227 demur

2297 3295 2436 3344 nes,
2494 3293 2617 3333 cum
2679 3292 2711 3331 a
2767 3276 2989 3332 Christo
3032 3274 3407 3345 pellerentur.
3463 3269 3615 3326 Deum
3665 3265 3800 3333 ipsum

2294 3370 2714 3425 conﬁtebantur.
2760 3366 2946 3423 Fidem
2995 3368 3141 3422 enim
3175 3365 3288 3422 illis
3333 3360 3614 3419 divinitatis
3642 3349 3799 3410 Christi

2294 3461 2567 3517 faciebant
2590 3474 2652 3515 ea
2673 3475 2796 3530 quae
2822 3459 3189 3529 patiebantur.
3222 3454 3565 3512 intisibiliter
3586 3445 3799 3506 cruciati:

2292 3569 2355 3609 ac
2385 3553 2614 3623 proinde
2642 3553 2900 3607 dicebant
2931 3570 2946 3606 :
2983 3551 3126 3617 Quid
3162 3551 3319 3606 nobis
3343 3558 3393 3605 et
3418 3548 3533 3611 tibi,
3562 3544 3693 3606 .lesu,
3718 3536 3801 3591 [τηε

2294 3644 2392 3700 Dei
2415 3644 2500 3698 6"?
2521 3643 2694 3700 Judaei
2727 3653 2937 3708 autem,
2969 3658 3094 3698 eum
3130 3645 3315 3713 ipsum
3349 3642 3600 3697 dicentem
3638 3630 3801 3688 audiis‘

2293 3748 2458 3792 sent:
2501 3737 2658 3791 Pater
2690 3754 2834 3792 meus
2891 3753 3054 3807 usque
3110 3737 3273 3792 modo
3320 3745 3578 3807 operatur,
3636 3738 3678 3782 et
3732 3737 3802 3790 €90

2293 3844 2483 3896 operor
2499 3830 2570 3893 ⁸⁵,
2613 3828 2668 3882 in
2715 3828 2864 3883 hunc
2909 3842 3132 3884 sensum
3177 3828 3297 3885 haec
3327 3828 3488 3882 verba
3514 3823 3798 3890 acceperunlo

2296 3932 2353 3976 ut
2387 3923 2642 3990 quoniam
2692 3921 2907 3975 Patrem
2948 3936 3111 3976 suum
3164 3921 3334 3975 Deum
3369 3935 3487 3975 esse
3534 3909 3796 3971 afﬁrmabat.

2294 4027 2481 4082 parem
2513 4027 2735 4082 quoque
2783 4011 2895 4068 Deo
2930 4012 3169 4082 seipsum
3210 4011 3438 4074 faceret.
3483 4024 3541 4064 ac
3568 4010 3795 4075 ρτθριοΐθθ

2294 4103 2472 4169 iit-“Hm
2524 4105 3012 4172 persequebantur.
3068 4103 3140 4158 At
3181 4113 3235 4158 tu
3286 4118 3409 4165 nec.
3459 4109 3515 4156 ut
3538 4094 3702 4158 Judmi.
3727 4087 3795 4143 Dei

2292 4204 2345 4247 et
2373 4193 2494 4248 Filii
2517 4210 2641 4249 cum
2671 4195 2832 4249 Patre
2866 4195 3232 4265 aequalitatem
3261 4193 3555 4261 intelligere
3580 4187 3682 4240 vis:
3705 4193 3798 4241 net.

2294 4295 2354 4339 ιη
2376 4288 2676 4352 ἀωιιιοιιρε,
2719 4288 3060 4344 divinitatem
3092 4289 3369 4344 conﬁteri.
3397 4283 3644 4352 Quocirca
3667 4273 3798 4331 satius

2295 4378 2391 4431 tibi
2432 4378 2610 4434 fuerat
2638 4378 2951 4435 Iudaeorum
3003 4381 3114 4436 ritu
3165 4379 3548 4437 circumcisum
3597 4383 3716 4433 esset
3753 4376 3799 4418 ³ο

2293 4468 2556 4536 proinde,
2617 4478 2679 4524 u-t
2722 4469 2841 4535 illi,
2896 4471 3266 4541 aequalitatem
3328 4470 3641 4538 intelligere,
3676 4469 3798 4527 διηιιθ

2221 1863 2263 1918 Β

604 4575 636 4611 a
668 4559 895 4612 mortuis
926 4558 1201 4625 excitauit,
1233 4569 1283 4614 et
1321 4574 1417 4612 nos
1449 4560 1700 4613 excitabit
1726 4561 1793 4617 σθ.
1830 4559 1897 4613 Et
1924 4560 2140 4616 Marcus
2166 4579 2180 4616 :
2216 4547 2261 4601 Ῐ)
2289 4559 2597 4616 daemonum
2626 4562 2970 4633 intemperiis
3006 4563 3224 4632 agitari,
3255 4563 3676 4626 divinitatemque
3696 4564 3796 4604 00'"

605 4651 892 4718 Dominus,
934 4651 1140 4721 inqttit,
1190 4663 1476 4723 postquam
1526 4652 1659 4721 ipsis
1721 4653 1931 4707 locutus
1985 4662 2084 4715 est,
2129 4655 2185 4708 in

603 4740 794 4793 malum
832 4751 1071 4809 receptus
1122 4751 1195 4793 est
1225 4740 1291 4794 ⁶¹.
1323 4742 1490 4811 Atqui
1540 4756 1734 4797 rursus
1768 4741 2034 4811 scriptum
2074 4750 2179 4808 est,

602 4831 748 4898 quod
784 4833 902 4899 ipse
929 4845 990 4885 se
1023 4831 1365 4897 excitaverit,
1395 4843 1562 4900 atque
1592 4834 1646 4888 in
1684 4834 1885 4889 coelum
1925 4836 2186 4890 ascende-

602 4923 670 4976 rit
700 4939 715 4978 :
748 4921 950 4978 Soluite
987 4923 1159 4986 enim,
1200 4924 1401 4992 inquit,
1430 4927 1527 4979 liae
1565 4926 1837 4996 templum.
1857 4936 1908 4981 et
1940 4928 1994 4981 in
2015 4928 2184 4983 tribus

603 5015 789 5070 diebus
831 5014 1076 5069 excitabo
1104 5014 1244 5069 illud
1269 5016 1335 5069 "s
1383 5016 1447 5070 Et
1480 5016 1696 5072 Lucas:
1728 5017 2185 5083 Quemadmodum

603 5106 815 5160 uidistis
858 5121 979 5159 eum
1002 5106 1394 5162 ‘uscendentem
1434 5107 1494 5162 in
1545 5108 1732 5163 caelum
1758 5109 1826 5162 “.
1883 5109 2057 5166 Porro
2092 5127 2183 5171 ea.

603 5213 729 5267 quae
773 5198 843 5253 de
896 5198 1018 5269 ipso
1066 5199 1335 5256 humilius
1377 5209 1543 5271 atque
1593 5202 1859 5272 abjectius
1904 5205 2183 5272 dicuntur,

602 5290 787 5347 Patris
813 5293 1218 5363 beneplaeitum
1253 5294 1500 5351 indicant
1529 5313 1544 5350 :
1571 5311 1696 5367 qua:
1722 5304 1905 5352 autem
1932 5297 2186 5353 sublimi-

604 5395 690 5439 ter
717 5394 773 5441 et
802 5386 1119 5456 magniﬁce,
1167 5386 1472 5444 Salvatoris
1503 5398 1827 5458 potestatem
1861 5390 2181 5446 ostendunt.

603 5480 674 5533 At
704 5479 997 5535 haereticus
1029 5493 1095 5534 ea
1128 5488 1218 5535 est
1247 5479 1416 5534 animi
1446 5483 1827 5550 perversitate,
1860 5489 1922 5534 ut
1953 5481 2183 5536 humilia

605 5571 827 5641 quidem
882 5562 1051 5627 verba
1097 5581 1385 5627 enumeret
1435 5587 1502 5628 ac
1552 5582 1875 5640 recenseat,
1927 5572 2184 5629 sublimia

679 5753 724 5785 ⁸⁸³
749 5751 989 5827 Philipp.
1027 5766 1101 5827 lt,_
1125 5752 1182 5827 Si.
1210 5753 1448 5827 “Rom.
1483 5752 1721 5827 tv,_9.ii.g_
1758 5753 1803 5827 f9
1827 5750 2002 5806 Galat.
2037 5767 2104 5827 tt1
2124 5752 2187 5807 Ἦ]

2257 5756 2300 5790 ‘°
2333 5757 2352 5812 l
2380 5756 2508 5814 Cor.
2540 5773 2613 5824 vr,
2660 5756 2744 5812 li.
2821 5758 2863 5791 “
2890 5755 3055 5813 Mare.
3089 5775 3200 5827 rm,
3233 5757 3316 5814 i9.

604 5825 649 5902 ’ξ
671 5826 791 5879 Aet.
828 5839 868 5890 ι,
900 5820 986 5878 Η.
1066 5823 1112 5856 ⁸⁸
1137 5824 1327 5880 Matth.
1359 5838 1478 5886 vttt,
1509 5822 1600 5878 ‘59.
1678 5822 1722 5854 ⁸⁸
1749 5820 1910 5877 Jontt-
1949 5837 1999 5888 ν,
2040 5823 2131 5876 Πι

2294 4652 2460 4714 titeri.
2499 4669 2663 4724 quam
2711 4654 2765 4709 in
2811 4653 3075 4724 prteputio
3125 4663 3181 4711 et
3216 4652 3473 4711 incolumi
3521 4642 3793 4703 valetudine.

2288 4744 2453 4801 nullis
2482 4744 2792 4800 dzemonum
2824 4745 3121 4802 insultibus
3152 4745 3474 4814 interrupta,
3503 4748 3606 4795 tum
3626 4733 3795 4789 intimos

2289 4838 2545 4893 tarditate
2570 4847 2626 4893 et
2662 4837 2879 4893 inscitia
2909 4852 3195 4908 superare,
3234 4845 3347 4891 tum
3380 4834 3536 4890 etiam
3561 4843 3620 4884 eo
3645 4819 3795 4879 morbo

2288 4929 2558 4995 direxeri,
2606 4939 2667 4985 ut
2714 4930 3052 4986 divinitatem
3112 4944 3301 4998 neges,
3352 4943 3383 4982 a
3427 4940 3533 4997 quo
3573 4920 3794 4976 daemones

2286 5037 2505 5092 quoque
2536 5024 2635 5094 ipsi
2667 5024 2819 5079 liberi
2848 5022 3088 5078 fuerunt.
3651 5101 3680 5106 _
3762 5093 3772 5106 .

2365 5115 2487 5171 Col.
2528 5116 2634 5171 ’550
2665 5117 2725 5171 Β.
2785 5118 2860 5172 Ac
2886 5118 3099 5188 quidem
3138 5117 3298 5187 paulo
3334 5124 3471 5185 post,
3509 5118 3605 5165 etc.
3650 5101 3790 5156 Βτοτίν

2289 5207 2488 5277 inquit.
2522 5206 2762 5264 futurum
2815 5219 2921 5274 est,
2953 5218 3016 5266 ut
3059 5210 3341 5265 Christum
3380 5220 3494 5262 mea
3521 5210 3664 5256 causa
3689 5201 3790 5262 Pu"

2286 5300 2403 5368 gari
2447 5300 2649 5366 videas,
2703 5315 2767 5356 ea
2817 5302 3164 5372 purgatione,
3212 5315 3376 5372 quam
3425 5293 3547 5351 mihi
3591 5279 3788 5380 adhiberi

2289 5393 2675 5460 c'nveniebat,
2732 5402 2922 5464 utpote
2956 5395 3197 5464 peccatis
3229 5393 3447 5451 foedata.
3490 5385 3610 5441 Nam
3650 5382 3786 5433 nostri

2288 5484 2409 5538 rice
2454 5484 2768 5554 baptizatus
2800 5495 2902 5541 est.
2945 5485 3157 5541 Etenim
3189 5484 3431 5557 quaedam
3456 5472 3636 5535 Christi
3663 5474 3788 5522 rect“!

2287 5585 2337 5632 et
2361 5575 2630 5643 actiones,
2654 5592 2762 5632 non
2792 5578 2921 5648 ipsi,
2946 5578 3041 5634 sed
3066 5579 3227 5635 nobis
3247 5579 3563 5646 congruunt.
3580 5560 3787 5620 Action"

3411 5754 3453 5788 ⁶¹
3473 5749 3613 5808 .loau.
3638 5756 3669 5796 tl
3716 5726 3781 5786 ‘9-
