4048 6278
356 428 501 494 ιξιοδ

1247 432 1566 494 NlCETtlS
1607 434 1691 495 IN
1726 434 1932 495 ORAT
1994 436 2304 497 XXXVIII
2344 437 2405 497 S.
2446 436 2678 498 GREG.

3478 434 3611 501 1206

352 545 603 615 quidem,
665 549 723 595 ιιι
776 541 1085 612 liaptismus
1135 542 1289 612 ipse;
1350 559 1511 601 voces
1564 555 1770 612 autem,
1827 556 1932 601 ut:

2064 561 2187 612 'tutl,
2243 559 2293 603 et
2344 548 2722 604 ministrabant
2767 549 2814 602 ei
2838 549 2904 602 ⁷ο.
2964 545 3208 603 Mortttos
3266 547 3490 616 insuper
3544 552 3610 601 ad

360 635 499 690 Deus
546 648 713 694 meus.
764 632 904 688 Deus
944 649 1113 695 meus,
1158 652 1322 704 quare
1370 652 1453 691 me
1493 636 1945 707 dereliquisti“?

355 726 714 796 Perspicuum
766 727 913 780 enim
965 734 1050 781 est
1103 742 1230 782 eum
1287 728 1390 783 sibi
1438 729 1665 784 aﬂectus
1719 739 1938 784 nostros

356 817 655 877 asciseete,
691 826 912 885 propter
950 826 1227 882 naturam,
1256 832 1417 888 quam
1456 819 1746 873 nobiseum
1781 834 1940 873 exce-

356 916 455 977 pto
504 916 729 976 peccato
794 921 1140 963 communem
1212 909 1418 966 habuit.
1478 906 1700 964 Videbis
1762 922 1937 978 ergo,

359 998 587 1068 inquit,
627 997 903 1052 Christum
959 998 1013 1053 in
1078 998 1237 1054 nobis
1300 998 1659 1067 baptizatum,
1716 999 1822 1063 vel,
1880 1007 1941 1052 ut

355 1092 568 1144 rectius
595 1090 810 1159 loquar,
869 1105 1137 1160 aquarum
1177 1099 1427 1145 naturam
1477 1104 1542 1145 ea
1590 1089 1935 1160 purgatione,

359 1196 473 1253 qua
506 1185 623 1253 ipse
655 1183 938 1237 hominum
990 1182 1252 1253 opinione
1298 1183 1660 1248 lustrabatur,
1696 1181 1941 1237 sanctifi-

360 1287 603 1342 cantem,
658 1285 849 1344 utpote
902 1275 1075 1344 ipsam
1114 1290 1332 1345 quoque
1369 1275 1651 1329 hominum
1703 1276 1941 1343 peccatis

360 1372 807 1430 conspurcatam.
848 1360 982 1416 Nam
1031 1363 1217 1431 Agnus
1267 1362 1381 1427 Dei,
1421 1362 1515 1431 qui
1563 1373 1621 1417 ut
1671 1370 1756 1416 est
1800 1359 1941 1430 apud

360 1452 630 1509 Joannem
656 1453 722 1518 ",
770 1464 1052 1521 peceatum
1104 1453 1290 1508 mundi
1339 1453 1504 1518 tollit,
1564 1468 1671 1523 quo
1722 1452 1940 1507 tandem

366 1546 532 1601 modo
574 1547 900 1617 purgatione
954 1561 1093 1616 opus
1141 1547 1467 1603 habuisset?
1511 1545 1737 1600 Videbis
1774 1544 1942 1598 etiam

364 1639 538 1693 caios
565 1638 740 1693 scindi
794 1643 851 1692 et
882 1639 1104 1707 aperiri,
1146 1652 1287 1707 quos
1317 1637 1583 1701 Adamus,
1624 1644 1678 1690 et
1727 1634 1854 1699 sibi,
1890 1643 1943 1688 et

367 1729 530 1784 nobis
577 1728 874 1794 clauserat,
920 1736 975 1783 et
1028 1728 1251 1782 Christo
1306 1728 1677 1782 testimonium
1733 1726 1850 1781 dari
1911 1740 1942 1779 a

368 1829 628 1890 cognato.
677 1821 781 1875 hoc
829 1830 935 1884 est,
988 1835 1293 1890 congenere
1342 1819 1569 1889 Spiritu.
1626 1819 1705 1873 Ex
1751 1818 1939 1872 eadem

2042 643 2203 695 vitam
2252 642 2539 710 lucemque
2597 641 2890 702 revocavit.
2951 650 3010 696 ut
3055 638 3190 695 ιιιιὶιί
3242 639 3494 704 tiliam“,
3558 647 3615 691 et

2043 732 2215 787 viduae
2246 732 2420 788 tiliutu
2442 734 2509 797 τ’,
2544 748 2608 787 ac
2639 744 2918 803 postremo
2953 730 3221 786 Lazarum
3239 732 3305 785 ⁷³.
3338 728 3613 797 Quemad-

2041 824 2262 879 modum
2287 824 2493 880 utinam
2518 835 2568 881 te
2594 840 2832 896 quoque,
2869 826 3082 896 inquit,
3103 824 3363 880 doctrina:
3383 825 3617 895 fidi-ique

2039 918 2398 986 perversitate
2436 927 2708 973 mortuum
2757 929 2812 974 et
2855 918 3170 973 infidelitate
3214 926 3524 987 correptum
3561 918 3613 970 iu

2042 1008 2208 1063 vitam
2238 1009 2589 1074 restituisset,
2614 1018 2803 1079 utpote
2828 1025 2924 1078 per
2953 1009 3384 1064 incredulitatem
3409 1007 3618 1062 exstin-

2042 1103 2226 1156 ctum!
2268 1105 2547 1156 Daemones
2577 1111 2839 1171 praeterea
2873 1100 3101 1171 fugavit,
3131 1117 3279 1155 nunc
3309 1116 3403 1171 per
3439 1115 3523 1164 se,
3560 1108 3620 1152 ut

2043 1191 2372 1262 in~regione
2406 1191 2837 1258 Gerasenorum,
2891 1210 3037 1248 nunc
3084 1208 3180 1262 per
3224 1193 3620 1260 discipulos'i-t

2044 1283 2324 1351 apostolos
2358 1302 2371 1339 :
2404 1282 2626 1338 Mittens
2671 1283 2841 1350 enim,
2892 1283 3090 1353 inquit,
3142 1301 3253 1348 eos,
3301 1285 3445 1338 dedit
3492 1285 3617 1353 ipsis

2042 1383 2359 1444 potestatem
2386 1376 2639 1430 adversus
2666 1377 2966 1431 immundos
2997 1377 3219 1444 spiritus
3240 1377 3305 1430 7‘.
3336 1375 3455 1430 Jam
3488 1391 3619 1429 vero

2044 1464 2288 1534 quinque
2331 1466 2566 1534 panibus
2613 1474 2850 1535 quatuor
2905 1467 3189 1520 hominum
3242 1467 3409 1520 millia
3461 1466 3617 1529 aiuit,

2044 1558 2254 1626 absque
2295 1557 2621 1612 mulieribus
2670 1567 2726 1612 et
2778 1557 2987 1627 pueris,
3020 1557 3111 1626 qui
3168 1557 3213 1611 si
3270 1557 3336 1609 ad
3378 1557 3618 1610 virorum

2045 1665 2331 1704 numerum
2376 1650 2766 1720 adjnngantur,
2819 1666 2929 1705 non
2981 1650 3145 1704 modo
3184 1649 3472 1712 ehiliadcs,
3527 1652 3621 1703 sed

2044 1741 2208 1794 etiam
2276 1741 2549 1813 myriades
2613 1741 2896 1796 hominum
2960 1742 3165 1798 aluisse
3226 1741 3619 1812 reperietur".

2046 1832 2190 1887 Deus
2228 1831 2387 1895 bone,
2427 1841 2560 1901 quot
2608 1832 2740 1886 mihi
2790 1830 2929 1887 festa
2973 1839 3273 1888 occurrunt
3322 1831 3394 1886 ob
3425 1846 3624 1885 unum~

368 1912 517 1968 ε¹¹ίη¹
547 1926 715 1966 εωιεδ
750 1910 923 1965 Filius
971 1919 1027 1965 ει
1055 1910 1294 1980 διτῑνῑιιιθ
1323 1921 1548 1966 Sanetus
1580 1909 1940 1980 βτοίίεῖεουη·
1974 1895 2014 1949 Β
2048 1923 2309 1996 quodque
2352 1895 2553 1979 Christi
2608 1923 2965 1995 mysterium?
3013 1921 3071 1977 In
3123 1924 3321 1994 quibus
3367 1922 3624 1977 omnibus

374 2014 482 2058 tur.
513 2003 647 2057 Illud
692 2015 878 2075 autem
911 2004 1286 2058 annotandum
1331 2010 1416 2057 est
1458 2012 1746 2073 cognatum
1778 2001 1845 2056 de
1878 1999 1947 2055 iis

373 2113 497 2166 qua:
553 2097 799 2165 ejusdem
857 2096 1179 2151 substantia;
1232 2102 1381 2161 sunt,
1440 2106 1495 2150 et
1549 2096 1614 2149 de
1665 2095 1772 2155 his.
1827 2106 1948 2162 quas

371 2177 643 2238 diversam
696 2183 1063 2239 substantiam
1120 2184 1342 2249 habent,
1392 2183 1702 2252 praedicari.
1746 2181 1945 2236 Verum

374 2291 502 2330 cum
553 2275 623 2330 de
666 2275 734 2331 iis
780 2291 902 2345 quae
958 2276 1264 2331 substantia
1319 2271 1509 2329 eadem
1553 2284 1700 2338 sunt,
1744 2272 1952 2344 agitur,

378 2367 683 2423 secundum
713 2378 966 2424 naturam
1000 2368 1229 2433 dicitur,
1273 2378 1332 2423 ut
1361 2369 1465 2422 hoc
1496 2368 1619 2422 loco
1649 2383 1663 2419 :
1691 2367 1814 2420 eum'
1848 2379 1950 2417 au-

376 2470 488 2516 tem
524 2462 590 2516 de
625 2461 732 2524 bis,
765 2475 890 2530 qua:
933 2460 1243 2517 substantia
1271 2459 1530 2515 differunt
1582 2472 1765 2513 sermo
1796 2456 1953 2511 insti-

379 2556 577 2621 tuitur,
613 2555 912 2610 seeundum
950 2555 1233 2615 unionem,
1280 2565 1340 2607 ut
1370 2568 1493 2607 cum
1529 2552 1595 2606 de
1640 2564 1870 2619 corpore
1902 2559 1954 2603 rt

380 2648 564 2703 anima
618 2649 676 2701 llt
715 2660 919 2703 sermo.
955 2647 1078 2712 Quo
1109 2661 1274 2701 sensu
1307 2644 1617 2715 'l‘heologns
1685 2644 1739 2697 in
1795 2641 1952 2698 fune-

382 2740 465 2795 bri
512 2739 787 2804 oratione,
821 2753 987 2808 quam
1021 2739 1087 2794 de
1132 2737 1301 2793 fratre
1332 2736 1573 2793 Caesarie
1623 2736 1832 2798 habuit,
1881 2735 1954 2789 ita

387 2833 628 2903 loquitur
669 2848 683 2887 ε
733 2831 900 2886 Paulo
949 2839 1087 2901 post-
1136 2833 1315 2886 anima
1374 2839 1665 2901 cognatam
1733 2841 1953 2882 carnem

386 2935 667 2995 receptura
693 2933 796 2980 est.
833 2922 1050 2979 Morbos
1076 2937 1268 2979 omnes
1304 2936 1369 2976 ac
1400 2923 1686 2991 Ianguores
1716 2937 1730 2974 :
1756 2917 1952 2987 (ϐιαιο.

386 3021 568 3073 πᾶσαν
593 3019 751 3071 νόσον
774 3018 868 3072 καὶ
904 3015 1225 3087 μαλακίαν).
1252 3015 1396 3070 lttter
1429 3014 1675 3067 morbum
1696 3021 1876 3067 autem
1905 3017 1961 3064 et

387 3110 730 3178 languorem,
761 3110 867 3164 hoc
911 3118 1000 3164 est
1037 3107 1396 3170 discriminis,
1429 3106 1575 3176 quod
1610 3104 1835 3158 morbus
1874 3110 1959 3156 est

385 3197 645 3251 diuturna
695 3211 970 3266 corporea:
1023 3196 1358 3251 ltabitudinis
1408 3196 1462 3249 in
1498 3194 1653 3264 peius
1697 3193 1957 3257 inversio,

390 3291 495 3345 hoc
528 3299 634 3354 est,
678 3289 969 3347 infirmitas
1000 3305 1123 3360 qua:
1152 3291 1264 3358 jam
1316 3289 1603 3359 imperium
1654 3287 1710 3341 in
1758 3286 1961 3341 animal
1993 3252 2034 3309 Ο

387 3391 559 3440 tenet.
590 3381 848 3452 Languor
898 3392 1080 3437 autem
1122 3382 1451 3453 principium
1503 3379 1769 3443 laxitatis,
1820 3393 1964 3433 mor-

387 3475 518 3533 bum
561 3473 953 3544 praenuntiam.
982 3473 1166 3543 Atque
1199 3473 1270 3527 ita
1305 3474 1373 3528 de
1408 3487 1640 3542 corpore
1675 3471 1962 3538 accipiun-

391 3575 501 3620 tur.
543 3564 600 3618 ln
647 3565 829 3620 anima
860 3572 1067 3629 autem,
1117 3564 1364 3628 morbus,
1396 3571 1480 3617 est
1510 3562 1714 3632 peccati
1757 3570 1914 3615 actus
1944 3577 1959 3613 :

392 3658 625 3726 languor
655 3665 861 3719 autem,
905 3655 1135 3709 rationis
1170 3656 1235 3708 ad
1269 3654 1500 3709 actualis
1534 3653 1738 3723 peccati
1773 3664 1963 3706 assen-

396 3767 520 3809 sum
556 3751 840 3806 relaxatio.
873 3750 1045 3804 Porro
1083 3747 1336 3803 Christus
1373 3747 1652 3813 omnibus,
1684 3746 1798 3800 sive
1840 3744 1966 3807 hoc,

398 3844 514 3900 sive
581 3843 675 3897 illo
735 3842 900 3897 modo
957 3840 1189 3905 affectis,
1238 3855 1361 3896 cum
1418 3838 1794 3908 spiritualiter,
1853 3826 2009 3890 tum‘

396 3935 756 4004 corporaliter
781 3936 1125 3989 medebatur.
1158 3934 1408 3999 Quonam
1439 3939 1620 3986 autem
1659 3930 1818 3985 modo
1843 3944 1972 3998 pec-

394 4039 579 4084 catum
613 4042 815 4093 meum,
849 4028 953 4082 hoc
994 4036 1100 4089 est,
1130 4027 1324 4080 Adattti
1361 4029 1506 4095 (noni
1547 4024 1705 4094 primi
1732 4022 1973 4092 parentis

397 4128 682 4188 peccatum
716 4132 897 4173 meum
933 4131 1055 4172 esse
1098 4115 1303 4182 statuo)
1340 4129 1524 4171 secum
1558 4113 1612 4165 in
1660 4127 1821 4166 cruce
1855 4109 1973 4164 suf-

398 4211 598 4274 tixerit,
647 4210 774 4265 audi
806 4226 822 4263 :
855 4208 1137 4279 Praecepto
1169 4207 1380 4263 Domini
1420 4220 1762 4276 nequaquam
1796 4202 1976 4271 paruit

396 4305 677 4366 Adamus;
707 4312 763 4356 at
806 4308 1078 4362 Christus.
1135 4316 1311 4355 novus
1363 4298 1557 4364 Adam,
1602 4299 1741 4350 hanc
1779 4293 1976 4349 veteris

400 4394 824 4451 inobedientiam
868 4392 1114 4457 sustulit,
1148 4392 1413 4447 obediens
1450 4391 1630 4446 factus
1687 4404 1859 4456 uSque
1906 4387 1975 4441 ad

402 4496 670 4546 mortem.
733 4497 964 4540 mettem
1016 4494 1197 4539 autem
1261 4483 1544 4547 erucis“,
1606 4494 1978 4550 manuumque

2050 2031 2220 2070 unum
2252 2023 2435 2085 caput,
2470 2023 2635 2084 atque
2685 2031 2826 2069 lanS
2877 2030 3077 2084 SCOpllS
3126 2021 3232 2079 εει,
3273 2028 3469 2083 nempe
3505 2026 3624 2068 mea

2054 2106 2336 2174 perfectio.
2381 2104 2498 2160 Mea
2533 2105 2732 2161 etenim
2763 2120 2930 2160 causa
2972 2105 3065 2160 Dei
3118 2103 3424 2159 incarnatio
3454 2102 3626 2157 couti-

2053 2201 2152 2270 git.
2191 2199 2488 2268 omniaque
2519 2198 2694 2267 ipsius
2734 2196 3016 2269 mysteria,
3051 2204 3111 2250 ut
3143 2211 3242 2267 ego
3278 2210 3371 2266 per
3401 2192 3627 2248 manda-

2056 2301 2234 2346 torum
2273 2290 2708 2346 observationem
2750 2288 3024 2359 perfectus
3052 2288 3203 2356 liam,
3234 2303 3299 2343 ac
3329 2301 3424 2357 per
3455 2287 3630 2340 virtu-

2056 2393 2171 2437 tum
2204 2381 2595 2451 perfectionem
2625 2379 2716 2434 Dci
2747 2394 2945 2434 nomen
2980 2392 3308 2448 consequar,
3342 2375 3629 2436 nimirum,

2060 2489 2154 2545 per
2184 2475 2517 2544 baptismum
2547 2474 2920 2536 instauratus;
2957 2480 3121 2539 atque
3151 2469 3216 2523 ad
3248 2469 3406 2539 primi
3437 2465 3628 2520 Adami

2057 2566 2375 2637 dignitatem
2405 2564 2932 2632 amplitudinemque
2956 2562 3199 2627 redeam,
3229 2559 3335 2614 hoc
3356 2568 3463 2621 est,
3487 2557 3629 2626 ejus,

2057 2660 2150 2729 qui
2204 2665 2332 2711 ante
2389 2655 2635 2710 mandati
2696 2653 3193 2722 transgressionem
3248 2658 3384 2713 erat,
3444 2663 3475 2701 a
3523 2662 3632 2716 qua

2057 2766 2251 2806 omnes
2280 2749 2444 2805 simul
2471 2762 2597 2803 cum
2637 2762 2703 2801 eo
2725 2745 2925 2816 deiecti
2962 2758 3025 2798 ac
3054 2740 3311 2797 orostrati
3344 2754 3558 2794 sumas.

2129 2931 2248 2985 Col.
2279 2929 2383 2985 550
2428 2927 2492 2982 D.
2535 2924 2694 2989 Nunc,
2730 2933 2903 2977 autem
2954 2932 3257 2991 conceptum
3285 2923 3481 2991 accipe,
3525 2926 3631 2973 etc.

2061 3021 2208 3086 Haec,
2239 3020 2436 3091 inquit,
2467 3017 2674 3074 Christi
2714 3030 2744 3070 a
2789 3015 2947 3070 nobis
2976 3022 3404 3069 commemorata
3447 3024 3634 3080 opera,

2061 3114 2552 3185 perpessionesque
2577 3117 2764 3176 postea
2812 3107 3043 3163 videbis.
3066 3105 3224 3161 Nunc
3258 3115 3440 3158 autem
3467 3104 3638 3173 ipsius

2066 3205 2405 3259 nativitatem
2434 3201 2639 3271 accipe,
2681 3215 2746 3255 ae
2790 3214 2975 3254 coram
3018 3214 3085 3254 eo
3119 3199 3253 3254 salta
3287 3213 3304 3253 :
3337 3195 3384 3252 si
3435 3211 3543 3250 non
3581 3203 3641 3247 ut

2067 3293 2329 3357 Joannes,
2383 3300 2441 3347 at
2486 3297 2633 3347 certe
2670 3298 2732 3345 ut
2766 3289 2953 3345 David.
2990 3288 3163 3343 Porro
3211 3287 3448 3341 Joannes
3494 3284 3641 3346 Prte-

2066 3403 2258 3444 cursor
2303 3389 2533 3457 figuram
2576 3399 2767 3440 eorum
2823 3383 2983 3453 gerit,
3031 3381 3122 3451 qui
3171 3380 3239 3435 ab
3288 3377 3643 3434 incunabulis

2065 3480 2251 3536 divino
2294 3479 2621 3549 baptismate
2653 3473 2883 3546 perfusi,
2923 3482 3089 3541 atque
3122 3488 3150 3526 a
3186 3487 3357 3541 puero
3392 3469 3640 3525 sanetiti-

2067 3574 2172 3630 eati
2202 3581 2352 3635 sunt,
2386 3579 2441 3627 et
2473 3570 2539 3624 ad
2584 3576 2889 3624 extremum
2933 3580 3112 3635 usque
3143 3563 3478 3634 proliciendo
3510 3561 3643 3616 soli-

2068 3665 2354 3719 (lissimum
2424 3658 3047 3727 coustantissimumque
3101 3655 3320 3710 virtutis
3394 3653 3642 3714 habitum

2070 3761 2418 3812 conservant.
2446 3750 2579 3805 Nam
2614 3765 2740 3805 cum
2772 3748 2954 3803 adhuc
2981 3749 3033 3801 in
3067 3756 3313 3801 materna
3339 3746 3458 3800 alvo
3479 3753 3643 3808 esset,

2072 3847 2362 3902 Dominutn
2410 3860 2572 3899 suum
2625 3842 2868 3914 agnovit,
2922 3850 2974 3896 et
3020 3856 3143 3897 cum
3197 3855 3412 3894 summa
3457 3837 3645 3898 laetitia

2073 3940 2298 3995 cxsiliit.
2335 3937 2605 4007 Propheta
2658 3946 2841 3991 autem
2887 3934 3055 3989 David
3087 3948 3181 3988 eos
3230 3931 3499 3998 designat,
3553 3932 3649 4000 qui

2074 4036 2128 4089 in
2163 4032 2356 4086 vitium
2394 4029 2659 4100 prolapsi,
2696 4042 2889 4084 rursus
2920 4042 3016 4097 per
3040 4024 3416 4096 pmnitrntiam
3453 4022 3650 4079 divina:

2076 4124 2261 4194 gratim
2312 4120 2758 4184 exsultationem,
2806 4134 2929 4189 quae
2980 4118 3034 4171 in
3066 4119 3268 4171 virtute
3321 4124 3375 4170 et
3420 4114 3650 4169 scientia

2080 4218 2252 4288 posita
2285 4224 2390 4278 est,
2426 4214 2627 4268 anima:
2673 4213 2985 4267 restituunt.
3032 4209 3168 4264 Nam
3229 4219 3283 4263 et
3306 4206 3494 4269 David,
3527 4221 3650 4259 cum

2081 4325 2138 4363 se
2218 4303 2467 4360 adulterii
2544 4302 2817 4369 caedisque
2893 4299 3122 4355 crimine
3189 4296 3651 4356 cettstrinxisset,

2082 4412 2270 4473 postea
2335 4397 2535 4452 eximia
2603 4406 2657 4450 et
2707 4393 2915 4448 ardenti
2976 4391 3178 4461 pietate
3229 4389 3394 4456 Deupt
3453 4387 3652 4450 coluit,

2082 4495 2239 4561 eique
2274 4489 2496 4561 placuit.
2555 4486 2799 4541 Saltabat
2848 4492 3032 4538 autem
3081 4495 3147 4534 eo
3202 4488 3488 4548 tempore,
3531 4489 3657 4530 ante

404 4581 472 4633 ad
512 4578 856 4633 interdictum
887 4578 1091 4647 lignum
1121 4577 1521 4639 extensionetn,
1568 4590 1662 4644 per
1709 4587 1962 4627 manuum

2091 4601 2273 4640 arcam
2321 4583 2575 4638 cborcam
2631 4577 2945 4647 auspicans,
2993 4589 3117 4629 eum
3153 4584 3205 4627 et
3240 4572 3308 4627 ab
3339 4570 3658 4640 alienigenis

404 4674 459 4726 in
510 4685 676 4726 crure
701 4672 1110 4737 extensionem;
1144 4678 1308 4738 atque
1343 4668 1473 4738 ligni
1517 4666 1845 4734 voluptatem
1882 4680 1977 4733 per

404 4765 586 4819 erucis
615 4764 860 4819 dolorem
893 4771 1090 4817 curat:
1120 4761 1422 4830 eodemque
1456 4759 1617 4814 modo
1655 4759 1709 4812 in
1751 4757 1979 4826 reliquis

407 4859 573 4913 rebus
607 4856 882 4912 contraria
908 4872 1004 4925 per
1031 4854 1307 4909 contraria
1339 4836 1529 4907 sanata
1559 4862 1706 4906 sunt.
1744 4850 1900 4905 lluuc
1927 4858 1981 4902 et

406 4948 650 5004 Joannes
679 4958 738 5003 ut
766 4963 962 5018 agnum
994 4948 1236 5001 ostendit
1268 4945 1354 5000 his
1389 4946 1568 4999 verbis
1596 4962 1609 4997 :
1645 4942 1776 4997 Ecce
1800 4940 1981 5012 Agnus

412 5041 532 5094 Dei.
581 5039 647 5093 Et
677 5039 974 5094 Zacharias
1005 5053 1147 5091 unus
1190 5051 1253 5090 ex
1287 5035 1574 5090 duodecim
1612 5032 1889 5103 prophetis
1925 5040 1983 5083 ut

415 5136 757 5189 sacerdotem
805 5133 1019 5202 aspicit,
1084 5131 1312 5199 aitque:
1344 5127 1584 5184 Ostendit
1625 5126 1753 5180 mihi
1803 5124 1982 5178 Domi.

415 5244 517 5282 nus
540 5228 721 5281 Iesum
744 5220 1069 5280 sacerdotem
1094 5238 1342 5292 magnum
1369 5220 1436 5274 ".
1468 5220 1640 5272 Porro
1669 5232 1758 5287 per
1784 5229 1983 5285 agnum

417 5322 755 5392 significatur
779 5322 949 5390 ipsius
973 5334 1070 5387 pro
1094 5318 1332 5387 peccatis
1358 5314 1564 5369 nostris
1599 5310 1946 5378 interemptio
1970 5324 1985 5373 ;

415 5430 512 5482 per
541 5414 879 5469 sacerdotem
912 5423 1092 5467 autem
1117 5408 1261 5478 quod
1288 5406 1601 5462 voluntarie
1632 5406 1989 5471 interemptus

415 5508 511 5563 sit.
545 5506 662 5561 Jam
696 5522 828 5562 vero
868 5514 993 5576 post
1024 5502 1354 5573 baptismum
1390 5499 1703 5569 angelorum
1741 5495 1989 5550 ministe-

421 5599 506 5654 rio
551 5600 806 5654 utebatur
840 5617 854 5653 :
888 5597 1021 5652 Ecce
1068 5596 1229 5661 enim,
1286 5591 1485 5662 inquit,
1532 5589 1705 5660 angeli
1759 5602 1988 5641 accesse-

498 5782 542 5810 ⁸⁵
567 5779 757 5833 Matth.
793 5792 961 5837 xxvtt.
996 5776 1082 5830 Mi.
1164 5775 1206 5808 ⁸⁷
1232 5773 1391 5827 Joan.
1428 5789 1464 5837 t,
1497 5772 1586 5826 ΞΩ.

428 5867 544 5917 vttt,
584 5851 643 5905 «ll
681 5865 836 5919 seqq.
876 5851 918 5880 ⁷²
947 5848 1079 5904 Luc.
1111 5865 1203 5913 vti,
1238 5846 1299 5900 l2
1333 5862 1482 5915 set“.

1666 5773 1710 5802 ⁸⁸³
1738 5767 1967 5837 Philipp.
2006 5784 2062 5829 tt,
2093 5768 2145 5819 8.

1565 5843 1611 5875 ⁷³
1638 5841 1794 5897 .iean.
1836 5856 1908 5905 tu,
1949 5841 1969 5891 l
2012 5853 2163 5907 seqq.

2078 4687 2398 4750 recuperata
2437 4677 2544 4730 huc
2575 4673 2816 4741 illucque
2860 4669 3026 4723 desiit
3071 4664 3440 4726 circumferri,
3491 4674 3659 4731 atque

2080 4774 2220 4846 apud
2269 4770 2527 4842 populum
2583 4780 2742 4820 suum
2799 4760 3135 4830 conquievit,
3194 4756 3656 4828 quemadmodum

2080 4867 2321 4922 secundo
2354 4864 2563 4931 Regum
2618 4856 2757 4911 libro
2801 4854 3075 4924 proditum
3113 4851 3365 4905 habetur.
3396 4845 3655 4907 Proinde.

2082 4959 2198 5014 sive
2232 4958 2284 5010 in
2310 4963 2592 5024 peccatum
2629 4948 2853 5003 minime
2899 4944 3180 5008 incideris,
3219 4945 3336 4998 sive
3368 4943 3656 5012 prolapsus

2090 5063 2187 5117 per
2216 5042 2654 5114 resipiscentiatn
2688 5037 3020 5099 surrexeris,
3069 5028 3416 5089 Nativitatem
3449 5029 3659 5085 Christi

2092 5136 2373 5198 confitere,
2414 5143 2577 5201 atque
2636 5131 2700 5183 ad
2741 5128 2867 5196 ejus
2894 5126 3238 5195 praesentiam
3283 5123 3517 5185 exsulta,
3565 5134 3663 5175 nec

2091 5225 2310 5280 virtutis
2336 5231 2391 5276 ct
2434 5220 2676 5276 scientiae
2725 5232 2911 5271 arcam
2974 5216 3113 5270 inte
3147 5215 3305 5270 sitam
3347 5212 3662 5271 all‘ectuum,

2093 5313 2248 5385 quasi
2276 5310 2718 5365 l‘bilisthamrum
2739 5305 3128 5377 quorumdam,
3150 5303 3360 5359 libidini
3384 5301 3658 5371 permitte;

2092 5418 2281 5458 verum
2314 5402 2382 5455 iis
2435 5397 2716 5469 oppressis
2767 5406 2824 5451 et
2892 5395 3236 5451 obtruncatis
3298 5393 3435 5445 hanc
3491 5390 3557 5443 ad
3615 5400 3666 5445 te

2092 5496 2285 5556 reduc.
2345 5507 2409 5547 ac
2457 5490 2783 5547 concinnam
2821 5500 2878 5543 et
2938 5489 3272 5543 modulatam
3320 5483 3664 5539 saltationem

2093 5585 2250 5641 salta.
2289 5584 2554 5640 Existimo
2585 5594 2765 5638 autem
2799 5598 2895 5652 per
2923 5580 3140 5635 Davidis
3177 5577 3526 5632 saltationem
3563 5592 3664 5630 no-

2233 5766 2304 5827 ,θθ
2335 5765 2564 5820 Zarltar.
2600 5783 2677 5829 ιιι,
2726 5765 2769 5818 l.
2888 5764 2932 5793 7“
2964 5760 3151 5814 Matth.
3188 5778 3259 5821 Iv,
3300 5761 3381 5813 ll.
3462 5760 3500 5789 τ’
3533 5758 3665 5812 Luc.

2241 5837 2498 5892 “Matth.
2537 5852 2591 5904 tt,
2630 5835 2677 5892 Ι.
2753 5836 2795 5868 ⁷1
2822 5831 2977 5888 Jottu.
3018 5849 3092 5899 γι,
3136 5833 3149 5885 l
3190 5848 3341 5900 seqq.
