4064 6274
512 348 648 413 1307

1928 349 2182 409 ADDEN
2195 351 2311 410 DA.

3630 351 3775 415 12η

509 463 591 516 bis
634 460 737 532 ρῑω
771 458 897 515 vitm
945 458 1241 529 agilitatem
1289 456 1758 528 multiplicemque
1811 455 2077 511 rationem
2112 461 2153 515 Α
2185 455 2507 525 simpliciter
2552 455 2851 526 accipiunt,
2901 462 3085 523 postea
3116 462 3301 509 autem
3360 455 3617 512 eamdem
3657 475 3775 513 me-

507 553 806 622 designari.

577 647 700 702 Col.
729 643 837 700 ’550
871 642 932 697 D.
962 641 1371 712 Descriptionem
1411 657 1663 709 reverere,
1690 651 1903 711 propter
1925 655 2079 710 quam

504 740 560 791 in
587 736 749 800 caelis,
787 745 892 788 etc.
918 733 1179 787 Dominus
1213 747 1319 785 una
1356 746 1479 785 cum
1511 740 1685 785 matre
1710 729 1979 799 etJoseph
2004 731 2082 781 in-

505 835 588 880 ter
613 838 804 879 servos
832 823 983 892 juxta
1019 823 1256 878 Caesaris
1277 822 1515 876 edictum
1546 822 1860 890 descriptus
1886 831 1988 884 est,
2022 829 2083 873 ut

505 931 608 971 nos
639 916 693 969 in
728 915 1016 969 beatorum
1075 914 1216 969 libro
1275 914 1667 971 inscribamnr.
1721 914 1875 969 Hanc
1920 913 2085 981 igitur

504 1009 932 1076 descriptionem
991 1022 1267 1068 reverere,
1346 1022 1412 1061 ac
1488 1006 1826 1061 nativitatem
1877 1004 2081 1059 Christi

506 1100 806 1154 honoriﬁce
836 1100 976 1162 cole,
1019 1109 1242 1168 propter
1291 1114 1455 1170 quam
1491 1098 1794 1177 nativitatis
1852 1098 2084 1153 vinculis

505 1192 719 1248 solutus
753 1206 831 1246 es.
868 1189 1165 1245 Vinculum
1204 1199 1386 1245 autem
1442 1190 1768 1255 nativitatis,
1801 1197 1887 1243 est
1956 1204 2084 1259 pec-

504 1293 686 1337 catum
721 1283 866 1339 illius
903 1298 1088 1338 comes
1114 1284 1181 1337 ⁷⁸.
1219 1282 1297 1337 Ex
1341 1280 1883 1351 transgressionem
1911 1281 2080 1344 enim,

503 1382 559 1426 et
587 1372 1000 1427 matrimonium
1079 1372 1384 1443 profectum
1437 1381 1558 1435 est,
1624 1383 1679 1428 et
1750 1373 2080 1443 generatio;

504 1464 693 1535 sicque
719 1464 771 1519 in
831 1465 1074 1535 peccatis
1143 1465 1443 1521 nascimur.
1500 1468 1570 1521 At
1626 1464 1881 1521 Christus
1924 1475 2085 1519 natus

504 1563 705 1608 nostra:
730 1568 949 1623 quoque
975 1554 1246 1609 nativitati
1282 1556 1627 1610 sanctitatem
1688 1556 1954 1621 attulit",
2018 1573 2084 1611 ac

504 1641 763 1712 deinceps
797 1644 1117 1699 honorabile
1138 1653 1222 1700 est
1259 1647 1597 1701 connubium
1673 1656 1730 1702 et
1786 1658 1944 1705 torus
1982 1649 2086 1703 im-

505 1734 903 1791 maculatus".
947 1738 1121 1792 Parva
1163 1746 1344 1793 autem
1385 1747 1469 1794 est
1504 1738 1845 1808 Bethlehem,
1898 1751 2086 1812 utpote

508 1843 682 1898 usque
719 1829 786 1883 ad
824 1828 1106 1885 Christum
1146 1841 1335 1886 natum
1373 1832 1594 1887 minima
1635 1833 1776 1889 inter
1811 1835 2086 1905 principes

500 1915 725 1974 Judae"
758 1939 773 1974 :
816 1936 936 1989 quae
961 1921 1180 1991 quidem
1204 1938 1305 1977 nos
1338 1939 1531 1979 rursus
1574 1925 1641 1980 ad
1687 1937 1924 1982 veterem
1987 1943 2087 1997 pa-

504 2008 672 2065 radisi
754 2006 1159 2082 perceptionem
1242 2015 1689 2086 voluptatemque
1782 2019 2085 2081 revocavit,

503 2099 785 2154 Christum
846 2102 1101 2157 videlicet
1162 2114 1478 2159 nascentem
1529 2106 1977 2177 suscipiens,qui
2019 2110 2086 2163 ad

504 2204 625 2245 eam
658 2205 760 2248 nos
795 2194 1030 2249 reduxit.
1068 2193 1432 2267 Atque,etiam
1468 2197 1521 2250 in
1549 2200 1818 2270 praesepio
1848 2199 2086 2255 Verbum

506 2283 836 2341 collocatum
857 2295 960 2350 est,
994 2295 1055 2341 ut
1081 2302 1183 2343 nos
1206 2287 1272 2341 ad
1308 2288 1596 2343 brutorum
1623 2291 1921 2345 amentiam
1953 2306 2089 2346 con-

505 2378 649 2432 versi
707 2393 1051 2449 nequaquam
1108 2380 1223 2450 jam
1285 2381 1351 2435 ad
1414 2383 1689 2437 sordidam
1725 2395 1780 2437 et
1828 2400 2086 2453 pecorum

508 2468 742 2523 similem
771 2472 1177 2540 provolvamur,
1210 2488 1394 2541 verum
1427 2474 1727 2529 secundum
1792 2473 1962 2530 Deum
2024 2492 2089 2532 ac

508 2574 616 2613 non
648 2562 945 2615 secundum
974 2563 1226 2619 turbidos
1259 2565 1426 2618 animi
1461 2576 1645 2620 motus
1689 2565 1873 2621 vivere
1904 2568 2086 2624 disca-

506 2666 655 2713 mus.
688 2659 746 2707 et
765 2652 924 2708 Verbi
959 2655 1275 2722 magisteria
1304 2665 1357 2711 et
1382 2656 1671 2726 disciplina
1706 2658 1925 2712 nutriri.

581 2741 698 2797 Col.
739 2742 945 2798 531A.
1003 2744 1287 2814 Cognosce,
1341 2755 1397 2799 ut
1454 2746 1566 2808 bos,
1623 2753 1731 2801 etc.
1774 2747 2090 2816 Opportune

472 2830 477 2833 ⁷
511 2834 825 2907 Theologus
847 2838 1149 2908 prophetiae
1184 2837 1341 2894 Isaiae
1392 2839 1731 2894 mentionem
1793 2837 1923 2894 facit
1966 2855 2093 2908 pro-

512 2934 633 2997 pter
692 2927 851 2986 bruta
915 2928 1217 2984 animantia
1279 2938 1333 2984 et
1372 2929 1710 3000 agnitionem
1770 2928 2002 2994 Christi,
2037 2941 2093 2986 et

512 3033 778 3089 praesepe.
831 3019 975 3076 Deus
1022 3022 1168 3077 enim
1209 3037 1308 3092 per
1336 3021 1662 3092 Prophetam
1725 3022 2090 3078 lsraelitieum

511 3126 548 3183 p
569 3111 775 3180 ipulum
818 3120 879 3166 ut
908 3111 1206 3182 ingratum,
1247 3122 1300 3169 et
1334 3116 1643 3179 vecordem,
1672 3115 1873 3169 acriter
1903 3116 2092 3186 objur-

510 3219 648 3274 gans
678 3204 753 3258 ait
783 3222 797 3259 :
827 3203 1083 3276 Cognovit
1113 3207 1204 3260 bos
1228 3223 1577 3276 possessorem
1606 3225 1780 3271 suum,
1809 3218 1859 3262 et
1906 3211 2089 3266 asinus

511 3311 742 3367 prwsepe
794 3298 996 3353 domini
1047 3300 1166 3363 sui,
1218 3299 1388 3353 Israel
1438 3310 1613 3353 autem
1686 3316 1769 3353 me
1837 3318 1942 3355 non
2001 3318 2091 3356 co-

510 3390 777 3460 gnovit”.
836 3390 1049 3457 Quibus
1101 3391 1283 3446 verbis
1350 3389 1571 3447 Iudaeos
1641 3392 1810 3447 mutis
1871 3407 2094 3462 quoque

515 3483 888 3545 animantibus
961 3484 1361 3555 propemodum
1428 3484 1759 3554 stupidiores
1815 3486 2094 3541 exstitisse

512 3578 611 3636 ait.
653 3579 833 3648 Atque
863 3577 1119 3632 omnibus
1154 3575 1374 3646 quidem
1410 3577 1622 3647 ingrate
1660 3585 1715 3630 et
1751 3575 1937 3646 inique
1965 3591 2094 3647 erga

514 3671 685 3730 Deum
720 3671 928 3729 aﬁ'ectis
958 3670 1074 3726 htec
1109 3670 1285 3725 oratio
1329 3670 1601 3738 congruit.
1658 3668 1926 3725 Caeterum
1993 3670 2096 3725 hoc

522 3766 642 3841 loco
676 3766 776 3819 bos
808 3764 860 3818 in
881 3761 1093 3823 Judaici
1120 3760 1329 3832 populi,
1358 3761 1453 3831 qui
1492 3760 1628 3830 legis
1648 3759 1782 3830 jugo
1811 3760 2098 3828 sobjeetus

520 3866 677 3922 erat,
708 3856 937 3927 ﬁguram
964 3855 1264 3911 assumitur
1304 3871 1318 3908 :
1367 3854 1558 3907 asinus
1601 3861 1780 3906 autem
1833 3853 1886 3905 in
1926 3853 2101 3922 genti-

518 3950 652 4003 lium
690 3949 917 4019 ﬁguram
939 3988 954 4014 ,
1008 3958 1120 4003 tum
1153 3947 1280 4018 quia
1310 3962 1340 4001 a
1373 3946 1490 4016 lege
1525 3945 1738 4000 alienus
1781 3953 1920 4006 erat,
1985 3953 2097 3998 tum

517 4040 683 4098 etiam
718 4048 940 4110 prepter
984 4040 1351 4110 impuritatcm
1392 4049 1446 4094 et
1492 4039 1824 4095 crassiticm.
1886 4039 2097 4093 Etenim

518 4132 644 4195 bos,
673 4141 732 4187 ut
753 4131 818 4186 ad
851 4132 1291 4203 cognoscendum
1324 4131 1540 4186 acutior
1560 4173 1574 4195 ,
1605 4131 1890 4186 dominum
1935 4147 2096 4186 suum

521 4224 775 4296 agnoscit
808 4241 823 4278 :
851 4224 1042 4281 asinus
1068 4232 1248 4278 autem
1304 4234 1367 4278 ut
1389 4222 1566 4279 ventri
1590 4222 1829 4288 deditus,
1857 4237 2102 4293 praesepe

519 4317 830 4387 cognoscit.
866 4317 941 4372 Ac
972 4317 1113 4384 vide,
1140 4331 1304 4387 quam
1340 4315 1494 4371 bovis
1520 4323 1573 4369 ct
1595 4313 1735 4369 asini
1783 4314 2100 4385 allegoriam

521 4410 732 4467 aﬁ‘erat.
788 4409 1059 4477 Quoniam
1108 4410 1252 4464 enim
1315 4408 1418 4463 bos
1455 4406 1660 4461 animal
1693 4407 1957 4461 mundum
1995 4415 2100 4471 est,

2186 548 2361 603 moria
2392 557 2609 603 versant
2640 562 2705 601 ac
2735 547 3008 605 recolunt.
3040 555 3206 613 atque
3233 556 3500 603 accurata
3544 555 3771 604 exami-

2184 643 2407 695 natione
2453 639 2612 709 quasi
2671 639 2927 693 dentibus
2987 637 3241 716 dividunt
3268 649 3322 694 et
3345 641 3773 708 comminuunt,

2184 731 2346 801 idque
2362 746 2542 796 omne,
2562 730 2921 801 quodinutile
2949 739 3053 797 est,
3083 743 3444 802 exspucntes,
3492 736 3772 804 quidquid

2184 824 2250 877 ad
2284 839 2439 880 esum
2466 831 2649 893 aptum
2678 831 2730 877 et
2754 824 2919 879 vitale
2941 832 3047 887 est,
3082 824 3137 878 iu
3163 826 3366 881 mentis
3419 827 3771 896 profundum

2185 914 2343 984 quasi
2374 915 2424 968 in
2448 921 2691 968 ventrem
2722 914 3014 984 quemdam
3040 915 3316 984 injiciunt.
3362 915 3499 971 Nam
3554 918 3781 987 pur-itas

2184 1021 2403 1075 quoque
2426 1022 2522 1076 per
2571 1006 2999 1061 ruminationem
3053 1007 3399 1077 designatur.
3428 1007 3565 1063 Sive
3595 1011 3776 1064 etiam

2184 1099 2412 1154 ethnieaa
2435 1108 2489 1154 et
2517 1100 2742 1170 impura:
2775 1102 2944 1170 partis
2982 1116 3065 1167 es,
3113 1112 3275 1170 atque
3298 1102 3367 1155 ad
3427 1117 3592 1157 esum
3641 1104 3781 1172 qui-

2184 1190 2305 1245 dem
2341 1191 2569 1257 inutilis,
2601 1199 2788 1261 utpote
2820 1193 3090 1261 proximis
3120 1193 3232 1245 tuis
3257 1193 3487 1248 minime
3519 1192 3785 1248 fructuo-

2184 1297 2304 1348 sus,
2328 1282 2394 1336 ad
2419 1282 2685 1337 sacriﬁcia
2715 1291 2898 1338 autem
2928 1283 3152 1338 minime
3167 1282 3420 1348 idoneus,
3447 1292 3649 1352 utpote
3666 1285 3787 1340 Deo

2187 1387 2527 1442 nequaquam
2587 1383 2777 1443 gratus
2828 1383 2995 1443 atque
3053 1382 3336 1444 acceptus.
3393 1374 3785 1431 Ethnieorum

2187 1477 2348 1532 porro
2368 1472 2422 1517 et
2454 1463 2750 1518 inﬁdelium
2775 1474 2860 1520 est
2894 1465 3203 1535 impuritas,
3228 1475 3541 1535 caeteraqu
3570 1469 3784 1521 eodem

2187 1553 2349 1608 modo
2381 1553 2548 1622 dicta,
2584 1557 2728 1625 quod
2761 1556 3020 1611 nimirum
3054 1568 3120 1612 att
3152 1572 3307 1612 esum
3339 1565 3393 1611 et
3421 1558 3788 1614 sacriﬁcium

2189 1644 2607 1716 haudquaquam
2635 1648 2748 1717 apti
2768 1648 2901 1703 sint.
2934 1648 3100 1703 Cihtts
3137 1649 3291 1703 enim
3319 1663 3511 1704 eorum
3544 1650 3649 1719 qui
3682 1665 3787 1705 co-

2188 1738 2432 1797 medunt.
2468 1739 2636 1793 vitam
2666 1738 2813 1794 fovet
2855 1753 2922 1794 ac
2951 1738 3219 1796 suﬂ‘ulcit.

2122 1806 2164 1864 Β
2260 1830 2395 1885 Ibid.
2430 1829 2564 1885 Cum
2598 1831 2754 1886 stella
2821 1848 3007 1886 curre:
3067 1849 3186 1886 eum
3232 1831 3407 1903 Magis
3429 1833 3579 1887 dona
3613 1833 3782 1901 afer.

2191 1938 2401 1987 aurum,
2433 1931 2541 1978 etc.
2569 1921 2712 1979 Deus
2734 1939 3051 1994 corpoream
3089 1939 3246 1979 suam
3288 1925 3640 1979 nativitatem
3679 1941 3785 1995 per

2190 2014 2399 2068 stellam
2430 2014 2723 2086 signiﬁcari
2757 2016 2949 2070 voluit.
2976 2014 3218 2083 Equum
3253 2015 3400 2070 enim
3449 2026 3569 2070 erat
3633 2015 3785 2071 Vero

2191 2106 2318 2160 bum
2372 2107 2589 2161 coalitus
2649 2107 2987 2162 descendens
3052 2106 3266 2162 scelesti
3320 2122 3553 2176 quoque
3605 2106 3781 2177 signo

2193 2197 2515 2255 indicari.ls
2548 2214 2713 2270 porro
2740 2213 2866 2254 cum
2900 2199 3058 2254 stella
3092 2200 3286 2265 currit,
3315 2199 3411 2267 qui
3458 2213 3582 2253 eam
3651 2200 3781 2253 imi-

2193 2298 2362 2356 tatur,
2392 2290 2494 2344 hoe
2531 2299 2636 2354 est,
2670 2293 2765 2361 qui
2799 2291 3081 2347 Christum
3110 2291 3199 2369 iis,
3225 2307 3256 2346 a
3284 2291 3491 2361 quibus
3544 2291 3779 2362 ignora-

2195 2390 2302 2446 tur,
2356 2384 2634 2453 prredicat.
2693 2383 2778 2439 vel
2824 2384 2989 2439 etiam
3043 2385 3139 2454 qui
3165 2384 3426 2438 virtutum
3473 2383 3779 2452 splendore

2193 2476 2376 2531 clarus
2424 2484 2479 2531 et
2532 2476 2763 2547 insignis
2809 2483 3057 2545 apparet,
3112 2475 3198 2530 vel
3246 2474 3415 2530 etiam
3460 2475 3561 2544 qui
3594 2489 3772 2543 supra

2193 2567 2379 2621 omnia
2412 2574 2631 2622 terrena
2664 2567 2856 2622 fertur.
2886 2567 2978 2622 Ille
3006 2576 3187 2622 autem
3219 2581 3446 2621 munera
3477 2581 3608 2620 cum
3668 2567 3780 2621 Ma-

2191 2660 2272 2730 gis
2299 2659 2483 2725 oll'crt,
2514 2661 2606 2730 qui
2631 2650 2968 2716 oblationem
2999 2674 3193 2714 eorum
3236 2658 3607 2729 spiritualiter
3652 2658 3782 2713 imi-

2195 2761 2361 2808 tatur.
2401 2751 2535 2808 Nam
2576 2754 2645 2808 ab
2672 2753 2782 2809 illis
2835 2767 3058 2824 quoque
3097 2752 3241 2808 dona
3273 2752 3455 2806 oblata
3500 2759 3652 2806 sunt.
3691 2749 3781 2806 Si-

2195 2855 2361 2910 gnum
2419 2849 2603 2897 autem
2649 2842 2794 2912 regis
2832 2852 2917 2896 est
2963 2856 3182 2907 aurum,
3236 2843 3363 2912 quia
3428 2858 3529 2911 per
3575 2859 3778 2898 aurum

2195 2934 2397 2990 subditi
2428 2950 2608 3006 regem
2638 2934 2960 2990 muneribus
2992 2933 3258 2988 alliciunt.
3284 2932 3440 2990 Thus
3466 2951 3654 3006 porro,
3692 2937 3782 2989 di-

2195 3025 2460 3093 vinitatis,
2497 3027 2625 3096 quia
2683 3027 2845 3081 thura
2899 3025 3010 3082 Deo
3036 3026 3244 3082 adoleri
3300 3028 3524 3083 solent:
3586 3030 3780 3084 mortis

2200 3119 2458 3188 denique,
2494 3120 2735 3190 myrrha,
2771 3119 2901 3189 quia
2938 3118 3140 3173 mortui
3179 3134 3244 3173 ea
3302 3121 3666 3191 inunguatur,
3704 3135 3778 3175 ue

2200 3211 2429 3266 lateant
2457 3220 2552 3266 aut
2582 3219 2916 3281 putrescant.
2943 3212 3013 3265 At
3046 3220 3103 3266 tu
3157 3224 3259 3280 pro
3315 3227 3454 3266 auro
3514 3227 3775 3283 puramm

2198 3303 2471 3358 actionum
2546 3301 2603 3358 et
2652 3317 2971 3357 sermonum
3037 3303 3389 3372 splendorem
3447 3302 3606 3357 otl'er.
3664 3301 3777 3356 Pro

2200 3396 2359 3451 thure
2381 3410 2574 3466 preces
2607 3411 2621 3449 :
2660 3394 2938 3464 Dirigatur
2979 3395 3152 3459 enim,
3197 3394 3394 3463 inquit,
3429 3398 3601 3450 oratio
3660 3411 3777 3447 mea

2198 3488 2333 3541 sicut
2354 3489 2621 3542 incensum
2648 3487 2703 3540 in
2731 3495 3011 3556 conspectu
3049 3495 3140 3540 tuo
3156 3487 3225 3540 δι.
3254 3484 3359 3540 Pro
3389 3487 3613 3556 myrrha
3647 3501 3780 3541 vero

2199 3578 2491 3633 allectuum
2550 3578 2965 3647 oppressionem
3031 3587 3088 3630 et
3146 3576 3576 3639 exstinctionem,
3647 3592 3778 3644 qum

2203 3670 2398 3725 anima:
2425 3670 2786 3726 substantiam
2820 3679 3026 3734 tuetur,
3061 3684 3127 3724 ac
3150 3669 3295 3725 suavi
3339 3667 3504 3723 odore
3531 3669 3769 3736 perfun-

2202 3762 2303 3815 dit.
2334 3760 2581 3826 Quonam
2608 3775 2738 3815 vero
2769 3760 2934 3815 modo
2963 3775 3088 3814 cum
3118 3759 3414 3829 pastoribus
3439 3768 3492 3813 et
3518 3759 3770 3812 archan-

2203 3853 2337 3923 gelis
2362 3862 2527 3920 atque
2551 3853 2760 3923 angelis
2785 3853 3040 3907 laudibus
3063 3853 3230 3907 Deum
3242 3851 3568 3917 celebratus,
3607 3861 3781 3920 atque

2205 3943 2439 4013 hymnos
2470 3942 2728 3996 concines
2757 3957 2822 3995 ac
2848 3942 3213 4011 tripudiabis?
3250 3941 3525 3996 Nimirum
3575 3943 3623 3997 si
3656 3942 3783 3998 ille-

2208 4051 2328 4089 rum
2361 4033 2805 4096 admirationem,
2832 4030 3084 4086 allectum
3121 4040 3177 4083 et
3234 4031 3493 4102 gaudium
3529 4032 3778 4087 imitatus

2196 4124 2397 4180 fueris.
2435 4122 2569 4177 Nam
2595 4121 2843 4192 profecto
2883 4122 2954 4176 ob
2978 4123 3209 4176 salutem
3246 4130 3493 4177 nostram
3531 4138 3775 4193 supernae

2206 4231 2425 4288 quoque
2449 4226 2504 4268 et
2538 4215 2708 4270 beatae
2738 4223 2948 4268 mentes
2983 4214 3179 4269 festum
3213 4213 3522 4272 celebrant.
3580 4223 3638 4268 ut
3665 4228 3783 4283 qua:

2210 4308 2303 4364 Dei
2337 4307 2732 4376 hominumque
2790 4319 2978 4360 amore
3026 4304 3265 4376 praedita:
3293 4305 3427 4359 sint.
3484 4302 3784 4374 Utriusque

2210 4401 2356 4459 enim
2386 4400 2563 4455 laudis
2588 4400 2694 4453 illis
2742 4397 3121 4453 testimonium
3166 4396 3316 4452 dedit
3367 4396 3649 4457 Christus,
3705 4396 3786 4449 sic

523 4519 585 4557 ac
604 4503 737 4574 jugo
786 4503 1116 4572 subjectum,
1180 4511 1234 4554 et
1275 4500 1588 4564 ruminans,
1648 4506 1811 4568 atque
1843 4498 2098 4554 sacriﬁcii
2138 4496 2181 4551 Ι)
2213 4510 2306 4565 per
2331 4493 2618 4565 parabolas
2643 4492 2901 4557 loquens:
2931 4490 3145 4557 Mulier,
3164 4505 3287 4561 quae
3302 4490 3565 4544 amissam
3595 4490 3790 4544 drach-

522 4610 688 4648 causa
729 4602 1001 4649 mactatur
1029 4603 1083 4648 ct
1112 4593 1454 4658 comeditur;
1482 4591 1535 4644 in
1567 4590 1725 4644 asino
1750 4598 1933 4646 autem
1972 4604 2101 4644 con-

523 4683 699 4737 trario
729 4683 893 4739 modo
925 4699 984 4739 sc
1019 4683 1203 4737 omnia
1243 4682 1443 4741 habent
1481 4700 1494 4735 :
1529 4681 1837 4752 Cognosce,
1900 4681 2100 4751 inquit,

525 4776 765 4840 auditor,
805 4777 1057 4845 quisnam
1091 4777 1161 4831 sit
1198 4777 1243 4829 is
1271 4775 1365 4846 qui
1402 4785 1563 4831 natus
1592 4786 1700 4842 est,
1733 4775 1848 4830 sive
1872 4775 1971 4829 bos
2020 4791 2103 4836 es,

528 4872 631 4923 hoc
682 4877 784 4931 est,
849 4882 915 4925 ex
955 4866 1179 4932 Judteis,
1235 4869 1329 4936 qui
1378 4868 1671 4935 puritatem
1695 4874 1750 4922 et
1776 4864 2103 4921 munditiem

523 4977 636 5031 prae
664 4977 722 5017 se
746 4961 951 5023 ferunt,
984 4974 1050 5015 ac
1079 4960 1190 5015 sub
1212 4959 1347 5028 legis
1388 4959 1520 5027 jugo
1572 4966 1886 5021 censentur,
1936 4966 2104 5028 atque

528 5053 713 5107 idonei
755 5061 908 5118 sunt,
940 5053 1034 5122 qui
1064 5052 1173 5106 Deo
1205 5051 1258 5106 in
1288 5050 1620 5107 sacriﬁcium
1670 5049 1990 5113 oﬁ‘erantur,
2052 5060 2107 5104 et

525 5154 730 5199 rectam
758 5145 1063 5199 doctrinam
1098 5145 1427 5200 ruminando
1485 5143 1807 5208 conﬁciunt,
1863 5143 1991 5213 quia
2027 5143 2108 5195 vi-

529 5236 725 5291 delicet
750 5236 990 5306 primum
1031 5237 1251 5307 quidem
1283 5236 1407 5292 ﬁdei
1446 5235 1773 5291 Christiana:
1798 5235 2103 5289 doctrinam

600 5400 647 5431 7°
683 5399 827 5457 Psal.
862 5415 914 5459 t.,
942 5398 997 5454 7.
1112 5396 1160 5427 ⁷⁷
1198 5394 1396 5465 Ephes.
1435 5410 1494 5451 ιι.
1536 5395 1555 5446 1
1594 5409 1749 5462 seqq.

527 5486 649 5534 ch,
673 5472 727 5525 2.
804 5473 849 5504 ³³
882 5470 1016 5525 Luc.
1050 5483 1140 5529 xv,
1172 5466 1227 5520 8.
1303 5466 1348 5497 ⁸³
1376 5466 1515 5520 Psal.
1549 5480 1708 5529 xxiii,
1742 5465 1793 5517 7.

601 5611 680 5683 (li)
717 5609 798 5663 Ea:
854 5608 1308 5683 transgressione.
1345 5603 1636 5683 Congressi
1706 5602 1924 5683 quidem
1979 5610 2108 5652 sunt

531 5678 776 5740 Ad'at'nus
836 5690 889 5731 et
944 5680 1055 5733 Eva
1107 5690 1227 5744 post
1264 5678 1526 5729 violatum
1561 5681 1895 5738 pra-ceptum
1944 5687 1956 5722 :
1995 5687 2099 5744 non

540 5764 721 5812 tamen
755 5766 817 5806 cx
852 5741 1117 5819 pneccpti‘
1144 5750 1438 5803 violatione
1467 5744 1765 5814 profectum
1795 5753 1877 5795 est
1914 5741 2103 5795 matri-

1850 5391 1897 5423 ⁷⁸
1939 5389 2104 5443 llehr.
2151 5405 2272 5452 ιιιιι,
2315 5389 2368 5440 lo.

2214 4601 2356 4642 mam
2390 4586 2619 4650 invenit,
2651 4584 2859 4639 amicas
2885 4592 2940 4638 et
2969 4585 3181 4639 vicinas
3228 4591 3518 4646 convocat,
3554 4582 3788 4636 dicens:

2212 4677 2673 4750 Congratttlamini
2733 4676 2954 4730 mihi”.
3002 4677 3170 4747 Ergo,
3224 4684 3282 4731 ut
3318 4676 3414 4730 Dei
3443 4675 3655 4735 amice.
3689 4673 3793 4745 ipsi

2212 4773 2582 4842 gratulantur.
2634 4767 2788 4835 Quod
2821 4778 3001 4824 autem
3032 4768 3318 4821 hominum
3356 4769 3470 4823 sint
3517 4778 3794 4829 amantes,

2211 4880 2276 4917 ex
2306 4865 2371 4917 iis
2393 4861 2602 4931 angelis
2635 4861 2841 4932 liquido
2866 4868 3100 4924 constat,
3128 4874 3267 4929 quos
3304 4859 3359 4911 in
3385 4858 3530 4912 tertii
3557 4866 3606 4911 et
3651 4857 3799 4910 vice.

2214 4954 2339 5007 simi
2382 4950 2585 5006 Psalmi
2620 4952 2725 5008 ﬁne
2747 4952 3012 5008 describit
3044 4951 3242 5015 David,
3269 4951 3435 5005 simul
3465 4964 3590 5003 cum
3626 4948 3796 5003 Chrio

2214 5055 2298 5099 sto
2332 5044 2712 5109 ascendentes,
2747 5060 2811 5100 ac
2845 5045 2998 5114 prius
3057 5051 3412 5098 occurrentes
3458 5042 3527 5096 iis
3559 5041 3797 5110 angelis,

2215 5139 2308 5205 qui
2345 5137 2398 5190 in
2443 5137 2581 5192 emlo
2609 5137 2925 5192 Davidicum
2988 5136 3119 5191 illud
3153 5134 3497 5205 imperabant
3550 5150 3565 5186 :
3617 5133 3804 5187 Αιιυιέ

2218 5235 2311 5286 tite
2345 5244 2533 5301 portas
2549 5231 2618 5296 ⁸³,
2670 5239 2775 5284 etc.
2839 5227 2975 5284 Nam
3013 5227 3113 5298 ipsi
3143 5241 3364 5297 quoque
3390 5224 3583 5280 eadem
3609 5222 3798 5275 laetitia

2483 5387 2530 5419 7’
2569 5384 2760 5441 Ma‘th.
2789 5401 2940 5447 nix,
2978 5384 3032 5437 6.
3146 5382 3194 5416 ⁸ο
3227 5382 3334 5437 lsa.
3362 5401 3401 5437 ι.
3428 5382 3482 5435 ’5.
3559 5379 3603 5409 ³¹
3648 5378 3798 5433 Psal.

2216 5597 2482 5656 monium,
2535 5594 2626 5649 sed
2664 5603 2789 5647 ante
2839 5589 3189 5643 violatioacm
3250 5601 3278 5639 a
3315 5585 3422 5656 Deo
3459 5582 3793 5643 institutum,

2216 5679 2273 5723 ut
2299 5684 2362 5723 ex
2393 5665 2662 5735 principio
2701 5663 2929 5719 Genesis
2967 5657 3320 5730 apertissime
3356 5655 3549 5725 liquet.
