4064 6274
306 394 450 458 1209

303 617 420 669 quo
457 605 720 660 mortales
752 611 923 677 premi
961 614 1228 673 solebant.
1289 620 1466 690 Atque
1507 624 1671 679 etiam
1722 627 1885 683 iidem

306 692 403 769 Dei
461 705 710 751 amantes
773 710 951 769 erant,
1006 709 1153 775 quod
1210 724 1273 766 ea
1325 728 1447 783 quae
1484 715 1624 772 Deus
1652 728 1884 787 amaret,

300 783 473 838 chara
504 786 784 843 haberent.
815 790 954 857 Quin
985 796 1147 852 etiam
1174 814 1298 857 sese
1338 813 1530 860 mutuo
1573 808 1641 863 ad
1699 820 1886 879 portas

300 877 632 934 attollendas
663 881 1106 958 inhortabantur,
1139 893 1399 951 nimirum
1429 898 1529 965 illi,
1590 903 1687 970 qui
1727 902 1889 958 Chri-

301 978 454 1024 stum
486 975 869 1032 ascendentem
895 981 1320 1054 comitabantur,
1364 1007 1481 1058 eos,
1533 995 1628 1065 qui
1687 995 1740 1051 in
1800 1013 1891 1054 se-

268 1063 486 1117 ‘cundo
515 1066 676 1134 etelu,
714 1069 829 1125 sive
868 1072 1031 1128 etiam
1061 1077 1112 1129 in
1144 1077 1492 1140 ﬁrmamento
1520 1097 1695 1149 erant,
1720 1098 1886 1160 atque

303 1153 386 1208 illi
418 1171 608 1214 rursus
642 1173 760 1228 eos,
798 1163 891 1233 qui
935 1166 987 1220 in
1033 1169 1344 1229 sulilimiori
1398 1185 1450 1231 et
1508 1180 1686 1249 primo
1720 1183 1882 1238 coelo.

299 1243 519 1302 Idcirco
554 1265 791 1323 namque
827 1255 908 1312 bis
960 1261 1220 1331 scriptum
1249 1274 1332 1320 est
1363 1286 1376 1323 :
1410 1243 1656 1327 Attollite
1675 1286 1881 1343 portas,

299 1339 588 1408 principes,
622 1358 843 1400 vestras.
864 1347 943 1403 Illi
974 1355 1197 1417 etenim,
1217 1358 1308 1427 qui
1328 1360 1489 1417 simul
1516 1380 1641 1420 cum
1665 1367 1884 1424 Christo

296 1431 691 1501 ascendebant,
728 1437 1122 1502 incarnationis
1175 1448 1380 1507 Christi
1416 1458 1623 1513 conscii
1683 1472 1877 1524 erant;

297 1517 337 1573 ii
376 1529 576 1588 autem,
611 1529 702 1596 qui
736 1527 790 1584 in
827 1530 1171 1593 firmamento
1199 1551 1378 1610 erant,
1403 1551 1765 1616 percunctati,
1817 1566 1882 1606 ac

297 1615 565 1672 certiores
595 1619 745 1686 facti,
779 1626 1033 1694 quisnam
1072 1641 1189 1688 erat
1221 1637 1313 1704 qui
1345 1628 1469 1693 cum
1497 1656 1662 1698 carne
1692 1658 1885 1699 ascen-

297 1705 471 1773 deret,
514 1714 821 1785 gaudioque
849 1734 1066 1778 summo
1090 1726 1316 1795 perfusi,
1349 1732 1540 1789 eodem
1575 1740 1737 1792 modo
1788 1754 1881 1795 su-

296 1800 545 1866 periores
567 1807 791 1877 angelos
823 1810 890 1866 ad
923 1817 1293 1879 sustollendas
1342 1834 1529 1895 portas
1582 1829 1883 1889 hortaban-

297 1896 408 1944 ῑιιΓ.

368 1978 488 2088 (Σοὲ
525 1984 623 2042 551
655 1986 715 2043 Β.
761 1991 935 2049 Unum
974 1998 1072 2054 hoc
1104 2002 1373 2062 duntaxat
1401 2026 1466 2064 ea:
1513 2013 1581 2067 iis
1616 2018 1879 2088 omnibus,

297 2077 412 2125 etc.
441 2070 538 2136 Ea.
575 2076 771 2148 inquit,
799 2086 1003 2150 omnia,
1035 2104 1157 2159 quae
1181 2094 1325 2151 circa
1363 2102 1702 2161 nativitatem
1737 2111 1883 2164 acci-

297 2163 519 2232 derunt,
546 2182 824 2230 venerare.
864 2179 933 2233 At
975 2179 1202 2259 llerodis
1232 2189 1554 2250 sceleratam
1582 2213 1877 2267 puerorum

296 2260 706 2324 oppressionem
741 2267 811 2322 ob
836 2272 1034 2327 caedem
1078 2279 1298 2347 quidem
1353 2260 1672 2346 ‘detestare:
1713 2306 1880 2353 caete-

297 2362 448 2411 rum,
494 2353 623 2421 quia
678 2368 900 2428 propter
947 2364 1224 2426 Christum
1287 2377 1538 2450 contigit,
1604 2399 1876 2447 reverere.

294 2436 645 2499 Comtaneum
704 2458 889 2506 autem
946 2454 1050 2513 hoc
1102 2460 1305 2519 Christi
1359 2471 1692 2529 sacrificium
1725 2478 1877 2545 dicit,

294 2534 556 2598 quoniam
592 2542 742 2606 pueri
770 2543 845 2598 illi
880 2547 1067 2603 eadem
1107 2564 1267 2611 aetate
1318 2572 1492 2628 erant,
1556 2582 1661 2635 qua
1715 2534 1877 2626 (31πί-ἰ

295 2630 438 2690 ειυε,
474 2641 597 2682 cuin
628 2630 775 2688 ferro
826 2637 1049 2707 sublati,
1106 2655 1272 2715 atque
1323 2661 1448 2707 ante
1497 2630 1774 2716 Christum
1824 2678 1880 2721 et

297 2727 399 2780 pro
447 2729 514 2769 eo
568 2724 789 2777 mactati
840 2737 989 2783 sunt.
1024 2731 1144 2800 Ipse
1175 2751 1340 2804 porro
1405 2743 1621 2802 victima
1653 2751 1875 2822 dicitur,

297 2804 424 2873 quia
457 2822 560 2878 pro
596 2814 757 2869 nobis
788 2833 964 2877 caesus
995 2833 1079 2879 est
1114 2842 1130 2879 :
1187 2844 1324 2887 nova
1378 2845 1580 2903 autem,
1617 2846 1876 2911 quoniam

297 2912 644 2970 nequaquam
675 2906 1002 2975 simpliciter
1021 2914 1189 2971 homo
1219 2931 1355 2989 erat,
1377 2926 1472 2980 sed
1512 2906 1675 2986 etiam
1709 2935 1873 2994 Deus.

295 2986 416 3046 Jam
449 3009 576 3049 vero
613 2998 680 3052 de
709 3001 880 3068 ipsius
914 3003 966 3058 in
1015 3006 1309 3080 Egyptum
1341 2986 1490 3087 fuga,
1526 2986 1879 3091 quemalnio:

296 3082 430 3139 dum
474 3089 799 3157 imperatum
831 3094 995 3152 fuerit
1017 3096 1275 3172 Josepho,
1309 3117 1364 3160 ut
1397 3082 1625 3180 puerum
1674 3128 1731 3173 et
1763 3137 1887 3175 ma-.

1194 412 1514 477 NICETAS
1555 419 1633 481 ΙΝ
1677 418 1898 480 ΟῐιΑΤ.
1942 421 2250 486 XXXVIII
2284 428 2345 490 S.
2385 429 2618 494 GREG.

301 510 777 581 tliﬂundeliantur,
796 526 982 589 utpote
1011 537 1325 595 compresso
1346 539 1398 584 et
1429 533 1703 589 exstincto
1721 535 1886 599 bello,
1916 535 1964 592 Α

3430 432 3568 495 tam

2062 537 2196 596 ibid.
2223 541 2285 598 C.
2321 542 2427 598 Per
2458 561 2637 598 omnes
2661 542 2859 600 Christi
2888 553 3072 600 estates
3100 562 3162 600 ac
3188 545 3427 610 virtutes,
3458 558 3571 604 etc.

1988 634 2093 689 Per
2148 648 2342 691 omnes
2393 644 2581 692 aetates
2639 651 2706 692 ac
2752 637 3045 705 potentias,
3100 638 3201 694 hoc
3244 648 3348 704 est,
3380 640 3565 696 divina

1990 727 2139 794 signa
2179 728 2442 796 gradere,
2496 728 2679 782 omnia
2735 729 2977 796 imitans,
3004 745 3125 799 quae.
3155 746 3445 800 perpessus
3486 747 3570 791 est

1985 832 2054 872 ac
2090 818 2236 882 fecit,
2264 819 2317 872 in
2348 819 2607 875 omnibus
2634 819 2808 889 ipsius
2858 821 3114 875 :etatihus
3155 823 3311 875 novis
3346 837 3565 893 quoque

1988 909 2056 965 ad
2083 910 2360 965 Christum
2390 911 2771 980 progressibus
2797 926 3094 982 assurgens
3126 931 3140 966 :
3176 923 3235 968 ut
3267 922 3321 967 tu
3357 930 3569 985 pioque

1989 1001 2290 1057 secundum
2324 1002 2663 1071 spiritualcm
2693 1009 2904 1055 aetatem
2948 1003 3250 1062 adolescas.
3276 1018 3569 1074 quousque

1987 1097 2054 1150 ad
2088 1111 2361 1152 summum
2390 1095 2534 1149 illius
2570 1097 2728 1148 tinem
2760 1094 3108 1164 perveneris:
3145 1111 3308 1162 quam
3340 1095 3562 1163 quidem

1987 1196 2198 1242 aetatem
2253 1185 2579 1242 tricenarius
2629 1200 2899 1240 annorum
2973 1201 3238 1242 numerus
3289 1187 3563 1257 designat,

1987 1289 2177 1348 utpote
2200 1279 2445 1342 denario,
2499 1293 2660 1348 quem
2713 1279 2978 1337 continet,
3031 1286 3113 1331 ti-r
3174 1277 3562 1348 multiplicato,

1986 1372 2071 1425 vel
2098 1372 2258 1426 etiam
2310 1370 2660 1440 perfectione,
2733 1385 2857 1440 qiue
2927 1370 3057 1425 huic
3113 1385 3344 1424 numero
3392 1370 3561 1426 inest.

1985 1459 2201 1514 Primus
2227 1458 2373 1511 enim
2397 1458 2656 1513 denarius
2679 1458 2966 1511 moralium
2992 1459 3261 1521 virtutum
3290 1469 3397 1521 est,
3431 1459 3568 1515 alter

1987 1549 2471 1620 speculativarum,
2505 1548 2702 1603 tertius
2732 1548 3063 1602 divinarum.
3107 1551 3285 1618 Atque
3320 1550 3389 1603 ita
3432 1551 3564 1620 qui-

1986 1644 2106 1698 dem
2149 1640 2478 1711 accipiendte
2511 1648 2639 1695 sunt
2669 1648 2876 1695 aetates.
2906 1639 3009 1692 Per
3051 1640 3323 1710 potentias
3358 1651 3567 1706 autem,

1987 1722 2253 1789 miracula
2282 1748 2312 1789 a
2345 1731 2566 1788 Christo
2593 1741 2802 1801 patrata
2840 1732 3219 1800 intelligimus,
3253 1748 3376 1803 qua:
3398 1735 3563 1788 etiam

1987 1843 2015 1881 a
2047 1825 2205 1880 nobis
2223 1823 2580 1894 spiritualiter
2606 1824 2691 1877 edi
2727 1823 2946 1876 debent.
2982 1823 3088 1878 Per
3114 1839 3307 1879 omnes
3332 1824 3432 1878 has
3461 1825 3565 1894 igi-

1991 1930 2077 1973 tur
2105 1925 2292 1972 mtates
2316 1932 2379 1972 ac
2412 1914 2682 1986 potentias
2721 1915 3012 1970 obamliula
3037 1927 3090 1970 ct
3136 1931 3480 1981 eonversare,
3508 1926 3569 1972 nt

1984 2013 2184 2069 Christi
2215 2011 2541 2080 discipulus,
2577 2019 2629 2064 et
2661 2009 2832 2078 ipsius
2871 2009 3071 2063 ardens
3129 2009 3436 2070 aemulator,
3471 2026 3566 2065 ve-

1984 2103 2161 2173 stigiis
2184 2102 2303 2171 ejus
2331 2102 2609 2158 insistens.
2645 2099 2964 2155 Pnritiearc.
3032 2100 3236 2155 Verum
3290 2116 3400 2204 quo
3428 2110 3568 2204 tem-

1983 2212 2128 2267 pore
2152 2196 2471 2266 purificatus
2502 2201 2586 2249 est
2616 2192 2914 2247 Christus?
2948 2192 3178 2248 fortasse
3209 2208 3335 2247 cum
3380 2192 3565 2262 bapti-

1984 2256 2255 2343 lzatusest
2278 2329 2292 2351 ,
2329 2288 2412 2341 vel
2445 2287 2609 2339 etiam
2645 2301 2767 2341 eum
2803 2290 2869 2339 ad
2904 2285 3049 2338 diem
3078 2284 3562 2354 quadragesnnum

1982 2380 2246 2450 pervenit,
2289 2387 2451 2448 atque
2475 2394 2534 2432 ea
2568 2393 2687 2448 qum
2722 2378 2787 2431 a'l
2832 2377 3266 2444 purificationem
3317 2378 3562 2447 require-

1983 2474 2199 2535 bantur,
2236 2472 2536 2526 secundum
2565 2469 2699 2538 legis
2733 2467 2984 2523 Mosaicze
3046 2470 3423 2538 praescriptum
3459 2470 3562 2522 oh-

1981 2563 2125 2619 tulit.
2171 2561 2440 2630 Quocirca
2473 2562 2539 2614 da
2578 2561 2693 2628 ipse
2715 2574 2938 2628 quoque.
2968 2574 3190 2628 operam
3225 2570 3283 2613 ut
3314 2560 3562 2629 purifice-

1981 2657 2082 2721 ris,
2115 2656 2218 2710 hoc
2241 2664 2344 2720 est,
2381 2664 2494 2710 uta
2533 2653 2814 2708 sceleiatis
2870 2652 3182 2707 actionibus
3231 2653 3513 2709 abstineas
3543 2669 3559 2709 :

1981 2765 2049 2804 ac
2092 2748 2289 2804 deinde
2349 2746 2435 2803 t'ae
2504 2745 2941 2811 circumcideris,
3007 2744 3232 2801 vitiosas
3276 2761 3469 2801 omnes
3509 2755 3565 2801 et

1981 2841 2250 2896 obscenas
2311 2839 2694 2910 cogitationes,
2743 2852 2848 2890 non
2911 2851 3071 2891 secus
3121 2851 3183 2889 ac
3211 2836 3553 2905 superfluum

1982 2931 2256 3002 quoddam
2282 2931 2614 2992 membrum,
2645 2930 3000 2983 deti-uocans.
3047 2927 3365 2996 Spiritualis
3410 2927 3559 2982 enim

1982 3022 2333 3078 circumcisio
2357 3020 2491 3074 nihil
2520 3019 2665 3073 aliud
2690 3027 2773 3072 est
2807 3032 2969 3086 quam
3006 3032 3284 3087 corporeze
3305 3017 3559 3084 volupta-

1985 3116 2051 3169 tis
2078 3128 2373 3183 rerumque
2405 3126 2935 3180 snpervacanearum
2980 3123 3046 3164 ac
3088 3109 3312 3163 minime
3367 3123 3560 3176 neces-

300 3187 435 3258 trem
468 3179 587 3245 ejus
620 3184 914 3255 acciperet,
958 3200 1124 3261 atque
1154 3196 1207 3248 in
1245 3179 1542 3271 Egyptitin
1576 3208 1644 3261 ad
1701 3210 1876 3267 vitan—

1985 3209 2254 3263 sariarum
2282 3179 2517 3275 abjectio
2545 3223 2559 3259 :
2590 3203 2774 3260 Omnis
2822 3204 2956 3256 enim
3005 3201 3269 3272 voluptas,
3298 3219 3414 3272 qua:
3465 3219 3559 3256 nec

294 3266 422 3322 dam
495 3270 727 3330 Herodis
773 3282 1115 3351 tyrannidem
1172 3266 1402 3360 fugeret,
1444 3310 1508 3351 ac
1543 3314 1655 3368 quo
1713 3266 1877 3359 modo

297 3357 512 3419 Herode
544 3375 761 3424 martuo
789 3385 982 3430 rursus
1015 3374 1066 3430 in
1102 3386 1298 3436 terram
1327 3384 1493 3442 Israel
1537 3393 1716 3447 redire
1756 3395 1875 3465 jus-

296 3469 394 3511 sus
451 3459 544 3523 sit,
591 3462 829 3520 dilucide
863 3478 1050 3524 narrat
1077 3471 1446 3533 Matthzeus‘”.
1502 3484 1645 3549 Quin
1711 3459 1874 3544 etiam

295 3546 467 3604 Oseas
499 3551 566 3607 de
595 3553 794 3612 Christi
829 3574 895 3614 ex
916 3560 1152 3635 [Egypto
1185 3569 1359 3625 reditu
1392 3546 1741 3634 vaticinatur.
1773 3581 1876 3637 Per

292 3652 419 3694 eum
490 3645 635 3699 enim
692 3649 769 3704 ait
827 3650 1015 3709 Deus:
1068 3654 1152 3710 Ea:
1181 3658 1416 3731 /Egypto
1460 3670 1638 3723 vocavi
1668 3670 1876 3727 Filium

295 3735 552 3790 meum“.
596 3738 666 3792 At
695 3739 1006 3813 Thcologus
1041 3749 1181 3803 hanc
1215 3752 1501 3812 historiam
1556 3764 1869 3821 sublimiori

294 3837 457 3877 sensu
493 3840 520 3877 a
558 3828 719 3882 nobis
751 3830 976 3901 intelligi
1015 3836 1148 3891 vult.
1175 3838 1418 3901 Herodes
1444 3848 1609 3916 igitur
1631 3853 1677 3907 si
1704 3855 1876 3910 inti-r-

294 3917 497 3981 pretari
529 3919 686 3983 velis,
715 3920 858 3975 idem
897 3936 1059 3979 sonat
1086 3932 1233 3996 quod
1270 3949 1455 3991 crassa
1498 3951 1554 3995 et
1578 3945 1874 4011 passibilis

294 4019 361 4058 ac
394 4007 543 4060 velut
572 4010 741 4078 pellea
768 4024 986 4072 natura.
1017 4018 1288 4093 :Egyptus
1324 4038 1529 4097 autem,
1558 4007 1703 4090 nunc
1738 4053 1875 4107 prae-

292 4107 501 4153 sentem
530 4102 675 4157 hunc
706 4108 969 4163 mundum
992 4111 1263 4185 designat,
1287 4135 1435 4177 nunc
1457 4138 1701 4196 carnem,
1731 4147 1875 4189 nunc

296 4202 604 4262 peceatum,
636 4213 783 4254 nunc
853 4202 1245 4275 ignorantiam,
1278 4230 1425 4270 nunc
1480 4233 1779 4278 aerumnam
1820 4234 1875 4280 et

292 4284 660 4344 afflictionem.
687 4289 803 4358 Qua
825 4296 1172 4361 potissimum
1204 4304 1605 4375 significatione
1629 4314 1732 4370 hoc
1754 4317 1873 4373 loco

290 4374 507 4432 Domini
522 4378 700 4451 fugam
723 4385 774 4438 in
791 4384 1082 4458 Egyptnm
1103 4374 1351 4465 accipere
1375 4404 1659 4459 convenit:
1683 4403 1739 4460 Si
1773 4408 1876 4480 igi-

289 4476 404 4531 tur,
419 4472 614 4541 inquit,
635 4475 907 4543 Christus,
928 4481 981 4535 in
1000 4484 1157 4539 nobis
1171 4489 1449 4559 conditus,
1478 4492 1531 4548 id
1553 4506 1658 4560 est,
1676 4472 1872 4570 virtus,

294 4573 477 4619 tenera
513 4577 672 4623 aetate
706 4571 798 4635 sit,
835 4582 1000 4643 atque
1039 4577 1269 4636 affectus
1303 4588 1542 4642 carnalis
1586 4599 1642 4644 et
1692 4600 1868 4651 terre-

292 4671 417 4720 nus,
449 4657 677 4716 Herodis
699 4663 984 4733 cujusdam
1021 4669 1215 4737 instar,
1257 4674 1403 4730 vivat
1428 4690 1481 4733 et
1503 4681 1865 4754 principatum

291 4760 493 4815 teneat,
546 4753 612 4807 ad
661 4753 1009 4814 afllictioncm
1054 4762 1107 4816 in
1155 4767 1374 4823 actione
1406 4770 1590 4837 sitam,
1639 4778 1782 4830 velut
1811 4781 1864 4833 in

290 4840 608 4911 ASgyptum,
658 4844 976 4916 fugiendum
1028 4863 1134 4911 est.
1197 4856 1354 4924 Quod
1393 4862 1440 4916 si
1465 4865 1704 4921 carnalis
1738 4868 1869 4924 affe-

290 4941 434 4999 ctus,
462 4936 818 5003 quidivinam
854 4942 1161 5002 doctrinam
1207 4951 1366 5008 nohis
1413 4954 1636 5011 insitam
1694 4959 1868 5016 inter-

293 5024 454 5080 ficere
485 5028 730 5092 molitur,
786 5036 1092 5095 exstinctus
1139 5050 1194 5097 et
1241 5055 1468 5101 enectus
1518 5048 1704 5111 fuerit.
1752 5065 1863 5109 tum

286 5131 418 5173 vero
445 5121 512 5175 ah
529 5121 764 5193 Egypto
791 5124 1221 5202 Hierosolymam
1254 5138 1595 5209 migrandum
1626 5154 1729 5211 est,
1762 5146 1867 5201 hoc

283 5219 368 5264 est
384 5211 451 5265 ah
466 5228 527 5268 ea
558 5216 848 5274 alnietione
868 5236 989 5290 quae
1004 5222 1056 5277 in
1076 5227 1284 5296 agendo
1307 5232 1628 5301 suscipitur,
1647 5235 1714 5289 ad
1736 5253 1869 5291 eon-

289 5306 698 5373 teniplationcm
739 5317 1090 5384 pergendum.
1124 5320 1284 5374 Actio
1321 5322 1468 5377 enim
1517 5329 1858 5398 contempla-

286 5395 453 5449 tionis
492 5397 640 5456 liasis
689 5411 742 5457 et
776 5402 1190 5464 fundamentum
1245 5422 1348 5467 est.
1407 5414 1684 5473 Emortuis
1713 5421 1857 5476 enim

285 5486 593 5557 affectibus,
636 5507 1099 5563 supervacaneum
1131 5511 1318 5570 postea
1353 5502 1520 5560 fuerit
1551 5506 1604 5561 in
1646 5512 1861 5565 actione

284 5579 585 5651 longiorem
633 5601 841 5641 moram
875 5591 1111 5655 trahere,
1169 5608 1233 5647 ac
1268 5610 1379 5650 non
1409 5598 1475 5651 ad
1516 5602 1862 5672 contempla—

283 5672 487 5729 tionem
529 5677 782 5745 subvehi,
816 5681 884 5736 ad
915 5699 1079 5752 quam
1118 5686 1264 5741 actio
1295 5688 1409 5757 ipsa
1451 5700 1680 5760 spectat.

384 5834 431 5869 ⁸³
454 5833 643 5892 Matth.
682 5854 742 5902 Il,
790 5840 852 5895 l5
882 5856 1030 5912 seqq.
1113 5843 1159 5875 ³⁸
1193 5842 1330 5901 Osee
1363 5861 1438 5915 si,
1476 5846 1531 5901 2.

1980 3315 2045 3354 ex
2077 3299 2202 3363 Deo,
2243 3314 2335 3352 nec
2366 3297 2421 3350 in
2451 3295 2554 3350 Deo
2584 3297 2895 3365 suscipitur,
2921 3294 3207 3364 roluptatis
3253 3309 3560 3348 excremen-

1982 3401 2089 3445 tum
2115 3401 2213 3445 est.
2242 3390 2380 3444 Cum
2417 3397 2597 3443 autem
2629 3387 2858 3442 dixisset
2885 3402 2899 3441 :
2931 3385 3358 3448 Circumcidere,
3416 3392 3559 3440 atte-

1980 3484 2152 3541 xuit:
2208 3481 2400 3538 Velum
2458 3498 2487 3536 a
2534 3480 2820 3535 nativitate
2872 3487 3216 3534 contractum
3269 3477 3552 3539 abscinde,

1978 3578 2081 3632 hoc
2112 3584 2217 3633 est.
2254 3575 2457 3629 avitum
2490 3580 2795 3642 peccatum,
2825 3571 2968 3642 quod
3003 3572 3069 3625 ad
3102 3570 3416 3624 universum
3448 3570 3555 3623 ho-

1978 3671 2186 3725 minum
2212 3684 2383 3737 genus
2402 3665 2559 3719 fluxit
2587 3680 2650 3719 ac
2674 3673 3028 3735 propagatum
3059 3673 3163 3719 est.
3206 3661 3273 3716 In
3326 3663 3554 3731 peccatis

1975 3762 2144 3824 enim,
2174 3757 2371 3827 iuqttit,
2403 3756 2634 3824 concepit
2674 3772 2754 3809 me
2792 3767 2960 3809 mater
2998 3772 3113 3810 mea
3142 3754 3211 3808 ³⁸.
3262 3753 3550 3807 Peccatum

1975 3853 2120 3908 enim
2152 3849 2334 3906 statim
2367 3863 2396 3901 a
2448 3847 2762 3909 nativitate,
2815 3847 3102 3916 cujusdam
3131 3846 3294 3901 nubis
3355 3845 3553 3912 instar,

1975 3944 2171 3998 animae
2218 3940 2420 3994 lumina
2472 3939 2730 4004 obstruit,
2758 3936 3027 3993 salutiferi
3079 3947 3259 3992 autem
3287 3938 3550 4008 haptismi

1975 4037 2154 4107 gladio
2174 4050 2238 4089 ac.
2269 4032 2468 4089 vivifici
2493 4032 2728 4101 Spiritus
2763 4048 2895 4088 ense
2933 4041 3241 4087 truncatur.
3284 4029 3551 4085 Nonnulli

1976 4145 2071 4200 per
2104 4128 2281 4199 velum
2313 4142 2342 4181 a
2378 4125 2658 4181 nativitate
2685 4135 3028 4181 contractum
3073 4126 3297 4182 vitiosas
3341 4134 3400 4229 et.
3450 4122 3555 4229 fce-

1972 4198 2073 4277 das
2099 4198 2460 4288 cogitationes
2498 4219 2840 4289 intelligunt,
2895 4220 3297 4290 caliginemque
3352 4216 3420 4269 ah
3481 4216 3552 4271 iis

1974 4312 2231 4368 offusam.
2263 4310 2370 4364 Alii
2408 4310 2773 4379 ignorantiam
2807 4310 2983 4372 carni,
3018 4310 3164 4363 velut
3193 4308 3407 4361 nebulae
3431 4307 3555 4360 cui-

1974 4406 2098 4461 dam
2123 4419 2186 4458 ac
2204 4403 2323 4457 velo
2343 4401 2717 4471 conjunctam.
2736 4400 2866 4455 Post
2893 4402 3028 4459 lnec,
3054 4401 3230 4461 idest,
3261 4409 3551 4469 postquam

1978 4498 2306 4567 puriticatus
2355 4495 2550 4560 fueris,
2609 4511 2640 4549 a
2691 4495 2905 4549 vitiosis
2949 4493 3159 4548 scilirct
3240 4493 3556 4548 actionibus

1979 4591 2211 4660 teipsum
2247 4588 2552 4655 abstinens,
2581 4595 2634 4643 et
2666 4602 2861 4655 pravas
2911 4585 3272 4656 cogitationes
3307 4586 3551 4688 circum-

1971 4683 2192 4748 cideris,
2224 4690 2337 4736 tum
2387 4681 2608 4735 demum
2665 4680 2718 4732 in
2775 4679 2978 4747 templo
3023 4677 3179 4740 doce,
3213 4678 3317 4730 hoc
3351 4685 3456 4741 est,
3495 4677 3550 4730 in

1971 4776 2211 4832 Ecclesia
2243 4775 2361 4841 Dei,
2395 4775 2628 4844 aliisque
2661 4771 2882 4827 virtutis
2914 4773 3237 4839 magistrum
3295 4781 3346 4823 te
3374 4769 3554 4838 praebe

1969 4875 2022 4921 et
2074 4865 2538 4936 quemadmodum
2599 4862 2853 4917 Christus
2929 4860 3303 4930 negotiatores
3348 4857 3555 4964 templo

1968 4958 2262 5026 espnlit",
2288 4949 2370 5012 ad'
2391 4957 2643 5012 eumdem
2676 4955 2896 5009 modum
2931 4961 2986 5006 tu
3026 4952 3320 5023 sacrilegos
3353 4953 3550 5059 nundi-

1971 5063 2190 5107 natores
2253 5052 2412 5120 ejice,
2478 5051 2581 5104 hoc
2611 5056 2716 5112 est,
2745 5062 2840 5102 cos
2869 5047 2964 5116 qui
3011 5047 3312 5101 divinitatis
3344 5047 3537 5101 doctri-

1970 5158 2095 5198 nam
2142 5143 2474 5204 adulterant,
2532 5156 2708 5209 eaque
2765 5154 3073 5208 cauponum
3123 5152 3275 5192 more
3302 5138 3370 5190 ad
3400 5152 3550 5206 qum.

1976 5244 2123 5288 stnm
2162 5234 2484 5299 abutuntur,
2516 5247 2581 5286 ac
2609 5232 2694 5285 vel
2723 5245 2880 5296 auro,
2913 5230 2995 5286 vel
3027 5230 3224 5299 gratia,
3274 5227 3356 5283 vel
3401 5228 3550 5282 utili-

1972 5333 2102 5390 tate,
2142 5325 2223 5378 vel
2257 5333 2428 5387 metu,
2484 5332 2579 5378 aut
2642 5323 2747 5377 alia
2807 5322 3077 5392 ejusmodi
3123 5336 3183 5375 re
3211 5329 3547 5422 permutant.

1961 5416 2117 5483 Quod
2150 5417 2195 5473 si
2254 5424 2469 5487 tempus
2499 5432 2565 5471 eo
2618 5426 2670 5471 te
2701 5427 2875 5479 vocet,
2903 5414 3176 5486 lapidibus
3202 5414 3380 5514 appeti
3415 5425 3546 5514 sus-

1964 5510 2097 5572 tine,
2160 5509 2275 5564 sive
2326 5511 2502 5579 reipsa
2558 5518 2614 5563 et
2650 5508 2812 5563 modo
2867 5521 3154 5577 corporeo,
3212 5502 3326 5558 sive
3370 5503 3545 5558 etiam

1965 5602 2261 5670 spirituali,
2291 5600 2554 5656 conviciis
2614 5601 2873 5655 nimirum
2941 5608 3107 5668 atque
3161 5594 3547 5664 ignominiosis

1967 5696 2170 5760 verbis,
2198 5696 2357 5766 quasi
2400 5695 2578 5761 saxis,
2614 5694 2911 5765 appetitus.
2952 5691 3097 5747 Nihil
3139 5691 3336 5747 horum
3380 5698 3430 5746 te
3464 5698 3544 5744 at.-

1606 5847 1654 5881 “
1687 5849 1829 5906 Psal.
1867 5867 1920 5918 1.,
1963 5852 2013 5908 7.
2076 5850 2135 5937 ﬂ”
2163 5851 2319 5912 Joan.
2355 5869 2395 5923 t,
2432 5852 2498 5908 Η
2531 5866 2687 5922 seqq.
