4064 6274
645 386 774 452 1211

2046 387 2426 449 .ΑΙ)οΕΧΙ)Ᾱ.

3799 397 3920 458 ῙΞΙΞ

639 507 832 573 tinget,
864 515 1052 554 verum
1112 497 1445 569 iapidatures
1504 499 1679 556 falles.
1727 513 1789 551 ae.
1824 513 1922 566 per
1975 498 2211 550 medium
2245 499 2288 552 A
2319 500 2604 568 strepitum
2671 499 2800 552 edit.
2858 499 2973 552 Iam
3030 500 3217 567 spinas
3264 498 3588 572 TheoIOgus
3657 506 3786 573 ipse
3838 528 3920 576 pq

639 598 880 664 ipsorum
921 591 1200 656 transibis,
1245 601 1430 659 utpote
1469 593 1604 645 deus
1635 591 1929 660 adoptione
1978 599 2032 645 et
2084 606 2210 660 gra-

639 684 709 734 tia
742 680 935 732 factus.
973 677 1061 731 Sic
1095 679 1238 732 enim
1272 679 1335 732 de
1361 679 1583 734 Christo
1606 681 1746 748 apud
1771 680 2038 734 Joannem
2075 682 2212 735 scri-

637 785 788 843 ptum
820 784 904 827 est
930 791 944 826 :
974 771 1316 828 Stutulerunt
1355 774 1580 842 lapides,
1607 785 1663 828 ut
1692 776 1932 844 jacet-ent
1961 779 2015 829 in
2067 793 2206 828 non.

633 863 786 917 Jesus
813 875 986 917 autem
1010 864 1280 918 abscondit
1305 882 1379 928 se,
1410 875 1564 926 atque
1623 868 1780 918 exirit
1817 872 1880 918 de
1933 865 2203 932 templo",

633 958 902 1010 transiens
925 971 1017 1024 pr'r
1041 957 1277 1009 medium
1305 958 1566 1025 ipsorum.
1613 956 1835 1010 Verbum
1894 959 2037 1011 enim
2102 974 2204 1010 non

627 1058 706 1101 est
757 1047 1058 1116 alligatum.
1114 1050 1574 1117 quemadmodum
1620 1050 1696 1102 ait
1754 1050 1956 1104 Paulus
1997 1051 2081 1112 ",
2135 1051 2204 1106 de

631 1139 1017 1208 praedicatione
1059 1140 1322 1208 loquens;
1388 1141 1520 1208 quin
1600 1143 1799 1208 potius,
1853 1158 1976 1196 cum
2014 1143 2202 1211 alliga-

630 1239 742 1293 tur,
772 1246 997 1284 currere
1050 1231 1222 1298 ipsum
1279 1230 1530 1284 dixerim.
1578 1230 1814 1285 Verbum
1875 1233 2020 1286 enim
2059 1234 2198 1302 lapi-

629 1323 787 1376 dihus
845 1339 951 1376 non
1007 1323 1316 1386 conficitur,
1377 1325 1427 1376 id
1500 1334 1604 1385 est,
1670 1325 1830 1387 Deus,
1889 1327 1966 1378 vel
2031 1328 2197 1380 etiam

626 1409 748 1464 fidei
783 1412 1055 1465 doctrina.
1119 1411 1416 1482 Lapidibus
1479 1425 1661 1469 autem
1715 1431 1820 1469 non
1884 1417 2194 1482 conficitur,

625 1504 678 1556 id
708 1513 814 1566 est,
849 1503 1185 1573 perpessioni
1219 1520 1558 1574 nequaquam
1590 1508 1884 1562 obnoxium
1940 1519 2048 1573 est,
2113 1519 2196 1563 ut-

621 1601 748 1662 pote
783 1593 1224 1662 inexpugnabile.
1263 1594 1321 1648 Si
1355 1597 1419 1648 ad
1453 1595 1717 1651 Herodem
1761 1599 2032 1654 adductus
2076 1599 2193 1653 fue-

621 1685 716 1749 ris,
747 1685 849 1738 hoc
870 1692 972 1743 est.
1026 1685 1092 1739 ad
1158 1701 1402 1742 crassum
1460 1697 1514 1742 et
1565 1689 1838 1743 carnalem
1889 1691 2189 1755 hominem,

619 1776 701 1829 vel
765 1775 1113 1836 lucri-ticum.
1178 1777 1498 1846 plerumque
1565 1795 1631 1832 ne
1689 1782 1911 1834 verbum
1972 1783 2187 1850 quidem

2323 592 2630 661 allegoriam
2670 593 3027 660 philosophia:
3061 593 3112 644 in
3149 594 3363 645 actione
3395 596 3597 660 pos-itm.
3648 613 3916 664 asperna-

2322 693 2426 736 tem
2477 663 2864 750 interpretatus
2914 692 3018 736 est.
3079 682 3250 736 Porro
3296 687 3462 740 vestis
3513 703 3777 756 purpura
3830 710 3913 744 seu

2319 775 2635 838 t‘oecinutn,
2697 789 2805 842 quo
2863 773 3116 826 Christus
3180 773 3248 826 ab
3302 775 3636 830 illusorihus
3717 778 3910 834 lunia-:5

2318 866 2533 927 tegitur,
2561 864 2855 917 acerrimas
2883 862 3342 932 gravissimasque
3368 865 3716 920 afﬂictiones
3756 873 3884 934 signi

2315 955 2458 1017 ficit,
2489 964 2652 1021 atque
2690 953 2741 1005 in
2777 963 2964 1020 pertus
2990 952 3256 1006 altissime
3296 964 3690 1021 penetrantes,
3742 976 3901 1025 quan-

2311 1045 2602 1114 doquidem
2637 1053 2688 1097 et
2711 1059 2932 1097 coccum
2973 1045 3126 1097 color
3167 1045 3385 1112 quidam
3421 1047 3695 1099 tinetum-
3731 1059 3816 1103 est

2311 1136 2637 1206 profundum
2685 1128 2994 1204 penetrans.
3047 1137 3124 1188 Ad
3175 1137 3286 1190 ha:c
3313 1137 3570 1192 Christus
3643 1144 3897 1196 arundine

2310 1229 2650 1289 verberatur,
2679 1236 2731 1282 et
2759 1242 2854 1296 per
2881 1227 3069 1280 ludum
3107 1235 3269 1296 atque
3307 1228 3637 1282 irrisiouem
3688 1234 3892 1283 arundi-

2309 1336 2430 1375 nem
2469 1320 2522 1373 iu
2559 1321 2748 1373 dextra
2801 1335 2990 1382 manu,
3046 1321 3190 1374 velut
3243 1331 3521 1388 sceptrum
3555 1338 3589 1375 a
3632 1325 3891 1376 carnifici-

2305 1411 2408 1466 bus
2440 1412 2668 1481 accepit.
2704 1409 2808 1465 Nec
2853 1425 2984 1465 vero
3013 1426 3076 1464 ex
3128 1412 3468 1466 nostratibus
3531 1416 3892 1467 arundinibus

2303 1503 2556 1574 colligere
2610 1503 2794 1566 debes,
2847 1517 2936 1556 eas
2967 1502 3165 1571 quibus
3201 1502 3453 1558 Christus
3499 1503 3750 1560 affectus
3805 1517 3890 1561 est.

2303 1591 2445 1647 leves
2469 1600 2631 1662 atque
2664 1593 2910 1646 infirmas
2934 1592 3120 1662 plagas
3138 1593 3435 1653 exstitisse.
3463 1610 3674 1647 verum
3713 1611 3893 1665 graves

2301 1696 2353 1740 et
2412 1686 2642 1749 validas.
2695 1685 2936 1741 Judaiem
2990 1694 3147 1739 terrm
3197 1687 3492 1741 arundines
3557 1687 3667 1739 tibi
3718 1689 3893 1739 anima

2301 1792 2642 1846 proponens,
2706 1793 2936 1847 quarum
3003 1779 3136 1830 mira
3197 1777 3277 1832 vis
3328 1787 3409 1830 est
3469 1785 3527 1830 et
3580 1780 3890 1831 crassities.

618 1882 784 1920 ttnttm
841 1867 891 1920 ei
944 1869 1230 1936 responde,
1279 1845 1425 1923 velut
1479 1870 1719 1942 indigno,
1778 1873 1843 1927 ad
1909 1845 2068 1944 quem
2131 1877 2196 1928 de
2228 1845 2267 1897 Β
2300 1845 2534 1923 Proinde
2584 1876 2640 1921 tu
2701 1845 2916 1938 quoque
2948 1868 3234 1923 arundinis
3283 1869 3492 1938 plagam
3534 1869 3749 1938 perfer.
3807 1877 3892 1921 aut

618 1960 780 2012 rebus
810 1959 1052 2029 mysticis
1088 1969 1140 2014 et
1184 1962 1551 2018 sacrosanctis
1611 1965 1915 2020 orationem
1963 1965 2191 2021 habeas.

621 2047 906 2104 Silentium
939 2063 1088 2106 tuum
1117 2053 1288 2122 pluris
1321 2053 1502 2120 faciet,
1531 2057 1814 2127 magisque
1837 2061 2192 2124 reverehitur,

617 2153 678 2194 nt
709 2143 945 2198 hominis
977 2145 1360 2214 disputationis
1383 2148 1646 2203 habenda:
1677 2160 1890 2218 tempus
1913 2151 2192 2218 cognitum

617 2232 890 2298 habentis,
939 2251 1101 2304 quam
1138 2238 1378 2305 prolixas
1430 2239 1664 2293 aliorum
1699 2241 1994 2295 orationes.
2055 2239 2188 2295 Nam

613 2325 867 2400 Christus
896 2343 1136 2398 quoque,
1185 2340 1236 2383 ut
1289 2341 1478 2384 narrat
1530 2331 1700 2388 Lucas
1727 2335 1796 2396 θ’.
1848 2349 1877 2388 a
1923 2332 2095 2388 Pilato
2124 2336 2190 2389 ad

615 2413 881 2468 lli-rodem
925 2419 1125 2473 missus
1150 2429 1253 2483 est,
1288 2429 1342 2474 et
1384 2421 1736 2492 interrogavit
1779 2439 1904 2478 eum
1951 2423 2188 2480 IIerodcs

612 2505 664 2557 in
698 2507 884 2561 multis
933 2509 1317 2572 sermonibus;
1369 2523 1422 2565 at
1459 2511 1575 2580 ipse
1608 2513 1656 2565 ei
1700 2513 1830 2566 nihil
1887 2517 2185 2583 respondit.

613 2593 858 2647 Ilerodes
894 2610 1058 2662 porro
1091 2599 1362 2651 carnalem
1396 2610 1450 2653 et
1491 2610 1700 2668 turpem
1730 2601 1982 2656 alTeetum
2015 2604 2184 2673 signi-

608 2684 770 2738 licam
801 2695 996 2754 potest,
1033 2688 1148 2752 cui,
1179 2703 1284 2741 non
1329 2704 1423 2757 per
1441 2691 1726 2745 verborum
1762 2693 2182 2763 philosophiam,

608 2775 700 2828 sed
729 2793 823 2846 per
852 2794 938 2831 res
966 2790 1017 2832 et
1053 2780 1315 2846 actiones,
1341 2782 1604 2837 obsistere
1627 2784 1907 2840 debemus.
1942 2787 2018 2841 Ita
2039 2788 2182 2842 enim

608 2869 780 2936 magis
823 2869 1140 2925 demittetur
1160 2887 1221 2925 ac
1245 2875 1600 2929 contrahetur
1618 2877 1930 2946 huiusmodi
1959 2880 2183 2935 affectus

603 2974 766 3024 quam
802 2973 897 3026 per
922 2961 1204 3015 verbosam
1237 2961 1654 3032 philosophiam.
1689 2966 1743 3022 Si
1777 2966 1983 3038 ﬂagello
2009 2985 2182 3025 cresus

563 3037 572 3044 ’
605 3048 794 3110 fueris.
829 3051 931 3103 hoc
981 3061 1083 3117 est,
1138 3068 1359 3122 quoquo
1396 3055 1556 3108 modo
1588 3037 1904 3114 verberibus
1953 3059 2180 3116 aﬂ‘ectus

2301 1960 2644 2014 irridentium
2687 1967 2849 2027 atque
2907 1959 3285 2013 insultantium
3348 1959 3645 2012 hominum
3711 1972 3892 2030 gestas

2298 2054 2528 2109 sustine.
2579 2055 2810 2118 Insuper
2839 2053 3092 2107 Christus
3146 2069 3242 2122 per
3275 2053 3702 2107 simulationem
3741 2056 3888 2122 quasi

2300 2162 2388 2198 rex
2420 2145 2681 2199 adoratus
2717 2155 2801 2200 est
2853 2145 2922 2199 ab
2950 2145 3018 2199 iis
3051 2145 3140 2213 qui
3171 2145 3453 2198 veritatem
3494 2144 3750 2198 ludibrio
3801 2148 3890 2199 lza-

2296 2236 2514 2299 brhant,
2566 2236 2667 2290 hoc
2695 2247 2798 2298 est,
2851 2236 2918 2290 ab
2944 2235 3012 2291 iis
3040 2235 3132 2306 qui
3169 2252 3282 2289 rem
3333 2247 3527 2290 natura
3573 2252 3766 2290 veram
3800 2251 3884 2304 pc:

2294 2325 2589 2380 ludibrium
2621 2327 2877 2395 agebant.
2918 2325 3172 2380 Christus
3211 2326 3356 2380 enim
3408 2340 3504 2379 rex
3548 2343 3722 2380 verus
3753 2336 3881 2379 erat.

2291 2417 2656 2482 Quamobrem
2692 2417 2806 2486 ipse
2838 2433 3055 2487 quoque
3088 2432 3302 2471 omnem
3332 2416 3514 2470 fucum
3572 2427 3629 2470 et
3659 2417 3878 2471 simula-

2292 2510 2492 2564 tionem
2529 2524 2684 2578 :equo
2731 2510 2912 2562 animo
2967 2513 3160 2564 tolera.
3213 2511 3290 2563 Ac
3341 2509 3588 2578 denique
3630 2510 3796 2563 simul
3832 2512 3877 2562 in

2289 2617 2454 2656 cruce
2506 2601 2793 2672 sulIigere,
2841 2610 3106 2671 quantum
3173 2600 3240 2654 ad
3294 2601 3506 2654 aetuale
3571 2614 3871 2668 peccatum.

2290 2693 2466 2748 Simul
2493 2694 2657 2748 etiam
2709 2709 2924 2748 morere
2953 2703 3215 2764 quantum
3249 2693 3316 2746 ad
3377 2693 3526 2761 ipsos
3580 2695 3867 2748 aﬂecluuut

2287 2795 2488 2840 motus.
2541 2785 2714 2839 Simul
2764 2785 2925 2839 etiam
2974 2775 3204 2838 libenter
3261 2783 3592 2850 inhumare,
3657 2803 3862 2840 onmem

2286 2893 2466 2932 rerum
2531 2877 2695 2947 hujus
2747 2877 2867 2930 vita:
2913 2892 3130 2931 sensum
3181 2877 3490 2945 abjieiens:
3549 2886 3609 2930 ut
3660 2894 3763 2946 pro
3812 2894 3870 2931 eo

2283 2969 2426 3038 quod
2453 2982 2748 3036 oppressus
2771 2977 2930 3035 atque
2955 2976 3178 3022 euectus
3205 2966 3396 3030 fueris,
3427 2967 3494 3020 ad
3525 2967 3698 3020 vitam
3724 2968 3864 3021 exci-

2284 3060 2445 3124 teris;
2485 3073 2583 3128 pro
2613 3073 2678 3114 eo
2696 3059 2838 3128 quod
2876 3058 2927 3111 in
2954 3073 3172 3112 crucem
3203 3059 3453 3113 sublatus
3496 3058 3670 3113 fueris
3705 3060 3864 3128 (quod

606 3140 899 3206 (ﬂagellum
946 3143 1090 3195 enim
1137 3144 1408 3212 virgarum
1455 3163 1623 3216 genus
1643 3158 1745 3212 est,
1769 3166 1878 3218 quo
1925 3151 2175 3208 Christus
2207 3171 2245 3229 ο
2281 3159 2435 3220 turpe
2489 3161 2538 3204 et
2573 3149 2809 3203 infamiae
2837 3152 2956 3205 loco
2989 3148 3264 3216 habetur),
3303 3151 3534 3219 gloriam
3567 3167 3865 3218 consequa-

600 3232 874 3286 cruciatus
912 3233 1040 3304 est).
1082 3236 1283 3304 reliqua
1337 3238 1500 3290 etiam
1557 3241 1946 3308 suppliciorum
1981 3254 2177 3299 actor-

601 3331 910 3377 ntentorum
965 3341 1164 3394 genera
1207 3343 1410 3396 qmere,
1465 3330 1725 3384 nimirum
1782 3333 1874 3396 fel,
1935 3345 2171 3401 acetum,

595 3414 880 3478 colaphos,
905 3415 1112 3483 alapas,
1139 3425 1242 3469 etc.
1275 3417 1414 3488 Ergo
1451 3418 1518 3472 fel
1565 3437 1808 3476 amarum
1847 3435 2007 3493 gustu
2041 3442 2171 3495 pro-

595 3513 713 3572 pter
744 3506 873 3573 ligui
906 3518 1147 3575 gustum.
1177 3509 1334 3575 cujus
1383 3508 1593 3566 fruetus
1633 3513 1889 3568 eximiam
1934 3519 2174 3573 suavita—

597 3605 704 3648 tem
760 3596 1041 3660 habebat,
1092 3607 1150 3650 ut
1214 3601 1548 3655 contrarium
1598 3607 1875 3660 contrario
1927 3619 2168 3663 curetur.

597 3687 898 3758 Allegorieo
919 3699 1100 3744 autem
1127 3707 1288 3745 sensu
1327 3694 1404 3747 vel
1429 3693 1535 3749 dici
1561 3703 1723 3764 queat
1744 3699 2044 3753 voluntaria
2074 3703 2173 3770 pia:

597 3786 758 3846 atque
817 3779 1098 3834 laboriosa:
1158 3782 1281 3835 vitm
1316 3784 1606 3848 acerbitas,
1657 3794 1752 3839 aut
1812 3791 2168 3846 teutationnm

593 3881 788 3935 pra-ter
809 3871 973 3924 animi
1000 3873 1328 3926 voluntatem
1379 3875 1770 3932 incurrentium
1810 3880 2168 3939 absinthium.

593 3961 822 4010 Acetum
854 3970 1058 4022 autem,
1105 3963 1390 4015 calumnim
1422 3965 1600 4032 nobis,
1631 3967 1710 4022 vel
1747 3985 1776 4022 a
1819 3976 2045 4038 nostris,
2084 3972 2169 4026 vel

592 4046 659 4097 ab
707 4045 896 4099 alienis
945 4060 1204 4112 structae,
1253 4069 1372 4120 qua)
1422 4055 1658 4110 animum
1713 4060 1910 4114 acerbo
1964 4062 2169 4119 doloris

591 4151 755 4190 sensu
791 4136 1055 4194 alliciunt.
1098 4143 1305 4198 [iui-sus
1334 4157 1492 4214 sputa
1517 4159 1568 4202 et
1602 4150 1793 4218 alapae,
1829 4156 2168 4211 contumelia:

591 4227 697 4281 illa:
738 4229 844 4284 dici
877 4243 1124 4301 possunt,
1156 4252 1277 4306 qua:
1309 4241 1486 4308 palam
1513 4253 1807 4314 aperteque
1841 4261 1905 4300 ac
1931 4249 2078 4301 velut
2111 4249 2165 4304 in

589 4319 778 4376 faciem
815 4323 1130 4394 intliguntur
1161 4345 1175 4381 :
1206 4330 1416 4401 colaphi
1450 4345 1654 4401 autem,
1701 4352 1822 4406 qua:
1840 4338 1978 4392 clam
2005 4348 2166 4409 atque

585 4411 818 4467 obscure
855 4413 1185 4472 inferuntur.
1233 4420 1505 4491 Colaphus
1558 4427 1699 4478 enim
1729 4466 1744 4488 ,
1802 4438 1885 4482 est
1937 4431 2162 4484 concavi

2279 3243 2352 3297 ris
2378 3258 2393 3308 ;
2424 3255 2521 3309 pro
2547 3257 2610 3296 co
2641 3241 2875 3310 denique
2901 3241 3046 3309 quod
3070 3241 3386 3296 inhumatus
3412 3242 3600 3302 lueris.
3629 3242 3680 3294 in
3707 3241 3867 3311 regni

2278 3335 2594 3388 societatem
2626 3333 2835 3387 venias.
2866 3332 3096 3386 Maxime
3129 3333 3274 3386 enim
3322 3333 3462 3387 inter
3495 3348 3553 3388 se
3583 3335 3863 3389 contraria

2279 3435 2426 3490 sunt,
2458 3439 2708 3495 regnare,
2745 3433 2799 3478 et
2851 3424 3091 3494 sepeliri.
3123 3422 3258 3476 Nam
3290 3425 3382 3494 qui
3429 3427 3640 3479 tumulo
3671 3427 3863 3481 condi-

2278 3526 2387 3581 tur,
2417 3526 2470 3571 et
2501 3526 2722 3582 terram,
2755 3526 2809 3572 et
2832 3515 3013 3572 omnia
3049 3525 3204 3572 terra:
3230 3519 3512 3572 commoda
3543 3520 3808 3586 relinquit
3838 3537 3855 3574 :

2275 3610 2363 3677 qui
2396 3619 2574 3662 autem
2614 3617 2822 3678 regnat,
2882 3624 3047 3678 penes
3096 3624 3218 3663 eum
3252 3609 3490 3662 omnium
3548 3625 3741 3663 rerum
3769 3611 3859 3678 jus

2281 3711 2447 3769 atque
2477 3701 2765 3768 imperium
2795 3711 2899 3756 est.
2955 3700 3200 3766 Quonam
3240 3708 3411 3750 autem
3470 3701 3639 3750 modo
3678 3703 3861 3755 simul

2273 3792 2564 3860 regnabis?
2600 3791 2766 3845 Deum
2813 3807 3066 3852 cernens,
3110 3799 3354 3861 quantum
3389 3789 3499 3842 fieri
3542 3799 3754 3857 potest,
3793 3801 3862 3845 ut

2272 3899 2394 3938 eum
2431 3900 2628 3939 cernas
2658 3893 2818 3950 atque
2855 3885 2958 3954 ipsi
2990 3886 3253 3938 cernaris.
3283 3881 3372 3936 Vel
3401 3882 3564 3935 etiam
3609 3897 3860 3937 curm-us

2278 3976 2466 4040 Deum,
2507 3987 2771 4043 quantum
2806 3975 2951 4038 licet,
2994 3977 3062 4029 ab
3094 3991 3265 4041 eoque
3305 3975 3540 4028 vicissim
3571 3984 3853 4042 aspectus.

2271 4070 2440 4136 Quem
2474 4084 2618 4122 nunc
2643 4084 2859 4137 quoque
2891 4069 3035 4123 clare
3067 4083 3129 4122 ac
3154 4067 3441 4137 perspicue
3460 4066 3641 4125 nobis.
3673 4068 3852 4119 carnis

2269 4159 2488 4213 vinculo
2519 4159 2832 4213 constrictis
2855 4199 2870 4223 ,
2927 4159 3162 4227 patetieri
3205 4167 3480 4226 optamus.
3515 4155 3588 4210 Ex
3617 4154 3846 4208 Ieremia

2269 4259 2448 4304 autem
2507 4251 2612 4305 hoc.
2644 4262 2920 4320 sumptum
2959 4260 3065 4313 est,
3094 4252 3173 4305 sic
3219 4252 3477 4319 loquente
3513 4267 3528 4304 :
3564 4252 3646 4303 Ad
3682 4252 3846 4301 humi-

2267 4342 2507 4395 liandum
2547 4343 2640 4397 sub
2700 4344 2914 4412 pedibus
2945 4345 3059 4412 ejus
3116 4359 3294 4396 omnes
3333 4345 3534 4396 vinctos
3594 4353 3750 4395 term-
3777 4342 3841 4401 ⁹¹.

2269 4435 2321 4487 in
2358 4435 2579 4489 Christo
2604 4436 2728 4490 .lesn
2755 4437 2985 4493 Domino
3008 4447 3220 4502 nostro,
3259 4435 3346 4490 cui
3370 4435 3543 4506 gloria
3569 4436 3622 4488 in
3653 4433 3838 4488 sarcuia

581 4510 760 4558 tactus
797 4505 988 4575 plaga,
1023 4525 1146 4579 qua:
1187 4511 1240 4564 in
1277 4515 1478 4569 collum
1523 4516 1711 4572 furtim
1766 4519 2047 4591 inﬂigitur,
2101 4539 2165 4578 ac
2199 4519 2240 4572 D
2267 4528 2612 4582 saeculorum.
2645 4528 2837 4583 Amen.

671 4655 718 4686 ⁸⁸
757 4654 914 4710 Joan.
952 4676 1068 4725 vtzt,
1104 4662 1193 4716 59.
1303 4666 1347 4698 ⁸⁸³
1383 4665 1422 4721 ΙΙ
1452 4668 1591 4726 Tim.
1629 4687 1686 4734 tt,
1722 4671 1778 4725 9.

618 4844 1080 4864 mm-

1854 4673 1902 4705 ”
1931 4675 2060 4729 Luc.
2095 4692 2253 4744 mu,
2289 4677 2339 4743 7,
2378 4677 2434 4731 8.

1081 4853 3617 4888 ,Μ

2509 4679 2552 4710 ’ί
2586 4678 2790 4734 Thren.
2834 4696 2912 4744 ut,
2954 4681 3045 4735 51.

1479 5024 1598 5110 IN
1681 5024 2400 5120 ORATIONEM
2477 5035 2933 5125 XXXIX.

1030 5363 1686 5442 ARGUMENTUM(m.

649 5452 968 5526 Panegyrico
989 5457 1148 5509 etiam
1181 5468 1256 5510 est
1307 5464 1417 5513 Ιιαέ
1467 5467 1664 5528 oratio,
1705 5467 1991 5530 superioris
2022 5483 2148 5521 ora-

570 5543 728 5598 tionis
783 5564 951 5601 comes
1001 5560 1049 5602 et
1103 5562 1345 5618 cognata.
1374 5551 1475 5605 llic
1534 5567 1705 5608 autent
1746 5559 1972 5623 primum
2027 5575 2145 5611 cum

565 5635 813 5700 ethnicis,
843 5640 932 5705 qui
966 5645 1215 5712 mysteria
1251 5655 1433 5698 nostra
1463 5647 1841 5717 suggillabant,
1869 5651 2145 5719 conﬂicta-

637 5789 714 5860 (δ)
757 5788 914 5848 bitlii.

2254 5395 2362 5442 tur,
2393 5398 2454 5434 ac
2477 5383 2625 5438 nobis
2656 5386 2885 5440 vicissim
2920 5388 3042 5444 illos
3067 5393 3300 5445 atrocius
3330 5395 3651 5448 criminandi
3677 5408 3827 5464 atque

2249 5472 2507 5527 irridendi
2535 5479 2810 5532 materiam
2849 5490 2898 5534 et
2929 5494 3238 5551 argumenta
3266 5488 3512 5554 porrigit,
3549 5494 3825 5544 ostendens

2245 5580 2424 5617 eorum
2459 5566 2710 5637 dogmata
2737 5581 2785 5623 et
2811 5575 3059 5644 mysteria
3095 5576 3258 5628 multo
3288 5579 3489 5645 majore
3526 5581 3634 5633 risi:
3662 5585 3823 5650 digna

2243 5672 2373 5721 esse,
2429 5675 2517 5712 nec
2571 5661 2857 5732 quidquam
2915 5667 3080 5733 aliud,
3134 5686 3288 5739 quant
3341 5671 3524 5726 inanes
3585 5674 3818 5730 [αἰκίας.

4019 575 4031 888 l

4019 909 4031 1224 l
