4048 6278
334 439 477 504 ιὲ13

1222 436 1542 498 NICETAS
1584 435 1665 496 IN
1704 434 1928 495 ORAT.
1977 435 2231 499 XXXIX
2269 440 2334 500 S.
2373 438 2604 500 GREG.

3455 441 3590 506 1Ξ14

328 550 530 607 Deinde
574 548 731 603 etiam
768 562 886 601 cum
933 544 1145 603 Judwis
1185 547 1354 603 obiter
1391 563 1608 601 manum
1651 546 1899 606 conserit,

2010 573 2061 617 et
2089 566 2157 619 ab
2175 564 2368 621 affectu
2393 567 2598 621 carnali
2623 581 2843 633 purum,
2865 567 3084 638 Deoque
3113 567 3366 641 dignum,
3392 574 3588 630 nobis-

328 648 566 708 ipsorum
597 656 800 712 quoque
837 640 1139 694 doctrinam
1171 649 1354 693 nostra
1403 640 1555 708 longe
1603 638 1907 703 inferiorem

324 736 576 808 pro-bans.
632 732 911 787 Postremo
967 734 1108 786 circa
1154 733 1412 786 orationis
1457 734 1614 798 ﬁnem
1660 747 1778 785 eum
1826 733 1907 785 his

325 832 487 885 etiam
549 826 923 898 congreditur,
983 826 1075 894 qui
1130 841 1433 895 quanquam
1506 832 1719 893 propter
1783 824 1910 894 ﬁdei

323 919 636 974 christiana?
688 916 1072 985 professionem
1118 932 1150 968 α
1206 917 1405 969 nostris
1466 916 1703 983 partibus
1766 928 1909 970 stare

321 1011 666 1065 viderentur:
706 1019 878 1062 tamen
901 1016 1117 1076 propter
1144 1008 1269 1075 ﬁdei
1293 1006 1647 1061 diversitatem
1689 1016 1738 1062 et
1772 1009 1907 1062 divi-

321 1097 516 1150 nitatis
543 1097 826 1150 sectionem
852 1096 907 1148 in
941 1112 1118 1148 eorum
1145 1112 1348 1166 quoque
1375 1112 1593 1150 numero
1617 1106 1789 1159 erant,
1818 1099 1908 1168 qui

321 1187 583 1241 diversam
636 1203 669 1240 a
715 1187 970 1256 religione
1007 1199 1191 1241 nostra
1243 1188 1542 1242 doctrinam
1599 1191 1903 1246 tuebantur.

318 1277 688 1335 Eunomianos
712 1277 830 1331 dico
862 1286 911 1332 et
936 1276 1369 1339 Macedonianas,
1409 1297 1631 1350 quorum
1655 1282 1814 1336 alteri
1842 1282 1907 1336 de

325 1369 472 1424 Filio
499 1387 561 1424 ae
591 1370 800 1439 Spiritu
830 1381 1038 1435 sancto,
1078 1372 1229 1425 alteri
1264 1372 1329 1427 de
1364 1371 1569 1442 Spiritu
1600 1375 1713 1427 solo
1746 1375 1905 1445 impie

318 1462 636 1523 sentiebant,
689 1480 819 1534 quos
851 1464 1072 1533 proinde
1110 1464 1297 1520 Semi—
1323 1466 1552 1521 Arianos
1604 1480 1776 1525 vocat.
1828 1474 1904 1525 Ae

319 1556 563 1624 deinceps
594 1555 925 1611 Novatianos
983 1575 1184 1629 quoque
1221 1560 1477 1629 confutet
1527 1563 1619 1631 qui
1653 1572 1771 1632 post
1812 1564 1904 1617 ba-

324 1651 577 1718 pzisntum
609 1650 784 1720 lapsos
803 1668 1129 1723 nequaquam
1146 1655 1372 1723 amplius
1395 1655 1767 1718 admittebant,
1788 1658 1899 1721 sed,

319 1752 372 1793 et
404 1744 652 1810 primam,
683 1753 733 1797 et
776 1745 946 1797 solam
981 1761 1093 1799 esse
1132 1746 1268 1800 hanc
1293 1750 1658 1816 purgationem
1699 1757 1902 1805 statue-

319 1830 468 1895 bant,
497 1848 613 1901 qua:
644 1834 905 1901 baptismo
931 1847 1295 1903 comparatur.

394 1920 555 1975 Multi
574 1924 670 1977 hoc
689 1924 902 1993 festum,
923 1925 1048 1988 quin
1073 1924 1351 1980 Luminum
1370 1927 1558 1997 festum
1577 1934 1897 2002 appellatur,

317 2014 519 2069 idcirco
554 2013 959 2085 Puriﬁcationis
997 2019 1188 2087 festum
1241 2037 1352 2073 esse
1397 2024 1790 2089 existimarunt,
1842 2036 1900 2079 ut

317 2123 423 2159 non
458 2109 610 2162 modo
644 2107 826 2162 Nicol.
878 2108 1184 2167 Selverenus
1216 2122 1264 2166 et
1312 2112 1501 2168 Daniel
1533 2114 1804 2172 Gretserns
1844 2121 1899 2173 in

324 2195 527 2268 Evang.
564 2198 628 2252 de
663 2197 906 2268 Puri/ia,
933 2202 1023 2254 sed
1063 2204 1222 2255 etiam
1258 2204 1596 2259 doctissimus
1631 2207 1900 2263 Pantelius

318 2287 377 2338 in
404 2287 601 2342 Annot.
630 2289 682 2342 in
712 2287 869 2359 Cypr.
904 2301 951 2343 et
978 2291 1254 2347 Celasinus
1282 2295 1335 2347 in
1367 2312 1462 2349 suo
1493 2295 1898 2372 Martyrologio.

317 2378 388 2432 At
423 2396 599 2433 revera
628 2381 872 2451 baptismi
895 2382 1095 2438 Christi
1121 2386 1312 2455 festum
1344 2397 1440 2451 est,
1465 2391 1604 2460 quod
1647 2408 1737 2446 vtn
1768 2393 1900 2449 Idus

316 2469 549 2531 Ianuar,
570 2481 676 2525 tam
692 2477 830 2539 apud
849 2474 1078 2540 Grtecos,
1098 2495 1257 2545 quam
1277 2481 1418 2550 apud
1441 2481 1658 2537 Latinos
1675 2485 1904 2541 celebra-

320 2567 429 2613 tur.
461 2557 628 2631 quue
656 2564 787 2617 satis
816 2566 938 2620 hinc
963 2567 1144 2638 liquet,
1177 2571 1316 2639 quod
1342 2571 1404 2626 D.
1429 2571 1710 2645 Gregorius
1731 2577 1787 2632 in
1801 2580 1902 2634 hac

317 2660 369 2703 et
399 2653 633 2721 sequenti
657 2659 920 2723 oratione,
970 2660 1033 2714 de
1062 2663 1434 2731 puriﬁcatione
1461 2667 1664 2722 nullum
1687 2675 1901 2729 omnino

318 2745 529 2796 verbum
562 2746 787 2812 faciens,
845 2750 911 2804 de
955 2752 1215 2821 baptismo
1268 2756 1532 2811 duntaxat
1571 2761 1702 2828 agit,
1745 2773 1903 2835 atque

316 2833 484 2885 etiam
531 2834 748 2892 disertis
779 2841 945 2895 verbis
979 2843 1073 2896 sub
1110 2843 1326 2913 hujusce
1372 2851 1629 2905 orationis
1664 2833 1898 2920 initium,

315 2922 455 2977 diem
474 2925 612 2981 hunc
631 2927 914 2985 an’nunt
937 2949 1031 3001 pro
1057 2937 1340 3008 principio,
1367 2939 1564 2997 Christi
1583 2944 1900 3014 baptismum

319 3019 556 3085 accipere
584 3021 683 3076 ait.

669 3112 947 3172 ΝῙΟΕΤᾸΖ
985 3116 1552 3180 COMMENTARIUS.

2010 664 2116 717 qtte
2133 650 2378 706 divinum
2407 653 2751 721 Splendorem
2776 656 3052 711 conciliat.
3082 655 3393 726 Baptismus
3424 677 3589 730 porro

2009 738 2302 796 Lutninttm
2337 744 2558 798 nomine
2589 746 2913 815 appellatur,
2950 749 3095 814 quod
3129 761 3324 819 purget
3366 761 3419 805 et
3462 752 3589 805 illu-

2009 842 2165 889 stret.
2204 835 2326 901 Quo
2361 837 2525 892 etiam
2554 838 2631 903 fit,
2671 848 2729 894 ut
2758 840 2902 896 faces
2933 856 2998 896 eo
3046 851 3287 912 tempore
3314 845 3363 896 in
3392 844 3592 898 laetitia:

2009 925 2225 995 signum
2287 929 2675 984 accendamus.
2732 932 2810 983 Ae
2866 933 3194 1003 principium
3254 935 3473 1003 quidem
3536 947 3592 990 et

2008 1018 2562 1090 causaltujus‘frsti,
2602 1021 2907 1091 baptismus
2952 1023 3156 1079 Christi
3203 1036 3309 1091 est,
3364 1027 3480 1097 qui,
3533 1038 3593 1080 ιιι

2007 1104 2247 1163 Joannes
2276 1119 2507 1165 testatur
2526 1113 2596 1176 ’³,
2631 1111 2721 1166 lux
2760 1129 2885 1168 vera
2930 1123 3067 1180 erat,
3108 1116 3210 1171 hoc
3252 1127 3353 1181 est,
3381 1133 3504 1173 vere
3534 1126 3591 1171 et

2009 1201 2229 1270 proprie
2250 1201 2364 1268 lux,
2387 1219 2507 1270 qua:
2528 1214 2687 1261 nocte
2712 1222 2819 1260 non
2834 1220 3180 1274 secatur,nee
3198 1210 3586 1279 exstinguitur,

2007 1304 2129 1359 quae
2154 1292 2425 1348 illuminat
2454 1310 2671 1366 omnem
2695 1297 2971 1352 hominem
3005 1298 3307 1354 venientem
3342 1301 3394 1353 in
3428 1316 3589 1354 mun-

2009 1383 2162 1445 dum,
2199 1383 2303 1437 hoc
2356 1395 2461 1449 est,
2492 1398 2805 1443 nascentem
2843 1398 3005 1456 atque
3044 1391 3301 1445 omnibus
3342 1392 3590 1461 partibus

2013 1477 2327 1532 absolutum
2379 1480 2431 1532 in
2488 1480 2663 1535 lucem
2722 1485 3077 1551 prodeuntem
3124 1488 3284 1553 (nam
3343 1487 3586 1557 embrya,

2007 1570 2251 1625 homines
2285 1564 2500 1642 quidem
2537 1588 2686 1634 sunt,
2745 1591 2934 1629 verum
2969 1577 3233 1631 incertum
3263 1588 3365 1643 est,
3410 1587 3587 1632 tttrum

2008 1658 2062 1712 in
2098 1660 2271 1714 lucem
2333 1662 2617 1729 proditura
2670 1664 2804 1729 sint,
2841 1681 2908 1719 an
2963 1681 3061 1736 per
3097 1667 3290 1721 matris
3338 1669 3587 1722 abortum

2005 1754 2312 1823 eruptura).
2341 1754 2495 1820 Quod
2535 1757 2581 1811 si
2633 1757 2726 1824 qni
2773 1756 2893 1812 fidei
2947 1769 3001 1812 et
3052 1758 3305 1828 baptismi
3340 1772 3592 1829 expertes

2005 1854 2351 1908 manserunt,
2416 1846 2517 1901 hoc
2564 1847 2807 1915 ipsorum
2868 1849 3074 1904 scelere
3126 1859 3179 1903 et
3237 1852 3592 1918 perversitate

2005 1934 2223 2000 accidit,
2257 1944 2443 2005 utpote
2473 1938 2562 2005 qui
2589 1939 2799 2006 seipsos
2826 1939 2970 1993 ultro
2995 1942 3100 1995 hoc
3128 1940 3274 1994 dono
3299 1942 3588 2011 privarim.

2002 2023 2156 2079 llanc
2188 2035 2370 2081 autem
2413 2029 2520 2081 vim
2555 2039 2608 2082 et
2638 2030 2947 2085 facultatem
2976 2031 3137 2086 habet
3164 2031 3491 2101 baptismus,
3529 2043 3590 2087 ut

2003 2128 2196 2187 purget
2242 2133 2339 2173 eos
2396 2119 2489 2189 qui
2555 2119 2868 2189 expiatione
2949 2137 3011 2177 ac
3071 2125 3391 2179 lustratione
3450 2140 3590 2192 Opus

2003 2208 2229 2274 habent,
2277 2219 2439 2278 atque
2491 2211 2688 2266 anima:
2721 2212 2915 2268 lumini
2966 2215 3343 2282 adjntnentum
3376 2215 3585 2270 allevat.

2000 2299 2135 2356 Nam
2162 2318 2286 2357 cum
2317 2305 2518 2359 claram
2556 2306 2714 2383 illam
2741 2316 2794 2361 et
2849 2307 3114 2363 illustrem
3148 2310 3381 2377 primum
3427 2325 3585 2365 acce-

2001 2393 2299 2463 pissemus,
2331 2410 2454 2450 eam
2479 2398 2720 2467 turpium
2745 2398 3036 2453 affectuum
3059 2402 3293 2471 caligine
3323 2405 3588 2457 obseura-

2006 2484 2185 2540 vimns
2223 2494 2389 2556 atque
2420 2489 2731 2555 obruimus,
2786 2505 2985 2560 pravas
3013 2502 3067 2546 et
3127 2493 3351 2548 vitiosas
3382 2494 3590 2549 fortnas

2004 2576 2332 2645 injicientes,
2370 2594 2435 2635 ac
2463 2579 2677 2636 divinas
2733 2582 3162 2650 pulchritudinis
3216 2586 3389 2655 ipsius
3433 2597 3591 2641 notas

2003 2665 2403 2721 adulterantes.
2441 2667 2734 2738 Reliquum
2791 2681 2874 2736 est
2933 2672 3121 2742 igitur,
3182 2681 3240 2728 ut
3292 2675 3593 2729 Salvatoris

2003 2770 2191 2811 vocem
2226 2758 2486 2823 audiatis,
2513 2774 2636 2828 quae
2656 2762 2873 2831 quidem
2904 2764 3060 2830 mihi,
3094 2772 3150 2818 et
3179 2766 3397 2835 quidem
3429 2768 3592 2822 vehe-

2004 2858 2215 2904 menter
2252 2851 2494 2917 insonat,
2528 2854 2620 2922 qni
2657 2854 2971 2923 huiusmodi
3010 2857 3319 2927 dogmatum
3353 2869 3407 2914 et
3430 2861 3592 2916 disci-

2002 2939 2163 3007 pulus
2197 2956 2344 3006 sum,
2374 2950 2428 2996 et
2458 2943 2754 3013 magister;
2800 2955 2963 3013 atque
2996 2946 3204 2999 utinam
3238 2948 3399 3002 etiam
3436 2951 3591 3004 vobis

2004 3030 2265 3084 insonet?
2289 3030 2550 3098 Quatnam
2582 3048 2715 3087 vero
2764 3044 2849 3088 est
2882 3035 2981 3090 ista
3019 3053 3156 3089 vox:
3196 3036 3307 3106 Ego
3347 3056 3461 3091 sunt
3496 3040 3591 3094 lux

1996 3118 2273 3179 mundi“.
2309 3123 2577 3190 Quocirca
2626 3126 2895 3181 Davidicae
2943 3128 3059 3183 voci
3113 3129 3586 3198 obtemperantes,

389 3198 505 3257 Col.
533 3204 639 3259 555
693 3207 758 3261 A.
801 3207 1031 3264 Rursum
1059 3210 1216 3267 Jews
1250 3232 1414 3281 ηιειιε,
1447 3229 1496 3272 ει
1522 3235 1754 3288 rursum,
1788 3232 1890 3280 ριε,
1921 3204 1966 3265 C
2000 3216 2242 3271 accedite
2276 3218 2341 3271 ad
2373 3232 2522 3279 cum,
2569 3229 2627 3273 ut
2656 3235 2751 3288 per
2788 3219 2932 3274 hunc
2968 3236 3251 3277 accessum
3286 3223 3588 3279 divinitatis

315 3289 446 3349 Bmc
469 3297 758 3364 particula,
787 3317 1022 3367 rursum,
1056 3303 1195 3360 hanc
1217 3308 1520 3364 orationem
1545 3327 1667 3366 cum
1693 3329 1887 3384 praece-

316 3383 482 3440 dente
502 3390 795 3445 connectit.
825 3390 974 3448 Meus
998 3404 1177 3450 autem
1209 3395 1543 3465 Jesusdixit,
1571 3404 1651 3458 vel
1678 3383 1898 3476 propter

316 3476 757 3536 ardentissimam
782 3485 985 3540 amoris
1010 3486 1306 3551 flammam.
1338 3490 1440 3545 sibi
1468 3492 1544 3557 id,
1574 3495 1719 3564 quod
1747 3513 1895 3552 com-

319 3582 487 3622 mune
516 3581 619 3635 est,
659 3575 879 3642 proprie
910 3576 1239 3644 attribuens,
1276 3581 1360 3635 vel
1407 3584 1571 3638 etiam
1599 3585 1668 3641 ob
1713 3589 1897 3643 carnis

313 3660 868 3733 c':gnationem,qu:e
911 3667 1067 3723 nobis
1119 3685 1242 3724 cum
1306 3672 1525 3729 Christo
1589 3677 1894 3736 intercedit.

318 3753 495 3818 Atque
550 3753 602 3806 in
635 3755 734 3809 hoc
762 3767 1010 3813 sanctum
1055 3758 1373 3831 Dionysium
1435 3762 1725 3826 a‘mulatus
1788 3783 1894 3832 est.

323 3843 409 3899 lzis
429 3845 607 3902 verbis
643 3857 904 3904 utentem:
927 3850 1133 3907 Prmeal
1164 3865 1345 3909 autem
1365 3860 1596 3914 orationi
1623 3861 1896 3931 Christus,

320 3948 500 4002 mens,
533 3936 578 3990 si
627 3939 759 3993 mihi
796 3940 899 3996 hoc
934 3945 1103 3999 verbo
1161 3948 1237 4000 uti
1296 3949 1376 4003 fas
1421 3958 1522 4006 est.
1581 3952 1893 4025 Mysterium

291 4037 299 4043 '
327 4033 507 4081 autem
537 4029 731 4085 festum
758 4038 1022 4099 nominat,
1050 4036 1212 4106 idque
1235 4054 1342 4094 non
1367 4043 1553 4103 semel,
1578 4046 1669 4100 sed
1702 4048 1894 4103 iterum

323 4130 388 4171 ac
418 4120 640 4189 saepius,
669 4122 929 4180 nimirum
967 4128 1083 4197 ipsa
1138 4147 1357 4202 quoque
1399 4137 1615 4189 nomina
1656 4154 1766 4207 prie
1799 4157 1894 4196 vo-

317 4203 525 4277 luptate
558 4212 850 4270 identidem
899 4219 1201 4277 inculcatis.
1238 4222 1427 4278 Solent
1473 4226 1615 4279 enim
1645 4203 1738 4297 qui
1795 4231 1896 4284 viri

320 4300 628 4371 cnjuspiam
663 4320 848 4362 amore
874 4312 1108 4379 correpti
1146 4321 1296 4378 sunt,
1328 4322 1380 4369 et
1413 4314 1583 4385 ipsius
1617 4334 1814 4375 nomen
1846 4332 1901 4376 et

320 4405 411 4445 res
443 4395 701 4462 prmclare
728 4406 909 4467 gestas
936 4402 1127 4457 crebro
1163 4414 1407 4473 repetere
1447 4416 1612 4478 atque
1655 4425 1751 4466 ore
1780 4428 1899 4466 ver-

318 4495 444 4538 sare
476 4501 489 4538 :
520 4489 982 4555 quemadmodum
1012 4502 1202 4549 contra
1231 4513 1442 4562 eorum,
1472 4500 1669 4568 quibus
1699 4502 1893 4559 infensi

320 4582 472 4637 sunt,
502 4575 585 4630 vel
610 4577 813 4632 nullam
866 4583 1194 4638 mentionem
1225 4585 1426 4652 facere,
1464 4590 1543 4642 vel
1575 4590 1644 4645 ab
1684 4592 1752 4646 iis
1785 4609 1898 4648 me-

321 4665 552 4719 moriam
591 4671 998 4740 quamprimum
1036 4673 1327 4730 abducere.
1354 4676 1449 4733 Est
1485 4690 1664 4734 autem
1700 4692 1895 4738 natura

321 4755 425 4810 hoc
476 4762 798 4831 mysterium
837 4779 944 4818 non
978 4763 1162 4832 fallax,
1204 4767 1307 4822 hoc.
1355 4778 1459 4836 est,
1491 4769 1688 4826 falsum
1733 4782 1898 4842 atque

318 4848 825 4920 ad'pernicio-‘am,
850 4854 1094 4910 fraudem
1132 4867 1185 4911 et
1240 4859 1597 4928 imposturam
1626 4864 1899 4932 excogita-

318 4948 433 4991 tum
472 4956 617 4996 :nee
649 4943 913 5010 deforme,
954 4947 1005 5000 id
1042 4955 1148 5011 est,
1203 4957 1359 5019 turpe
1402 4960 1456 5005 et
1483 4954 1801 5021 obscenum,
1839 4965 1898 5011 ut

316 5044 379 5083 ea
409 5045 530 5099 qua:
556 5035 742 5090 colunt
784 5037 1009 5094 ethnici.
1051 5038 1130 5093 Ae
1165 5041 1288 5094 vide
1322 5057 1485 5112 quam
1522 5055 1645 5114 apte
1673 5057 1726 5102 et
1756 5062 1891 5102 con-

317 5133 579 5192 gruenter
608 5143 850 5184 errorem
882 5129 1132 5197 fallacia,
1159 5142 1214 5188 et
1242 5135 1616 5191 temulentiam
1639 5138 1897 5194 deformi-

319 5216 417 5268 tati
452 5218 819 5289 subjunxerit.
848 5222 1021 5278 Graeci
1060 5226 1282 5292 etenim,
1316 5242 1381 5282 ac
1416 5227 1656 5297 profana:
1682 5230 1894 5300 religio.

320 5317 406 5360 ws
435 5307 693 5375 cultores,
740 5328 850 5367 non
883 5314 1056 5370 solum
1090 5330 1239 5371 mero
1273 5332 1331 5371 se
1359 5317 1774 5389 ingnrgitantes,
1800 5320 1894 5374 sed

321 5399 484 5453 etiam
508 5412 693 5458 mente
727 5413 892 5474 atque
936 5407 1122 5463 animo
1154 5410 1461 5474 temulenti,
1510 5410 1616 5466 hoc
1657 5419 1758 5475 est,
1802 5427 1897 5481 per

321 5490 626 5546 carnalium
651 5493 941 5550 affectuum
967 5497 1420 5568 voluptatumque
1444 5498 1895 5564 dominationem,

323 5581 528 5649 turpia,
561 5583 823 5653 Apostolo
847 5596 982 5641 teste
1001 5586 1071 5653 θ’,
1102 5596 1266 5658 atque
1299 5590 1661 5659 ignominiosa
1697 5590 1897 5662 flagitia

322 5679 658 5740 perpetrant.
707 5676 779 5730 At
816 5686 1064 5733 nostrum
1114 5680 1433 5750 mysterium
1480 5680 1758 5736 excelsum
1791 5694 1893 5749 est,

390 5853 440 5887 "
463 5852 664 5925 Ephcs.
697 5871 781 5938 Vt,
804 5855 890 5914 l9.
1040 5856 1196 5943 Joan.
1225 5874 1265 5929 ι,
1290 5857 1342 5915 9.
1426 5858 1646 5916 "Joan.
1667 5877 1784 5930 vni,
1818 5861 1901 5915 l2.

2002 3306 2176 3375 ipsius
2211 3306 2378 3363 radiis
2400 3306 2724 3372 collustrati,
2747 3309 2998 3379 baptismi
3029 3311 3373 3380 splendorem
3414 3313 3588 3379 ipsius

2000 3397 2172 3469 gratia
2205 3398 2551 3469 cencipiatis.
2588 3401 2653 3455 Et
2711 3400 2878 3456 facies
2935 3411 3131 3457 vestra:
3182 3419 3290 3456 non
3347 3404 3587 3458 confun-

1998 3486 2219 3550 dentur,
2258 3503 2386 3543 vero
2420 3488 2625 3544 lumine
2652 3491 3007 3562 consignatae,
3036 3492 3295 3545 nimirum
3329 3492 3585 3563 baptismi

2000 3580 2230 3645 lumine,
2282 3580 2367 3634 vel
2430 3578 2873 3650 Spiritussaneti
2904 3585 3100 3653 gratia.
3139 3584 3295 3650 Quod
3350 3586 3514 3639 etiam
3555 3602 3585 3640 a

2000 3671 2203 3726 Davide
2229 3681 2504 3741 sumptum
2542 3683 2625 3728 est
2675 3692 2689 3728 :
2746 3674 3031 3746 Signatum
3078 3684 3155 3729 est
3205 3677 3365 3742 enim,
3391 3679 3584 3745 inquit,

1998 3779 2153 3832 super
2188 3779 2282 3816 nos
2318 3764 2493 3827 lumen
2519 3764 2694 3819 vultus
2718 3767 2817 3829 tui,
2858 3765 3078 3821 Domine
3101 3767 3169 3822 ³⁵.

2070 3855 2201 3910 Ibid.
2229 3856 2285 3907 Β.
2312 3855 2532 3925 Tempus
2558 3860 2966 3927 regenerationis
2994 3875 3013 3912 :
3039 3859 3261 3928 desuper
3281 3863 3586 3932 gignamur,

1997 3956 2101 4001 etc.
2131 3947 2423 4002 Geueratio
2456 3964 2519 4003 ea
2562 3950 2785 4018 dicitur,
2817 3968 2937 4021 qua:
2965 3952 3033 4005 ab
3062 3954 3375 4009 hominibus
3405 3969 3584 4010 ortum

1998 4039 2192 4093 ducit:
2225 4041 2433 4095 creatio
2477 4051 2682 4107 autem,
2731 4058 2854 4110 quin
2897 4059 2926 4096 a
2985 4043 3120 4098 Deo.
3172 4043 3369 4099 Carnis
3423 4047 3491 4115 igi
3523 4065 3589 4101 ur
3637 4096 3640 4103 λ

1999 4135 2434 4202 generationem,
2488 4149 2610 4202 qum
2662 4149 2785 4188 cum
2857 4135 3077 4190 interitu
3133 4146 3186 4191 et
3234 4141 3588 4207 corruptione

2001 4224 2297 4294 conjuncta
2328 4233 2433 4291 est,
2468 4226 2807 4294 abjieientes,
2840 4227 3075 4297 desuper
3100 4243 3164 4284 ac
3188 4230 3402 4284 caelitus
3430 4245 3586 4293 rege-

2004 4334 2285 4373 neremur.
2339 4318 2590 4373 leestis
2642 4328 2821 4371 autem
2883 4321 3161 4387 generatio
3209 4334 3269 4374 ea
3319 4330 3422 4383 est,
3464 4337 3584 4388 quae

2003 4406 2240 4477 Spiritus
2270 4407 2443 4461 sancti
2486 4421 2650 4471 opera
2680 4406 2734 4458 itt
2769 4406 3039 4474 baptismo
3084 4407 3160 4461 lit.
3193 4406 3362 4463 Porro
3396 4408 3583 4475 primi—

2000 4514 2134 4571 gena
2182 4498 2273 4553 illa
2306 4498 2522 4568 generis
2582 4497 2756 4552 nostri
2810 4497 3013 4550 creatio
3064 4497 3421 4562 instauratur,
3474 4517 3578 4554 non

2001 4591 2147 4663 quod
2207 4592 2442 4661 primum
2488 4605 2519 4645 a
2580 4589 2687 4645 Deo
2736 4589 2876 4643 male
2922 4589 3128 4654 creati,
3196 4600 3359 4659 atque
3412 4591 3578 4646 cftieti

1998 4684 2266 4740 fuerimus
2295 4722 2312 4750 ,
2350 4684 2445 4740 sed
2471 4683 2596 4752 quia
2641 4691 2762 4752 post
2801 4682 3133 4736 creationem
3169 4682 3380 4737 distorti
3417 4694 3580 4753 atque

1998 4776 2265 4830 confracti
2298 4788 2518 4830 sumus.
2552 4775 2627 4826 Ae
2669 4771 2836 4825 semel
2872 4771 3090 4840 quidem
3120 4787 3216 4841 per
3249 4772 3577 4842 baptismum

1997 4866 2380 4920 renascimur:
2418 4880 2604 4919 verum
2651 4863 2896 4931 quolibet
2946 4863 3034 4916 die
3076 4873 3198 4932 post
3249 4865 3578 4933 baptismum

2001 4972 2098 5026 per
2126 4957 2409 5011 honestam
2443 4971 2504 5010 ac
2532 4955 2828 5026 perfectam
2865 4954 2985 5008 \ita-
3016 4956 3279 5010 rationem
3306 4958 3582 5012 instaura-

2003 5061 2145 5100 mnr.
2164 5045 2391 5101 leitus
2416 5047 2580 5117 igitur
2601 5047 2890 5116 gignamur
2912 5061 3008 5115 per
3028 5046 3288 5114 Spiritum
3304 5059 3579 5103 sanctum.

2002 5138 2464 5204 quemadmodum
2526 5136 2787 5191 Dominus
2824 5137 2939 5203 ipse
2992 5136 3046 5190 in
3095 5138 3388 5206 Evangelia
3429 5137 3582 5192 insti-

2003 5228 2128 5289 tuit,
2168 5228 2396 5281 dicens:
2435 5227 2559 5280 Nisi
2605 5228 2723 5297 quis
2776 5225 2996 5291 desuper
3042 5239 3202 5282 natus
3240 5228 3419 5296 fuerit.
3477 5245 3578 5282 non

1997 5327 2161 5385 potest
2198 5317 2368 5371 videre
2396 5332 2609 5386 regnum
2646 5315 2740 5369 Dei
2762 5317 2826 5369 '°.
2854 5314 2990 5370 Nam
3025 5325 3241 5371 terrena
3277 5318 3576 5385 generatio,

1999 5423 2106 5481 qua
2153 5407 2450 5464 secundum
2482 5422 2704 5463 carnem
2759 5407 3057 5476 gignimur,
3108 5423 3139 5461 a
3173 5418 3316 5460 terra
3353 5415 3437 5460 est
3466 5425 3478 5459 :
3512 5420 3583 5459 ae

2003 5500 2228 5571 proinde
2276 5500 2523 5555 coelestia
2577 5498 2652 5553 illi
2711 5501 2940 5568 ohsepta
2988 5508 3043 5552 et
3095 5496 3388 5551 interclusa
3422 5506 3575 5555 sunt.

2000 5593 2139 5659 Quid
2178 5593 2321 5648 enim
2355 5602 2514 5646 terrae
2538 5606 2660 5646 cum
2711 5591 2852 5646 caelo
2900 5603 3191 5644 commune
3220 5589 3342 5643 est?
3390 5592 3459 5644 At
3488 5605 3577 5653 ea,

2005 5699 2111 5755 qua
2136 5700 2228 5756 per
2250 5685 2576 5756 baptismum
2604 5697 2635 5737 a
2663 5680 2868 5751 Spiritu
2892 5688 3084 5734 saneto
3104 5679 3396 5752 gignimur,
3422 5679 3581 5736 facile

1995 5864 2038 5894 "
2065 5862 2207 5919 Psal.
2241 5878 2314 5931 tv,
2337 5863 2392 5918 7.
2470 5858 2521 5895 ⁵⁸
2549 5858 2706 5916 loan.
2741 5875 2822 5926 LI,
2849 5859 2903 5915 ’5.
