4064 6274
496 358 638 422 1Ξ15

1897 353 2274 416 ΑΒΒΕΝῦΑ.

3612 355 3753 420 ιὲἓϐ

492 466 654 519 nobis
684 477 951 534 supernas
974 462 1188 531 apsides
1219 462 1496 533 patefacit.
1530 461 1842 533 Theologus
1882 473 2059 516 autent
2090 470 2132 524 Α
2163 464 2425 526 oratione,
2463 480 2623 533 quam
2662 464 2774 533 jam
2807 464 3056 521 audiistis
3084 481 3098 519 :
3132 466 3305 520 multo
3347 475 3540 521 autem
3580 470 3752 521 altius

496 556 735 624 sripsum
772 570 894 607 cum
946 554 1029 607 his
1076 554 1171 621 qui
1216 555 1627 624 regeneratione
1663 570 1802 620 opus
1837 554 2058 617 habent,

497 645 802 714 coniungit,
835 659 942 697 non
974 645 1120 712 quod
1150 660 1213 700 ea
1245 655 1450 709 careat,
1473 647 1563 700 sed
1587 647 1729 714 quod
1760 662 1876 712 eos,
1905 647 2060 715 quasi

495 735 713 802 prnpria
757 735 1021 796 membra,
1080 735 1355 800 vindicet,
1415 751 1657 804 suosque
1702 752 1825 792 esse
1877 738 2061 790 ducat.

499 825 798 878 Pristinum
833 826 1095 879 Adamum
1154 827 1499 893 recipiamus,
1540 829 1716 896 qualis
1768 836 1893 882 ante
1941 842 2068 894 pro-

499 918 770 970 cnlcatutn
805 914 898 970 Dei
933 917 1246 971 mandatum
1268 927 1406 981 erat,
1440 934 1565 973 cum
1596 919 1787 973 divina:
1821 919 2069 985 imaginis

501 1009 671 1061 decus
701 1023 896 1076 purum
946 1007 1124 1062 adhuc
1175 1019 1229 1062 et
1262 1008 1602 1077 splendidum
1658 1009 1901 1063 haberet.
1934 1007 2067 1062 Nam

501 1097 704 1151 Paulus
733 1098 971 1166 primum
1016 1098 1182 1150 Adam
1219 1099 1578 1167 primigenum
1612 1099 1760 1152 illum
1793 1099 2069 1153 hominem

506 1186 785 1251 nominat;
819 1184 1117 1239 secundum
1154 1195 1357 1252 autem,
1387 1187 1665 1241 Christum
1691 1188 1756 1240 ’⁷.
1791 1186 1859 1241 At
1893 1186 2070 1241 Theo-

505 1276 658 1345 logus
698 1276 947 1329 eumdem
980 1275 1127 1327 illum
1153 1275 1323 1328 Adam
1349 1276 1404 1330 in
1428 1278 1565 1331 duos
1588 1277 1797 1341 dividit,
1818 1278 2070 1330 nimirum

506 1364 562 1419 in
595 1380 718 1419 eum
749 1366 842 1433 qui
875 1375 994 1419 erat
1031 1374 1153 1419 ante
1183 1367 1694 1435 transgressionem,
1734 1377 1787 1421 et
1824 1380 1946 1419 eum
1978 1367 2071 1434 qui

508 1465 628 1524 post
653 1465 976 1524 prmceptutu
1008 1456 1266 1509 violatum
1303 1456 1442 1512 fttit:
1486 1469 1651 1526 atque
1713 1473 1742 1512 a
1772 1457 1930 1511 nobis
1961 1456 2072 1525 pri-

507 1563 656 1599 mum
687 1548 835 1600 illum
866 1549 1036 1618 accipi
1074 1548 1208 1612 vult,
1242 1552 1347 1604 hoc
1373 1559 1476 1608 est.
1510 1565 1657 1611 eum,
1692 1551 1782 1618 qui
1829 1559 1955 1604 ante
1984 1547 2078 1602 ad-

509 1639 735 1692 mi~sum
758 1648 1031 1709 peccatum
1062 1650 1198 1696 erat.
1232 1643 1308 1695 Ac
1326 1642 1563 1696 subtexit
1594 1662 1606 1694 :
1635 1640 1710 1696 Ne
1736 1643 1787 1694 in
1811 1657 1876 1695 eo
1908 1648 2075 1704 statu,

511 1746 619 1797 quo
645 1748 857 1797 sumus,
892 1748 1234 1798 maneamus,
1273 1734 1476 1803 peccati
1525 1733 1774 1787 videlicet
1825 1731 2078 1787 sordibus

2160 556 2482 626 assurgetis,
2522 570 2645 610 cum
2701 554 2957 619 Verbum,
3011 557 3064 611 id
3121 565 3231 618 est,
3272 555 3559 618 Christus,
3612 574 3750 611 me:

2161 646 2426 710 Orationi,
2450 661 2612 716 quam
2643 646 2710 703 de
2732 649 2835 701 hoc
2854 646 2995 702 festo
3024 647 3311 702 habiturus
3331 662 3484 712 sum,
3515 662 3745 717 prospe-

2144 736 2284 790 rum
2320 736 2421 790 iter
2443 736 2671 790 dederit.

2234 826 2331 880 Col
2369 826 2494 882 555.
2521 826 2656 879 Ibid.
2685 824 2747 879 C.
2774 823 2953 894 Ecqua
2975 823 3100 879 talis
3118 833 3194 876 est
3217 823 3401 894 legalis
3419 834 3612 893 atque,
3637 832 3747 877 etc.

2169 916 2262 971 llis
2289 916 2469 971 verbis
2496 916 2730 969 ostendit
2748 914 3053 984 Theologus
3069 930 3231 983 quam
3256 917 3451 983 exigua
3483 914 3695 968 Judaic
3727 942 3757 957 -

2168 1024 2288 1061 rum
2312 1021 2589 1063 sacrorum
2616 1020 2681 1060 ac.
2701 1006 3143 1060 cmremorriarum
3165 1007 3238 1058 sit
3254 1006 3465 1060 utilitas
3488 1023 3508 1059 :
3555 1021 3758 1057 rursus

2168 1113 2332 1167 quam
2374 1097 2533 1151 noxia
2567 1105 2620 1150 et
2650 1095 2959 1167 perniciosa
3004 1096 3075 1149 sit
3119 1096 3464 1149 ethnicorum
3515 1096 3593 1149 de
3628 1094 3761 1147 reli-

2168 1191 2331 1261 gione
2388 1187 2660 1252 doctrina,
2712 1201 2815 1241 nec
2871 1194 3081 1240 tantum
3135 1187 3278 1251 risu,
3333 1187 3427 1239 sed
3484 1185 3761 1256 lacrymis

2171 1281 2430 1348 luctuque
2471 1277 2871 1347 prosequenda.
2919 1276 3142 1345 Legales
3179 1277 3324 1332 enim
3383 1277 3763 1345 purgationes

2171 1369 2489 1424 umbratica:
2519 1375 2675 1423 erant
2704 1370 2790 1436 (ut
2820 1382 2940 1436 quae
2973 1356 3348 1437 purgationem
3402 1367 3587 1430 illam,
3636 1382 3764 1433 qua

2172 1476 2235 1515 ex
2267 1460 2534 1528 baptismo
2565 1459 2785 1528 petitur,
2804 1457 3211 1528 praeﬁgurarent
3237 1466 3290 1513 et
3317 1459 3761 1519 adumbrare-tt)

2174 1566 2236 1606 ac
2268 1557 2483 1620 propter
2512 1548 2827 1618 bujusmodi
2861 1558 3070 1602 tantum
3121 1548 3473 1616 pollutionem
3525 1546 3768 1610 ﬁebant,

2174 1656 2349 1711 coque
2403 1639 2523 1695 solo
2579 1648 2820 1709 tempore
2867 1640 3162 1707 proderant
3197 1656 3214 1694 :
3245 1652 3308 1692 ac
3344 1636 3585 1709 proinde
3614 1638 3767 1690 assi-

2178 1732 2282 1786 due
2311 1731 2725 1801 peragebantur.
2778 1729 2934 1795 Quod
2966 1728 3181 1798 quidem
3234 1740 3565 1798 argumento
3618 1737 3771 1789 erat,

514 1822 783 1888 inquinati
817 1840 832 1877 :
867 1838 1053 1877 verum
1085 1824 1151 1876 ad
1178 1824 1413 1894 priorem
1449 1831 1650 1878 statum
1686 1824 1995 1887 redeamus,
2028 1823 2080 1875 id
2109 1803 2152 1857 Β
2181 1838 2274 1877 eas
2326 1836 2667 1891 nequaquam
2713 1820 3084 1875 abditissimos
3136 1821 3329 1874 anima:
3377 1820 3539 1874 sinus
3597 1834 3769 1887 pene-

512 1923 616 1977 cst,
652 1914 797 1982 puri,
834 1921 895 1967 ut
927 1923 1051 1970 ante
1082 1917 1568 1985 transgressionem
1598 1928 1837 1976 eramus,
1882 1913 2083 1968 efﬁcia-

517 2020 662 2057 mur.
695 2003 749 2057 ld
784 2014 965 2058 autem
996 2020 1091 2074 per
1125 2007 1380 2077 baptismi
1436 2006 1897 2077 regenerationem
1933 2018 2086 2059 asse-

515 2109 767 2162 qttemur.
823 2096 959 2150 Tum
1000 2097 1370 2166 evangelicum
1418 2097 1549 2151 illud
1572 2096 1778 2150 dictum
1817 2094 2082 2163 exponit:

518 2183 589 2236 Et
635 2184 729 2238 tua:
759 2187 809 2239 in
845 2185 1069 2239 tenebris
1099 2185 1262 2251 lucet,
1310 2196 1359 2239 et
1397 2185 1624 2240 tenebrat
1666 2201 1783 2239 eam
1813 2200 1916 2237 non
1943 2198 2087 2235 com-

514 2276 896 2343 prehenderunt
928 2277 996 2328 ’³.
1029 2275 1228 2331 Lucem
1260 2277 1403 2332 cnim
1430 2274 1703 2331 Christum
1734 2282 1909 2335 vocat,
1939 2281 2089 2326 tene-

518 2369 645 2423 bras
679 2379 856 2422 autem
901 2369 1047 2423 hanc
1082 2367 1246 2421 vitam
1284 2376 1338 2421 et
1384 2382 1605 2421 carnem
1637 2387 1651 2422 :
1692 2366 1833 2418 illam
1867 2372 2089 2433 propter

521 2474 763 2511 errorem
792 2466 847 2512 et
884 2458 1398 2521 hallucinationem;
1444 2457 1586 2511 hanc
1624 2463 1843 2525 propter
1886 2454 2089 2511 crassi-

522 2551 677 2605 tietn.
712 2549 853 2601 Caro
886 2549 1029 2601 enim
1052 2549 1300 2602 crassitie
1317 2554 1421 2602 'sua
1445 2557 1680 2602 mentem
1708 2548 1907 2609 turbat,
1931 2547 2089 2615 eique

523 2639 774 2693 tenebras
809 2637 1058 2691 oll‘uudit.
1090 2636 1366 2692 Tenebras
1386 2649 1563 2692 autem
1592 2637 1864 2694 diabolum
1902 2638 2088 2708 appel-

523 2729 677 2793 lavit,
727 2731 818 2797 qui
850 2728 1067 2783 Christo
1119 2730 1462 2795 adversatur,
1508 2739 1566 2784 ut
1592 2730 1694 2784 luci
1725 2730 1978 2784 teuebrm.
2015 2728 2091 2784 De

525 2832 635 2882 quo
670 2819 743 2872 ita
766 2819 960 2873 cecinit
996 2819 1175 2875 Moses
1225 2820 1277 2873 in
1313 2820 1523 2874 cantico
1558 2839 1572 2874 :
1610 2820 1759 2874 Dixit
1795 2821 2038 2875 inimicus
2070 2836 2088 2875 :

527 2905 821 2977 Persequar
870 2918 918 2963 et
968 2910 1403 2979 comprehendam
1425 2912 1492 2965 θ’.
1548 2909 1870 2980 Quanquam
1908 2921 2087 2966 autem

488 3000 806 3054 .Christum
858 3010 1178 3068 persecutus
1226 3010 1327 3065 est,
1388 3002 1492 3056 hoc
1551 3011 1651 3065 est,
1690 3000 1932 3065 tentavit,
1982 3016 2093 3054 non

2188 1923 2354 1976 trare,
2387 1928 2571 1965 rerum
2612 1922 2953 1981 peccatorum
2987 1911 3141 1980 quasi
3172 1910 3517 1979 superﬁciem
3551 1909 3767 1968 delere.

2184 2018 2247 2057 ac
2294 2017 2586 2071 corporeus
2639 2010 2846 2054 tantum
2896 2001 3042 2056 labes
3091 2002 3400 2070 abstergere
3438 2019 3455 2054 :
3516 2000 3675 2053 velut
3716 1999 3766 2052 si

2185 2095 2310 2166 quis
2337 2094 2517 2149 cibum
2548 2108 2577 2146 a
2605 2094 2721 2165 lege
2756 2094 3101 2148 interdictum
3138 2093 3431 2163 attigisset,
3477 2092 3564 2145 vel
3612 2106 3769 2144 mor—

2189 2197 2366 2248 tuum,
2416 2185 2499 2239 vel
2548 2185 2847 2254 leprosum,
2890 2185 2973 2238 vel
3020 2185 3124 2238 alio
3175 2184 3334 2238 modo
3364 2183 3764 2247 deformatum,

2190 2277 2487 2340 hircorum,
2535 2285 2593 2330 ut
2631 2275 2791 2330 docet
2815 2274 3108 2344 Apostolus
3136 2276 3179 2338 ί,
3225 2285 3279 2329 et
3308 2283 3597 2327 taurorum
3632 2289 3767 2326 san-

2189 2369 2330 2440 guis,
2373 2378 2426 2423 et
2472 2368 2612 2423 cinis
2659 2367 2839 2421 vitula:
2892 2367 3128 2435 pollutos
3154 2381 3447 2435 aspcrgens
3482 2366 3553 2419 ad
3583 2370 3766 2419 carnis

2187 2463 2473 2533 puritatem
2521 2461 2774 2531 eXpiabat
2813 2477 2827 2514 :
2862 2468 3113 2514 caaterum
3138 2466 3356 2528 peccata
3384 2457 3605 2511 auferre
3658 2471 3769 2509 non

2187 2561 2422 2624 poterat.
2476 2552 2653 2622 Atque
2677 2551 2747 2605 ob
2779 2565 2898 2606 eam
2932 2564 3151 2605 causam
3186 2548 3453 2602 continua
3483 2555 3649 2599 erant
3682 2561 3772 2598 sa-

2192 2644 2419 2708 criﬁcia,
2474 2631 2815 2711 singulisque
2867 2642 3023 2694 annis
3076 2651 3316 2708 persaepe
3367 2633 3767 2696 offerebantur,

2191 2729 2375 2805 utpote
2404 2750 2526 2803 quae
2558 2733 2877 2786 accedentes
2906 2728 3181 2799 perfectos
3211 2726 3444 2782 reddere
3486 2740 3600 2779 non
3645 2741 3775 2794 pos-

2194 2837 2336 2882 sent.
2389 2824 2525 2879 Nam
2562 2826 2606 2880 si
2641 2822 2953 2895 perﬁciendi
2989 2822 3094 2875 vim
3126 2820 3470 2881 habuissent,
3516 2818 3773 2884 profecto

2191 2917 2369 2973 offerri
2393 2915 2704 2978 desiissent,
2740 2912 2884 2982 quod
2911 2911 3001 2980 qui
3034 2909 3347 2978 bujusmodi
3392 2907 3605 2962 cultum
3661 2904 3772 2957 Dro

2191 3011 2531 3073 exhiberem,
2559 3014 2912 3077 posteaquam
2946 3005 3114 3059 semel
3144 3003 3357 3074 purgati
3384 3009 3592 3063 essent,
3624 2998 3774 3052 nulla

527 3102 706 3146 tamen
764 3094 1199 3163 comprehendit,
1247 3094 1299 3148 id
1347 3104 1450 3161 est,
1491 3094 1648 3163 fregit
1674 3108 1738 3147 ac.
1772 3092 2091 3162 superavit;

2199 3102 2308 3171 jam
2340 3097 2544 3169 peccati
2576 3096 2909 3151 conscientia
2944 3104 3299 3150 terrerentur.
3354 3092 3623 3161 Scriptum
3663 3104 3776 3141 au-

528 3201 718 3238 verum
781 3186 1120 3254 impudenter
1184 3185 1274 3241 ille
1335 3186 1554 3255 quidem
1608 3193 1828 3255 partem
1892 3184 2094 3238 Christi

529 3277 918 3342 aspectabilem
969 3278 1194 3330 adortus
1238 3285 1360 3330 est:
1390 3253 1640 3329 extorum
1676 3275 1728 3327 in
1776 3275 2102 3328 invisibilem

533 3368 868 3421 divinitatem
898 3367 1107 3431 incidit,
1137 3376 1299 3435 atque
1323 3379 1618 3440 oppressus
1648 3376 1749 3419 est.
1779 3363 1902 3418 Ilaec
1925 3374 2105 3418 autem

531 3455 738 3510 idcirco
792 3453 932 3509 facta
992 3465 1155 3521 sunt,
1205 3465 1265 3509 ut
1317 3470 1416 3507 nos
1465 3454 1669 3522 peccati
1718 3453 1959 3508 tenebris
2014 3470 2108 3522 per

537 3547 870 3615 baptismum
889 3545 1115 3615 alijectis
1140 3545 1203 3597 ad
1231 3543 1535 3598 divinitatis
1558 3544 1741 3598 lumen
1761 3545 2105 3610 accedamus,

537 3651 603 3690 ac
631 3636 826 3689 deinde
861 3651 955 3703 per
984 3636 1228 3690 honestae
1257 3651 1320 3690 ac
1354 3635 1627 3705 praeclarae
1649 3635 1769 3690 vitae
1791 3650 2109 3705 progressus

538 3737 593 3781 et
644 3726 1034 3796 perfectionem
1087 3726 1177 3781 lux
1221 3742 1439 3796 quoque
1490 3726 1727 3797 perfecta
1786 3726 2106 3791 efﬁciamur,

542 3833 572 3871 a
606 3817 843 3886 perlecta
905 3817 1025 3872 luce
1056 3817 1406 3888 profluentes,
1463 3819 1569 3873 hoc
1622 3828 1725 3884 est,
1779 3834 1807 3873 a
1856 3818 2109 3889 baptismi

540 3908 735 3975 gratia.
775 3907 925 3963 lianc
945 3910 1089 3962 enim
1117 3911 1344 3980 gratiam
1378 3920 1433 3964 et
1465 3912 1750 3966 utilitatem
1776 3913 2110 3981 baptismatis

542 3997 662 4050 dies
694 4007 749 4052 et
798 3997 995 4052 festum
1042 4001 1202 4054 nobis
1247 4002 1525 4057 conciliat.
1574 4004 1751 4073 Atque
1803 4004 1965 4058 etiam
2006 4003 2113 4058 alio

544 4103 709 4144 sensu
740 4089 1014 4158 explicare
1044 4091 1187 4154 licet,
1221 4095 1495 4163 quomodo
1526 4095 1766 4164 perfecta
1797 4096 1886 4149 lux
1912 4095 2115 4150 efﬁcia-

542 4195 670 4234 mur
702 4222 714 4234 .
751 4182 1010 4236 nimirum
1065 4183 1106 4237 si
1162 4199 1284 4238 cum
1338 4201 1548 4241 summa
1616 4187 1703 4239 illa
1757 4186 1905 4248 luce,
1958 4188 2113 4242 nobis

546 4282 766 4344 propter
788 4284 1029 4328 nostram
1064 4276 1394 4346 intelligendi
1420 4277 1730 4333 facultatem
1774 4278 1919 4332 afﬁni
1952 4287 2114 4348 atque

523 4375 797 4445 cognata,
838 4366 973 4420 uniti
1016 4381 1352 4436 prorsusque
1404 4370 1678 4423 commisti
1724 4368 2007 4425 fuerimus.
2053 4371 2110 4425 Id

546 4466 726 4510 autem
783 4457 837 4511 in
892 4458 1070 4511 futura
1133 4459 1571 4514 remuneratione
1624 4462 1921 4532 continget.
1961 4460 2114 4516 Nunc
2146 4443 2189 4498 θ

545 4547 712 4609 enim,
784 4548 1022 4616 quandiu
1084 4549 1137 4601 in
1171 4549 1421 4617 praesenti
1473 4551 1575 4603 hac
1628 4552 1738 4605 vita
1796 4567 2111 4619 versamur,

548 4618 733 4689 divino
791 4638 991 4691 lavacri
1044 4638 1306 4692 beneﬁcio
1332 4639 1396 4693 ad
1451 4642 1663 4695 unicam
1697 4643 1841 4695 illam
1873 4642 2109 4696 divinam

550 4728 724 4777 lucem
782 4739 847 4778 ac
899 4725 1065 4779 Deum
1119 4729 1457 4782 accedemus.
1517 4740 1679 4799 atque
1737 4731 2112 4799 unusquisque

551 4824 824 4879 nostrum,
886 4816 1013 4869 dum
1083 4818 1364 4872 salutifera
1426 4835 1565 4888 aqua
1626 4822 1882 4891 tingitur,
1943 4822 2113 4877 divini

554 4907 776 4962 lmninis
807 4909 946 4961 fetus
982 4906 1233 4970 edicitur,
1260 4908 1311 4961 id
1337 4917 1441 4971 est,
1464 4910 1738 4978 baptismi.
1767 4910 1832 4962 Et
1859 4915 2117 4980 quoniam

555 5012 744 5051 corum
802 4997 895 5065 qui
929 4997 1185 5066 baptismi
1236 5010 1373 5067 aqua
1430 4998 1850 5067 perfunduntur,
1909 5003 2118 5058 inﬁnita

549 5097 638 5141 est
694 5089 1004 5153 multitudo,
1039 5088 1242 5143 idcirco
1264 5090 1601 5158 γεννήματα,
1651 5089 1756 5145 hoc
1812 5104 1915 5154 οδε,
1978 5091 2121 5148 fetus

556 5180 753 5248 plurali
800 5195 1029 5234 numero
1064 5181 1234 5247 dixit,
1295 5199 1403 5237 non
1445 5192 1622 5238 autem
1672 5184 1942 5254 γέννημα,
2004 5186 2119 5238 sin-

552 5271 752 5342 gulari.
804 5270 990 5341 Neque
1011 5254 1154 5326 enim
1206 5274 1260 5326 iu
1296 5275 1398 5328 hac
1425 5276 1532 5328 vita
1585 5278 1965 5344 pratstantibus
2013 5275 2121 5328 vir-

554 5372 670 5416 tute
698 5376 762 5416 ac
791 5364 914 5417 vita:
941 5362 1301 5418 sanctimonia
1323 5366 1451 5419 viris
1472 5379 1593 5419 cum
1635 5365 1745 5420 Deo
1771 5382 1892 5421 esse
1920 5381 2117 5420 conce-

555 5453 706 5507 ditur
735 5469 750 5507 :
794 5469 976 5509 verum
1008 5456 1108 5509 hoc
1130 5467 1383 5527 tauquam
1418 5457 1694 5525 przemium
1726 5458 1830 5513 illis
1865 5461 1918 5512 in
1947 5459 2117 5512 altero

556 5544 757 5605 saeculo
791 5554 1119 5602 reservatur.
1182 5546 1553 5604 Subvehimini
1587 5549 1769 5619 igitur,
1796 5550 1989 5620 inquit,
2021 5550 2120 5604 hac

635 5724 683 5758 "
713 5723 730 5778 Ι
774 5721 900 5780 Cor.
930 5740 1017 5793 xv,
1053 5727 1138 5787 45.

1217 5729 1261 5762 ⁸⁸
1289 5725 1442 5781 Joan.
1490 5744 1526 5795 t,
1557 5728 1609 5782 5.
1685 5731 1727 5761 ’τ’
1766 5725 1932 5781 Exod.
1969 5742 2053 5792 sv,
2088 5726 2139 5781 9.

2208 3203 2312 3246 tem
2344 3191 2570 3245 habetur
2607 3187 2661 3241 in
2694 3187 2833 3241 libro
2861 3186 3223 3239 Numerorum
3248 3187 3295 3250 ',
3348 3183 3493 3255 quod
3538 3181 3773 3234 vitulam

2206 3282 2383 3337 rufam
2433 3280 2836 3343 comburentes,
2887 3276 3169 3346 ipsiusque
3200 3277 3439 3331 cinerem
3474 3287 3627 3343 aqua:
3672 3274 3776 3323 ad-

2208 3374 2534 3434 miscentes,
2590 3370 2822 3440 pollutos
2876 3368 3257 3437 aspergebant.
3312 3366 3556 3433 itemque
3622 3362 3778 3431 quod

2209 3465 2386 3521 Moses
2419 3473 2640 3534 accepto
2683 3461 2949 3532 sanguine
2979 3470 3261 3515 taurorum
3294 3468 3346 3511 et
3388 3455 3682 3509 vitulorum
3713 3463 3777 3505 et

2212 3555 2484 3609 hircorum
2538 3568 2663 3608 cum
2715 3568 2855 3621 aqua
2909 3560 2963 3604 et
2997 3551 3120 3604 lana
3162 3548 3371 3602 cor-cina
3417 3554 3471 3599 et
3525 3547 3780 3613 hyssopo

2209 3648 2471 3718 populum
2505 3661 2719 3701 omnem
2753 3643 3091 3699 lustraverit.
3120 3640 3191 3695 Ac
3220 3639 3336 3692 talis
3364 3636 3578 3705 quidem
3594 3635 3775 3701 dega-

2212 3739 2277 3793 lis
2311 3738 2558 3807 purgatio
2588 3745 2723 3800 erat,
2779 3735 2833 3788 in
2886 3735 3051 3788 breve
3082 3741 3284 3799 tempus
3329 3728 3536 3798 iuvans,
3593 3735 3778 3793 atque

2211 3831 2282 3885 ita
2316 3843 2534 3883 carnem
2571 3826 2884 3897 puriticans,
2931 3832 2993 3878 ut
3046 3832 3224 3876 tamen
3255 3820 3319 3873 ad
3353 3818 3540 3873 anima:
3573 3829 3784 3884 purga-

2215 3922 2414 3975 tionem
2446 3920 2551 3972 vim
2586 3933 2740 3973 suam
2776 3932 2885 3971 non
2921 3914 3259 3970 extenderet.
3316 3913 3383 3967 At
3427 3918 3611 3963 nostra
3646 3922 3784 3961 enn-

2215 4013 2382 4068 trario
2428 4011 2588 4081 plane
2641 4008 2803 4063 modo
2854 4024 2911 4063 se
2957 4008 3140 4062 habet.
3189 4004 3368 4061 Semel
3416 4003 3559 4056 enim
3616 3998 3783 4061 facta,

2213 4105 2397 4159 omnia
2437 4103 2622 4167 simul,
2675 4111 2728 4157 et
2778 4110 2980 4164 vetera,
3018 4108 3073 4152 et
3126 4113 3288 4160 nova,
3337 4104 3390 4148 et
3423 4092 3690 4163 corporis,
3723 4098 3779 4142 et

2214 4195 2409 4251 anima:
2440 4195 2569 4248 vitia
2600 4202 2815 4263 purgat.
2848 4191 3140 4245 Enimvero
3173 4188 3487 4245 Graecorum
3526 4181 3779 4253 mysteria

2214 4302 2244 4341 a
2299 4285 2641 4340 daemonibus
2694 4285 2912 4343 iuventa
2968 4292 3021 4336 et
3062 4297 3093 4335 a
3150 4279 3334 4349 pravis
3390 4291 3456 4330 ac
3505 4274 3782 4328 sceleratis

2216 4378 2412 4433 animis
2440 4377 2666 4432 conﬁcta
2696 4386 2843 4430 sunt.
2879 4373 3088 4440 Quibus
3134 4372 3356 4441 quidem
3402 4377 3464 4422 ut
3498 4366 3657 4420 lidern
3689 4362 3780 4415 ad-

2219 4477 2516 4529 struerent,
2568 4467 2658 4537 qui
2696 4482 2761 4521 ea
2793 4465 3064 4528 colebant,
3104 4464 3171 4516 ad
3226 4458 3605 4529 antiquissima
3641 4464 3778 4506 tent-

2220 4575 2349 4630 pora
2383 4558 2766 4628 confugiebant
2812 4575 2827 4611 :
2882 4564 2939 4609 ut
2965 4565 3142 4608 autem
3172 4566 3360 4607 eorum
3389 4546 3779 4616 turpitudinem

2220 4649 2538 4713 effugerent,
2589 4661 2654 4699 ea
2692 4644 2995 4700 fabularum
3039 4643 3287 4695 libertate
3329 4654 3395 4693 ac
3438 4635 3652 4690 licentia
3687 4634 3786 4685 ob-

2222 4738 2493 4803 velabant,
2541 4735 2787 4790 fabulosa
2819 4749 2938 4789 esse
2969 4732 3411 4802 pronuntiantes,
3462 4737 3515 4782 et
3553 4726 3619 4779 ad
3652 4724 3786 4777 alle-

2222 4829 2427 4896 goriam
2462 4828 2867 4898 detorquentes.
2916 4827 3093 4892 Atque
3136 4822 3407 4877 interdum
3438 4837 3521 4883 ea,
3564 4833 3688 4887 qua:
3720 4816 3787 4869 de

2221 4919 2327 4986 diis
2361 4920 2601 4988 ipsorum
2647 4925 3169 4978 commemorantur,
3214 4924 3465 4981 tanquam
3514 4924 3640 4963 vera
3693 4923 3787 4961 su-

2222 5020 2376 5065 munt
2416 5026 2431 5063 :
2464 5009 2736 5064 interdum
2771 5009 2955 5070 etiam,
2987 5022 3111 5061 cum
3146 5020 3333 5060 eorum
3385 5000 3698 5058 obscenitas
3730 5008 3786 5050 et

2220 5097 2509 5167 spurcities
2542 5096 2672 5167 ipsis
2716 5097 2993 5164 obiicitur,
3043 5092 3289 5149 fabulosa
3324 5094 3437 5146 haec
3466 5105 3588 5144 esse
3639 5090 3785 5142 alitr-

2221 5201 2390 5254 mant,
2410 5205 2509 5244 nec
2524 5205 2588 5243 eo
2606 5205 2793 5253 sensu,
2815 5204 2972 5258 quem
2998 5204 3105 5257 prae
3134 5204 3193 5243 se
3216 5186 3414 5249 ferunt,
3434 5183 3782 5253 intelligenda

2223 5296 2365 5346 esse,
2397 5281 2488 5334 sed
2519 5281 2804 5351 mysticum
2849 5280 3136 5348 quemdam
3173 5295 3238 5334 ac
3281 5277 3617 5333 reconditum
3663 5290 3787 5328 sen-

2227 5386 2346 5424 surn
2379 5371 2598 5425 habere.
2641 5369 2886 5438 Exempli
2922 5382 3120 5425 causa:
3174 5368 3229 5421 Si
3278 5368 3411 5437 ipsis
3441 5364 3783 5437 proferat-tus

2226 5459 2543 5525 Saturnum,
2593 5475 2753 5529 quem
2795 5475 2894 5529 pro
2923 5462 3024 5514 deo
3054 5460 3261 5524 colunt,
3318 5459 3458 5513 ﬁlios
3508 5471 3638 5511 suos
3683 5453 3783 5507 dc-

2226 5564 2467 5614 vorasse,
2492 5551 2645 5604 aiunt
2676 5548 2825 5602 aliud
2856 5549 3109 5618 quiddam
3146 5563 3288 5612 esse,
3323 5547 3464 5616 quod
3493 5546 3575 5600 his
3604 5545 3783 5598 verbis

2254 5727 2267 5756 ¹
2305 5725 2468 5782 llebr.
2503 5742 2557 5789 x,
2588 5725 2618 5779 4
2652 5742 2804 5797 seqq.
2868 5734 2888 5764 ί
2921 5729 3079 5785 Num.
3110 5743 3210 5790 κει,
3245 5728 3279 5780 2
3309 5743 3461 5798 seqq.
