4048 6278
309 229 447 294 1⁸217

1231 236 1553 297 NICETAS
1596 237 1676 298 ΙΝ
1719 237 1944 298 ORAT.
1986 237 2234 296 XXXIX
2279 239 2336 296 S.
2379 237 2610 320 GREG.

3411 242 3549 309 1218

3139 311 3156 335 I

299 351 639 419 significetur
677 369 691 404 :
726 349 966 421 Tempus
1020 355 1202 419 euim',
1263 356 1554 426 inquiunt,
1609 354 1872 423 quidquid
1907 353 2289 416 Adevoratis,
2351 353 2638 406 inciderat.
2696 351 2766 406 At
2829 351 3078 408 tibicines
3131 353 3352 422 quidam
3407 361 3558 417 tibiis

300 443 668 511 progeuuerit,
720 459 912 499 rursus
965 448 1258 503 consumit.
1308 447 1468 515 Atqui
1517 446 1878 500 conveniebat

300 547 422 596 eos,
459 533 506 585 si
560 532 780 600 quidem
830 536 943 589 haec
984 553 1106 591 vera
1152 538 1487 604 existimant,
1534 552 1879 606 nequaquam

301 622 551 675 fabulosa
603 638 664 676 ea
701 624 882 679 dicere
919 642 932 678 :
968 627 1048 680 sin
1086 638 1266 682 autem
1313 629 1448 683 falsa
1502 639 1555 683 et.
1599 643 1881 682 commcn-

305 713 449 774 titia,
484 728 827 782 nequaquam
862 717 1141 783 admirari,
1178 734 1352 788 neque
1379 722 1446 773 de
1473 733 1580 773 una
1608 729 1660 773 et
1691 721 1880 773 eadem

305 822 364 859 re
401 804 723 859 affirmative
759 822 822 859 ac
866 808 1115 876 negative
1161 815 1532 878 pronuntiare,
1582 811 1886 865 contraria-

305 912 414 966 que
463 913 738 952 censere:
778 914 885 953 non
934 915 1093 956 secus
1146 917 1209 956 ac
1255 904 1300 956 si
1351 903 1404 956 in
1453 919 1769 972 puerorum,
1802 901 1883 955 νιΙ

305 991 472 1044 etiam
508 990 824 1043 vecordium
859 991 1142 1046 hominum
1181 1003 1324 1049 ctetu
1362 995 1632 1058 luderent,
1672 1010 1734 1048 ac
1777 1011 1882 1049 non

311 1082 597 1136 nobiscum
647 1083 792 1135 serio
845 1084 1208 1151 diSptIlal'elll,
1265 1088 1368 1141 hoc
1419 1096 1523 1150 est,
1578 1104 1701 1142 cum
1753 1090 1886 1142 viris

306 1173 516 1241 judicio
543 1174 806 1238 praeditis,
841 1184 896 1228 et
931 1173 1090 1228 Verbi
1125 1191 1190 1230 ac
1246 1192 1388 1232 verre
1437 1181 1736 1247 sapientiae,
1786 1180 1889 1235 hoc

307 1274 412 1325 est,
436 1261 665 1327 Christi,
700 1264 1006 1319 cultoribus
1042 1284 1054 1319 :
1095 1269 1309 1322 tametsi
1340 1269 1625 1335 profanam
1658 1280 1710 1324 et
1735 1271 1888 1324 fabu-

309 1357 486 1408 losam
514 1355 882 1424 eloquentiam
923 1369 978 1412 et
1011 1360 1302 1413 verborum
1351 1361 1674 1428 elegantiam
1707 1377 1890 1431 asper—

311 1461 529 1510 nemur,
560 1461 682 1516 qum
710 1462 910 1516 spurca
946 1459 1000 1504 et
1029 1451 1248 1504 sordida
1283 1461 1364 1506 est
1415 1453 1768 1517 nominanda,
1807 1463 1888 1506 ut-

318 1545 444 1604 pote
506 1551 594 1590 res
662 1549 846 1606 turpes
907 1547 961 1592 et
1016 1540 1285 1596 obscenas
1344 1556 1541 1596 ornare
1594 1557 1656 1597 ac
1711 1543 1892 1600 verbis

313 1625 511 1680 eﬂ‘erre
537 1628 898 1686 contendens.

387 1720 504 1773 Col.
529 1721 632 1775 558
658 1720 720 1776 Α.
767 1721 890 1775 Non
924 1723 1034 1777 ha'c
1058 1724 1205 1779 Jovis
1241 1735 1429 1795 partus
1452 1737 1502 1781 et
1529 1729 1696 1799 furta,
1721 1729 1888 1795 illius,

315 1812 556 1881 inquam,
589 1812 943 1878 Cretensium,
995 1824 1102 1870 etc.
1171 1817 1444 1874 Saturnus
1495 1818 1646 1876 Jovis
1717 1833 1889 1890 pater,

313 1919 463 1964 eum,
519 1913 578 1957 ut
624 1903 797 1959 Graeci
850 1906 1180 1974 fabulantur,
1213 1912 1495 1966 oraculum
1569 1914 1890 1983 accepisset,

318 1999 437 2052 fore
490 2008 546 2052 ut
577 1999 646 2052 ab
676 2015 786 2053 uno
835 2000 1068 2054 filiorum
1105 2019 1328 2058 suorum
1367 2021 1531 2075 regno
1577 2009 1890 2076 pelleretur,

319 2103 504 2143 mares
553 2104 764 2153 omnes,
820 2092 913 2159 qui
965 2092 1068 2161 ipsi
1122 2097 1524 2162 nascebantur,
1573 2098 1890 2153 devorabat.

319 2177 471 2233 Rhea
508 2180 696 2249 igitur,
731 2195 854 2234 cum
890 2179 1077 2235 Jovem
1124 2185 1445 2252 peperisset,
1499 2186 1617 2256 ejus
1655 2189 1892 2255 pulchri-

322 2269 512 2321 tudine
544 2277 598 2322 et
644 2269 824 2324 vultus
855 2271 1120 2337 elegantia
1171 2285 1438 2342 permota,
1476 2275 1660 2330 furtim
1712 2281 1897 2333 subla-

322 2367 440 2412 tum
496 2359 549 2412 in
600 2360 812 2414 Cretam
863 2363 1065 2426 emisit,
1118 2365 1275 2433 eique
1321 2367 1569 2431 Curetes,
1621 2373 1894 2425 daemones

321 2451 609 2517 quosdam,
662 2451 928 2520 adjunxit,
979 2455 1073 2523 qui
1114 2472 1330 2525 gravem
1367 2473 1563 2513 sonum
1611 2471 1772 2529 atque
1810 2478 1896 2514 ar-

321 2555 540 2594 morum
597 2543 863 2610 crepitum
899 2546 1222 2612 excitarent,
1277 2563 1342 2603 ac
1391 2551 1690 2622 tripudium
1740 2552 1894 2614 illud,

321 2633 464 2701 quod
495 2633 874 2703 Pyrrhicbium
904 2637 1122 2702 dicitur,
1176 2642 1370 2696 armati
1419 2656 1663 2711 agerent,
1711 2653 1768 2695 ut
1811 2659 1896 2696 ar.

325 2738 538 2779 morum
608 2729 835 2796 strepitu
908 2745 1125 2798 gravem
1195 2733 1418 2786 infantis
1493 2734 1584 2788 Dei
1655 2737 1892 2804 vagitum

322 2823 647 2884 vastumque
677 2833 871 2872 sonum
911 2829 1087 2889 tegere
1123 2834 1344 2890 possent
1377 2841 1391 2877 :
1429 2840 1496 2878 ne
1537 2825 1675 2880 forte
1704 2831 1895 2882 Satur-

327 2920 454 2970 nus,
489 2923 518 2959 e
548 2908 689 2962 coelo
717 2911 953 2978 vagitum
989 2915 1239 2976 audiens,
1279 2916 1453 2984 ipsum
1485 2933 1700 2988 quoque
1731 2920 1896 2972 devo-

323 3007 495 3050 raret.
543 2997 802 3066 Lapidem
835 3012 1015 3056 autem
1065 3003 1246 3058 fasciis
1280 3005 1577 3061 involutum
1613 3011 1721 3062 nati
1776 3011 1895 3064 loco
1924 3031 1964 3086 ο

325 3089 523 3142 marito
549 3089 920 3145 devorandum
951 3094 1383 3163 reliquit.'Qnem
1412 3114 1534 3152 cum
1559 3101 1893 3168 devorasset,

319 3191 417 3231 eos
477 3194 726 3249 quoque,
790 3197 928 3251 quos
985 3187 1140 3254 prius
1196 3188 1573 3258 absorpscrat,
1634 3195 1892 3249 evomuit.

322 3267 588 3322 Caeterum
618 3270 861 3325 historia:
889 3274 1160 3341 proditum
1195 3286 1279 3331 est
1305 3279 1447 3333 hunc
1471 3279 1657 3334 Jovem
1689 3283 1896 3349 prasti-

319 3357 579 3426 giatorem
621 3371 675 3414 et
700 3364 994 3419 scelestum
1027 3366 1302 3423 hominem
1334 3370 1523 3437 fuisse,
1551 3372 1894 3428 Cretensium

325 3458 617 3518 tyrannum
655 3472 668 3506 :
710 3456 850 3523 apud
876 3472 1013 3524 quos
1043 3459 1192 3514 illius
1226 3476 1442 3532 quoque
1479 3476 1892 3520 monumentum

323 3541 654 3607 ostenditur,
713 3547 1118 3604 discrucientur
1169 3553 1295 3608 licet
1344 3564 1505 3623 atque
1548 3556 1895 3612 oﬂendantur

320 3629 424 3684 hac
448 3634 718 3698 oratione,
771 3637 863 3705 qui
913 3639 1056 3694 inter
1087 3642 1336 3699 ethnicos
1396 3647 1704 3702 eruditione
1754 3663 1893 3717 prte-

331 3731 498 3786 stant,
547 3734 711 3792 atque
750 3726 1030 3783 historiam
1058 3731 1198 3787 hanc
1230 3734 1499 3800 rejiciant.
1541 3737 1690 3802 Quos
1729 3741 1893 3793 etiam

322 3809 515 3866 irridet
556 3812 888 3884 Theologus,
942 3829 997 3872 ut
1028 3821 1123 3888 qui
1174 3821 1514 3890 ineptissime
1563 3837 1896 3892 nugarentur

319 3898 509 3956 Jovem
561 3904 711 3972 (quia
763 3907 816 3960 in
869 3923 935 3962 eo
981 3911 1166 3964 divina
1213 3913 1450 3980 potentia
1488 3916 1650 3982 erat),
1691 3931 1895 3984 nequa~

319 4007 485 4062 quam
513 4011 808 4064 puerorum
841 4015 991 4055 more
1023 4002 1151 4056 exili
1181 4019 1313 4058 voce
1341 4005 1591 4074 vagiisse,
1640 4008 1732 4061 sed
1763 4009 1895 4061 bor-

317 4085 531 4140 rillcum
583 4090 878 4157 quemdam
931 4089 1192 4158 ejulatum
1241 4094 1499 4160 edidisse,
1551 4106 1713 4166 atque
1756 4097 1894 4152 adeo

319 4187 556 4244 vastum,
592 4189 648 4234 ut
682 4183 746 4234 ad
781 4182 979 4237 ctelum
1018 4200 1190 4253 usque
1235 4197 1562 4255 permearet.
1610 4189 1689 4242 Ac
1725 4201 1893 4257 poetae

319 4269 539 4334 quidem
595 4270 827 4339 lapidem
885 4291 982 4342 pro
1027 4274 1159 4330 Jove
1211 4293 1240 4331 a
1293 4277 1530 4332 Saturno
1570 4279 1889 4334 devoratum

1983 444 2265 508 ludebant,
2319 444 2534 498 animos
2586 443 2796 496 illorum
2827 458 2855 497 a
2885 442 3088 498 doloris
3118 461 3280 501 sensu
3313 462 3564 505 averten-

1982 539 2084 591 tes,
2115 543 2278 600 atque
2309 532 2373 585 ad
2413 531 2788 601 perferendam
2823 533 3185 588 exsectionem
3213 536 3561 594 inflamman-

1983 631 2087 676 tes.
2120 622 2332 688 Quibus
2357 634 2542 691 postea
2586 623 2677 676 alii
2712 624 2980 678 inedicam
3034 640 3253 680 manum
3309 630 3563 686 admove-

1983 714 2134 774 bant,
2189 714 2554 783 Corybantum
2593 723 2804 781 gestum
2847 714 3149 781 imitantes,
3195 719 3424 785 perinde
3456 727 3564 776 sci-

1984 809 2108 862 licet
2140 824 2202 860 ae
2235 809 2278 862 si
2316 808 2519 860 Rheam
2551 807 2722 874 ipsam
2749 808 3193 865 consolarentur.
3222 811 3563 881 Corybantes

1984 908 2189 963 autem,
2241 915 2412 966 genus
2457 908 2585 953 sunt
2618 899 2947 966 daunouum,
2983 905 3064 955 vel
3093 901 3426 956 furiosorum
3461 905 3566 957 ho-

1987 994 2217 1053 minum,
2267 991 2431 1044 Rhea:
2479 992 2965 1056 subservientiutn,
3012 1009 3151 1062 quos
3190 995 3434 1065 Cabyros
3469 1011 3566 1049 vo-

1987 1093 2130 1135 cant.
2186 1081 2353 1135 Porro
2405 1090 2631 1134 matrem
2676 1083 2815 1136 hanc
2857 1084 3080 1136 deorum
3142 1085 3242 1138 etsi
3303 1100 3411 1138 non
3451 1101 3568 1139 om-

1991 1177 2164 1237 nium,
2213 1183 2266 1227 at
2305 1183 2452 1228 certe
2480 1173 2630 1227 Jovis
2661 1173 3020 1244 fratrumque,
3055 1176 3225 1245 ipsius
3259 1187 3427 1245 poeta:
3455 1187 3566 1231 tra-

1989 1265 2144 1328 dum,
2182 1267 2641 1332 quemadmodum
2673 1275 2724 1319 et
2752 1275 2958 1334 patrem
2987 1267 3213 1320 deorum
3245 1268 3564 1323 Saturnum.

1990 1358 2068 1410 Ac
2110 1357 2351 1425 Phryges
2382 1366 2558 1419 erant,
2596 1357 2687 1425 qui
2737 1358 3047 1425 liujusmodi
3086 1359 3292 1427 ﬂagitia
3321 1361 3374 1412 in
3405 1359 3569 1414 Rhea;

1992 1448 2254 1502 huuorem
2291 1448 2645 1515 peragebant,
2696 1457 2856 1516 atque
2893 1449 3053 1501 iidem
3102 1449 3480 1516 initiabantur,
3514 1451 3569 1506 id

1993 1549 2093 1603 est,
2127 1540 2457 1592 exsectionis
2489 1539 2733 1592 cruciatu
2772 1538 3166 1592 adiciebantur.

2064 1632 2198 1684 Ibid.
2252 1629 2362 1683 Nec
2410 1629 2586 1698 puella
2633 1631 2873 1699 quwdam
2902 1633 3044 1698 apud
3071 1648 3165 1685 nos
3215 1633 3440 1701 rapitur,
3463 1642 3570 1689 etc.

1996 1724 2270 1788 (Iererem,
2323 1738 2486 1777 unam
2520 1737 2586 1776 ex
2622 1723 2862 1790 antiquis
2905 1724 3133 1782 deabus,
3181 1723 3568 1794 Proserpinam

1997 1815 2271 1884 peperisse
2299 1814 2530 1883 lingunt,
2559 1830 2721 1881 quam
2757 1814 2934 1880 Pluto,
2985 1815 3097 1869 sive
3121 1814 3317 1876 Orcus.
3371 1817 3568 1884 rapuit.

1995 1907 2063 1958 At
2093 1915 2287 1970 mater,
2332 1919 2448 1956 eam
2484 1905 2742 1958 omnibus
2779 1905 2830 1958 in
2866 1905 3001 1960 locis
3033 1907 3387 1974 conquirens,
3430 1908 3570 1982 apud

1998 1996 2305 2051 Eleusinem
2355 1994 2407 2047 in
2435 1995 2656 2049 Celeum
2690 2011 2754 2050 ac
2805 1997 3196 2065 Triptolemum
3247 1997 3454 2059 incidit,
3506 1998 3575 2055 ab

1996 2089 2169 2156 iisque
2200 2089 2266 2141 de
2300 2086 2420 2141 filiae
2470 2098 2628 2156 raptu
2676 2089 2875 2141 certior
2907 2087 3066 2149 facta,
3099 2087 3258 2143 linem
3287 2105 3380 2158 per
3400 2100 3572 2142 totum

1997 2182 2182 2235 orbem
2233 2179 2460 2247 vagandi
2511 2178 2678 2241 fecit,
2738 2181 2978 2249 ipsisque
3029 2180 3194 2235 tritici
3251 2196 3314 2234 ac
3382 2182 3571 2234 hordei

1998 2273 2227 2337 semina,
2258 2272 2500 2324 nondhm
2547 2281 2673 2325 ante
2706 2271 2756 2324 id
2791 2281 3004 2340 tempus
3037 2274 3168 2334 visa.
3226 2274 3370 2326 dono
3404 2273 3572 2336 dedit,

1997 2371 2160 2428 atque
2209 2361 2478 2413 alatorum
2532 2361 2830 2413 draconum
2867 2375 3089 2413 currum
3137 2369 3196 2414 ut
3224 2375 3288 2414 ex
3329 2361 3572 2424 sublimi,

1998 2451 2140 2502 sicut
2170 2460 2340 2518 poeta:
2374 2449 2709 2514 fabulantur,
2761 2464 2858 2518 per
2905 2450 3212 2504 universam
3254 2459 3455 2503 terram
3488 2466 3578 2504 sc-

1999 2540 2146 2592 tuina
2215 2547 2548 2607 spargerent.
2601 2538 2711 2591 llos
2749 2540 2882 2593 duos
2925 2541 3229 2608 petulanter
3257 2549 3417 2609 atque
3449 2540 3574 2593 libi-

1999 2631 2192 2684 dinose
2236 2629 2404 2684 Ceres
2455 2629 2728 2692 adhibuit,
2775 2645 2839 2683 ac
2882 2633 3129 2698 quaedam
3181 2632 3236 2685 in
3287 2647 3384 2685 eos
3429 2632 3574 2696 fecit,

1998 2723 2244 2790 quzcdam
2303 2723 2468 2775 etiam
2524 2723 2764 2776 vicissim
2822 2724 2892 2776 ab
2939 2723 3005 2776 iis
3047 2739 3204 2791 passa
3247 2734 3350 2777 cst.
3399 2726 3576 2792 Atque

2001 2816 2115 2870 haec
2164 2817 2347 2870 omnia
2404 2815 2535 2884 ipsis
2582 2831 2676 2883 per
2726 2830 2886 2868 unam
2939 2825 3150 2869 noctem
3198 2817 3252 2869 in
3301 2816 3574 2880 Eleusine,

1999 2924 2118 2976 quae
2162 2909 2356 2960 Attica:
2405 2909 2555 2960 locus
2608 2916 2722 2969 cst,
2781 2907 3102 2960 celebranda
3155 2907 3368 2961 tradidit
3405 2925 3419 2961 :
3450 2925 3574 2962 nam

1997 3015 2060 3051 cx
2110 3015 2171 3052 ea
2230 2999 2362 3051 urbe
2413 2999 2521 3050 nati
2572 3007 2748 3050 erant.
2819 2996 2892 3048 Ea
2935 2998 3117 3064 igitur.
3155 3014 3275 3066 qua:
3327 2999 3394 3052 ab
3441 3000 3575 3064 ipsis

2001 3098 2161 3142 noctu
2190 3088 2605 3142 celebrabantur
2647 3096 2810 3155 atque
2859 3088 3272 3154 peragebantur,
3319 3103 3371 3141 ιιι
3409 3099 3568 3167 nocte

1999 3180 2183 3247 digna,
2239 3178 2478 3232 interdiu
2535 3193 2971 3232 commemorare
3024 3194 3109 3231 me
3164 3181 3349 3247 pudet,
3413 3189 3576 3248 atque

1998 3285 2061 3322 ex
2119 3267 2461 3336 turpitudine
2523 3267 2842 3337 mysterium
2903 3267 3312 3336 quodammodo
3373 3269 3573 3338 facere,

1998 3359 2258 3412 nimirum
2285 3359 2373 3412 die
2405 3359 2543 3413 festo
2573 3358 2892 3411 memoriam
2922 3372 3112 3412 eorum
3147 3359 3412 3413 faciendo.
3439 3360 3575 3416 Nota

1999 3461 2127 3508 sunt
2159 3451 2276 3506 haec
2302 3450 2501 3505 Graecae
2532 3450 2936 3520 superstitionis
2964 3449 3360 3519 bierophantis,
3385 3450 3438 3504 id
3471 3461 3576 3516 est,

1998 3541 2308 3595 divinorum
2358 3544 2706 3594 oraculorum
2755 3540 3098 3595 antistitibus
3142 3550 3306 3609 atque
3335 3541 3577 3596 doctori-

1999 3631 2122 3694 bus,
2174 3631 2376 3699 quibus
2414 3631 2714 3685 inviolabili
2774 3631 2887 3701 lege
2923 3632 3270 3686 interdictum
3321 3643 3460 3698 erat,
3509 3649 3576 3686 ne

1999 3721 2114 3775 haec
2143 3719 2308 3790 atque
2337 3721 2654 3790 hujnsmodi
2691 3724 2948 3793 mysteria
2983 3725 3126 3792 apud
3177 3737 3292 3786 eos,
3347 3725 3440 3792 qui
3492 3725 3576 3777 bis

1997 3814 2170 3870 sacris
2202 3814 2425 3868 minime
2454 3815 2653 3869 initiati
2685 3825 2887 3879 essent,
2941 3817 3280 3886 evulgarcut.
3327 3817 3406 3870 Ac
3451 3831 3575 3885 pro-

1998 3909 2138 3963 fecto
2178 3909 2395 3964 silentio
2428 3926 2645 3979 quoque
2687 3910 2850 3982 digna
2901 3920 3058 3966 erant
3110 3920 3329 3981 propter
3379 3912 3575 3966 imma-

1996 4016 2119 4054 nem
2142 4001 2217 4054 rei
2247 4001 2660 4054 obscenitatem.

2067 4092 2201 4147 Ibid.
2230 4093 2292 4148 (Ι.
2349 4092 2462 4146 Nec
2502 4093 2744 4146 Bacchus
2786 4095 2894 4149 Ιιιεε
2937 4103 3121 4149 nostra
3156 4095 3433 4163 mysteria,
3467 4100 3574 4147 etc.

1995 4184 2224 4254 Jupiter,
2255 4199 2379 4238 cum
2415 4183 2630 4238 Semele
2664 4185 2852 4238 Cadmi
2881 4185 3265 4239 Thebanorum
3295 4186 3435 4250 regis
3469 4184 3577 4237 filia

1997 4291 2348 4344 congressus,
2404 4277 2682 4344 gravidam
2730 4291 2848 4330 eam
2899 4276 3155 4329 reddidit.
3207 4274 3352 4328 Juno
3394 4283 3576 4327 autem

321 4358 489 4412 fuisse
516 4374 759 4440 narrant.
810 4365 877 4417 At
931 4366 1222 4436 Gregorius
1268 4367 1478 4432 Jovem,
1527 4380 1584 4424 nt
1635 4371 1888 4440 lapidem,
1928 4377 1968 4430 D
1999 4368 2172 4437 ipsius
2207 4385 2369 4431 uxor,
2419 4367 2686 4434 zelotypia
2737 4367 2964 4435 percita,
3012 4365 3079 4418 ad
3131 4365 3379 4418 Semelen
3424 4379 3581 4417 acce-

321 4464 351 4501 a
383 4448 620 4504 Saturno
658 4455 975 4508 devoratum
1003 4473 1124 4512 esse
1160 4459 1254 4512 ait.
1296 4458 1369 4511 Ex
1405 4475 1514 4528 quo
1546 4462 1894 4529 perspicuum

318 4549 403 4593 est
451 4555 573 4593 eum
653 4560 756 4596 non
818 4546 882 4598 ad
940 4547 1014 4601 rei
1070 4558 1237 4616 gestae
1317 4549 1513 4602 famam
1567 4552 1897 4619 respexisse,

279 4625 510 4682 'verum
567 4634 632 4685 ad
709 4634 928 4689 Saturni
985 4639 1318 4706 Opinionem.
1391 4640 1543 4695 Jovis
1602 4643 1783 4702 enim,
1842 4651 1900 4695 ιιι

318 4719 492 4775 ϐω·ρί
544 4725 765 4792 insuper
820 4728 1118 4798 ﬁngebant,
1170 4731 1306 4785 adeo
1361 4735 1513 4787 firma
1573 4743 1628 4787 et
1673 4735 1896 4787 robusta

317 4822 440 4868 erat
482 4829 702 4883 natura,
741 4831 798 4874 ut
827 4837 950 4874 cum
1003 4825 1103 4877 hoc
1151 4824 1494 4891 exploratum
1543 4825 1766 4879 haberet
1799 4827 1900 4878 Sa-

319 4913 536 4970 turnus,
575 4924 638 4963 ac
665 4909 925 4965 devorato
948 4912 1124 4981 lapide
1154 4915 1496 4968 renitentiam
1531 4914 1898 4982 duritiemque

322 4998 570 5062 sentiret,
600 5015 666 5054 eo
691 5003 862 5070 magis
886 5019 1204 5072 persuasum
1237 5007 1478 5064 haberet.
1503 5023 1561 5061 se
1578 5006 1766 5061 Jovem
1793 5009 1893 5060 de-

320 5103 794 5164 vorasse,propter
816 5099 1020 5151 naturae
1042 5099 1434 5162 ﬁrmitatem,et
1459 5101 1648 5164 robur,
1671 5115 1892 5168 pessum

316 5191 561 5237 euntem.
577 5183 934 5256 Jovemigitur
949 5200 1006 5242 ut
1022 5191 1584 5262 lapidemldevoratum
1599 5190 1902 5246 esseTheo—

318 5269 480 5338 logus
513 5275 668 5338 dixit,
698 5278 764 5329 ad
799 5280 1110 5339 devorantis
1138 5280 1446 5348 opinionem
1484 5279 1804 5348 respiciens.

338 5415 345 5420 _
396 5363 531 5417 Ibid.
566 5365 628 5420 Β.
681 5367 794 5421 Nec
840 5369 1129 5439 Phrygum,
1165 5381 1271 5428 etc.
1348 5372 1406 5424 In
1451 5354 1684 5441 Phrygia
1736 5368 1900 5424 Rheae

323 5453 613 5509 delubrum
649 5469 788 5524 erat,
825 5461 876 5512 in
909 5477 1018 5528 quo
1056 5459 1296 5530 Phryges
1329 5461 1523 5516 festum
1563 5462 1900 5516 celebrantes

323 5544 549 5614 genitali
601 5550 844 5602 membro
890 5551 1300 5615 excidebautur,
1353 5553 1681 5607 calamitatis
1732 5553 1903 5620 ipsius

326 5637 568 5706 speciem
601 5642 987 5710 exprimentes,
1019 5643 1070 5695 in
1101 5644 1402 5715 quanrilla,
1443 5643 1568 5699 ﬁliis
1597 5659 1626 5698 a
1660 5642 1901 5697 Saturno

2001 4457 2155 4519 deus,
2193 4473 2312 4510 eam
2357 4457 2703 4511 vehementer
2737 4455 2996 4524 opinione
3027 4452 3145 4506 falli
3180 4454 3276 4517 ait,
3310 4454 3355 4508 si
3387 4453 3577 4507 Jovem

1997 4566 2117 4604 esse
2149 4549 2445 4610 existimet,
2497 4551 2590 4617 qui
2640 4563 2765 4602 cum
2815 4561 2881 4600 eo
2911 4547 3084 4615 stupri
3121 4547 3574 4600 consuetudinem

2002 4640 2218 4701 habeat,
2271 4639 2482 4692 mortali
2532 4639 2789 4708 quopiam
2844 4652 2967 4690 cum
3013 4653 3076 4691 ea
3123 4637 3570 4706 congrediente:

2001 4733 2218 4799 ipsique
2253 4733 2523 4797 persuasit
2558 4740 2638 4794 ut,
2685 4732 2729 4784 si
2791 4730 3090 4800 periculum
3131 4728 3312 4783 facere
3357 4745 3420 4783 ac
3464 4744 3566 4783 co-

1999 4835 2266 4889 gnosccre
2304 4822 2482 4884 vellet,
2511 4838 2640 4874 num
2669 4837 2792 4876 vere
2826 4820 3034 4890 Jupiter
3068 4829 3232 4886 esset,
3261 4820 3330 4875 ab
3375 4836 3440 4874 eo
3485 4835 3582 4890 pe-

2001 4923 2156 4975 teret,
2213 4923 2271 4966 ut
2321 4929 2444 4966 cum
2495 4913 2702 4980 fulgore
2751 4928 2815 4967 ac
2846 4913 3082 4966 tonitruo
3111 4928 3222 4966 rem
3257 4927 3441 4980 secum
3475 4913 3576 4964 ba-

2002 5001 2170 5062 beret,
2196 5001 2653 5070 quemadmodum
2683 5010 2881 5055 etcum
2908 4999 3125 5054 Junone
3149 4999 3324 5054 facere
3353 5000 3573 5055 soleret.

2005 5095 2060 5148 Id
2095 5094 2258 5162 igitur
2285 5111 2407 5160 cum
2458 5093 2672 5147 Semele
2706 5090 3209 5161 petiisset,Jupiter
3261 5106 3384 5146 cum
3439 5092 3579 5144 toni-

2005 5197 2151 5245 truo,
2205 5193 2262 5236 ut
2291 5195 2374 5236 est
2403 5185 2454 5236 in
2499 5182 2716 5244 fabulis,
2755 5182 2819 5234 ad
2853 5197 2972 5234 eam
3011 5181 3176 5248 venit,
3221 5190 3384 5248 atque
3408 5179 3578 5234 invito

2006 5276 2189 5328 animo
2238 5289 2356 5325 eam
2411 5273 2798 5332 concremavit,
2851 5273 3200 5340 dissecloque
3237 5271 3356 5340 ejus
3390 5281 3577 5322 ventre

2004 5366 2170 5420 fetum
2205 5365 2404 5417 adhuc.
2435 5363 2620 5416 rudem
2654 5363 2864 5427 eduxit,
2901 5362 3200 5430 femorique
3242 5377 3363 5423 suo,
3413 5375 3574 5428 quem

2008 5457 2294 5519 inciderat,
2348 5456 2629 5523 imposuit,
2688 5467 3008 5525 partemque
3060 5454 3287 5506 incisam
3336 5450 3576 5516 consuit,

2008 5560 2172 5617 atque
2226 5547 2453 5614 expletis
2513 5547 2892 5616 praegnationis
2941 5543 3130 5597 diebus
3175 5539 3433 5594 infantem
3485 5556 3582 5593 ειν

2011 5643 2151 5707 tulit,
2187 5641 2606 5711 Dionysiamque
2638 5639 2956 5696 nominavit.
2984 5636 3166 5704 Itaque
3202 5635 3420 5691 Graecos
3445 5651 3577 5703 sug-
