4064 6274
539 210 676 272 1219

533 411 800 472 lxantur,
869 424 1211 478 nequaquam
1263 409 1331 462 iis
1386 409 1583 462 similia
1644 421 1808 472 sunt,
1873 423 1996 476 qua:
2045 408 2112 460 de

533 501 745 554 Baccho
776 500 916 568 apud
943 501 1169 567 gentiles
1199 509 1723 559 commemorantur,
1757 498 1850 566 qui
1879 497 2098 567 quidem

531 590 752 644 semivir
780 598 919 650 erat,
973 597 1163 654 utpote
1195 602 1340 640 nunc
1368 602 1430 650 ea
1464 601 1585 654 quae
1617 591 1839 655 propria
1869 588 2108 640 virorum

533 692 679 742 sunt,
741 679 966 738 faciens,
1023 694 1168 730 nunc
1213 678 1374 730 etiam
1435 677 1668 745 patiens,
1724 693 1845 746 qua:
1893 677 2111 731 feminis

533 771 889 823 conveniunt.
930 765 1039 820 Nec
1076 767 1252 820 femur
1290 765 1443 821 JOvis
1473 768 1808 836 parturiens,
1837 784 1901 821 ac
1970 784 2108 837 pra:-

537 865 817 933 gnantium
869 879 1022 917 more
1073 862 1392 933 Dionysium
1423 875 1663 932 gestans,
1706 864 1883 916 adhuc
1923 867 2108 918 rudem

533 956 704 1008 fetum
754 955 1106 1007 etsistentcm
1169 971 1183 1007 :
1238 956 1698 1023 quemadmodum
1751 966 1907 1008 antea
1963 953 2112 1008 Jovis

531 1057 691 1113 caput
729 1047 892 1098 alium
931 1048 1220 1115 quemdam
1287 1047 1456 1100 fetum
1503 1049 1854 1116 patturierat.
1903 1046 2106 1100 Miner-

531 1156 652 1191 vam
689 1139 833 1192 enim
866 1139 1050 1193 ferunt
1081 1156 1143 1193 ex
1190 1138 1340 1193 Jovis
1369 1140 1548 1207 capite
1596 1141 1892 1194 intersecto
1924 1150 2103 1193 natant

530 1245 671 1283 esse.
725 1229 894 1284 Porro
939 1233 1086 1285 circa
1141 1231 1454 1300 Dionysium
1507 1232 1725 1300 quidam
1768 1232 1894 1285 vino
1927 1232 2106 1285 obruti

530 1333 583 1372 et
637 1322 818 1374 furore
871 1323 1111 1390 correpti
1162 1324 1393 1376 choreas
1427 1324 1678 1392 agebant,
1731 1339 1794 1377 ac
1819 1323 2105 1376 militarem

528 1412 926 1474 expeditionem
980 1413 1226 1465 obibant.
1281 1414 1350 1464 At
1400 1411 1645 1466 Thebani
1691 1419 1988 1481 praesertim
2029 1412 2109 1480 ip-

540 1518 661 1554 sum
715 1503 982 1564 «olebant,
1034 1503 1328 1556 tonitruum
1361 1518 1580 1572 quoque
1608 1503 1741 1557 illud
1775 1503 2107 1558 venerationi

529 1594 811 1656 habentes,
863 1609 971 1662 quo
1004 1595 1214 1647 Semele
1253 1595 1412 1663 hujus
1449 1607 1622 1648 mater
1653 1594 2102 1665 conflagraverat.

1951 205 2330 265 ADDENDA.

530 323 730 391 gilla-vs
765 319 1098 388 Theologus,
1155 319 1230 374 ait
1265 338 1278 375 :
1313 319 1417 383 Ea,
1477 333 1601 388 quae
1644 318 1788 387 apud
1821 333 1920 372 nos
1968 320 2110 373 cele-
2139 326 2182 379 Α
2213 317 2557 370 divertehant
2579 354 2595 379 ,
2657 315 2966 385 jugulahat.

3677 203 3848 269 1320

3054 315 3124 370 At
3188 331 3320 372 vero
3381 316 3841 386 Lacedaemonii,

2213 404 2394 458 Diana:
2447 405 2708 468 cultores,
2761 404 2814 457 in
2867 403 3038 473 ipsius
3091 407 3356 458 honorem
3398 405 3600 460 festum
3663 409 3840 463 cele-

2214 496 2466 558 brabant,
2525 495 2578 547 in
2632 509 2740 564 quo
2791 497 3175 549 adolescentes
3223 495 3548 552 verberibus
3599 513 3833 568 corpus

2213 587 2651 654 proscindentes,
2688 602 2836 640 aram
2868 602 3066 641 cruore
3099 587 3527 655 profundebant,
3579 593 3825 648 virtutis

2212 691 2327 730 sua:
2358 679 2858 746 magnitudinisque
2921 678 3090 731 animi
3135 679 3412 747 specimen
3461 681 3821 745 exhibentes,

2210 768 2621 822 acvulneribus
2671 769 3010 838 perferendis
3067 769 3282 838 seipsos
3345 771 3814 839 assuefacientes,

2215 867 2272 912 ut
2302 859 2510 912 scilicet
2539 859 2762 912 vulnera
2800 860 2853 912 in
2903 859 3058 914 bellis
3088 872 3309 929 accepta
3357 871 3813 916 contemnerent.

2197 938 2388 1015 ’Atque
2437 963 2556 1001 eam
2615 948 2929 1017 huiusmodi
2982 950 3131 1002 cultu
3191 951 3695 1018 prosequebantur,
3754 963 3814 1006 ut

2212 1034 2533 1092 fortitudine
2566 1048 2937 1106 praestantem,
2991 1055 3090 1092 nec
3143 1055 3172 1092 a
3227 1038 3495 1109 Cupidine
3554 1059 3808 1111 unquam

2211 1127 2437 1182 fractam
2475 1146 2538 1184 ac
2592 1143 2929 1200 superatam.
2986 1131 3048 1184 lli
3101 1148 3282 1200 porro,
3338 1152 3463 1188 cum
3495 1141 3722 1193 caeteris
3757 1140 3807 1194 in

2211 1220 2374 1274 rebus
2432 1221 2600 1273 animi
2653 1222 2847 1275 robore
2899 1233 3241 1290 praestarent,
3291 1239 3355 1278 ac
3389 1226 3527 1278 mira
3561 1229 3804 1294 quadam

2211 1309 2498 1362 tolerantia
2525 1312 2738 1365 labores
2770 1321 2823 1364 et
2859 1312 3124 1365 militares
3156 1326 3432 1366 aerumnas
3459 1314 3802 1382 perferrent,

2211 1400 2264 1452 iu
2301 1404 2404 1454 hoc
2435 1416 2547 1454 uno
2574 1403 3026 1472 magnanimitate
3053 1418 3152 1456 sua
3179 1402 3447 1472 flagitiose
3479 1407 3800 1472 utebantur,

2210 1492 2356 1561 quod
2405 1492 2608 1547 frustra
2663 1508 2786 1548 Sese
2843 1494 3098 1557 invicem,
3151 1496 3304 1562 quasi
3355 1495 3564 1561 hostes,
3616 1499 3801 1568 ﬂagris

2211 1584 2648 1646 conscinderent,
2694 1600 2758 1639 ac
2782 1600 2876 1654 per
2928 1586 3241 1655 hujusutodi
3294 1603 3383 1642 res
3427 1601 3649 1658 gratum
3689 1591 3796 1646 Deo

616 1685 733 1737 Col.
755 1687 856 1739 53:5
877 1685 938 1740 C.
961 1684 1073 1738 Nec
1098 1688 1414 1751 meretricia,
1437 1697 1540 1741 etc.
1567 1687 1797 1758 Finguut
1814 1699 1985 1758 poeta:
2003 1691 2101 1744 Ea-

2215 1676 2417 1728 cultum
2453 1690 2575 1731 sese
2609 1677 2868 1730 exhibere
2906 1679 3304 1732 arbitrarentur
3342 1698 3356 1734 :
3391 1695 3516 1734 cum
3569 1683 3719 1738 lenis
3745 1695 3794 1738 et

528 1787 744 1829 turnum
762 1780 1022 1831 adversus
1037 1778 1245 1832 Canum
1267 1790 1469 1848 patrem
1491 1779 1798 1845 rebellasse,
1819 1794 2108 1850 partesque

528 1869 701 1937 ipsius
741 1868 1020 1938 pudendas
1071 1870 1364 1932 excidisse,
1422 1877 1586 1938 atque
1640 1870 1693 1923 in
1747 1886 1898 1925 mare
1929 1873 2107 1941 proje-

527 1963 709 2026 cisse,
770 1962 1112 2031 fructumque
1172 1963 1392 2016 obsceni
1458 1963 1602 2016 illius
1663 1965 1888 2018 membri
1945 1979 2107 2031 atque

528 2052 860 2105 rxseetiouis
910 2050 1172 2105 Venerem
1221 2053 1516 2106 exstitisse.
1579 2056 1754 2121 Atque
1801 2054 1903 2108 hoc
1947 2056 2107 2108 modo

528 2145 644 2212 ipsa
699 2145 928 2211 turpiter
993 2144 1268 2213 progenita
1329 2153 1432 2198 est.
1497 2142 1816 2214 Rursusque
1880 2146 2107 2214 turpiter

529 2234 828 2286 honoratur
878 2249 977 2302 per
1032 2234 1333 2300 flagitiosus
1379 2234 1700 2289 concubitus
1738 2246 1900 2303 atque
1943 2252 2106 2290 exse-

523 2324 729 2377 cranda
774 2326 1050 2393 mysteria.
1097 2323 1216 2376 Jam
1265 2339 1392 2376 vero
1432 2339 1556 2376 cum
1593 2324 1837 2378 Bacchus
1870 2325 1936 2378 ad
1967 2325 2102 2379 infe-

527 2433 616 2470 ros
668 2419 998 2470 descendere
1049 2426 1293 2485 cuperet,
1349 2419 1558 2485 iterque
1615 2417 1908 2485 ignoraret,
1971 2419 2101 2473 ado-

527 2507 740 2560 lcSCens
768 2507 988 2575 quidam
1020 2505 1359 2576 Prosymnus
1395 2507 1616 2559 nomine
1649 2507 1752 2560 hac
1794 2507 2104 2562 conditione

526 2597 667 2649 viattt
697 2599 744 2650 ei
771 2597 1138 2650 indicaturum
1168 2612 1226 2650 se
1259 2597 1535 2666 pollicitus
1560 2608 1664 2660 est,
1695 2599 1740 2652 si
1771 2613 1868 2667 pro
1893 2599 2104 2656 itineris

443 2705 448 2712 λ
523 2687 940 2741 eommoustrati
991 2688 1236 2755 pranuio,
1292 2688 1542 2755 corporis
1595 2688 1679 2741 sui
1731 2690 1946 2756 copiam
2001 2691 2101 2759 ipsi

527 2779 752 2831 faceret.
821 2778 914 2831 Ille
984 2793 1110 2830 vero
1161 2796 1220 2832 se
1268 2793 1467 2847 corpus
1513 2794 1672 2833 suum
1704 2782 1771 2832 ad
1819 2781 2099 2834 libidinem

525 2870 630 2939 ipsi
680 2872 1075 2939 permissurum
1140 2873 1364 2941 recepit,
1416 2874 1460 2927 si
1517 2873 1587 2926 ab
1637 2873 1824 2929 inferis
1879 2874 2097 2928 rediret.

525 2963 801 3018 liex'crsus
849 2963 1012 3032 igitur
1059 2980 1180 3017 cum
1238 2963 1598 3033 Prosymnum
1645 2981 1751 3018 non
1805 2967 2166 3049 invenissctc
2209 2959 2523 3024 “lebanllﬂ'.

524 3055 792 3125 (extremo
820 3057 962 3108 enim
997 3056 1119 3109 vita:
1145 3056 1233 3109 die
1273 3058 1590 3124 perfunctus
1625 3060 1762 3124 erat)
1806 3056 2099 3111 ﬁculncum

526 3165 740 3201 ramum
803 3149 1045 3202 excisum
1118 3148 1170 3201 itt
1235 3149 1488 3217 genitalis
1551 3151 1779 3203 membri
1859 3150 2094 3204 fortnam

524 3241 748 3310 etlingit,
804 3256 867 3294 ac
918 3256 1073 3294 ratno
1109 3241 1328 3295 insidet.
1363 3241 1436 3292 Ita
1465 3242 1720 3309 promissi
1757 3243 1916 3296 fidem
1952 3260 2102 3297 mor-

526 3346 618 3387 tuo
662 3343 900 3402 praestat.
943 3333 1000 3387 In
1053 3333 1215 3400 hujus
1247 3332 1430 3399 flagitii
1480 3344 1889 3387 monumentum
1925 3333 2099 3390 Phalli

525 3442 618 3495 per
649 3427 810 3478 urbes
842 3424 1099 3492 Dionysio
1129 3425 1502 3489 erigebantur.
1556 3422 1726 3475 l‘halli
1763 3435 1942 3477 autem
1972 3434 2102 3480 sunt.

523 3518 787 3586 genitales
817 3528 1018 3586 partes,
1067 3531 1189 3584 quae
1231 3515 1394 3567 etiam
1427 3515 1556 3583 ipsa:
1585 3513 1872 3584 lthyphalli
1905 3516 2098 3571 dicun-

524 3623 629 3674 tur,
658 3612 801 3679 quud
837 3623 995 3664 reetze
1021 3623 1086 3663 ac
1111 3608 1296 3678 rigidae
1328 3609 1636 3661 tendantur.

594 3704 714 3758 Col.
749 3702 966 3756 539.A.
1024 3700 1136 3756 Nec
1183 3701 1483 3754 Taurorum
1536 3704 1742 3773 feritas,
1791 3712 1895 3757 etc.
1959 3701 2094 3757 Cum

521 3795 694 3850 (ἔγειεεὶ
727 3794 948 3862 Trojain
1006 3792 1220 3847 infestis
1275 3793 1443 3846 armis
1497 3802 1780 3862 peterent,
1829 3806 1991 3862 atque
2041 3795 2094 3846 iu

522 3886 754 3948 Aulide,
819 3885 912 3950 qui
966 3885 1184 3938 Boeotiae
1233 3884 1381 3936 locus
1455 3893 1572 3947 est,
1652 3900 1775 3937 cum
1842 3887 2099 3938 omnibus

523 3978 697 4042 copiis
732 3977 946 4029 collecti
993 3989 1198 4039 essent,
1252 3984 1398 4027 tanta
1452 3975 1739 4041 navigandi
1800 3976 2098 4029 incommo-

523 4071 666 4122 ditas
696 4083 725 4121 a
763 4067 933 4121 Diana
967 4068 1209 4120 immissa
1262 4077 1364 4132 est,
1403 4079 1458 4120 ut
1503 4069 1680 4120 innuis
1714 4083 1902 4121 eorum
1939 4083 2096 4122 exer-

521 4164 666 4217 citus
696 4162 809 4214 ilhc
840 4161 1194 4214 detineretur.
1238 4160 1385 4213 llanc
1411 4169 1594 4213 autem
1642 4159 1712 4213 ob
1742 4176 1963 4214 causam
2014 4161 2095 4214 ira

522 4265 787 4308 succensa
832 4260 971 4314 erat,
1007 4251 1152 4319 quod
1183 4253 1577 4319 Agamemnon,
1630 4266 1753 4303 cum
1789 4267 2006 4305 cervum
2041 4253 2093 4305 in

2209 1768 2449 1822 clemens
2507 1770 2578 1823 sit
2632 1784 2795 1823 verus
2827 1768 2992 1834 Deus,
3047 1785 3149 1825 nec
3203 1786 3402 1826 cruore
3456 1774 3788 1830 delectetur.

2207 1859 2384 1928 Atque
2443 1861 2606 1914 etiam
2669 1861 2808 1914 citra
2868 1877 3085 1916 omnem
3141 1864 3532 1917 verecundiam
3592 1881 3791 1935 corpus

2207 1951 2551 2021 detegebant,
2610 1954 3019 2022 impudentique
3078 1956 3379 2024 petulantia
3440 1958 3790 2012 nudabantur

2209 2041 2485 2111 Spartani,
2543 2044 2733 2112 sicque
2787 2044 2840 2096 in
2894 2044 3137 2097 omnium
3193 2046 3365 2099 oculis
3421 2048 3792 2104 caedebantur.

2207 2137 2371 2205 Atqui
2398 2137 2520 2190 talis
2554 2135 2854 2190 denudatio
2880 2151 3072 2205 parum
3097 2137 3294 2190 decora
3323 2148 3379 2191 et
3414 2140 3650 2194 honesta
3682 2144 3789 2194 vir-

2206 2231 2316 2301 gini
2345 2231 2514 2284 videri
2537 2242 2735 2298 posset.
2759 2231 3024 2297 Quocirca
3057 2233 3100 2286 si
3121 2233 3345 2286 Dianam
3371 2233 3448 2287 illi
3480 2235 3535 2288 in
3562 2236 3784 2290 dearum

2206 2335 2432 2375 numero
2469 2323 2757 2385 habebant,
2817 2338 2881 2377 ac
2912 2323 3136 2390 proinde
3169 2324 3347 2378 lenem
3399 2326 3787 2397 hominumque

2206 2422 2480 2466 amantem
2531 2414 2941 2478 esistimabaut,
2999 2429 3241 2484 quonam
3280 2416 3446 2470 modo
3505 2421 3782 2488 sanguinis

2206 2502 2520 2572 profusione
2573 2520 2692 2558 eam
2734 2506 3014 2571 delectari,
3061 2521 3125 2560 ac
3180 2507 3281 2562 rite
3316 2509 3424 2561 coli
3481 2511 3785 2577 putabant?

2206 2595 2413 2648 ltursus
2444 2597 2491 2650 si
2539 2598 2803 2666 virginem
2833 2612 2955 2652 esse
2982 2598 3297 2664 credebant,
3346 2615 3447 2653 cur
3499 2601 3781 2657 obscenis-

2207 2687 2343 2738 sime
2372 2685 2837 2740 deuudabantur?
2886 2687 3020 2740 Nam
3062 2687 3226 2742 iidetu
3269 2699 3324 2744 et
3371 2691 3660 2746 mollitiem
3691 2697 3780 2747 ho-

2207 2778 2327 2829 nOri
2392 2777 2730 2840 habuerunt,
2792 2777 3045 2849 Syssitia,
3102 2781 3204 2835 hoc
3255 2790 3361 2842 est,
3409 2785 3632 2851 publica
3661 2802 3782 2838 con-

2205 2870 2346 2922 vivia
2400 2871 2772 2934 celebrantes,
2834 2871 2889 2924 in
2940 2872 3140 2939 quibus
3192 2870 3353 2926 foedis
3413 2877 3778 2944 voluptatibus

2616 2963 2902 3030 turpiaque
2958 2961 3191 3030 flagitia,
3249 2974 3305 3016 et
3383 2963 3677 3030 faciebant,
3731 2977 3779 3022 et

2205 3057 2594 3125 patiebantur,
2678 3073 3084 3128 puerorumque
3164 3073 3322 3113 amor
3379 3062 3523 3129 apud
3580 3078 3676 3118 eos
3728 3067 3774 3114 iu

2204 3164 2421 3204 summo
2453 3151 2627 3218 pretio
2679 3159 2733 3204 et
2763 3152 3240 3204 counnendatione
3279 3163 3399 3206 erat
3437 3173 3451 3207 :
3486 3166 3538 3208 et
3571 3157 3774 3209 caeteris

2205 3241 2258 3295 iu
2293 3242 2459 3296 rebus
2491 3244 2735 3295 audacia:
2762 3241 2996 3312 insignis
3025 3255 3347 3312 argumenta
3396 3246 3618 3311 dabant,
3666 3249 3772 3302 sic-

2203 3348 2309 3401 que
2365 3333 2419 3386 in
2491 3333 2802 3387 c0ntrarios
2853 3333 3080 3387 allectus
3133 3335 3470 3390 incidebant.
3540 3339 3770 3393 Audaci:

2201 3427 2343 3480 enim
2370 3437 2424 3480 et
2455 3426 2708 3481 mollities
2748 3442 2811 3479 ex
2850 3427 3117 3480 diametro
3148 3428 3288 3481 inter
3323 3444 3382 3482 se
3421 3441 3677 3498 pugnant.

2273 3519 2406 3571 Ibid.
2449 3517 2577 3572 Jam
2634 3518 2844 3588 Pelopis
2897 3519 3324 3581 dilaniatiuuem,
3360 3530 3465 3573 etc.
3512 3521 3769 3578 Tantalus

2199 3608 2354 3665 .lovis
2394 3611 2538 3664 titius
2569 3611 2701 3664 deos
2731 3611 3006 3679 quondam
3054 3611 3279 3679 hospitio
3320 3613 3598 3678 accepisse
3632 3614 3776 3667 dici-

2202 3714 2308 3766 tur,
2343 3701 2627 3771 filiumque
2659 3702 2912 3770 Pelopem
2951 3711 3237 3755 mactatum
3265 3716 3325 3754 ac
3352 3698 3575 3754 ferventi
3618 3717 3763 3769 aqua

2200 3802 2415 3866 coctum
2468 3792 2600 3860 ipss
2649 3791 2975 3860 apposuisse
3005 3809 3017 3843 :
3058 3807 3163 3845 eos
3194 3802 3388 3853 autem,
3420 3805 3622 3845 novum
3657 3793 3764 3846 bo~

2200 3884 2512 3952 spitalitatis
2554 3899 2728 3954 genus
2782 3885 3121 3947 admiratos,
3171 3884 3418 3952 Pelopem
3474 3885 3543 3938 ad
3603 3886 3772 3940 vitam

2200 3994 2486 4033 revocasse
2521 3998 2533 4032 :
2565 3988 2620 4032 et
2661 3979 2790 4047 quia
2826 3978 2940 4031 sola
2973 3977 3138 4032 Ceres
3180 3979 3393 4032 humeri
3431 3991 3635 4049 partem
3667 3997 3773 4035 co-

2201 4074 2463 4136 mederat,
2530 4079 2739 4139 partem
2786 4071 2934 4123 illam
2983 4083 3203 4124 exesam
3259 4071 3560 4125 eburneam
3617 4089 3771 4142 repo-

2201 4165 2401 4228 soisse,
2436 4175 2598 4230 atque
2649 4163 2722 4215 ita
2758 4161 3043 4230 l’el0pidas
3073 4162 3142 4213 ab
3173 4177 3239 4214 eo
3273 4164 3541 4218 oriundos
3584 4167 3766 4219 hume-

2202 4270 2320 4307 rum
2354 4255 2655 4306 eburncum
2697 4254 2914 4305 habere.
2949 4250 3075 4304 Tria
3112 4252 3278 4320 igitur
3318 4253 3422 4306 hoc
3451 4254 3568 4307 Ιορυ
3605 4253 3773 4308 Theo~

521 4346 810 4398 venatione
861 4345 968 4397 telo
1021 4344 1367 4404 cool'ecisset,
1394 4344 1608 4412 gloriari
1647 4360 1815 4398 ausus
1867 4355 1971 4408 est,
2027 4360 2095 4398 ne
2129 4339 2174 4394 Ι)
2206 4349 2357 4414 logus
2391 4345 2642 4414 suggillat
2687 4355 2741 4397 et
2791 4343 3107 4406 insectatur,
3153 4343 3382 4397 deorum
3445 4346 3664 4410 famem,
3719 4358 3773 4401 u'.

523 4439 694 4504 ipsam
725 4436 942 4504 quidem
993 4437 1212 4488 Dianam
1266 4435 1379 4503 pari
1415 4436 1734 4489 dexteritate
1763 4439 1928 4489 telum
1963 4437 2098 4490 mis-

524 4543 708 4580 suram
740 4527 930 4582 fuisse.
986 4526 1123 4578 Cum
1169 4535 1348 4578 autem
1383 4527 1748 4582 invalescente
1781 4538 2099 4596 tempestate

525 4620 808 4673 oraculum
883 4620 1287 4679 consulerent,
1362 4632 1696 4686 causamque
1779 4619 1938 4686 hujus
2020 4621 2097 4673 rei

527 4712 981 4772 sciscitarentur,
1049 4723 1372 4775 responsum
1438 4711 1747 4778 accipiunt,
1815 4726 2096 4779 nunquam

528 4801 657 4853 mali
697 4799 857 4864 hujus
904 4798 1063 4850 finem
1115 4802 1540 4868 exspectandum
1593 4817 1738 4862 esse,
1798 4801 1902 4855 nisi
1953 4802 2100 4871 Aga-

529 4905 785 4944 memnon
824 4891 944 4942 lilia:
971 4905 1082 4942 sua:
1112 4892 1257 4944 catde
1288 4891 1515 4945 Dianam
1553 4891 1811 4960 placaret.
1868 4891 2101 4948 Persua-

529 4999 628 5037 sus
681 4981 844 5046 igitur
903 4984 1279 5051 Agamemnon
1328 4984 1491 5034 filiam
1545 4997 1700 5033 suatn
1765 4981 2096 5053 Iphigeniam

529 5073 713 5127 Diana:
762 5075 1098 5127 mactaudatn
1149 5074 1316 5128 sistit.
1368 5071 1532 5123 Diana
1585 5084 1766 5125 autem
1808 5075 2094 5144 virginem,

531 5167 680 5220 necis
715 5167 952 5234 periculo
986 5178 1248 5234 ereptam,
1297 5165 1362 5217 ad
1425 5161 1635 5218 Tauros
1661 5167 1842 5218 emisit
1907 5167 2097 5236 (Tauri

528 5273 710 5315 autem
759 5261 811 5314 in
849 5260 1060 5313 Boi-eali
1111 5270 1262 5326 parte
1307 5268 1362 5309 et
1413 5253 1662 5326 Scythica
1701 5257 1967 5321 habitant,
2009 5259 2096 5312 ubi

531 5353 712 5406 Dianae
759 5352 1045 5406 delubrum
1101 5347 1226 5416 est),
1259 5363 1322 5400 ac
1366 5361 1460 5416 pro
1514 5347 1722 5417 virgine
1765 5364 1984 5400 cervum
2032 5349 2099 5402 ad

526 5446 728 5500 eaedem
762 5440 1064 5496 substituit.
1098 5440 1177 5491 Ad
1211 5439 1355 5492 hunc
1387 5440 1548 5507 igitur
1572 5441 1790 5492 ntodum
1822 5438 2095 5508 Iphigenia

530 5537 671 5605 apud
703 5534 1106 5603 Tauroscythas
1153 5533 1408 5586 sacerdos
1462 5532 1639 5585 Dian.e
1688 5532 1939 5585 instituta
1989 5543 2094 5598 est,

528 5642 686 5694 aque
737 5640 926 5676 omnes
973 5623 1210 5686 ϐιιυςυε,
1257 5622 1348 5691 qui
1379 5622 1772 5692 peregrinando
1795 5623 1860 5676 ad
1889 5624 1990 5676 eal
2034 5641 2095 5678 ca

2203 4439 2306 4492 diis
2331 4438 2640 4506 indignam;
2670 4435 2884 4488 Tantali
2915 4435 3362 4501 hospitalitatem,
3397 4446 3457 4490 ut
3485 4438 3769 4490 immanem

2202 4539 2254 4584 et
2282 4529 2554 4584 crudelem
2579 4545 2593 4593 ;
2623 4529 2848 4582 deorum
2883 4527 3327 4595 approbationem
3375 4536 3538 4594 atque
3575 4529 3773 4581 admis-

2206 4623 2436 4684 sionem,
2475 4631 2532 4674 ut
2583 4620 3003 4672 inhumanitatis
3037 4619 3276 4686 plenam,
3332 4630 3518 4686 utpote
3547 4623 3640 4688 qui
3674 4627 3768 4675 hu-

2197 4713 2435 4785 jusmodi
2468 4713 2645 4779 epulis
2684 4711 2914 4764 libenter
2941 4713 3346 4778 exciperentur.

2273 4805 2405 4859 lbid.
2449 4803 2566 4868 Quo
2608 4804 2732 4856 item
2774 4801 2888 4856 loco
2935 4801 3198 4854 horrenda
3239 4810 3290 4854 et
3338 4802 3632 4871 caliginosa
3671 4802 3781 4858 Ile-

2202 4906 2331 4949 mttc
2387 4906 2633 4963 spectra.
2689 4902 2792 4946 etc.
2854 4893 3086 4943 Hecaten
3133 4891 3354 4958 quidam
3409 4889 3596 4943 lunam
3653 4906 3782 4946 esse

2202 4990 2356 5040 aiunt
2389 5001 2405 5038 :
2439 4983 2683 5038 nonnulli
2708 4982 2868 5034 aliam
2916 4981 3072 5034 deam
3100 4990 3263 5034 noctu
3308 4982 3781 5042 obambulantem,

2202 5079 2418 5131 leonum
2448 5091 2611 5130 curru
2639 5084 2866 5136 vectam,
2899 5086 2962 5126 ac
2987 5069 3334 5138 serpentibus
3365 5079 3419 5123 et
3441 5070 3782 5124 draconibus

2205 5170 2444 5238 turdique
2472 5169 2734 5230 cinctam,
2768 5175 2932 5232 atque
2957 5163 3260 5216 horrendas
3289 5161 3556 5229 quasdam
3592 5176 3780 5214 rerum

2202 5257 2413 5326 species
2439 5255 2806 5324 objicieutem,
2851 5267 3044 5320 nempe
3095 5251 3346 5305 homines
3385 5251 3654 5320 quosdam
3693 5251 3784 5305 in-

2202 5351 2398 5404 usitata
2455 5346 2830 5418 magnitudine
2868 5347 3045 5415 capita
3103 5346 3404 5399 draconqu
3462 5344 3778 5398 habentes:

2201 5444 2338 5496 adeo
2365 5451 2423 5494 ut
2454 5439 2758 5509 permultos
2804 5438 2994 5491 harum
3027 5451 3209 5490 rerum
3239 5445 3466 5504 aspectu
3500 5445 3780 5504 perterre-

2202 5535 2373 5587 factos
2415 5533 2466 5586 in
2503 5532 2742 5585 furorem
2791 5540 2957 5600 atque
3006 5529 3280 5583 insaniam
3329 5537 3472 5596 agat.
3525 5525 3778 5595 Tropho-

2201 5630 2324 5682 nius
2353 5636 2532 5680 autem
2567 5636 2736 5692 vates,
2773 5625 2960 5693 gloria:
3007 5621 3304 5693 cupiditate
3333 5621 3612 5684 incensus,
3647 5634 3773 5674 cum
