4048 6278
268 273 402 336 1221

1181 266 1498 329 NICETAS
1537 265 1616 326 ΙΝ
1657 264 1877 324 ΟΙὶΑΤ.
1924 257 2172 320 XXXiX
2212 259 2272 316 S.
2314 256 2544 315 GREG.

3374 250 3512 317 1222

271 383 363 434 ιινὶ
395 377 711 448 opinionem
764 375 908 446 apud
946 375 1192 431 homines
1222 376 1327 431 sibi
1376 374 1632 444 colligere
1677 387 1844 442 cupe—
1869 376 1915 436 Α
1947 370 2180 424 fortasse
2211 367 2494 420 hominum
2526 378 2704 418 mores
2732 361 3039 432 designant,
3070 363 3268 418 stultos
3291 365 3509 434 quidem

272 483 374 530 ret.
407 473 460 524 in
490 469 904 522 subterraneam
929 469 1217 536 quamdam
1254 483 1474 534 specum
1506 482 1564 522 se
1598 466 1839 529 inclusit,

275 564 462 632 ibique
494 561 658 614 vitam
703 559 885 612 finiit:
920 568 976 612 ut
1021 569 1373 628 posteaquam
1432 560 1682 614 inventus
1735 571 1840 610 non

273 662 442 716 esset,
475 652 527 704 iu
559 650 755 705 catlutn
783 651 1038 718 abreptus
1063 659 1371 718 putaretur.
1409 649 1629 703 Dzemon
1662 658 1842 701 autent

276 745 497 814 quidam
532 757 752 808 specum
786 742 1084 810 ingressus,
1120 750 1281 810 atque
1327 741 1379 794 itt
1418 755 1481 793 ea
1509 741 1843 795 domicilium

279 832 385 886 εἰμί
419 831 778 894 constituens,
813 831 1060 884 homines
1103 829 1342 894 fallebat,
1377 829 1748 898 Trophonium
1788 845 1848 883 se

278 940 401 976 esse
431 923 704 976 mentiens
737 941 750 976 :
786 931 948 989 atque
971 922 1189 974 oracula
1224 921 1435 975 edebat.
1477 922 1629 976 Unde
1658 923 1845 986 etiam,

279 1017 374 1086 qui
409 1016 462 1068 itt
497 1015 916 1068 subterraneum
950 1014 1081 1066 illttd
1129 1024 1345 1066 antrum
1382 1029 1440 1066 se
1469 1014 1846 1076 conferebant,

284 1107 543 1158 nonnulla
583 1103 801 1172 quidem
831 1104 1048 1156 oracula
1093 1103 1398 1156 referebant
1429 1121 1440 1154 :
1471 1113 1725 1156 cat-terum
1765 1119 1851 1156 re-

284 1201 434 1265 lipto
468 1197 614 1248 omni
644 1197 765 1248 vitae
793 1203 1035 1262 tempore
1058 1195 1242 1248 tristes
1275 1194 1682 1261 permanebant,
1715 1192 1845 1260 quia

287 1305 316 1342 a
356 1290 604 1341 dientoue
657 1286 806 1339 illusi
853 1285 1087 1338 fuerant.
1128 1283 1246 1337 Jam
1280 1300 1421 1349 ,vero
1480 1286 1531 1335 itt
1587 1282 1852 1336 Dodonzra

286 1379 504 1430 t'iviftttc
533 1389 770 1444 quercus
801 1382 917 1427 erat
951 1373 1101 1425 mira!
1135 1373 1475 1440 proceritatis
1522 1387 1584 1425 ae
1613 1371 1854 1440 pulchri-

288 1469 515 1530 tudinis,
551 1481 712 1534 quam
752 1465 962 1518 daemon
1009 1463 1340 1526 inhabitans,
1376 1465 1645 1532 garrulam
1677 1463 1855 1516 fatidi-

289 1573 520 1625 camque
559 1556 840 1610 reddebat.
876 1555 933 1608 In
957 1555 1175 1624 Delphis
1215 1564 1416 1621 autem,
1449 1553 1670 1608 Gratcia:
1698 1557 1852 1616 urbe,

289 1649 573 1718 Apollonis
613 1646 870 1714 templum
906 1655 1043 1709 erat,
1082 1660 1144 1698 ac
1185 1645 1354 1712 tripes
1403 1659 1586 1698 aeneus
1618 1645 1852 1713 ph‘alam

1944 471 1997 515 et
2025 459 2301 516 vecordes.
2335 471 2429 524 per
2462 471 2546 517 ea,
2589 470 2710 523 quae
2740 455 2920 507 anima
2951 461 3159 516 carent,
3196 453 3515 522 significau-

1945 558 2027 604 tt-s
2057 568 2070 603 :
2107 563 2198 618 per
2232 548 2374 601 feras
2408 557 2611 609 autem,
2645 545 2896 599 crudeles
2925 544 3174 598 homines
3208 543 3517 612 intelligen-

1949 654 2026 695 tes
2077 657 2261 710 :quos
2315 654 2506 694 o'nnes
2561 638 2787 691 canendi
2837 649 2954 689 arte
3004 635 3354 704 pertrahebat
3411 635 3518 690 Or-

1948 733 2142 801 pheus,
2177 743 2241 785 ut
2264 731 2436 784 Gra’ei
2465 730 2694 798 fingunt.

2023 824 2154 878 lbit'.
2208 822 2312 875 Nec
2365 819 2571 874 Mihi-te
2624 820 2834 889 justum
2884 819 3136 872 adversus
3191 833 3276 871 eos
3313 817 3516 885 suppli—

1949 930 2110 974 mtm,
2153 915 2264 982 qni,
2304 924 2406 965 etc.
2469 910 2720 963 Mithram
2767 909 3012 961 nonnulli
3066 909 3234 961 solem
3279 923 3399 960 esse
3428 907 3513 958 di-

1949 1015 2096 1056 cunt.
2137 1002 2272 1055 Huic
2303 1003 2438 1053 festa
2474 998 2891 1067 peragebantur,
2920 1012 2982 1050 ac
3027 996 3325 1065 prtcsertittt
3371 996 3512 1064 apud

1950 1092 2252 1144 Chaldteos.
2287 1090 2364 1142 Illi
2416 1098 2617 1153 autent,
2665 1089 2756 1156 qui
2805 1088 2969 1154 hujus
3003 1087 3184 1141 sacris
3233 1086 3514 1140 imbuendi

1950 1193 2124 1246 erant,
2182 1198 2276 1251 per
2338 1181 2622 1235 duodecim
2671 1179 3058 1248 suppliciorum
3109 1193 3306 1248 genera
3351 1177 3517 1231 duce-

1955 1273 2178 1334 bantur,
2217 1288 2405 1340 nempe
2440 1287 2532 1340 per
2562 1270 2782 1335 famem,
2820 1285 2913 1338 per
2955 1272 3155 1338 ignem,
3189 1286 3284 1338 per
3321 1269 3513 1337 frigus,

1955 1378 2050 1432 per
2090 1364 2336 1428 verbera,
2382 1363 2627 1431 aliosque
2664 1362 2826 1431 hujus
2868 1363 3080 1431 generis
3124 1363 3394 1415 cruciatus
3425 1363 3516 1429 ju-

1956 1466 2094 1509 stam
2154 1463 2334 1508 autem
2397 1455 2708 1523 hnjnsmodi
2763 1468 2978 1522 pmnam
3011 1454 3148 1506 dixit
3186 1453 3515 1524 Theologus,

1957 1550 2100 1613 quod
2141 1547 2225 1598 his
2279 1546 2562 1615 suppliciis
2611 1547 2806 1599 merito
2856 1546 3220 1610 aliiCerentur,
3265 1548 3355 1614 qui
3398 1547 3520 1600 tali-

1963 1641 2063 1695 bus
2122 1641 2286 1694 rebus
2337 1640 2493 1692 fidem
2546 1639 2826 1701 haberent,
2865 1648 2921 1691 ut
2966 1639 3265 1691 mercedem
3321 1638 3525 1693 erroris

290 1740 608 1801 maximam,
638 1752 871 1805 eamque
893 1751 1098 1790 aeneam
1131 1747 1378 1804 portans,
1413 1736 1464 1789 in
1495 1737 1651 1806 cujus
1682 1737 1857 1790 medio
1888 1711 2028 1784 B'ab
2061 1731 2216 1800 ipsis,
2253 1745 2484 1798 quorum
2517 1730 2686 1782 cultui
2714 1744 2771 1782 se
2805 1730 3162 1793 addixissent,
3193 1731 3520 1798 aet-ipercnt,

293 1827 510 1881 cochlea
547 1840 692 1879 :cnea
730 1835 948 1894 pertusa
984 1837 1162 1877 erecta
1211 1835 1348 1888 erat,
1388 1841 1453 1879 ex
1485 1841 1588 1894 qua
1637 1827 1856 1879 oracula

294 1917 611 1971 edebantur.
646 1915 720 1969 Ea
755 1931 914 1984 porro
941 1916 1278 1984 σοφίσματα,
1315 1915 1367 1968 id
1394 1924 1494 1978 est,
1528 1917 1860 1984 intposturas

296 2019 462 2076 atque
497 2006 822 2076 praestigias,
855 2005 1166 2075 Theologus
1196 2005 1430 2071 vocavit,
1464 2015 1649 2074 utpote
1677 2009 1858 2061 dubiis

296 2107 458 2163 atque
489 2093 713 2148 incertis
768 2095 1044 2161 responsis
1079 2093 1326 2147 homines
1358 2094 1592 2148 fallentia
1624 2105 1677 2148 et
1704 2097 1861 2150 dcluo

295 2185 497 2239 detttia.
543 2184 814 2239 Castalius
848 2185 1084 2252 denique
1134 2184 1254 2238 fons
1306 2193 1391 2238 est
1449 2185 1500 2238 itt
1547 2187 1858 2254 Antiochia,

303 2277 396 2342 qui
432 2291 555 2329 cum
583 2276 816 2329 stridore
861 2282 1024 2344 atque
1048 2275 1251 2344 impetu
1282 2288 1336 2329 et
1370 2275 1497 2329 ﬂatu
1537 2279 1754 2342 labitur,
1797 2295 1863 2332 ex

297 2382 408 2436 quo
442 2368 533 2435 qui
570 2367 847 2431 bibebant,
881 2368 925 2420 si
970 2369 1257 2434 strepitum
1297 2366 1619 2432 audiissent,
1659 2368 1862 2423 daemo-

298 2458 387 2510 nis
414 2455 594 2509 afflatu
627 2455 806 2510 futura
843 2457 1226 2524 pranlicebaut.
1263 2455 1387 2510 Ilaec
1417 2467 1598 2511 autent
1643 2441 1865 2514 oraCula

303 2549 369 2600 de
417 2545 697 2599 nonnullis
746 2546 964 2614 quidem
1019 2547 1142 2600 aliis
1194 2546 1356 2600 rebus
1413 2547 1700 2600 vaticinari
1752 2549 1864 2602 visa

304 2647 433 2692 sunt
464 2654 477 2689 :
512 2651 696 2690 verum
731 2639 834 2690 hoc
885 2652 1051 2690 unum
1084 2635 1157 2707 (6)
1187 2637 1477 2705 praedicere
1526 2653 1633 2691 non
1673 2649 1866 2706 potue-

303 2738 450 2790 runt,
490 2729 604 2781 fore
655 2737 712 2780 ut
752 2727 956 2782 Christi
1010 2729 1262 2798 potentiae
1303 2730 1579 2795 cederent,
1616 2738 1779 2798 atque
1813 2731 1864 2784 itt

301 2831 620 2888 perpetuuttt
657 2818 896 2871 silerent.

374 2910 493 2962 Col.
540 2908 664 2962 559.
711 2908 772 2960 Β.
847 2906 956 2960 Nec
1012 2907 1284 2978 Magorum
1339 2925 1427 2963 ars
1491 2911 1864 2978 sacriﬁcandi,

1958 1822 2087 1876 dttttt
2121 1825 2190 1876 ab
2234 1823 2342 1874 illis
2375 1822 2447 1873 ita
2487 1821 2956 1874 cxcrueiarentur.

2035 1913 2172 1965 Ibid.
2213 1909 2325 1964 Nec
2364 1911 2613 1973 Osiridis,
2661 1921 2767 1965 etc.
2811 1910 2982 1964 Osiris
3003 1919 3055 1964 et
3083 1907 3324 1980 Typhus,
3362 1920 3417 1964 ul
3442 1909 3524 1963 fa-

1962 2005 2218 2058 bulantur
2255 2001 2515 2073 Aigyptii,
2564 2002 2822 2056 contrarii
2868 2003 3007 2055 inter
3067 2017 3126 2056 se
3153 2003 3226 2056 dii
3272 2011 3420 2064 sunt,
3461 2017 3524 2056 ac

1963 2095 2190 2165 Typhus
2225 2093 2497 2148 Osiridem
2545 2093 2856 2162 discerpsit.
2888 2093 2944 2146 In
2999 2093 3153 2161 cujus
3198 2093 3528 2148 calamitatis

1967 2187 2283 2240 memet-iam
2330 2183 2568 2255 Egyptii
2602 2184 2798 2238 festum
2843 2194 3163 2253 peragentes
3203 2185 3409 2252 seipsos
3444 2185 3526 2236 la-

1966 2284 2153 2330 cerant
2181 2313 2197 2338 ,
2248 2283 2412 2342 atque
2462 2274 2686 2328 honoris
2715 2275 2886 2342 ipsius
2926 2289 3091 2327 causa
3141 2274 3193 2326 in
3224 2275 3368 2326 luctu
3409 2288 3528 2327 ver-

1965 2374 2175 2421 santur.
2208 2365 2441 2420 Osiridis
2471 2375 2651 2420 autem
2693 2363 2942 2428 historia,
2976 2379 3071 2418 seu
3101 2367 3282 2434 potius
3319 2364 3523 2430 fabula,

1967 2458 2089 2512 talis
2110 2468 2214 2510 est.
2247 2454 2484 2524 Jupiter,
2507 2455 2736 2526 virginis
2765 2455 3075 2524 cujusdam,
3105 2457 3258 2511 Isidis
3284 2458 3526 2519 nesnitte,

1967 2561 2088 2616 quae
2116 2555 2168 2598 et
2198 2545 2290 2597 lno
2329 2544 2552 2606 dicitur,
2600 2557 2786 2596 amore
2829 2551 3042 2606 captus,
3089 2558 3206 2597 eam
3243 2544 3295 2594 itt
3335 2542 3528 2596 bovem

1969 2637 2232 2700 munivit,
2295 2650 2362 2689 ne
2415 2635 2542 2704 quid
2606 2634 2922 2702 huiusmodi
2979 2632 3124 2688 Juno
3190 2633 3528 2688 rescisceret.

1968 2726 2170 2781 Verum
2209 2726 2297 2779 illa
2339 2740 2399 2778 re
2442 2734 2740 2792 comperta,
2776 2733 2829 2777 et
2864 2723 3128 2794 zelotypia
3173 2723 3528 2781 inflammata.

1969 2829 2194 2874 (nstrum
2233 2818 2426 2886 puclla:
2477 2817 2722 2880 immisit,
2772 2832 2881 2883 quo
2929 2817 3127 2883 percita
3183 2830 3276 2884 per
3313 2831 3531 2868 omnem

1972 2919 2171 2962 terram
2222 2917 2532 2978 vagaretur.
2578 2905 2698 2960 Jam
2755 2906 3090 2960 Mendesium
3138 2905 3354 2976 Egypti
3400 2906 3533 2959 urbs

309 3012 464 3070 atque
496 3015 561 3052 ea:
604 3001 958 3064 victimarum,
997 3009 1105 3054 etc.
1157 2999 1291 3070 Magi
1326 3015 1521 3071 genere
1553 3001 1691 3057 Medi
1720 3013 1865 3056 sunt.
1898 3031 1940 3088 ο
1972 3010 2076 3066 est,
2111 3001 2164 3054 in
2207 3016 2314 3070 qua
2349 3001 2534 3054 hircus
2561 3014 2658 3067 pro
2693 2999 2796 3051 dco
2829 2999 3151 3060 habebatur,
3181 3014 3243 3050 ac
3273 2996 3531 3050 Mendesii

311 3091 378 3144 lli
415 3091 670 3144 animalia
708 3101 1010 3145 mactantes
1057 3092 1400 3156 cxcidebaut,
1439 3103 1602 3161 atque
1648 3110 1710 3148 ex
1736 3095 1871 3163 jeci-

307 3185 461 3234 noris
525 3180 714 3242 fibris,
795 3179 1075 3247 ipsiusque
1129 3181 1410 3248 sanguinis
1479 3181 1763 3250 eruptione
1820 3188 1872 3234 ct

308 3272 504 3335 forma,
551 3272 856 3325 futurorum
901 3272 1271 3340 conjecturam
1311 3271 1600 3327 faciebant.
1636 3273 1873 3328 Chaldaei

311 3375 493 3417 autent
546 3363 849 3432 astroIOgia:
900 3377 1119 3431 operam
1172 3365 1398 3427 dabant,
1455 3375 1617 3433 atque
1668 3366 1722 3418 in
1772 3368 1875 3421 hac

311 3467 429 3509 arte
461 3468 672 3524 tempus
702 3456 1054 3522 studiumque
1103 3455 1399 3523 ponebant,
1432 3471 1551 3524 quat
1593 3457 1647 3509 in
1688 3457 1878 3511 obser-

311 3549 506 3600 vandis
543 3546 825 3600 hominum
871 3545 1144 3600 natalibus
1172 3557 1438 3610 versatur,
1470 3559 1635 3617 atque
1685 3549 1872 3602 eodem

314 3647 464 3689 motu
497 3652 605 3704 quo
651 3635 854 3697 sidera,
895 3649 1194 3704 eorumque
1227 3637 1428 3704 figurae,
1474 3638 1637 3690 vitam
1686 3652 1875 3691 eorum

311 3729 406 3795 qui
457 3738 772 3789 nascuntur,
808 3728 936 3780 cieri
991 3736 1227 3780 astrmt:
1261 3739 1423 3796 atque
1457 3738 1709 3791 eventus,
1737 3744 1875 3796 quos

313 3818 567 3871 homines
614 3818 993 3886 experiuntur,
1045 3828 1323 3871 astrorum
1355 3820 1791 3873 connexionihus
1818 3835 1880 3873 ac

313 3907 450 3962 silui
503 3909 852 3974 respondere.
907 3908 1084 3976 Atque
1137 3923 1256 3961 eam
1305 3919 1472 3961 artem
1525 3911 1873 3977 profitentur,

313 3991 718 4067 qui,ttec'quid
775 3999 876 4067 ipsi
914 3999 1046 4062 sint,
1083 4009 1178 4051 aut
1209 3999 1260 4052 itt
1315 4009 1587 4068 posterum
1618 4000 1758 4054 dicttt
1793 4001 1881 4054 fu-

319 4089 426 4142 turi
476 4089 606 4150 sint,
637 4099 974 4156 compertum
1011 4090 1229 4142 habent.
1260 4088 1410 4154 Quos
1443 4091 1604 4143 etiam
1646 4091 1885 4146 irridens

316 4179 503 4238 lsaias.
542 4177 738 4246 inquit,
785 4177 958 4242 Stent,
1007 4195 1070 4231 ac
1109 4190 1310 4232 servent
1356 4190 1403 4233 te
1445 4180 1692 4249 astrologi
1721 4182 1836 4234 caeli
1862 4199 1882 4236 :

317 4270 406 4337 qni
437 4269 610 4320 sidera
634 4270 979 4337 prospiciunt,
1014 4273 1308 4323 renuntient
1336 4271 1430 4324 tibi
1452 4272 1705 4341 quidnam
1728 4289 1886 4343 super

321 4372 371 4409 te
396 4369 669 4410 venturum
707 4361 773 4412 sit
794 4361 835 4411 ⁸.

393 4449 530 4503 lbid.
577 4449 686 4504 Nec
736 4450 1000 4504 Thracum
1025 4454 1176 4522 orgia
1213 4453 1322 4507 Ita'c
1369 4463 1514 4518 sunt,
1552 4472 1585 4508 α
1615 4458 1799 4525 quibus
1837 4467 1885 4512 et

320 4542 653 4610 religionem,
711 4551 820 4596 etc.
877 4542 1044 4596 Primi
1095 4543 1336 4600 Thraces
1388 4547 1702 4615 religionem
1762 4563 1889 4617 erga

323 4635 452 4684 deos
490 4631 851 4686 invenerunt:
888 4635 1027 4688 unde
1055 4645 1106 4688 ct
1136 4635 1427 4704 Ορησκεία,
1461 4637 1511 4690 id
1535 4647 1642 4703 est,
1676 4639 1886 4708 religio,

325 4736 358 4773 a
413 4720 714 4776 Thracibus
769 4739 967 4777 numen
1025 4725 1195 4778 duxit.
1231 4724 1400 4780 Porro
1454 4728 1626 4796 orgia,
1681 4728 1733 4782 id
1787 4738 1894 4791 est,

331 4812 590 4881 mysteria
641 4823 695 4866 et
741 4829 897 4868 sacra
932 4830 996 4869 ac
1029 4814 1164 4871 festa
1193 4815 1445 4885 Orpbeus
1477 4819 1610 4887 ipsis
1640 4819 1882 4884 tradidit,

327 4918 492 4971 quem
533 4904 686 4958 aiunt
711 4907 932 4960 musicae
965 4913 1081 4960 arte
1112 4907 1436 4961 instructuut
1469 4921 1521 4962 et
1554 4911 1758 4963 cithara
1798 4926 1888 4964 ca-

332 5002 573 5056 nentem,
609 5003 722 5047 tttttt
758 5010 844 5048 res
874 4995 1052 5048 anima
1085 5005 1333 5049 carentes
1369 4997 1743 5062 permulsisse,
1773 5008 1886 5052 tum

330 5083 609 5138 furentum
650 5087 945 5141 bestiarum
991 5088 1197 5142 rabiem
1251 5089 1645 5157 eonsopivisse.
1681 5088 1739 5142 ltt
1782 5105 1891 5160 quo

407 5243 427 5272 ⁸
454 5239 556 5297 lsa.
592 5258 760 5308 urit,
795 5243 882 5297 19..

417 5397 495 5469 (ti)
545 5398 738 5476 verum
777 5403 872 5476 hoc
902 5419 1083 5458 unum.
1121 5402 1184 5457 Ι).
1216 5402 1576 5476 Hieronymus
1627 5419 1904 5473 exponens

337 5472 458 5522 haec
503 5474 660 5524 Vctba
725 5469 873 5527 Isaia:
909 5491 1030 5542 cap.
1061 5489 1148 5527 xm
1179 5493 1192 5527 :
1234 5469 1488 5528 Nuntiént
1526 5490 1644 5543 qua
1677 5469 1894 5542 uentura

337 5549 503 5612 sunt,
547 5559 564 5590 ι
596 5545 725 5605 tier,
779 5544 972 5610 inquit,
1025 5545 1092 5597 de
1140 5544 1362 5597 Christo
1417 5545 1550 5597 nihil
1603 5553 1896 5612 potuerunt

339 5608 633 5678 pra-dicere
655 5612 677 5662 ‘.'
709 5608 944 5666 ni‘tiil‘de
977 5615 1234 5682 apostolis
1266 5613 1422 5682 ejus?
1451 5616 1584 5668 nihil
1605 5608 1681 5668 Ife
1727 5617 1898 5670 ruinis

1973 3092 2177 3157 hircos,
2217 3101 2274 3144 ut
2307 3092 2460 3152 deos,
2491 3092 2777 3159 plusquam
2809 3089 3019 3157 seipsos
3059 3089 3406 3152 verebantur,
3443 3094 3538 3140 aut

1974 3183 2026 3236 itt
2062 3199 2251 3238 eorum
2279 3183 2539 3236 honorem
2563 3181 2699 3235 festa
2724 3182 3090 3234 celebrabant.
3131 3180 3370 3236 Vdulum
3406 3192 3536 3231 vero

1975 3273 2281 3344 Memphitis
2333 3288 2550 3327 summa
2612 3272 2873 3340 religione
2938 3272 3240 3334 colebant,
3302 3283 3540 3338 eumque

1976 3367 2137 3433 Apim
2196 3365 2604 3432 nuncupabant,
2653 3379 2718 3417 ac
2764 3363 3028 3432 praesepio
3064 3362 3334 3415 inclusum
3371 3361 3540 3413 babe—

1977 3459 2127 3520 bant,
2161 3455 2486 3525 publitoque
2544 3455 2827 3508 hominum
2867 3461 3143 3506 conventu
3191 3450 3458 3505 sacrificia
3489 3449 3539 3504 ei

1977 3547 2297 3602 offerebant.
2336 3545 2500 3614 Signa
2539 3558 2718 3599 autem
2747 3546 2994 3613 quaedam
3029 3559 3059 3598 a
3084 3543 3296 3598 etc-teris
3327 3542 3542 3596 diversa

1976 3639 2110 3706 Apis
2144 3637 2397 3700 habebat,
2448 3646 2561 3690 tum
2593 3638 2737 3690 circa
2781 3637 3034 3702 caudam,
3088 3645 3199 3690 tum
3254 3635 3399 3689 circa
3438 3633 3542 3687 litt-

1980 3745 2138 3797 guam
2175 3745 2190 3780 :
2223 3743 2286 3781 ae
2321 3728 2365 3780 si
2407 3727 2533 3795 quis
2563 3727 2833 3796 ejusmodi
2867 3727 3008 3781 inter
3040 3736 3284 3780 armenta
3315 3740 3547 3794 conspe-

1979 3831 2100 3874 ctus
2138 3820 2353 3881 fuisset,
2387 3817 2676 3873 confestim
2707 3819 2772 3873 ad
2804 3833 3022 3873 sacrum
3048 3835 3290 3889 praesepe
3317 3822 3384 3874 ab
3411 3819 3546 3888 ipsis

1981 3910 2382 3965 assumehatur.

2053 4000 2191 4054 Ibid.
2231 4000 2292 4054 C.
2358 4000 2468 4053 Nec
2527 4018 2707 4056 omnes
2774 4005 2814 4056 ii
2864 4005 3128 4070 honores,
3181 4013 3290 4060 etc.
3331 4003 3548 4060 Gradus

1984 4091 2203 4158 quidam
2261 4091 2453 4159 lapidei
2510 4094 2649 4147 scite
2723 4096 2989 4162 exsculpti
3047 4099 3192 4150 circa
3241 4094 3345 4148 Nili
3409 4096 3549 4149 ostia

1983 4192 2170 4244 erant,
2211 4183 2303 4250 qui
2335 4182 2551 4250 πήχεις,
2589 4183 2641 4236 id
2672 4193 2776 4246 est,
2814 4186 2996 4252 cubiti,
3035 4187 3408 4240 nominantur.
3439 4186 3549 4240 llos

1985 4273 2346 4326 observabant
2376 4272 2640 4343 Egyptii,
2667 4290 2777 4342 quo
2806 4284 3046 4343 tempore
3073 4279 3267 4332 Iturius
3305 4279 3551 4330 exunda-

1919 4360 1963 4414 D
1993 4365 2084 4416 bat
2114 4379 2128 4418 :
2163 4377 2229 4416 ac
2261 4365 2528 4431 siquidem
2567 4365 2634 4418 ad
2672 4367 2814 4419 hunc
2840 4375 2934 4419 aut
2975 4367 3122 4420 illum
3155 4369 3376 4436 gradum
3410 4383 3551 4435 aqua

1987 4467 2243 4524 provecta
2295 4455 2510 4519 fuisset,
2563 4471 2661 4526 pro
2719 4472 2982 4512 ascensus
3041 4462 3249 4514 ratione
3292 4463 3552 4514 ubertatis

1990 4546 2206 4614 frugum
2251 4546 2630 4612 conjecturam
2665 4547 2968 4603 faciebant.
3016 4549 3204 4619 Itaque
3254 4561 3554 4619 proventus

1991 4638 2304 4692 felicitatem
2356 4639 2558 4693 cubitis
2621 4642 2824 4704 metiri,
2885 4643 2989 4696 hoc
3047 4651 3150 4706 est,
3205 4642 3432 4696 definire
3499 4652 3556 4698 ct

1995 4733 2290 4794 aestimare,
2328 4732 2670 4786 videbantur.
2701 4733 2840 4787 Sunt
2869 4744 3047 4787 tamen
3078 4735 3170 4802 qui
3202 4735 3408 4796 dicant,
3447 4750 3555 4789 non

1994 4821 2196 4890 gradus
2239 4823 2504 4890 quosdant
2541 4838 2686 4888 esse,
2736 4839 2924 4877 verum
2985 4826 3319 4890 columnam,
3365 4827 3557 4894 inqua

1995 4913 2099 4966 hoc
2162 4920 2405 4982 tempore
2463 4915 2677 4970 cubitos
2733 4919 3031 4971 metiuntur
3090 4916 3366 4988 Egyptii,
3415 4933 3556 4985 aqua

1998 5002 2063 5055 ad
2111 5001 2258 5054 hunc
2318 5011 2412 5057 aut
2473 5003 2622 5058 illum
2696 5007 2940 5062 cubitum
2991 5015 3364 5063 excrescente.
3416 5007 3557 5062 Olim

1999 5102 2181 5146 autem
2217 5090 2397 5147 Nilum
2443 5096 2744 5153 honoribus
2782 5099 3102 5164 allicientes,
3143 5114 3208 5154 ac
3257 5097 3559 5154 fertilitatis

2011 5418 2058 5462 ct
2106 5408 2395 5463 abolitione
2424 5410 2794 5482 templorum?
2824 5411 2880 5465 Si
2911 5427 3041 5482 ergo
3079 5428 3235 5466 suum
3283 5412 3560 5470 interitum

1997 5495 2102 5532 non
2126 5489 2420 5547 potuerunt
2455 5480 2772 5548 praedicere,
2799 5480 3077 5551 quomodo
3105 5484 3280 5536 aliena
3312 5482 3394 5536 vel
3420 5485 3560 5539 mala

1997 5552 2080 5605 vel
2107 5552 2248 5604 bona
2275 5551 2550 5619 potuerint
2580 5551 2872 5607 nuntiare?
2905 5573 2923 5603 ι
