4048 6278
543 239 680 305 1993

1951 231 2328 292 ADDENDA.

3662 224 3797 292 1224

534 359 818 404 auctorem
889 363 1015 403 eum
1077 357 1472 419 agnoscentes,
1543 345 1644 415 ipsi
1708 353 1965 412 tanquam
2025 342 2126 395 deo
2152 351 2199 409 Α
2228 357 2384 394 error
2415 340 2484 392 ab
2516 353 2582 392 eo
2632 346 2880 409 tempore
2925 348 3204 410 grassatus
3255 347 3362 405 cst,
3387 352 3498 408 quo
3527 338 3803 394 dmutoncs

537 441 738 496 festum
791 441 1147 510 spurcissima
1215 450 1271 494 ct
1321 438 1655 493 exsecranda
1697 435 1922 489 libidine
1975 433 2121 486 cele-

539 532 793 586 brabant.
850 530 982 585 Illud
1016 531 1161 584 enirn
1209 531 1644 600 praetermittam,
1695 527 1840 596 quod
1883 534 1935 578 et
1969 523 2116 578 vilis-

539 623 680 674 sima
731 637 951 691 quoque
1005 623 1338 676 animalcula
1387 630 1442 674 et
1484 619 1694 687 reptilia
1747 617 2021 678 colebant,
2065 626 2120 669 et

541 712 672 766 feles
711 723 764 764 et
810 713 1078 780 scorpios,
1133 722 1187 767 et
1226 721 1530 781 serpentes,
1581 725 1808 778 suaaqne
1852 723 1980 775 erga
2031 722 2120 761 res

540 813 726 870 turpes
803 811 859 856 et.
925 803 1196 857 obscenas
1249 802 1638 863 liberalitatis,
1699 799 2118 866 ambitioszeque

539 893 930 946 munificentia:
959 897 1241 963 specimen
1275 895 1537 948 edebant.
1583 893 1663 945 Ac
1701 891 1956 960 privatim
1994 890 2118 957 qui-

538 979 660 1032 dem
716 981 1014 1048 unicuique
1070 981 1264 1034 Itorum
1323 980 1520 1034 festum
1586 981 1896 1033 institutum
1965 988 2114 1038 erat,

541 1071 834 1125 infelicitas
868 1085 1049 1127 autem
1078 1074 1394 1142 perditaque
1427 1074 1663 1127 amentia
1697 1074 1940 1126 omnium
1968 1085 2120 1124 com-

539 1163 720 1215 munis
749 1171 885 1215 erat.
932 1163 1010 1215 Ad
1044 1179 1209 1216 unum
1248 1163 1393 1215 enim
1455 1163 1755 1231 impietatis
1803 1177 2027 1230 scopum
2066 1170 2120 1214 et

539 1253 738 1306 diaboli
777 1254 984 1305 cultum
1026 1253 1212 1306 omnia
1245 1253 1643 1308 referebantur.

610 1343 730 1395 Col.
760 1342 865 1394 ’542
893 1343 958 1396 Α.
1002 1343 1146 1397 Adeo
1171 1355 1250 1404 ut,
1276 1345 1536 1412 siquidem
1580 1346 1792 1398 omnino
1821 1360 1906 1398 eos
1934 1345 2118 1412 impie-

541 1442 648 1485 tate
689 1433 1003 1502 constringi,
1054 1445 1161 1488 etc.
1231 1434 1372 1488 Sunt
1429 1436 1520 1502 qui
1579 1435 1917 1504 Theologum
1972 1437 2120 1491 inse-

538 1532 755 1575 etentur
789 1565 803 1588 ,
864 1526 1096 1591 primum
1150 1527 1297 1592 quod
1343 1525 1545 1580 dixerit
1595 1544 1607 1577 :
1665 1524 1942 1594 lmpictate
1987 1541 2119 1580 con-

539 1614 734 1682 stringi
767 1615 1082 1681 oportebat,
1111 1615 1304 1668 deinde
1331 1618 1476 1684 quod
1511 1618 1764 1670 cordatus
1798 1616 1940 1670 viros
1969 1625 2114 1668 tanta

542 1707 823 1773 impietate
874 1705 1144 1760 devinctis
1177 1707 1486 1762 hominibus
1525 1708 1597 1760 ttil
1632 1708 1778 1760 aliud
1820 1707 2114 1776 imprecari
2149 1687 2191 1742 Β

539 1800 735 1852 debere
781 1799 1002 1862 dixerit,
1052 1815 1214 1867 quam
1255 1809 1313 1854 ut
1347 1815 1432 1854 res
1481 1799 1798 1868 hujusmodi
1850 1809 2117 1868 perpetuo

538 1901 892 1944 venerentur.
952 1890 1155 1944 Contra
1218 1892 1396 1956 cnim,
1460 1891 1762 1960 inquiunt,
1816 1905 1932 1961 pro‘
1983 1893 2116 1962 ipsis

538 1981 801 2033 orandum
832 1981 1033 2043 fuerat,
1069 1990 1126 2034 ut
1155 1981 1446 2050 impietatis
1482 1983 1701 2036 vinculo
1741 1982 2112 2036 solverentur.

541 2072 646 2124 Sed
682 2078 795 2127 haic
840 2074 1002 2126 stulta
1035 2083 1091 2128 et
1142 2075 1345 2142 inepta.
1395 2072 1531 2127 illud
1583 2083 1764 2127 autem
1801 2073 2114 2136 sciendum,

543 2163 648 2216 hoc
688 2166 934 2228 verbum,
991 2165 1298 2234 Oportebat,
1363 2165 1658 2234 aliquando
1703 2164 1846 2218 idem
1897 2165 2112 2234 signiti-

541 2272 686 2317 care,
719 2261 863 2324 quod
913 2261 1068 2312 decet
1108 2266 1162 2310 et
1215 2257 1473 2311 convenit
1513 2275 1526 2310 :
1561 2256 1861 2326 aliquando
1900 2271 1999 2325 pro
2051 2272 2116 2311 eo

537 2349 682 2414 quod
731 2352 1049 2404 necessario
1098 2348 1178 2412 fit,
1233 2348 1430 2417 accipi,
1484 2358 1542 2402 ut
1583 2350 1685 2404 hoc
1734 2349 1880 2406 loco.
1931 2349 2117 2419 Siqui-

535 2439 681 2503 dem,
736 2439 934 2508 inquit,
971 2440 1200 2493 omnino
1235 2438 1480 2491 futurum
1517 2447 1656 2502 erat,
1713 2449 1772 2492 ut
1820 2439 1988 2492 animi
2021 2443 2116 2494 de-

537 2532 835 2584 stinatione
863 2532 1146 2600 liberaque
1173 2532 1456 2585 voluntate
1505 2531 1558 2584 in
1616 2531 1952 2600 impietatem
1985 2548 2116 2602 pro-

539 2622 905 2685 volvcrentttr,
949 2637 1012 2674 ac
1047 2620 1378 2685 simulacris,
1412 2635 1532 2689 qua:
1557 2635 1819 2674 manuum
1847 2624 2116 2677 humana-

538 2728 658 2764 rum
704 2727 870 2780 opera
923 2722 1074 2776 sunt,
1134 2716 1380 2782 artisque
1433 2712 1839 2778 meditationes,
1896 2715 2115 2770 divinos

537 2806 774 2858 honores
829 2806 1155 2868 tribuerent,
1213 2805 1558 2874 sapientibus
1603 2815 1659 2859 et
1709 2809 1950 2862 cordatis
1982 2809 2116 2862 viris

533 2897 836 2964 Optandum
871 2907 1009 2958 erat,
1044 2909 1100 2950 ut
1148 2898 1222 2949 illi
1259 2913 1344 2950 res
1391 2899 1529 2950 adeo
1561 2897 1696 2952 viles
1749 2908 1972 2968 tamque
2017 2900 2116 2953 ob-

534 3004 731 3042 Stenas
805 2997 860 3042 et
919 2989 1177 3045 ridiculus
1243 2989 1504 3052 colerent,
1570 3004 1681 3058 quo
1739 2989 1998 3044 nimirum
2047 3006 2111 3044 ex

537 3081 850 3149 hujusmodi
884 3093 1072 3136 rerum
1102 3083 1252 3136 cultu
1293 3091 1348 3135 et
1374 3082 1696 3137 adoratione
1729 3083 1921 3152 majori
1954 3085 2111 3152 igno-

535 3173 701 3227 minia
749 3173 1111 3235 adicerentur.
1171 3174 1502 3245 Quanquam
1561 3175 1709 3230 enim
1759 3190 1950 3230 omnes
2004 3191 2114 3229 uno

533 3282 719 3318 errore
781 3268 1089 3321 concordes
1145 3268 1481 3321 exstiterunt
1535 3283 1550 3320 :
1598 3276 1780 3320 tamen
1837 3267 1930 3320 alii
1990 3268 2114 3322 aliis

535 3368 687 3414 tanto
732 3361 1068 3428 stupidiores
1123 3360 1329 3413 inventi
1379 3368 1530 3423 sunt,
1567 3369 1778 3427 quanto
1809 3359 2006 3412 viliora
2059 3369 2114 3412 et

533 3452 861 3505 obsceniora
918 3453 1023 3505 sibi
1053 3453 1275 3505 numina
1305 3451 1598 3503 finxerunt.
1627 3450 1918 3504 Enimvero
1939 3449 2113 3504 Maxi-

535 3557 658 3594 mus
688 3558 754 3596 ex
801 3542 1091 3611 cujusdam
1147 3543 1297 3596 senis
1333 3541 1532 3609 insigni
1588 3555 1774 3594 rerum
1801 3540 2110 3594 divinarum

531 3637 844 3703 cognitione
907 3635 1117 3701 praediti
1193 3635 1463 3689 sententia
1523 3636 1664 3687 hanc
1742 3633 2108 3702 objectionem

533 3726 768 3788 dilueras,
805 3725 1128 3795 Gregorium
1167 3725 1242 3777 ait
1275 3725 1506 3794 gentiles
1537 3734 1744 3778 temere
1773 3725 1826 3777 in
1862 3740 2107 3779 errorem

535 3818 861 3885 provolutos
909 3827 1245 3882 cernentem,
1279 3816 1444 3884 idque
1477 3829 1620 3884 aegre
1663 3824 1716 3869 et
1763 3815 2112 3884 impatienter

531 3908 820 3970 ferentem,
845 3907 1344 3961 connniserationis
1367 3907 1547 3974 potius
1577 3920 1740 3974 quam
1771 3905 1881 3958 odii
1909 3905 2107 3959 alfectu

535 3996 648 4048 haec
677 3997 924 4049 dixisse:
961 4005 1020 4049 ut
1077 3997 1290 4050 scilicet
1347 3995 1446 4058 illi,
1498 4010 1528 4047 a
1589 3993 1872 4063 religionis
1926 3995 2109 4047 nurni-

533 4101 776 4154 numque
806 4102 1031 4140 suorutn
1066 4087 1312 4142 foeditate
1339 4096 1394 4141 et
1427 4087 1833 4140 abominatione
1866 4084 1933 4138 ad
1971 4101 2112 4138 vera:

533 4177 754 4245 pietatis
785 4178 995 4231 cultum
1029 4195 1087 4232 se
1113 4177 1403 4244 referrent,
1435 4177 1791 4232 deridendam
1821 4178 2108 4230 numinum

529 4284 755 4322 suorum
822 4271 1213 4339 turpitudinem
1270 4272 1396 4324 hinc
1446 4269 1843 4339 perspicientes
1885 4287 1899 4324 :
1945 4280 2110 4339 atque

2225 446 2326 484 nos
2372 431 2649 499 paradiso,
2706 447 2770 485 ac
2805 432 2952 502 ligno
2990 432 3132 496 vitae,
3178 431 3323 500 quod
3376 430 3536 484 nobis
3588 432 3796 498 prannii

2221 524 2340 579 loco
2393 523 2731 592 propositum
2786 533 2925 587 erat,
2978 521 3370 575 cxturbarunt.
3427 520 3807 573 Exturbarunt

2221 623 2402 668 autem
2437 631 2533 683 per
2581 616 2822 669 scientia:
2851 616 3081 683 lignum,
3114 624 3363 682 tempore
3406 614 3634 666 minimc
3667 627 3806 668 con-

2220 719 2356 771 gruo
2410 715 2726 772 perceptum
2778 721 2792 758 :
2835 705 2980 773 quod
3024 703 3246 772 quidem
3295 703 3589 758 exercendi
3645 703 3804 756 liberi

2221 794 2434 847 arbitrii
2496 809 2665 848 causa
2721 795 2882 851 nobis
2939 797 3127 850 datmn
3195 797 3399 850 fuerat.
3444 794 3586 849 Hinc
3639 811 3806 864 porro

2220 885 2486 954 dejectos,
2541 895 2601 939 ut
2641 886 2970 942 infirmiores
2996 888 3133 956 jam,
3181 896 3346 956 atque
3371 888 3437 941 ad
3481 902 3808 957 expugnan-

2223 978 2350 1028 dum
2381 976 2682 1043 faciliOrcs,
2725 979 3108 1048 sententiaque
3151 979 3337 1033 divina
3387 980 3808 1042 condemnatos,

2223 1069 2466 1136 populati
2497 1080 2647 1134 sunt,
2675 1073 2819 1137 quod
2851 1070 3102 1124 videlicet
3134 1089 3162 1124 c
3193 1071 3360 1138 primi
3394 1080 3539 1124 statu
3569 1070 3810 1122 excidis-

2221 1177 2428 1226 semus,
2487 1177 2552 1215 ac
2610 1163 2876 1215 mortales
2924 1173 2979 1215 et
3019 1163 3308 1230 passibiles
3342 1162 3468 1216 facti
3525 1178 3806 1217 essu-mus.

2221 1251 2360 1304 Nam
2419 1268 2544 1306 cum
2583 1253 2659 1306 illi
2711 1269 2808 1308 sua
2863 1264 3059 1320 sponte
3125 1254 3192 1306 ad
3245 1255 3508 1306 invidiam
3562 1254 3810 1322 prolapsi

2221 1351 2425 1406 essent,
2461 1343 2631 1397 livore
2662 1345 2922 1397 advct‘SIIS
2965 1358 3066 1398 nos
3092 1355 3440 1407 exarserunt,
3476 1361 3586 1398 non
3623 1347 3805 1398 solum

2221 1433 2292 1487 ob
2359 1444 2678 1502 praesentem
2746 1433 2944 1488 divina:
2995 1435 3252 1505 imaginis
3313 1435 3624 1500 honorem,
3711 1437 3809 1490 sed

2222 1524 2386 1578 etiam
2435 1527 2506 1580 ob
2544 1525 2784 1580 futuram
2841 1527 3072 1595 gloriam
3105 1544 3119 1579 :
3156 1543 3257 1581 nec
3307 1527 3452 1580 ferre
3504 1538 3811 1596 potuerunt

2223 1616 2451 1683 gloriam
2497 1631 2528 1668 a
2561 1631 2638 1676 se,
2692 1621 2797 1670 hoc
2842 1625 2946 1682 est,
2983 1633 3011 1670 a
3049 1617 3241 1686 primis
3296 1621 3530 1678 naturis,
3565 1619 3635 1672 ad
3680 1633 3810 1678 nos.

2221 1715 2426 1759 eterra
2477 1707 2529 1758 in
2580 1706 2780 1760 cmlum
2821 1707 2977 1760 evehi
3019 1709 3323 1777 cupientes,
3377 1709 3634 1778 tnigrare.
3679 1709 3812 1762 llasc

2221 1812 2390 1850 causa
2449 1809 2564 1863 est,
2626 1813 2725 1852 cur
2778 1800 3255 1866 persecutionibus
3315 1802 3368 1854 in
3444 1817 3545 1855 nos
3614 1801 3813 1855 smviat

2221 1890 2496 1953 diabolus,
2525 1891 2728 1944 invidia
2776 1892 3008 1947 scilicet.
3046 1894 3112 1947 Et
3147 1896 3428 1963 quoniam,
3457 1896 3616 1964 juxta
3655 1901 3811 1965 Apo-

2222 1982 2424 2036 stolum
2451 1983 2493 2048 ⁸,
2533 1997 2639 2036 non
2672 1984 3026 2052 probavimus
3073 2001 3174 2040 nec
3224 1987 3498 2042 voluimus
3532 1987 3627 2040 Dei
3659 2003 3810 2058 pra:-

2220 2085 2376 2142 cepto
2437 2073 2725 2130 audientes
2784 2091 2952 2141 esse,
3025 2078 3230 2132 erroris
3302 2079 3544 2132 libertati
3613 2081 3810 2134 traditi

2221 2180 2435 2226 sumus,
2474 2166 2579 2219 hoc
2619 2175 2723 2232 est,
2757 2167 3005 2238 permisit
3049 2167 3191 2223 Deus
3241 2180 3298 2222 ut
3344 2170 3397 2222 in
3430 2185 3674 2224 errorem
3722 2173 3811 2223 la-

2221 2255 2494 2319 beremur,
2535 2271 2597 2310 ac
2623 2272 2724 2324 per
2758 2257 2905 2312 hunc
2945 2259 3230 2322 honorem,
3265 2275 3428 2330 quem
3485 2262 3813 2316 simulacris

2221 2347 2555 2412 habuimus,
2604 2349 2705 2417 ipsi
2755 2351 3266 2407 deltonestaretnur.
3323 2335 3470 2408 heus
3523 2355 3675 2408 enim
3735 2356 3810 2407 ob

2221 2439 2320 2492 bas
2354 2449 2464 2493 trcs
2503 2456 2700 2497 causas
2733 2458 2831 2497 nos
2867 2445 3093 2507 creavit,
3148 2454 3206 2498 ut
3248 2440 3523 2499 bonorum
3570 2462 3808 2516 operum

2220 2529 2402 2582 studio
2433 2529 2839 2597 incumbamus,
2909 2542 2966 2585 ut
3012 2535 3078 2586 ad
3115 2535 3342 2602 gloriam
3394 2535 3570 2603 ipsius
3604 2538 3811 2600 simus,

2223 2629 2282 2674 ut
2330 2635 2452 2674 eum
2501 2636 2601 2690 pro
2637 2623 2847 2678 viribus
2899 2625 3199 2679 imitemur.
3245 2627 3315 2680 At
3359 2643 3459 2680 nos
3507 2627 3808 2681 all‘ectuum

2221 2715 2465 2768 omnium
2495 2730 2592 2768 arx
2627 2725 2682 2770 et
2722 2717 3064 2772 domicilium
3099 2718 3227 2773 facti
3263 2735 3456 2775 sumus
3499 2737 3514 2772 :
3544 2723 3640 2790 qui
3678 2724 3810 2790 qui-

2219 2807 2342 2860 dem
2389 2808 2575 2861 anima
2625 2809 2860 2863 exedunt
2918 2819 2974 2864 et
3023 2812 3361 2878 conficiunt,
3408 2828 3518 2866 non
3577 2815 3810 2882 quidem

2222 2897 2396 2964 ipsius
2426 2899 2813 2966 substantiam,
2853 2915 3045 2954 verum
3094 2901 3417 2957 substantia:
3451 2915 3810 2958 ornamenta.

2221 2987 2406 3056 Neque
2440 2988 2543 3042 hoc
2589 2993 2769 3043 solum
2817 3005 2982 3060 grave
3012 3004 3119 3056 est,
3169 2993 3262 3046 sed
3309 2993 3454 3061 quod
3496 2995 3811 3062 ﬂagitiosus

2220 3094 2440 3148 quoque
2501 3079 2632 3134 deos
2683 3091 2738 3136 et
2791 3081 3113 3137 libidinosus
3170 3085 3516 3151 inveximu’s,
3573 3085 3808 3156 flagitiis

2220 3173 2648 3238 patrocinantes,
2698 3182 2863 3241 atque
2919 3175 2985 3228 ad
3027 3190 3089 3228 ea
3127 3176 3492 3245 impellentes.
3549 3176 3632 3230 Ex
3688 3195 3809 3248 quo

2217 3262 2471 3325 ellicitur,
2504 3273 2563 3317 ut
2589 3273 3004 3332 peccatumJiOn
3041 3268 3201 3320 modo
3235 3283 3342 3320 non
3371 3268 3807 3336 condemnetur,

2218 3370 2407 3408 verum
2443 3356 2687 3410 divinum
2720 3357 2884 3411 etiam
2927 3369 3242 3422 censeatur,
3279 3363 3428 3415 velut
3457 3363 3552 3416 Dei
3600 3364 3752 3418 actio
3787 3380 3804 3417 :

2218 3448 2478 3500 nunirum
2515 3449 2582 3502 iis
2621 3449 2716 3517 qui
2749 3461 2994 3518 peccant,
3026 3454 3403 3508 excusationis
3433 3455 3808 3510 defensionis-

2215 3553 2323 3606 que
2356 3553 2522 3592 causa
2568 3539 2634 3592 ad
2684 3540 2838 3605 deos,
2894 3557 3034 3610 quos
3084 3545 3294 3608 colunt,
3335 3545 3807 3616 pet-fugientibus,

2215 3640 2382 3699 atque
2412 3630 2815 3686 afﬁrmantibus
2863 3649 2977 3696 cos,
3008 3651 3131 3688 cum
3173 3637 3310 3691 tales
3341 3638 3472 3702 sint,
3519 3641 3607 3693 tali
3651 3656 3810 3710 quo-

2215 3737 2324 3790 que
2358 3723 2540 3777 cultus
2570 3734 2732 3792 atque
2771 3725 3110 3780 adorationis
3135 3743 3334 3796 genere
3365 3731 3649 3785 delectari.

2291 3814 2424 3868 Ibid.
2480 3816 2541 3868 Ι).
2605 3816 2672 3868 At
2734 3833 2852 3870 vero
2892 3820 3331 3887 quemadmodum
3381 3825 3530 3878 nobis
3600 3828 3809 3895 beneﬁ-

2213 3907 2314 3969 cio,
2348 3917 2454 3960 etc.
2513 3911 2690 3976 Atque
2739 3909 2872 3972 haec,
2921 3910 3117 3980 inquit,
3174 3915 3377 3968 ethnici
3436 3918 3803 3976 deblaterent.

2213 3996 2380 4052 Nobis
2413 4008 2617 4062 autem,
2667 4002 3123 4068 quemadmodum
3154 4005 3417 4061 divinitus
3458 4008 3647 4064 datum
3681 4024 3795 4074 est.

2217 4100 2274 4142 ut
2327 4091 2772 4158 superstitiosum
2823 4107 3065 4147 errorem
3121 4095 3444 4165 fugerimus,
3488 4102 3580 4169 qui
3631 4105 3804 4160 ellieit

2215 4189 2274 4234 ut
2303 4181 2582 4235 daemones
2619 4182 2912 4237 timeantur
2937 4196 3102 4254 atque
3155 4188 3515 4256 honorentur,
3541 4207 3607 4248 ac
3644 4197 3798 4249 veri-

2216 4277 2378 4324 tatem
2429 4285 2846 4340 cognoscamus,
2897 4287 2972 4340 ct,
3027 4275 3172 4344 quod
3218 4275 3421 4334 Paulus
3461 4283 3540 4335 ait
3577 4284 3621 4348 ',
3679 4282 3798 4339 Deo

531 4363 694 4415 etiam
750 4371 811 4416 ut
869 4363 914 4416 si
969 4365 1060 4432 qui
1124 4365 1239 4418 haec
1299 4364 1600 4426 audirent,
1664 4361 1718 4414 in
1790 4361 2106 4432 pestiferam
2142 4375 2185 4430 ι)
2215 4361 2340 4414 vivo
2370 4372 2424 4415 et
2452 4379 2605 4429 vero,
2640 4378 2746 4418 non
2792 4371 2971 4419 autem
3021 4370 3256 4425 mortuis
3291 4369 3534 4442 falsique
3554 4376 3798 4429 nominis

527 4459 715 4508 eorum
746 4455 1056 4522 opinionem
1091 4456 1318 4508 minime
1352 4453 1828 4522 pertraherentur.

599 4547 735 4600 Ibid.
779 4547 840 4598 Β.
886 4547 1054 4617 Atque
1089 4547 1204 4600 lucc
1235 4545 1445 4615 quidem
1475 4544 1668 4597 ludant
1703 4544 1948 4614 gentiles,
1999 4554 2108 4598 etc.

530 4641 649 4703 ilis,
679 4641 880 4706 inquit,
914 4638 1194 4708 figmentis
1228 4640 1505 4692 ducantur
1534 4637 1784 4706 gentiles,
1833 4652 1864 4689 a
1895 4637 2112 4690 dacmo—

531 4731 691 4783 nibns
722 4730 776 4781 in
812 4730 954 4782 hanc
985 4729 1279 4783 amentiam
1308 4729 1604 4798 provoluti,
1642 4729 1736 4796 qui
1764 4727 1985 4796 quidem
2014 4727 2108 4782 Dei

531 4823 794 4874 honorem
824 4822 889 4873 ad
919 4836 978 4874 se
1014 4821 1316 4874 transferre
1365 4821 1670 4888 cupientes,
1703 4820 1838 4872 alios
1868 4818 1920 4871 in
1968 4819 2106 4873 alias

529 4925 714 4984 turpes
759 4923 812 4966 ct
867 4913 1151 4967 indecoras
1205 4915 1272 4966 de
1326 4912 1438 4965 Deo
1485 4911 1786 4965 sententias
1837 4910 2107 4964 distraxe-

530 5015 677 5060 runt.
711 4997 862 5058 ‘Aliis
905 5005 1051 5058 enim
1098 5013 1512 5074 persuaserunt,
1571 5011 1627 5054 ut
1666 5017 1762 5070 pro
1799 5002 1908 5055 Deo
1950 5004 2106 5056 volu-

528 5108 727 5166 ptatem
774 5098 1057 5161 baberent,
1103 5097 1227 5151 aliis
1283 5105 1338 5149 ut
1392 5093 1698 5158 fortunam,
1729 5094 1851 5149 aliis
1900 5106 1957 5148 ut
1990 5096 2106 5149 ele-

529 5199 733 5254 menta,
767 5190 889 5242 aliis
921 5201 978 5242 ut
1011 5189 1418 5244 contentionem
1450 5195 1504 5241 et
1536 5186 1856 5252 amicitiam,
1888 5187 2011 5240 aliis
2045 5194 2105 5240 ut

526 5279 779 5334 emlcstes
813 5291 866 5333 et
887 5295 1082 5334 aereos
1111 5295 1174 5334 ac
1204 5287 1493 5333 terrestres
1516 5277 1648 5332 deos
1677 5278 2102 5342 arbitrarentur,

529 5373 647 5424 aliis
678 5381 734 5424 ut
765 5371 1088 5435 animantia,
1138 5371 1266 5424 aliis
1299 5380 1356 5422 ut
1397 5369 1618 5437 stirpes,
1674 5369 1797 5422 aliis
1852 5379 1912 5422 ut
1955 5369 2106 5422 aliud

526 5465 806 5534 quidpiam
842 5465 1045 5520 divinis
1088 5463 1392 5518 honoribus
1442 5460 1739 5515 atticen-ent.
1792 5461 1892 5515 ilic
1924 5470 2106 5515 autem

598 5655 618 5687 ⁸
643 5652 798 5706 item.
835 5667 873 5719 t,
905 5653 973 5706 .‘28
1009 5666 1162 5720 seqq.
1265 5651 1284 5681 ⁸
1326 5649 1345 5703 l
1375 5647 1566 5703 Thess.
1605 5665 1643 5713 I,
1677 5649 1728 5702 9.

2211 4451 2318 4506 diis
2350 4453 2673 4518 serviamus,
2709 4470 2774 4508 ac
2809 4471 2972 4525 supra
3007 4473 3223 4512 omnem
3261 4473 3571 4517 creaturam
3601 4480 3793 4518 assur-

2210 4555 2403 4609 gamus
2445 4542 2602 4613 (nulli
2655 4544 2863 4598 scilicet
2892 4545 2968 4599 rei
3012 4557 3206 4602 creatae
3247 4549 3551 4606 divinitatis
3593 4567 3796 4607 nomen

2214 4631 2524 4702 tribuendo)
2562 4649 2625 4688 ac
2667 4646 2927 4701 praetcrea
2976 4639 3243 4693 mundum
3281 4657 3498 4696 omnem
3530 4644 3794 4698 sensilem

2215 4725 2445 4792 tempori
2479 4727 2877 4794 subjaccntem,
2903 4738 3068 4798 atque
3104 4733 3240 4785 adeo
3271 4733 3661 4798 intellectilem,
3693 4738 3795 4806 qui

2209 4817 2399 4882 prima:
2427 4817 2651 4871 motioni
2697 4821 2905 4885 subest,
2957 4823 3353 4879 transiliamus.
3401 4826 3542 4879 Deus
3587 4830 3796 4896 quippe

2210 4918 2361 4962 motu
2403 4923 2526 4962 sese
2563 4910 2629 4962 ad
2680 4925 2858 4964 rerum
2898 4917 3336 4981 procreationem
3369 4927 3424 4971 et
3462 4917 3788 4974 fabricatio-

2210 5015 2334 5052 nem
2371 5001 2615 5068 agitavit.
2648 5002 2724 5056 Ac
2745 5005 2920 5069 primo
2969 5007 3188 5072 quidem
3224 5008 3394 5077 ipsius
3424 5022 3576 5064 motu
3609 5012 3790 5081 angeli

2208 5095 2474 5159 procreati
2508 5105 2656 5159 sunt,
2691 5106 2876 5163 utpote
2909 5108 3034 5151 ante
3064 5109 3279 5169 tempus
3314 5104 3520 5156 conditi
3556 5122 3571 5158 :
3609 5119 3790 5173 quan-

2207 5185 2501 5252 doquidem
2542 5198 2665 5240 ante
2695 5189 2895 5242 uelum
2927 5201 2982 5243 et
3015 5193 3156 5245 diem
3187 5208 3251 5247 ac
3280 5195 3474 5258 solem,
3514 5196 3606 5264 qui
3645 5207 3787 5251 tem-

2206 5291 2309 5344 pus
2342 5279 2652 5343 constituit,
2685 5280 2860 5348 angeli
2889 5285 3056 5336 ereati
3087 5293 3217 5337 sunt
3253 5303 3266 5340 :
3300 5286 3544 5340 secundo
3575 5300 3779 5349 autem,

2209 5367 2298 5421 bic
2326 5369 2563 5424 mundus
2612 5372 2704 5438 qui
2748 5384 2973 5440 aspectu
3004 5377 3258 5430 sentitur.
3311 5375 3780 5442 Quemadmodum

2209 5460 2373 5530 igitur
2413 5463 2568 5517 nobis
2602 5463 2788 5518 datum
2826 5477 2911 5520 est
2951 5477 3007 5521 ut
3059 5467 3329 5524 idolorum
3363 5471 3513 5526 cultu
3545 5471 3774 5536 liberati,
