4048 6278
283 383 428 447 1225

1207 376 1529 438 NICETAS
1567 375 1649 438 IN
1691 375 1914 436 ORAT.
1954 375 2202 435 XXXIX
2246 375 2304 436 S.
2351 375 2582 438 GREG.

3408 375 3546 440 1226

281 493 476 556 Deum,
523 488 615 560 qui
671 484 818 542 omni
867 495 1145 554 creatura,
1172 496 1279 540 tam
1324 485 1665 556 aspectabili,
1699 498 1862 554 quam
1890 495 1943 551 Α
1969 486 2257 553 riﬁcatam,
2303 494 2697 548 (intuor-uritque
2731 483 2800 536 ad
2851 498 2971 538 eum
3017 483 3282 538 accedere.
3337 483 3546 537 Idcirco

283 582 583 638 intellectili
622 588 674 634 et
697 577 969 649 spirituali
1003 578 1255 648 superior
1282 585 1387 640 est,
1419 590 1817 648 cognoscamus
1847 594 1859 628 :

281 677 364 730 sic
419 673 580 728 etiam
615 671 708 726 Dei
743 670 1002 740 mysteria
1053 668 1420 738 intelligamus
1449 678 1505 722 et
1541 667 1858 733 doceamus,

251 783 348 823 vac
375 768 532 837 juxta
569 762 892 817 Salomonis
922 763 1066 832 leges
1102 771 1156 816 et
1209 769 1476 831 praecepta
1509 760 1861 830 philosophe-

280 875 424 912 mur.
477 854 750 920 Quoniam
791 853 937 906 enim
972 853 1024 905 in
1057 851 1351 920 malignam
1374 850 1612 902 animum
1645 865 1747 902 non
1771 849 1852 902 in-

273 949 439 1002 trabit
476 946 742 1016 sapientia
768 945 788 976 ⁶
820 985 835 1011 ,
878 943 1083 998 ideirco
1106 944 1327 997 animos
1355 954 1569 1008 eorum,
1598 940 1692 1010 qui
1731 953 1857 994 cum

278 1038 544 1106 sapientia
610 1034 1061 1089 consuetudinem
1109 1031 1346 1087 habituri
1404 1040 1554 1095 sunt,
1616 1032 1855 1101 primum

279 1145 374 1198 per
427 1128 672 1182 divinum
727 1127 978 1181 timorem
1027 1133 1260 1194 purgat,
1299 1123 1386 1178 his
1426 1123 1604 1177 verbis
1640 1140 1654 1176 :
1692 1123 1859 1176 Prin-

272 1220 484 1290 cipium
522 1217 830 1288 sapientiae,
887 1216 1082 1286 collige
1133 1215 1483 1286 sapientiam,
1523 1215 1630 1269 hoc
1659 1224 1766 1282 est,
1799 1215 1853 1268 in

277 1311 551 1381 principio
634 1308 918 1377 sapientiae
958 1347 974 1373 ,
1023 1307 1078 1361 id
1111 1305 1194 1361 est
1224 1345 1241 1373 ,
1303 1307 1358 1361 in
1420 1308 1616 1362 timore
1669 1306 1854 1361 divino

268 1402 599 1472 sapientiam
632 1401 729 1456 tibi
769 1415 1050 1470 compara.
1110 1398 1179 1455 Ut
1221 1399 1367 1455 enim
1412 1398 1851 1466 fundamentum,

279 1495 472 1548 domus
527 1492 856 1562 principium
921 1503 1030 1559 est,
1092 1500 1147 1547 et
1201 1494 1379 1557 navis,
1447 1493 1636 1547 carina
1703 1509 1719 1545 :
1773 1492 1855 1547 sic

278 1585 474 1648 etiam,
506 1583 659 1653 juxta
705 1581 926 1638 Davidis
979 1583 1347 1649 sententiam,
1397 1585 1714 1653 principium
1761 1601 1852 1638 sa-

269 1678 508 1740 oientiaz,
561 1677 722 1728 timor
752 1674 964 1728 Domini
1008 1677 1052 1729 ".
1105 1674 1286 1730 Pietas
1331 1677 1475 1730 enim
1526 1690 1591 1730 ac
1630 1676 1851 1746 religio-

279 1782 369 1822 sus
401 1768 562 1822 timor
589 1767 656 1823 ad
691 1781 954 1822 numeros
985 1782 1179 1823 omnes
1217 1767 1436 1821 virtutis
1465 1767 1846 1832 absolvendos,

271 1860 442 1919 scalae
488 1858 664 1912 instar
715 1868 797 1912 est
855 1876 872 1913 :

281 1953 535 2005 vitiorum
587 1951 912 2020 contagione
967 1950 1332 2019 sordibusque
1384 1949 1622 2016 lustret,
1684 1960 1848 2020 atque

274 2042 587 2110 ubicunque
663 2039 1000 2095 domicilium
1085 2041 1381 2110 sedemque
1451 2041 1693 2102 habeat,
1749 2041 1849 2092 im-

274 2132 475 2202 probas
504 2146 696 2187 omnes
742 2141 793 2186 et
835 2130 1130 2201 ﬂagitiosas
1172 2130 1490 2187 actioncsin
1513 2130 1695 2201 fugam
1731 2146 1854 2185 ver-

276 2233 376 2278 tat.
438 2221 708 2289 Quoniam
777 2223 944 2291 igitur
1001 2222 1443 2278 ruditncntarius
1503 2232 1588 2277 est
1639 2223 1845 2289 timur,

277 2319 426 2370 velut
484 2317 678 2386 puerili
733 2316 967 2386 quadam
1034 2315 1385 2371 institutione
1435 2329 1538 2370 nos
1591 2314 1660 2370 ad
1727 2329 1846 2370 eam

275 2408 556 2473 virtutem,
609 2422 730 2478 qua:
783 2407 836 2461 itt
883 2407 1102 2462 actione
1147 2418 1419 2474 versatur,
1472 2407 1847 2472 introducens,

273 2500 448 2552 activa
496 2507 678 2553 autem
731 2499 903 2553 virtus
958 2498 1434 2568 contemplationis
1485 2498 1630 2553 scala
1688 2507 1772 2552 est
1827 2514 1840 2551 :

273 2589 452 2643 danda
503 2589 661 2644 nobis
717 2600 802 2644 est
834 2604 1023 2658 opera,
1073 2600 1132 2644 ut
1179 2600 1324 2644 recte
1380 2599 1435 2645 et
1486 2599 1849 2660 congruenter

274 2683 347 2738 iis
395 2693 614 2736 utamur
647 2722 663 2747 ,
730 2683 1033 2752 ordineque
1085 2683 1500 2752 progrediamur
1529 2719 1546 2745 ,
1612 2691 1774 2750 atque
1816 2695 1847 2734 a

275 2775 473 2828 timore
517 2775 700 2828 exorsi
733 2815 750 2840 ,
786 2776 842 2828 in
889 2773 1370 2843 contemplationis
1399 2771 1678 2842 fastigium
1717 2771 1848 2826 sult-

275 2865 563 2917 vehamur.
604 2862 738 2916 Nam
793 2861 1226 2932 contemplatio,
1278 2862 1384 2916 nisi
1433 2861 1647 2915 timoris
1675 2860 1845 2914 divini

273 2954 430 3007 freno
475 2963 815 3019 coerceatur,
874 2953 929 3008 in
981 2954 1335 3024 blasphemia:
1388 2967 1609 3022 quoque
1655 2950 1850 3006 fortas-

273 3045 355 3099 sis
384 3054 436 3099 et
468 3045 763 3114 impietatis
795 3045 1094 3115 praecipitia
1128 3060 1228 3099 nos
1270 3044 1543 3114 impulerit
1591 3058 1657 3098 ac
1697 3044 1846 3113 deje-

273 3135 435 3191 cerit.
466 3135 544 3188 Ac
579 3135 700 3190 vide
734 3135 962 3200 scalam,
1000 3150 1096 3205 per
1141 3149 1306 3205 quam
1337 3135 1402 3188 ad
1452 3133 1844 3204 perfectionem

276 3226 434 3280 nobis
478 3240 738 3282 ascensus
788 3235 956 3296 patet.
1007 3226 1112 3283 Ubi
1169 3227 1316 3282 enim
1374 3227 1540 3280 timor
1583 3235 1687 3291 est,
1737 3226 1848 3281 illic

271 3332 491 3387 quoque
531 3317 913 3371 mandatorum
945 3318 1281 3373 observatio.
1326 3315 1432 3372 Ubi
1464 3328 1647 3372 autem
1687 3333 1847 3372 man-

270 3409 526 3463 datorum
559 3409 868 3464 observatio
895 3449 912 3475 ,
965 3409 1046 3465 ibi
1091 3410 1272 3466 carnis
1300 3425 1518 3481 quoque
1545 3411 1793 3482 purgatio
1829 3427 1843 3465 :

273 3515 398 3568 qua:
429 3499 646 3568 quidem
671 3515 798 3553 caro
824 3499 929 3554 hoc
965 3508 1050 3555 est
1086 3504 1303 3568 animai,
1333 3501 1480 3571 quod
1514 3501 1615 3556 soli
1652 3501 1845 3567 nubes,

276 3591 517 3646 tenebris
565 3592 776 3646 scilicet
816 3607 936 3645 eam
987 3591 1267 3647 obducens
1307 3602 1475 3663 atque
1517 3594 1844 3658 obscuratis,

277 3698 380 3738 nec
413 3683 581 3738 divini
627 3683 765 3737 radii
810 3683 1156 3752 splendorem
1197 3699 1333 3754 pure
1382 3685 1586 3738 intueri
1633 3688 1842 3740 sinens.

273 3771 445 3828 Porro
477 3773 564 3827 ubi
607 3775 805 3828 animae
835 3777 1110 3845 purgatio,
1156 3792 1278 3846 quae
1307 3777 1596 3833 virtutibus
1627 3792 1848 3846 compa-

271 3874 446 3928 ratur,
497 3867 606 3920 illic
647 3867 812 3921 etiam
875 3867 1111 3923 scientiae
1154 3868 1498 3935 illuminatio,
1529 3879 1651 3938 post
1700 3869 1845 3938 piant

271 3960 730 4028 setnpiternarum
797 3976 982 4016 rerum
1035 3961 1476 4031 disquisitionem
1524 3961 1722 4027 elucet,
1777 3961 1845 4016 ad

273 4050 367 4106 Dei
395 4054 759 4122 «cgnitionent
803 4053 1044 4106 animam
1091 4053 1351 4118 evehcns,
1385 4053 1668 4123 ipsiusque
1699 4053 1849 4108 desi-

271 4143 481 4198 derium
531 4145 607 4197 rei
663 4144 906 4198 omnium
965 4159 1179 4198 summe
1237 4145 1549 4212 expetendae
1599 4145 1848 4214 alligens,

274 4236 380 4289 hoc
438 4245 544 4301 est,
599 4236 731 4302 Deo,
792 4236 887 4306 qui
937 4245 991 4291 et
1050 4237 1105 4290 in
1171 4237 1424 4291 maximis
1465 4248 1572 4303 est,
1624 4237 1678 4292 id
1740 4249 1846 4303 est,

273 4327 328 4379 in
366 4327 540 4380 tribus
569 4327 842 4397 personis,
871 4337 926 4382 et
957 4329 1011 4382 in
1043 4329 1304 4394 tnaximo,
1334 4340 1552 4398 propter
1592 4329 1848 4384 substan-

275 4416 364 4470 tiae
395 4425 450 4470 et
497 4416 797 4471 divinitatis
848 4418 1132 4483 unitatem,
1174 4427 1229 4472 et
1284 4419 1657 4489 magnitudine
1694 4420 1844 4474 omni

1964 579 2224 632 vsiamine
2266 578 2456 633 faciem
2507 595 2660 632 suam
2695 577 2938 642 obduxit,
2985 587 3142 647 atque
3167 579 3246 632 ita
3272 595 3388 632 cum
3420 580 3545 648 ipsis

1963 670 2280 726 versabant:
2332 673 2380 726 ’.
2457 670 2930 737 Quemadmodum
3003 672 3171 742 igitur
3238 672 3542 737 lsraelitze,

1961 762 2216 831 quamvis
2267 760 2435 816 Mosis
2483 762 2696 816 vultum
2750 776 2976 817 cernere
3031 771 3315 831 cuperent,
3349 771 3535 816 tamen

1961 862 2182 922 propter
2209 852 2516 922 splendoris
2533 853 2720 908 radios
2749 868 2816 909 ex
2846 869 2912 910 eo
2944 865 3256 920 manantes,
3275 869 3544 923 suamque

1961 943 2357 1010 inﬁrmitatem,
2411 958 2536 998 eum
2582 944 2784 999 intueri
2815 959 2924 999 non
2954 954 3211 1016 poterant
3242 963 3258 1000 :
3293 947 3362 1000 ad
3398 945 3543 1000 hunc

1958 1051 2178 1108 qucque
2228 1037 2452 1091 modum
2507 1037 2821 1108 quicunque
2875 1051 2941 1092 ex
2976 1038 3137 1092 nobis
3173 1052 3272 1106 per
3320 1052 3538 1091 morum

1958 1125 2287 1194 probitatem
2319 1126 2681 1197 egregiasque
2711 1125 2958 1180 actiones
3009 1126 3226 1180 animos
3271 1140 3380 1180 non
3418 1141 3542 1194 per-

1958 1222 2267 1290 purgarint,
2299 1237 2426 1276 cum
2473 1220 2585 1276 Deo
2637 1230 2692 1277 et
2722 1221 2997 1290 theologia
3035 1221 3236 1276 frustra
3266 1235 3539 1275 commer-

1957 1312 2104 1365 cium
2161 1311 2364 1366 habere
2419 1311 2785 1367 conabuntur.
2849 1310 3064 1366 Rursus
3117 1311 3184 1366 de
3236 1310 3432 1365 Manue
3485 1312 3538 1364 in

1955 1400 2094 1454 libro
2126 1397 2384 1454 Judicum
2418 1400 2532 1455 haec
2560 1401 2838 1454 memoria:
2867 1401 3088 1469 prodita
3121 1409 3251 1456 sunt
3282 1401 3351 1466 ιο,
3383 1385 3552 1464 ευιιιξ

1955 1505 2083 1546 cum
2124 1491 2340 1547 lsraelis
2383 1493 2549 1561 judex
2597 1502 2792 1557 esset,
2842 1492 3316 1561 humanitatisque
3362 1492 3536 1546 cilicia

1953 1594 2079 1650 erga
2155 1579 2399 1647 hospites
2453 1578 2700 1634 studiose
2768 1580 3012 1644 coleret,
3071 1579 3324 1649 angelum
3380 1578 3537 1646 quasi

1955 1686 2122 1725 unum
2153 1671 2468 1740 quempiam
2511 1686 2543 1726 e
2577 1671 2734 1742 plebe
2772 1672 3012 1740 hospitio
3046 1671 3350 1740 excepisse,
3381 1685 3538 1724 cum-

1953 1777 2060 1833 que
2108 1762 2250 1833 ignis
2293 1777 2324 1817 e
2373 1773 2528 1832 petra
2581 1773 2635 1818 et
2688 1778 2878 1818 mensa
2929 1765 3172 1817 emicans
3202 1764 3353 1817 cibos
3395 1763 3533 1831 ipsis

925 1868 1112 1928 utpote
1159 1858 1252 1928 qui
1299 1859 1519 1912 animos
1559 1868 1784 1912 nostros
1818 1873 1848 1912 a
1885 1849 1923 1903 Β
1953 1856 2236 1924 appositas
2268 1854 2613 1922 devorasset,
2661 1865 2826 1924 atque
2878 1856 3108 1924 angelus
3153 1868 3183 1906 a
3233 1862 3536 1922 conspectu

1952 1947 2126 2015 ipsius
2156 1961 2215 2001 se
2245 1945 2619 2009 subduxisset,
2661 1946 2717 1999 in
2762 1961 2883 2000 eam
2937 1947 3253 2015 opinionem
3292 1944 3532 2007 venisse,

1952 2046 2012 2090 ut
2047 2035 2215 2090 Deum
2262 2052 2293 2090 a
2319 2052 2377 2091 se
2411 2037 2590 2091 visum
2637 2051 2760 2091 esse
2797 2036 3163 2102 existimaret,
3198 2048 3535 2102 uxoremque

1951 2129 2026 2184 ita
2055 2129 2350 2184 allocutum
2382 2143 2543 2183 esse:
2571 2127 2839 2194 Perimus,
2883 2143 3044 2195 uxor,
3078 2127 3244 2181 Deum
3282 2126 3529 2180 vidimus.

1949 2221 2419 2288 Quemadmodum
2474 2221 2649 2292 igitur
2690 2219 2909 2285 Manue,
2971 2219 3293 2290 Santpsonis
3351 2227 3528 2288 pater,

1951 2313 2124 2369 Deum
2157 2314 2343 2368 videre
2374 2313 2478 2369 sibi
2511 2313 2663 2368 visus
2693 2321 2800 2379 est,
2835 2325 2960 2366 eum
3010 2320 3190 2365 tamen
3231 2326 3339 2365 non
3368 2310 3518 2364 vide-

1949 2407 2021 2458 rit
2070 2422 2083 2458 :
2127 2407 2202 2459 ita
2247 2406 2338 2475 qui
2372 2405 2585 2475 purgati
2618 2419 2724 2458 non
2776 2405 2998 2468 fuerint,
3031 2403 3358 2473 theologiam
3399 2403 3528 2472 qui-

1951 2495 2095 2560 dem,
2145 2495 2251 2549 hoe
2296 2504 2421 2558 est,
2481 2494 2790 2548 divinitatis
2839 2494 3238 2564 cognitionem,
3291 2493 3527 2562 imagine

1950 2587 2277 2655 concipient,
2303 2585 2475 2655 ipsam
2505 2595 2684 2640 tamen
2721 2599 2832 2639 non
2865 2585 3128 2639 videbunt
3159 2601 3174 2637 :
3206 2587 3317 2637 imo
3346 2583 3532 2652 potius

1951 2678 2309 2733 simulacrum
2362 2677 2641 2746 quoddam
2701 2677 2875 2746 ipsius
2925 2676 3203 2731 intuentes
3237 2690 3304 2729 ac
3350 2675 3532 2744 perci-

1951 2770 2162 2839 pientes
2198 2769 2387 2824 animo
2437 2769 2808 2839 trepidabunt,
2864 2783 2928 2822 ac
2964 2767 3148 2822 dicent
3181 2785 3196 2822 :
3229 2760 3526 2829 Periimus,

1951 2862 2096 2933 quod
2127 2863 2382 2918 videlicet
2412 2877 2481 2917 ne
2527 2864 2819 2918 obscuram
2857 2862 3079 2932 quidem
3111 2861 3261 2916 illius
3293 2859 3525 2914 formam

1951 2955 2233 3010 sustinere
2268 2963 2492 3024 queant.
2531 2955 2615 3008 Ad
2668 2954 2784 3008 hac
2814 2952 3278 3023 quemadmodum
3329 2949 3529 3005 Petrus

1952 3046 2058 3100 vim
2108 3045 2516 3115 cliicaciamque
2557 3043 2856 3098 divinitatis
2897 3060 3004 3099 non
3037 3043 3237 3107 ferens,
3281 3039 3467 3097 Jesum
3492 3057 3526 3094 a

1953 3137 2168 3207 navigio
2217 3139 2462 3203 arcebat,
2509 3147 2568 3191 ut
2599 3147 2784 3192 narrat
2827 3136 3160 3206 evangelista
3192 3135 3232 3166 “
3267 3152 3284 3190 :
3324 3135 3399 3189 ita
3433 3134 3523 3204 Qui

1950 3232 2135 3286 animo
2190 3231 2431 3285 nondum
2486 3238 2720 3300 purgato
2773 3228 3107 3297 theologiam
3175 3227 3440 3294 suscipit,
3492 3240 3525 3279 a

1950 3331 2131 3378 mente
2160 3337 2262 3378 sua
2301 3336 2421 3376 eam
2469 3321 2750 3385 amolitur,
2801 3319 2908 3374 vim
2943 3319 3112 3388 ipsius
3159 3332 3267 3372 non
3322 3316 3522 3372 ferens.

1949 3412 2422 3480 Quemadmodum
2476 3413 2702 3482 insuper
2733 3411 2959 3472 Paulus,
2994 3420 3055 3464 ut
3101 3409 3278 3464 Lucas
3308 3409 3362 3462 in
3394 3422 3524 3477 apo-

1948 3508 2211 3562 stolorum
2243 3506 2392 3561 Actis
2425 3515 2613 3561 narrat
2644 3505 2713 3572 ",
2750 3519 2876 3561 cum
2910 3504 3150 3574 acceptis
3185 3519 3214 3558 a
3245 3500 3522 3573 pontiﬁci-

1947 3598 2050 3654 bus
2099 3596 2292 3652 litteris
2339 3595 2718 3669 Hierosolyma
2768 3597 3096 3652 Damascum
3145 3594 3522 3657 contenderet,

1951 3701 2011 3746 ut
2058 3691 2406 3748 Christianos
2458 3699 2884 3760 persequeretur
2937 3697 3102 3757 atque
3155 3687 3524 3756 opprimeret,

1949 3785 2112 3839 simul
2143 3793 2306 3855 atque
2337 3784 2438 3854 ipsi
2477 3785 2579 3840 iter
2609 3783 2830 3840 facienti
2859 3781 3092 3853 exiguus
3141 3780 3369 3845 Clu-isti,
3407 3780 3525 3834 veri

1948 3876 2192 3940 luminis,
2227 3876 2418 3932 radius
2455 3876 2707 3945 obiectus
2735 3885 2840 3941 est,
2879 3875 3065 3928 statim
3112 3882 3336 3943 aspectu
3363 3873 3526 3927 orba—

1948 3981 2036 4022 tus
2057 3975 2158 4033 est,
2193 3968 2338 4038 quod
2365 3983 2395 4021 a
2424 3967 2822 4038 persecutionis
2856 3965 3072 4037 piaculo
3098 3965 3365 4020 luStratus
3397 3972 3524 4019 ante

1949 4075 2060 4114 non
2100 4059 2320 4125 inisset,
2355 4074 2519 4130 quam
2575 4074 2702 4116 cum
2731 4074 2820 4124 eo,
2873 4073 3035 4128 quem
3069 4058 3526 4128 persequebatur,

1950 4154 2001 4208 in
2024 4153 2358 4223 colloquium
2405 4152 2616 4208 veniret
2673 4168 2689 4205 :
2744 4151 2936 4207 eodem
2996 4151 3162 4205 modo
3205 4149 3300 4219 qui
3332 4149 3528 4217 divino

1949 4247 2145 4300 timore
2194 4247 2412 4316 purgati
2449 4261 2556 4300 non
2605 4243 2828 4308 iuerint,
2861 4243 2958 4298 sed
3005 4243 3190 4296 animo
3221 4241 3440 4310 impuro
3470 4247 3528 4294 et

1949 4337 2170 4393 sordido
2221 4341 2289 4392 ad
2340 4336 2856 4408 contemplationem
2905 4333 3259 4396 accesserint,
3294 4332 3418 4401 plus
3459 4345 3526 4384 ex

1947 4444 2009 4484 ea
2071 4442 2130 4483 re
2187 4427 2507 4483 detrimenti
2569 4435 2624 4482 et
2682 4424 3000 4494 dispendii,
3057 4437 3222 4493 quam
3277 4420 3527 4475 utilitatis

270 4505 523 4572 Superior
565 4515 668 4569 ρει,
725 4505 853 4574 quia
902 4521 1003 4560 nec
1055 4505 1383 4576 quantitate,
1439 4523 1539 4564 nec
1585 4509 1842 4576 atnplitu-
1876 4525 2001 4580 Det
2052 4519 2358 4588 compendii
2415 4519 2705 4588 accipient.
2767 4515 3236 4584 Quemadmodum
3293 4513 3527 4582 denique

268 4596 432 4660 dine,
485 4611 586 4650 nec
643 4597 1018 4666 magnitudine
1069 4597 1583 4653 circumscribitur:
1619 4599 1842 4668 Magnus

267 4688 439 4750 enim,
478 4687 677 4756 inquit,
703 4687 962 4742 Dominus
992 4698 1042 4742 et
1084 4688 1370 4743 laudabilis
1405 4689 1572 4758 valde,
1609 4706 1699 4744 nec
1730 4707 1844 4743 ma-

267 4779 562 4848 gnitudinis
593 4778 705 4846 ejus
730 4779 855 4848 finis
880 4791 956 4833 est
989 4779 1034 4832 ⁸.

341 4888 458 4944 Col.
489 4891 596 4945 545
623 4891 685 4946 Β.
738 4893 1001 4956 Quocirca
1048 4909 1102 4947 se
1143 4909 1393 4963 quemque
1427 4910 1575 4963 prius
1621 4912 1849 4966 purgare

268 4993 497 5051 oportet,
528 4993 633 5039 etc.
671 4983 816 5051 llaec,
846 4986 1042 5055 inquit,
1078 5001 1202 5041 cum
1237 5002 1297 5041 se
1341 4991 1410 5041 ita
1455 4989 1710 5055 habeant,
1745 4993 1843 5042 ad-

270 5074 508 5128 hibenda
540 5076 694 5144 prius
720 5091 802 5132 est
829 5092 926 5147 per
953 5080 1206 5133 virtutem
1254 5079 1308 5132 in
1354 5081 1571 5133 actione
1608 5080 1837 5148 positam

269 5166 547 5233 purgatio,
578 5177 743 5236 atque
789 5171 864 5223 ita
913 5170 984 5223 ad
1025 5170 1507 5239 contemplationis
1547 5172 1838 5241 puritatem

269 5255 537 5322 eundum,
615 5258 671 5311 id
710 5269 834 5323 est,
892 5260 1132 5313 divinam
1187 5262 1468 5316 scientiam
1532 5273 1587 5316 et
1641 5263 1846 5317 doctri-

268 5364 398 5402 nam
452 5369 466 5403 :
534 5353 640 5406 nisi
698 5353 857 5408 nobis
911 5355 1054 5409 idem
1106 5356 1354 5410 accidere
1399 5355 1655 5420 velimus,
1697 5354 1843 5424 quod

202 5485 211 5492 .
270 5439 534 5496 lsi-uelitis
580 5445 800 5499 accidit.
855 5443 1130 5514 Scriptum
1181 5446 1326 5500 enim
1375 5455 1461 5501 est
1504 5448 1559 5500 in
1605 5447 1842 5502 Exodo:

282 5530 536 5586 Viderunt
569 5529 674 5602 ﬁlii
699 5535 921 5590 Israelis
953 5536 1176 5604 Mosem,
1211 5538 1503 5609 faciemque
1530 5540 1697 5609 ipsius
1730 5545 1845 5612 glo-

345 5707 366 5735 °
408 5709 536 5777 Snp.
569 5727 608 5770 I,
644 5710 700 5762 4.
772 5712 791 5741 ⁷
835 5711 978 5766 Psal.
1011 5687 1097 5774 cx.
1135 5713 1220 5768 10.

271 5777 309 5806 ¹¹
353 5778 487 5831 Luc.
526 5796 575 5843 ν,
608 5780 661 5833 8.
740 5781 782 5811 "
819 5785 946 5836 Act.
976 5798 1026 5847 v,
1069 5783 1091 5834 1
1129 5799 1283 5854 seqq.

512 5875 784 5938 PATRUL.
821 5880 938 5939 Gn.
970 5880 1268 5944 CXXVII.

1325 5716 1346 5747 ⁸
1389 5715 1534 5788 Psal.
1591 5734 1769 5788 cxuv,
1829 5721 1881 5777 5.

1382 5789 1426 5819 ¹³
1463 5787 1652 5844 Matth.
1711 5787 1826 5859 vttt,
1863 5794 1913 5846 8.

1943 4612 2160 4666 dicebat
2210 4610 2471 4667 Centurio
2523 4629 2539 4666 :
2609 4610 2854 4676 Domine,
2909 4625 3014 4662 non
3068 4624 3184 4662 sum
3229 4607 3420 4678 dignus
3470 4613 3528 4657 ut

1944 4703 2106 4755 intres
2137 4703 2230 4756 sub
2287 4711 2480 4757 tectum
2528 4717 2702 4755 meum
2754 4717 2773 4757 :
2828 4701 2919 4754 sed
2945 4701 3031 4753 dic
3058 4706 3236 4765 verba,
3271 4706 3322 4752 et
3367 4713 3526 4751 sana-

1946 4794 2088 4847 bitur
2134 4811 2266 4864 puer
2319 4811 2466 4848 meus
2522 4794 2566 4826 "
2637 4795 2767 4867 (hoc
2825 4807 2988 4863 porro
3043 4789 3264 4846 dicebat
3297 4831 3314 4857 ,
3365 4805 3526 4845 cura-

1948 4887 2146 4941 tionem
2211 4887 2757 4957 pueriirequirens,
2820 4884 3092 4940 medicum
3159 4893 3341 4937 autem
3399 4897 3516 4952 pro-

1951 4987 2072 5046 pter
2125 4978 2272 5046 pium
2308 4987 2364 5032 et
2409 4978 2738 5032 laudabilem
2778 4985 2985 5030 metum
3017 4975 3073 5029 in
3108 4975 3334 5029 domum
3363 4988 3522 5027 suam

1954 5085 2060 5123 non
2082 5070 2395 5140 admittens)
2435 5086 2450 5122 :
2489 5071 2570 5124 sic
2595 5071 2760 5124 etiam
2811 5069 2912 5138 ipsi
2949 5069 3274 5138 theologiam
3306 5067 3524 5134 quidem

1949 5169 2222 5229 expetent,
2273 5177 2462 5216 verum
2529 5161 2699 5215 Deum
2752 5161 2932 5230 ipsum
2984 5161 3040 5215 in
3079 5161 3322 5214 animum
3354 5159 3517 5214 baud-

1942 5264 2211 5319 quaquam
2242 5249 2522 5318 excepturi
2555 5259 2703 5305 sunt.

2013 5362 2156 5418 lbid.
2200 5363 2264 5417 Ο.
2321 5361 2558 5417 Proinde
2595 5363 2740 5417 dicat
2795 5380 2996 5434 quoque
3053 5382 3117 5419 ea:
3168 5363 3317 5418 nobis
3370 5363 3517 5432 quis-

1943 5457 2108 5523 piam,
2165 5463 2272 5509 etc.
2339 5454 2618 5520 Quantliu,
2685 5456 2882 5526 inquit,
2951 5457 3219 5526 quispiam
3268 5463 3519 5509 nostrum

1947 5547 2193 5601 centurio
2226 5557 2332 5612 est,
2385 5547 2489 5601 hoc
2544 5557 2650 5614 est,
2695 5548 2896 5602 multos
2942 5549 2994 5601 in
3049 5546 3182 5602 vitio
3231 5561 3519 5616 superans,

1992 5723 2012 5754 ’
2051 5723 2219 5807 Exod.
2275 5697 2457 5791 xxxiv,
2512 5726 2582 5785 50
2667 5729 2757 5785 55.
2869 5729 2911 5759 ¹⁰
2947 5726 3122 5784 Judic.
3153 5744 3273 5795 χιιι,
3306 5729 3330 5782 l
3365 5743 3518 5799 seqq.

3069 5897 3145 5954 39
