4048 6278
570 378 710 441 12:7

1955 372 2330 435 ADDENDA.

3689 362 3829 426 1938

571 494 1025 568 quemadmodum
1070 494 1160 549 ille
1207 492 1259 545 in
1308 493 1530 545 militari
1566 489 1886 560 praefectura
1919 484 2533 556 cettlumAjut-uudins
2570 477 2900 552 possidetur,
2954 488 3004 534 tt
3052 478 3351 535 studiosius
3402 478 3829 548 diligrnt‘usque

574 590 839 644 militibus
870 596 1119 657 prmerat,
1147 600 1210 640 ac
1256 584 1499 647 diabolo,
1534 583 1922 637 sceleratorum
1964 580 2139 634 homi-

572 682 703 737 num
746 680 1122 750 scelerumque
1148 678 1332 732 mundi
1380 677 1613 747 principi
1652 679 1844 739 servit,
1879 675 1982 728 hac
2014 687 2142 726 ora-

572 779 723 831 tione
783 782 968 828 utatur
1032 788 1047 824 :
1102 769 1221 825 Non
1277 785 1396 824 sunt
1450 770 1649 837 dignus
1689 767 1785 837 qui
1839 764 2143 821 divinitatis

577 866 881 921 dottrinam
940 864 1235 933 excipiam.
1301 862 1370 914 At
1422 871 1777 931 posteaquam
1836 856 2144 911 immanita-

575 970 681 1013 tem
741 953 946 1011 Christi
999 952 1318 1022 perceperit,
1361 951 1463 1005 hoc
1513 960 1619 1015 est,
1685 964 1806 1002 eam
1866 950 2142 1009 virtutem,

575 1069 698 1122 qua:
729 1051 781 1103 iu
813 1047 1023 1116 agendo
1051 1054 1319 1107 vetsatur,
1351 1053 1638 1098 assecutus
1674 1039 1859 1104 fuerit,
1893 1054 1957 1093 ac
1981 1051 2145 1105 supra

574 1158 923 1216 sycomorum
954 1139 1195 1208 seipsum
1219 1135 1497 1199 extulerit,
1531 1134 1583 1188 id
1609 1142 1719 1196 est,
1756 1147 1920 1200 supra
1963 1129 2147 1183 eat-nis

578 1236 858 1295 aﬂ'ectum,
908 1247 1069 1302 quem
1109 1228 1374 1293 membra,
1404 1242 1527 1297 qua:
1559 1240 1726 1294 super
1761 1235 1960 1276 terram
1995 1229 2144 1284 sunt,

575 1335 741 1381 vorat
794 1324 1082 1392 Apostolus
1113 1320 1179 1387 Ψ.
1207 1324 1392 1388 ιῐῑρηιθ
1428 1326 1773 1371 terrenarum
1809 1329 1991 1368 rerum
2029 1321 2149 1367 stu-

578 1417 671 1470 dio
721 1414 1029 1476 addictum,
1084 1426 1149 1465 ac
1201 1410 1348 1464 circa
1394 1422 1492 1463 eas
1530 1421 1656 1462 sese
1689 1406 2042 1468 volutantem,
2087 1418 2151 1457 ac

580 1522 785 1575 corpus
847 1503 1173 1558 humilitatis
1225 1500 1378 1555 humi
1436 1499 1806 1569 provolutum.
1881 1494 2155 1562 Quemad-

580 1601 802 1659 modum
857 1599 1004 1653 enim
1068 1608 1388 1666 sycontorus
1439 1591 1640 1646 sterilis
1701 1602 1864 1659 atque
1919 1586 2149 1657 infragi-

583 1698 695 1749 t’era
727 1692 975 1762 quaedam
1025 1688 1188 1743 arbor
1216 1697 1300 1740 est
1328 1697 1493 1753 atque
1518 1685 1798 1753 depressa,
1859 1682 1940 1736 sic
1984 1679 2152 1734 etiam

582 1785 818 1843 carnalis
862 1782 1105 1836 affectus.
1163 1776 1429 1843 Quocirca
1479 1776 1572 1844 qui
1624 1789 1747 1828 eum
1805 1771 2022 1836 fugerit,
2090 1785 2156 1825 ac

2242 576 2565 631 custoditur.

2317 669 2438 722 Col.
2462 668 2568 721 546
2596 668 2639 721 Α
2686 666 3036 735 Posteaquam
3069 673 3242 717 autem
3263 665 3443 716 anima
3476 674 3687 729 nostra,
3711 675 3825 717 etc.

2248 757 2305 813 Si
2381 759 2644 813 divinitus
2740 757 2995 809 illustvari
3079 755 3278 824 gestis,
3355 752 3667 807 faciendun
3730 755 3830 807 tibi

2247 848 2400 916 prius
2449 856 2565 903 est.
2627 856 2717 907 ut,
2776 846 3234 916 quemadmmlum
3286 842 3551 913 Salomon
3594 854 3778 896 monet
3813 862 3829 895 :

2251 939 2410 994 Omni
2436 940 2677 991 (ualeam
2719 953 2889 989 terres
2934 952 3025 989 τον
3065 945 3212 988 tuum
3244 936 3311 998 ¹⁹,
3364 936 3836 1004 ascensioucsque

2251 1030 2311 1084 in
2362 1033 2527 1085 corde
2572 1043 2667 1083 tuo
2710 1030 2995 1098 disponas,
3043 1027 3231 1082 Davidi
3278 1041 3484 1081 morem
3527 1043 3728 1095 gerens
3759 1028 3833 1087 ⁸⁸,

2253 1121 2556 1192 profectum
2591 1122 2701 1175 Deo
2736 1130 2975 1190 gratum,
3014 1129 3179 1189 atque
3209 1121 3277 1174 ad
3321 1120 3529 1188 majora
3570 1134 3835 1188 progres-

2252 1215 2460 1267 sionem
2494 1223 2548 1268 et
2581 1229 2867 1268 ascensum
2896 1228 2925 1266 a
2956 1224 3004 1265 te
3023 1211 3314 1282 postulanti
3340 1228 3357 1277 ς
3391 1228 3455 1265 ac
3480 1212 3549 1267 de
3580 1210 3839 1266 Jerctnize

2254 1305 2483 1360 consili.»
2522 1315 2576 1358 et
2626 1305 2892 1359 sententia
2932 1305 2998 1369 ",
3055 1302 3269 1357 novalia
3301 1303 3396 1356 tibi
3440 1303 3542 1370 ipsi
3577 1302 3840 1363 iunovea.

2242 1398 2451 1451 anima:
2502 1404 2633 1450 tuae.
2671 1396 2810 1449 facie
2866 1394 3232 1463 complanata,
3280 1393 3613 1461 vitiosisque
3656 1392 3840 1460 spinis

2253 1486 2517 1542 extractis
2557 1496 2613 1540 et
2667 1486 2893 1546 evulsis.
2948 1484 3101 1551 Quod
3137 1485 3230 1539 tibi
3263 1485 3360 1538 abs
3390 1494 3442 1537 te
3474 1483 3683 1537 factum
3718 1482 3841 1535 fue-

2256 1580 2347 1644 rit,
2378 1577 2491 1648 jam
2541 1579 2606 1632 ad
2657 1578 2927 1646 justitiam
2957 1576 3091 1640 fere,
3123 1591 3188 1630 ac
3232 1587 3349 1630 tum
3384 1576 3607 1629 demum
3652 1577 3839 1628 scien-

2260 1671 2349 1725 tiau
2377 1670 2611 1735 lumine,
2646 1672 2787 1724 sicut
2836 1679 2920 1722 est
2963 1670 3105 1738 apud
3151 1668 3347 1724 Oscam
3392 1671 3462 1733 “,
3515 1667 3843 1723 collustrari

2260 1764 2483 1833 puteris.
2533 1762 2985 1831 Quandoquidem
3019 1761 3083 1815 In
3128 1762 3412 1832 malignam
3456 1761 3695 1815 animum
3734 1777 3844 1812 non

562 1880 731 1931 velut
766 1887 1014 1929 marcore
1067 1869 1341 1933 adecerit,
1393 1866 1687 1934 carnisque
1719 1864 2021 1933 voluptates
2057 1876 2155 1930 op-
2189 1845 2225 1898 "
2255 1854 2479 1906 intrabit
2533 1854 2796 1923 sapientia
2857 1853 2924 1905 ’⁸.
2982 1852 3121 1908 Cum
3176 1862 3358 1906 autem
3415 1853 3533 1921 ipse
3565 1853 3847 1920 sapientia

583 1965 874 2037 presserit,
928 1960 1481 2031 contemplationem,
1526 1956 1629 2009 hoc
1676 1962 1792 2019 est,
1850 1952 2155 2007 divinitatis

583 2058 912 2119 doctrinam,
963 2054 1139 2107 activa
1191 2050 1391 2103 virtute
1421 2046 1535 2116 jam
1589 2051 1928 2113 comparata,
1982 2040 2156 2097 susci-

585 2150 719 2219 piat,
772 2157 937 2215 atque
972 2142 1158 2197 audiat
1192 2158 1206 2194 :
1236 2137 1407 2192 Hodie
1435 2136 1579 2190 salus
1628 2135 1751 2188 Ituic
1800 2134 2001 2198 domui,
2055 2131 2158 2185 hoc

585 2249 689 2303 est,
719 2238 978 2297 euntibus
1018 2235 1216 2288 animae
1241 2230 1489 2301 partibus
1536 2245 1551 2281 :
1605 2241 1706 2281 nec
1735 2225 1911 2280 solum
1942 2238 2003 2276 ea
2036 2236 2159 2291 qua:

587 2333 763 2387 habet.
813 2339 1051 2392 tueatur,
1105 2339 1292 2380 verum
1343 2323 1411 2377 ad
1455 2320 1663 2387 majora
1719 2318 1883 2372 etiam
1929 2322 1984 2369 et
2029 2314 2160 2370 sub-

597 2425 815 2477 limiora
877 2418 1211 2479 contendat,
1280 2429 1345 2468 ac
1406 2410 1665 2482 pra'clare
1740 2414 1962 2477 spargat
2016 2421 2160 2474 qum

583 2516 851 2571 scelerate
898 2509 1151 2579 collegit,
1209 2507 1325 2561 sive
1373 2502 1657 2573 pecunias,
1716 2501 1831 2556 sive
1879 2500 2157 2568 dogmata,

588 2620 808 2677 resque,
840 2616 894 2658 et
943 2603 1109 2655 animi
1142 2614 1329 2662 sensa,
1359 2594 1660 2652 divinitatis
1691 2592 1936 2648 doctrina
1967 2606 2158 2660 parum

589 2700 798 2768 digna,
853 2695 1115 2750 eﬂ'undat.
1176 2689 1321 2745 ldetn
1375 2690 1527 2743 enim
1583 2684 1824 2742 Verbum
1894 2685 2160 2742 hist0rico

589 2792 811 2863 quidem
857 2802 1023 2843 sensu
1065 2783 1245 2845 Deus,
1294 2781 1592 2851 anagogico
1630 2788 1813 2835 autem
1863 2778 2162 2834 divinitatis

586 2885 864 2946 doctrina,
919 2888 974 2933 et
1032 2875 1272 2946 indignis
1337 2870 1755 2927 formidolosum
1800 2881 1886 2926 est
1944 2881 2164 2939 prOpter

593 2987 847 3033 naturam
906 2987 1063 3025 suam
1117 2987 1134 3022 :
1194 2966 1334 3037 ignis
1387 2964 1525 3019 enim
1582 2977 1893 3017 consumens
1953 2972 2064 3027 est,
2106 2971 2165 3016 ttt

590 3072 669 3125 ait
729 3065 1009 3134 Scriptuta
1071 3061 1147 3124 ",
1189 3068 1243 3113 et
1303 3064 1522 3128 ptopter
1579 3054 1965 3124 benignitatem
2003 3062 2160 3121 raptu

592 3161 752 3220 tacite
776 3200 790 3225 ,
827 3160 894 3213 iis
941 3156 1151 3224 utique,
1192 3165 1332 3222 quos
1395 3164 1505 3203 nou
1536 3147 1717 3204 dicam
1766 3146 1960 3217 dignos
1989 3150 2160 3214 ~(p2'0-

594 3254 712 3325 prie
755 3253 897 3306 enim
945 3263 1106 3303 nemo
1157 3262 1224 3300 eo
1276 3243 1475 3312 dignus
1525 3242 1651 3310 est),
1686 3254 1874 3293 verum
1931 3238 2024 3307 qui
2093 3239 2159 3291 ad

595 3345 769 3416 ipsius
797 3341 1168 3411 exceptionem
1201 3337 1274 3390 ita
1314 3350 1372 3389 se
1397 3343 1792 3404 prepararuut,
1828 3339 1885 3384 ut
1928 3330 2031 3394 illi,
2063 3330 2155 3400 qui

597 3438 813 3506 quidem
865 3448 1054 3486 eiussu
1100 3439 1155 3484 et
1216 3425 1467 3494 improbo
1511 3422 1707 3491 spiritu
1759 3436 1825 3475 ex
1887 3421 2159 3489 spiritnaii

594 3530 790 3584 animae
816 3540 929 3581 sua:
963 3521 1127 3576 domo
1155 3516 1384 3587 expulso
1412 3554 1427 3581 ,
1460 3528 1633 3583 eaque
1660 3512 1845 3581 scopis
1878 3513 2159 3577 mundaza,

594 3623 700 3675 hcc
757 3626 867 3680 est,
903 3612 1149 3668 studiose
1203 3617 1430 3679 purgata
1480 3615 1644 3674 atque
1686 3612 1902 3666 ornata,
1953 3618 2161 3672 nequa-

591 3724 756 3782 quam
784 3707 1018 3762 otiosam
1049 3718 1171 3758 cam
1216 3709 1380 3770 atque
1430 3699 1657 3753 inertem
1698 3697 2042 3766 reliquerunt
2071 3697 2163 3761 (ite

592 3815 848 3857 neversus
881 3799 1129 3867 impurus
1183 3794 1394 3847 damon
1433 3789 1649 3844 facilius
1696 3787 1863 3843 simul
1891 3803 1956 3842 ac
1991 3791 2161 3842 tutius

594 3899 647 3947 in
699 3908 819 3948 eam
874 3889 1180 3958 immigret,
1242 3891 1429 3952 utpote
1475 3895 1602 3936 cum
1682 3890 1887 3947 septem
1951 3878 2164 3948 spiriti-

594 3986 701 4041 bus
734 3982 976 4046 rediens,
1014 3979 1110 4049 qui
1151 3977 1371 4048 quidem
1421 3986 1628 4045 septem
1663 3974 1881 4029 virtutis
1951 3972 2163 4042 spiriti—

593 4075 698 4129 bus
732 4071 1116 4133 adversantur,
1163 4071 1266 4121 hoc
1311 4073 1415 4131 est,
1469 4063 1711 4133 Spiritus
1758 4063 1933 4119 sancti
1981 4062 2160 4128 donis,

593 4181 716 4238 quae
774 4164 846 4220 ab
900 4162 1040 4217 Isaia
1102 4165 1454 4215 recensentur
1520 4155 1604 4224 ³⁸,
1662 4169 1858 4224 nempe
1925 4151 2162 4223 Spiritus

589 4255 948 4324 fortitudinis,
978 4252 1217 4316 consilii,
1277 4249 1595 4320 prudentiae,
1635 4246 1850 4302 timoris
1899 4244 2014 4308 Dei,
2049 4244 2162 4313 pie-

594 4351 743 4415 tatis,
775 4347 1076 4418 sapieutite,
1106 4353 1163 4399 et
1192 4342 1483 4409 scientiae),
1508 4355 1694 4394 verum
1728 4338 1794 4392 ad
1829 4336 1942 4391 vitii
1980 4335 2161 4404 fugam

592 4441 811 4497 virtutis
843 4438 1049 4494 cultqu
1087 4434 1398 4506 adjungunt
1456 4431 1626 4502 (juxta
1674 4430 1805 4484 illttd
1842 4428 2102 4483 :Dccliua
2130 4444 2163 4480 a

2258 1946 2562 2000 ix-S'J'Ul'llls
2613 1959 2676 1998 ac
2730 1944 2915 1998 divino
2968 1944 3260 2013 splendore
3320 1944 3579 2011 perfusus
3636 1944 3842 2007 fueris,

2258 2045 2369 2089 tum
2420 2051 2553 2089 vero
2589 2036 2711 2089 aliis
2769 2051 3003 2105 quoque,
3062 2044 3122 2089 ut
3175 2036 3251 2089 ait
3296 2036 3589 2107 Apostolus
3622 2035 3692 2103 ⁸⁸,
3739 2036 3839 2090 Dei

2258 2127 2580 2194 sapientiam
2631 2126 2878 2195 loquere,
2934 2127 2998 2180 de
3053 2128 3269 2195 lteoqtte
3319 2127 3667 2182 disserc:ac
3715 2136 3845 2181 tum

2256 2217 2420 2271 etiam
2467 2216 2694 2286 mystice
2731 2225 2785 2269 et
2814 2216 3209 2283 circumspecte
3254 2232 3321 2271 ea
3371 2233 3495 2286 qua:
3527 2219 3671 2286 apud
3716 2222 3850 2272 vul-

2256 2324 2414 2379 gares
2465 2308 2736 2373 homines,
2786 2309 2889 2362 hoc
2935 2318 3038 2373 est,
3094 2309 3320 2362 minime
3369 2320 3648 2378 purgatos,
3710 2311 3849 2365 abs-

2260 2400 2480 2455 condita
2529 2410 2695 2467 sunt,
2750 2401 2980 2456 discute.
3039 2403 3117 2455 Ac
3180 2396 3450 2456 luminare
3500 2401 3558 2456 in
3626 2404 3849 2456 mundo

2261 2490 2461 2556 factus,
2517 2501 2572 2546 et
2623 2491 2768 2559 fulgo
2824 2492 2958 2560 ipse,
3011 2500 3066 2546 et
3121 2491 3258 2546 alios
3312 2491 3549 2547 illustra.
3609 2491 3845 2546 Interim

2258 2601 2410 2649 vero,
2439 2586 2619 2648 idest,
2652 2600 2937 2655 quousque
2967 2588 3032 2638 ad
3063 2599 3356 2655 supernum
3383 2585 3535 2638 illum
3568 2585 3846 2653 fulgorem

2266 2677 2606 2746 perveneris,
2656 2678 2885 2747 teipsum
2918 2691 3221 2748 praepurga,
3279 2692 3342 2732 ac
3374 2674 3554 2729 Verbo
3591 2692 3846 2746 praepara

2261 2779 2315 2824 et
2364 2769 2652 2839 przciuitia,
2698 2778 2754 2820 et
2804 2767 2952 2821 velut
2992 2783 3295 2837 prmexerce
3326 2776 3633 2836 (sacrarum
3667 2770 3849 2839 siqui.

2262 2861 2384 2914 dem
2434 2876 2615 2915 rerum
2670 2860 2926 2914 doctores
2974 2860 3221 2913 initiandi
3254 2861 3359 2912 vim
3398 2859 3622 2930 habent)
3651 2871 3711 2914 ut
3770 2874 3850 2915 te-

2266 2952 2443 3021 ipxum
2468 2951 2703 3020 ptimum
2731 2951 2993 3004 beneticio
3010 2950 3235 3005 adicias.
3270 2948 3424 3016 Quod
3453 2952 3673 3018 quidem
3695 2950 3854 3006 futu-

2266 3060 2388 3098 rum
2423 3053 2537 3109 est,
2570 3043 2615 3098 si
2660 3058 2768 3096 non
2800 3043 2974 3098 solum
3031 3052 3084 3097 te
3118 3046 3190 3097 ita
3219 3058 3506 3112 compares
3532 3084 3550 3107 ,
3576 3054 3639 3098 ut
3669 3044 3850 3100 Deum

2266 3139 2540 3206 excipere,
2581 3136 2676 3192 sed
2726 3136 2856 3192 aliis
2910 3151 3128 3207 quoque
3174 3135 3353 3206 ipsum
3385 3136 3638 3206 proferre
3674 3147 3854 3210 atque

2188 3199 2232 3259 Ο
2265 3229 2555 3284 ostendere
2580 3243 2758 3283 merea
2768 3229 2863 3283 ris.

2336 3321 2468 3374 Ibid.
2513 3319 2572 3373 Β.
2633 3318 2901 3384 Quoniam
2951 3329 3125 3373 autem
3166 3335 3403 3375 sermone
3447 3321 3709 3375 theatrum
3768 3342 3854 3379 re-

2262 3414 2624 3484 purgavimus,
2657 3424 2765 3469 etc.
2820 3412 3112 3479 Quoniam,
3143 3413 3339 3483 inquit,
3368 3428 3643 3479 sermone,
3680 3431 3851 3484 qitcm

2263 3509 2331 3562 dc
2385 3507 2525 3561 festo
2579 3505 2913 3570 habuimus,
2964 3504 3299 3560 auditorium
3365 3509 3850 3576 praeparavimns,

2269 3610 2435 3670 atque
2494 3607 2737 3654 attentos
2816 3599 3124 3652 auditorum
3181 3599 3393 3651 animos
3461 3600 3853 3664 reddidimus,

2265 3707 2387 3761 age,
2440 3691 2524 3745 'de
2576 3689 2718 3744 festo
2761 3689 3039 3758 quidpiam
3084 3691 3441 3746 disseramus.
3474 3689 3542 3746 Et
3581 3694 3849 3761 quoniam

2265 3783 2590 3852 primarium
2639 3795 2702 3834 ac
2740 3781 3073 3849 praecipuum
3116 3779 3238 3835 festi
3266 3793 3451 3849 caput.
3490 3782 3581 3836 Dei
3613 3797 3695 3837 est
3725 3800 3849 3837 mc-

2265 3878 2438 3930 moria
2514 3874 2935 3942 divinitatisque
3010 3876 3404 3941 pertractatio,
3455 3872 3549 3928 Dei
3609 3876 3847 3944 proinde

2266 3967 2588 4022 memoriam
2630 3967 2992 4021 celebremus.
3045 3962 3180 4019 Nam
3231 3967 3377 4033 quod
3423 3968 3495 4019 ait
3524 3964 3736 4023 David:
3774 3966 3844 4021 In

2264 4075 2383 4112 race
2441 4057 2817 4111 exsultationis
2883 4065 2935 4109 et
2988 4057 3332 4124 confessionis
3412 4074 3575 4111 sonus
3642 4059 3841 4127 festum

2266 4149 2529 4221 agentium
2560 4149 2638 4216 ²⁸;
2670 4158 2724 4201 et
2759 4163 2952 4203 rursus
2978 4165 2994 4200 :
3026 4148 3198 4214 Quasi
3235 4149 3534 4203 nutantium
3566 4150 3838 4203 hominum

2265 4241 2525 4295 habitatio
2552 4242 2608 4295 in
2646 4251 2691 4294 te
2726 4242 2795 4307 ⁸⁸,
2825 4241 2959 4296 nihil
3011 4242 3156 4297 aliud
3200 4242 3285 4297 hic
3318 4258 3487 4297 sonus
3532 4252 3637 4306 est,
3675 4259 3839 4313 quam

2270 4336 2363 4390 Dei
2420 4337 2560 4398 laus,
2600 4349 2722 4403 Quae
2772 4334 2840 4388 ab
2884 4334 2954 4388 iis
2989 4334 3334 4403 pra‘diratur,
3368 4334 3460 4402 qui
3505 4336 3842 4403 sempiterno

2267 4429 2362 4483 ilio
2395 4427 2595 4497 gaudio
2624 4426 2770 4493 digni
2808 4426 2976 4480 habiti
3024 4435 3172 4481 sunt.
3225 4425 3380 4491 Quod
3427 4427 3474 4480 si
3524 4442 3588 4480 ea
3630 4444 3748 4496 quae
3786 4427 3841 4479 itt

592 4533 755 4597 mata,
792 4541 843 4599 et
898 4532 983 4601 {ac
1016 4529 1211 4583 bonum
1236 4525 1300 4580 ιτ.
1335 4522 1642 4593 Utrumque
1673 4522 1818 4576 enim
1854 4519 2163 4573 necessario
2197 4539 2238 4592 ο
2268 4520 2514 4572 oratione
2560 4517 2627 4571 de
2676 4516 2969 4573 Nativitate
3018 4517 3154 4582 dixi,
3190 4532 3333 4571 nunc
3372 4532 3597 4586 quoque
3633 4530 3841 4587 repeto,

593 4626 889 4695 requiritur
915 4663 930 4689 ,
974 4624 1235 4676 nimirum
1269 4618 1473 4672 animae
1503 4615 1751 4685 purgatio
1772 4651 1789 4678 ,
1824 4620 1884 4665 ut
1915 4611 2164 4680 impurus

596 4718 742 4770 vitiis
787 4715 1010 4784 spiritus
1052 4713 1109 4766 in
1156 4712 1359 4780 fugam.
1401 4723 1460 4763 se
1495 4707 1793 4775 conjiciat,
1838 4711 1892 4757 et
1949 4702 2164 4756 virtutis

596 4811 862 4872 accessio,
902 4814 961 4859 ιιι
990 4808 1166 4859 bonus
1208 4802 1434 4872 spiritus
1477 4802 1530 4853 in
1587 4800 1808 4852 domum
1847 4794 2161 4859 inducatur,

595 4918 660 4956 ac
696 4900 854 4953 locus
883 4898 1197 4965 impleatur,
1250 4901 1305 4948 et
1335 4894 1537 4947 virtute
1561 4888 1932 4953 cumulatur);
1989 4896 2160 4941 totum

594 4998 905 5057 Christum,
950 4992 1034 5047 vel
1086 5001 1234 5045 certe
1290 5002 1452 5055 quam
1501 4985 1740 5037 maxime
1784 4983 1899 5035 lteri
1956 4991 2159 5052 potest,

595 5086 962 5145 admittentes,
1012 5095 1081 5134 ne
1138 5075 1389 5132 diabolus
1440 5076 1678 5138 rediens,
1714 5087 1779 5127 ac
1825 5072 2003 5126 locum
2062 5072 2164 5124 ati-

592 5191 757 5245 quem
806 5188 1035 5227 vacuum
1090 5170 1390 5233 oﬂ‘eudens,
1444 5181 1568 5223 eum
1618 5166 1855 5236 impleat,
1890 5164 2160 5235 pernicio-

593 5271 906 5336 siorcmque
939 5281 1003 5320 cx
1040 5263 1237 5318 animis
1265 5261 1469 5315 nostris
1501 5257 1771 5313 ofﬁcinam
1804 5258 1907 5311 sibi
1939 5255 2157 5316 θωρίίιι,

596 5359 998 5428 violentiusque
1049 5362 1323 5418 excurrat,
1376 5361 1539 5422 atque
1583 5360 1905 5418 occupatam
1939 5348 2159 5401 doumm

592 5453 781 5512 tutiori
840 5450 1095 5521 praesidio
1155 5447 1367 5502 muniat
1424 5446 1489 5497 ³⁸.
1566 5442 1916 5510 Quodcnim
1970 5438 2161 5493 didici-

592 5547 701 5602 ltus
758 5550 1121 5614 expugnatur,
1177 5539 1256 5605 id,
1309 5544 1436 5592 cum
1495 5537 1665 5592 semel
1710 5542 1926 5604 captum
1971 5540 2076 5598 est,
2108 5541 2161 5586 et

664 5687 710 5717 “
744 5685 954 5740 Coloss.
989 5700 1069 5745 ut.
1109 5684 1160 5737 5.
1241 5683 1285 5714 "
1326 5681 1479 5734 Deut.
1520 5678 1708 5741 “39.4.

594 5773 668 5819 tv,
720 5755 813 5810 25.
925 5756 971 5786 ⁸⁸
1012 5757 1150 5807 l’sul.
1194 5768 1416 5809 unm.
1454 5752 1473 5803 Ι
1513 5765 1668 5815 seqq.

598 5816 664 5889 tt,
693 5828 748 5882 6.
847 5827 889 5857 ³⁸
931 5825 1076 5880 Psal.
1112 5842 1217 5887 HJ,
1258 5824 1308 5877 5.
1386 5824 1429 5851 ³³
1473 5821 1614 5873 l’sal.
1649 5831 1866 5880 Lxxxv't,
1899 5816 1952 5868 τ.

1786 5678 1830 5707 ¹⁶
1872 5676 2082 5741 lsa.x1,
2109 5676 2161 5736 2,
2194 5677 2248 5729 '5.

1744 5748 1785 5777 ²¹
1827 5745 2025 5809 Jet‘em.
2060 5762 2132 5810 tv,
2194 5746 2214 5797 1
2250 5760 2402 5814 seqq.

2271 4611 2407 4665 nihil
2457 4611 2659 4663 mirum
2704 4610 2829 4664 erit.
2877 4607 3032 4675 Nam,
3091 4621 3149 4664 ut
3192 4608 3434 4665 Platonis
3474 4611 3657 4665 verbis
3698 4622 3841 4672 utar,

2269 4705 2460 4756 eadem
2498 4704 2565 4757 de
2610 4702 2803 4757 iisdem
2856 4702 3017 4758 rebus
3066 4702 3279 4771 loquar,
3328 4703 3381 4756 id
3429 4712 3535 4763 est.
3567 4703 3637 4757 de
3671 4705 3844 4757 tribus

2270 4795 2545 4865 personis.
2589 4793 2724 4848 Nam
2778 4795 2831 4849 in
2892 4794 3018 4848 aliis
3063 4795 3285 4863 quidem
3340 4793 3505 4849 rebus
3544 4808 3613 4848 ac
3643 4803 3845 4849 tracta-

2271 4890 2437 4951 tibus,
2491 4888 2761 4942 orationis
2824 4888 3141 4941 varietatem
3200 4896 3256 4941 et
3317 4888 3527 4956 copiam
3599 4889 3841 4942 studiose

2265 4979 2522 5034 adactam
2570 4979 2882 5048 praestiterit
2923 4995 2938 5031 :
2983 4987 3041 5033 at
3086 4978 3142 5032 in
3174 4995 3240 5032 ea
3299 4979 3692 5048 disputatione,
3722 4994 3844 5046 qure

2265 5072 2335 5127 de
2370 5071 2485 5126 Deo
2534 5072 2855 5142 suscipitur,
2901 5072 3318 5139 expressissitua
3368 5080 3422 5124 et
3460 5068 3836 5125 eﬂieacissima

2267 5164 2430 5217 verba
2478 5164 2816 5233 arripienda,
2869 5171 2925 5217 et
2986 5162 3279 5226 consertis,
3316 5161 3459 5229 quod
3501 5161 3678 5224 aiunt,
3726 5175 3843 5214 ma-

2271 5254 2433 5309 nibus
2484 5257 2767 5309 retinenda
2815 5262 2943 5309 sunt
2988 5269 3007 5307 :
3047 5253 3259 5306 etiamsi
3295 5251 3591 5306 identidem
3646 5250 3834 5303 eadem

2273 5348 2436 5402 verba
2468 5348 2598 5402 mihi
2629 5346 2922 5416 repetenda
2958 5347 3090 5402 sint.
3132 5347 3400 5412 Quoniam
3431 5347 3581 5400 enim
3614 5344 3841 5401 lubrica.

2268 5452 2324 5496 et
2373 5440 2690 5511 periculosa:
2737 5440 2869 5493 alca:
2897 5440 3050 5508 plena
3085 5447 3170 5493 est
3214 5438 3515 5494 divinitatis
3565 5438 3834 5493 tractatio.

2270 5533 2525 5602 Deosque
2604 5541 2800 5586 natura
2889 5531 3255 5585 formidabilis
3328 5541 3414 5586 est
3490 5540 3543 5585 rt
3630 5530 3836 5583 incom-

2326 5676 2368 5708 ⁸⁷
2405 5673 2547 5727 ΡεειΙ.
2584 5690 2766 5736 xxxvi,
2794 5673 2884 5726 27.
2962 5672 3006 5702 ⁸⁸
3043 5670 3173 5724 Life.
3209 5687 3282 5731 λι.
3329 5672 3389 5724 ει
3431 5670 3522 5723 26.

2502 5747 2544 5776 “
2586 5744 2745 5811 Osee,
2785 5760 2836 5809 κ,
2899 5741 2979 5795 l2.
3065 5742 3112 5773 ’³
3154 5743 3281 5810 Sap.
3336 5758 3371 5803 ι,
3406 5741 3455 5794 4.

3602 5670 3642 5699 ³³
3681 5667 3831 5719 Prov.

3568 5740 3612 5770 ”
3654 5739 3671 5789 l
3714 5737 3833 5789 Cor.
