4064 6274
270 373 418 436 122')

1204 372 1528 434 NICETAS
1569 369 1650 429 IN
1691 367 1912 427 ORAT.
1952 366 2202 426 XXXIX
2243 369 2300 428 S.
2344 372 2574 432 GREG.

3407 375 3543 441 1230

269 488 682 561 prebensibilis,
717 488 939 553 ἰδυῖα-ο,
974 489 1186 558 quoties
1222 488 1354 543 mihi
1405 487 1473 542 dc
1526 485 1636 539 Deo
1683 483 1860 537 dissc-
1895 485 1938 538 Α
1973 496 2152 534 rerum
2209 485 2454 539 omnium
2519 487 2806 541 Don'iinum
2867 497 3034 559 atque
3087 489 3547 559 omnipotentem,

271 582 428 637 rrndi
467 581 768 636 necessitas
799 581 1087 645 incumbit,
1107 591 1219 635 tum
1253 581 1441 650 lingua
1469 576 1852 637 contremisco,

273 689 386 726 tum
433 681 781 739 mente,qua3
817 672 1008 742 primis
1060 673 1379 728 unctionibus
1411 672 1858 727 sublimioribus-

276 781 400 835 que,
427 779 592 834 quam
614 773 674 819 ut
707 765 1273 834 argumentationibus
1296 765 1609 819 confirmari
1633 772 1853 836 queant,

269 858 554 912 institutas
587 857 845 910 materias
909 857 1124 927 arripit,
1158 866 1274 910 tum
1329 858 1661 928 cogitatione
1691 857 1854 911 etiam

270 951 658 1018 perhorresco,
694 964 816 1018 qua:
846 959 1295 1019 argumentorum
1344 964 1541 1003 causas
1593 964 1621 1002 a
1676 957 1858 1004 mente

274 1043 572 1112 accipiens,
614 1044 813 1096 mentis
859 1042 1186 1110 agitationes
1245 1043 1557 1098 Considerat
1605 1043 1859 1112 velutque

274 1133 572 1188 distribuit.
626 1134 825 1202 Atque.
891 1142 945 1186 ιιι
994 1134 1090 1202 ipsi
1139 1149 1358 1204 qunque
1401 1134 1855 1196 contremiscatis,

265 1241 427 1297 Opto.
460 1227 715 1281 llorroris
750 1227 894 1280 enim
958 1228 1183 1281 allectus
1211 1227 1313 1281 hoc
1339 1229 1457 1281 loco
1499 1228 1710 1283 laudem
1745 1243 1858 1282 me-

279 1331 446 1386 retur,
479 1335 542 1374 ac
576 1319 739 1373 timor
775 1321 862 1374 hic
896 1321 1105 1374 beatus.
1144 1319 1312 1374 Deum
1349 1335 1514 1389 porro
1549 1336 1674 1375 cum
1710 1321 1853 1386 dico,

273 1416 473 1484 triplex
515 1430 800 1484 unumque
862 1414 1048 1468 lumen
1089 1412 1184 1466 tibi
1213 1413 1396 1468 animo
1427 1429 1671 1485 propone
1705 1434 1718 1467 :
1759 1415 1856 1468 tri-

279 1509 405 1576 plex
463 1507 704 1575 quidem,
749 1516 1014 1576 quantum
1051 1506 1118 1560 ad
1175 1507 1521 1577 hypostases,
1551 1517 1610 1562 ut
1660 1505 1857 1562 Orien-

281 1600 416 1653 tales
448 1599 717 1662 dicebant,
746 1601 849 1661 vel,
875 1607 933 1652 ut
966 1599 1104 1664 ltali,
1129 1613 1424 1668 personas;
1451 1615 1618 1652 unum
1652 1608 1855 1658 autem.

282 1703 544 1761 quantum
575 1693 640 1746 ad
665 1692 1029 1746 substantiam
1059 1700 1116 1746 et
1148 1691 1520 1746 adoratiouem
1568 1692 1858 1747 divisionis

274 1783 462 1836 munis
497 1791 790 1852 expertem.
822 1779 1032 1834 Etenim
1069 1780 1330 1836 dividitur
1361 1784 1580 1850 quidem
1619 1781 1696 1852 (7)
1731 1797 1860 1852 pro—

276 1887 402 1945 pter
438 1883 550 1929 tres
583 1889 842 1944 personas
875 1889 890 1927 :
922 1882 1203 1937 caeterum,
1237 1874 1597 1930 indiStinctim
1641 1887 1860 1944 prepter

281 1968 588 2022 divinitatis
608 1967 868 2021 unitatem
897 1983 911 2020 :
945 1981 1010 2020 ac
1040 1981 1237 2020 rursus
1269 1967 1610 2021 connectitur
1639 1967 1858 2037 quidem

279 2070 502 2131 propter
562 2058 866 2118 divinitatis
917 2058 1279 2120 identitatem,
1328 2057 1628 2112 distinctim
1675 2067 1858 2113 autem

280 2163 507 2223 prapter
575 2157 934 2222 personarum
995 2150 1316 2205 trinitatem.
1363 2148 1544 2204 Unum
1604 2151 1750 2204 enim
1806 2150 1859 2204 in

279 2248 461 2301 tribus
520 2244 779 2301 divinitas
823 2252 926 2310 est,
967 2253 1022 2298 et
1061 2244 1163 2297 tria
1197 2258 1388 2307 unum,
1435 2258 1499 2298 ea
1551 2243 1605 2298 in
1662 2243 1863 2313 quibus

283 2340 542 2394 divinitas
591 2330 709 2406 est,
750 2337 836 2390 vel
890 2337 1074 2407 potius
1129 2351 1250 2408 quae
1299 2336 1563 2392 divinitas
1619 2345 1769 2398 sunt,
1807 2345 1866 2389 ut

279 2435 458 2503 magis
479 2433 702 2505 proprio
731 2440 785 2486 et
813 2439 1010 2486 exarto
1047 2431 1214 2486 verbo
1245 2439 1392 2494 utar,
1422 2445 1486 2484 ac
1514 2446 1581 2486 ne
1603 2430 1863 2501 cuiquam

279 2545 317 2583 a
370 2545 456 2583 me
500 2527 720 2583 occasio
767 2525 1089 2595 auspicandi
1141 2527 1322 2590 detur,
1348 2525 1686 2580 divinitatem
1717 2525 1865 2578 aliud

284 2621 541 2692 quiddam
593 2635 714 2675 esse
770 2627 968 2689 praeter
1016 2618 1153 2682 btec,
1185 2625 1281 2670 aut
1309 2617 1635 2686 compositio
1671 2617 1778 2670 ulla
1810 2617 1864 2671 in

286 2715 626 2782 simplicibus
667 2711 1010 2780 excogitetur
1049 2727 1066 2763 :
1105 2717 1222 2764 tum
1256 2709 1420 2763 etiam
1455 2713 1582 2778 quia
1609 2711 1867 2766 divinitas

284 2807 538 2877 pv~rsonis
585 2803 994 2874 quodammodo
1052 2802 1418 2876 coessentiata
1448 2810 1552 2857 est.
1596 2801 1868 2858 Excessus

289 2908 468 2952 autem
525 2913 588 2952 ac
632 2894 880 2951 defectus
933 2896 1136 2950 missos
1177 2893 1471 2961 faciamus,
1528 2909 1626 2950 nec
1683 2895 1870 2966 plures

290 3008 552 3063 personas
611 2992 788 3045 tribus
844 2990 1196 3052 conﬁtentes,
1252 3004 1352 3044 nec
1395 2989 1706 3058 pauciores.
1753 2988 1869 3052 Vel,

286 3104 387 3142 nec
409 3087 754 3152 excedentcs,
779 3093 837 3138 ut
861 3085 1049 3150 Arius,
1098 3099 1220 3140 cum
1251 3093 1361 3137 tres
1389 3093 1614 3139 naturas
1667 3083 1876 3138 inducit

1888 1825 1937 1884 B

1960 575 2116 643 quasi
2152 576 2204 630 in
2237 577 2449 646 apicem
2482 581 2772 649 quemdam
2809 591 2862 636 et
2892 582 3170 652 fastigium
3198 583 3386 654 colligi
3411 599 3545 639 con-

1961 665 2216 736 trahique
2240 667 2464 723 omnino
2503 671 2875 725 necessarium
2914 681 3019 727 est.
3043 672 3179 726 Nam
3207 672 3308 728 hac
3332 675 3545 727 ratione

1962 758 2119 812 nobis
2153 757 2354 813 divina:
2391 758 2678 816 Trinitatis
2729 763 2976 817 doctrina
3009 772 3064 817 et
3092 772 3279 818 sancta
3320 765 3544 820 unitatis

1963 848 2278 916 praedicatio
2314 853 2608 907 constabit.
2649 853 2754 908 Sed
2786 855 3067 910 videamus
3089 856 3218 924 quid
3253 855 3542 925 signiticet,

1960 955 2022 994 ex
2090 942 2378 998 diametro.
2439 944 2716 1000 Diameter
2765 946 2817 1000 in
2873 948 3097 1003 circulis
3152 958 3235 1004 cst
3293 948 3541 1017 quaedam

1963 1045 2108 1090 recta
2153 1035 2315 1102 linea,
2365 1053 2509 1108 quas,
2548 1055 2645 1108 per
2669 1049 2918 1095 centrum
2955 1043 3140 1108 ducta,
3164 1041 3216 1095 in
3255 1051 3547 1112 utramque

1961 1138 2169 1196 partem
2229 1133 2574 1196 terminatur,
2623 1143 2787 1202 atque
2841 1135 2895 1187 in
2938 1137 3072 1189 duas
3125 1149 3311 1202 inquas
3363 1145 3546 1204 partes

1959 1220 2226 1274 circiilum
2259 1235 2428 1288 secat,
2461 1223 2728 1278 diazneter
2763 1226 2908 1280 dicta
2939 1226 3089 1296 παρὰ
3124 1226 3184 1278 τὸ
3221 1226 3546 1294 διαμετρεῖν

1959 1311 2050 1364 τὸν
2079 1313 2200 1366 ὃ).ον
2227 1315 2428 1369 κύκλον
2455 1318 2536 1380 εἰς
2571 1319 2667 1370 [σα
2689 1317 2784 1370 δύο
2815 1317 2980 1389 μέρη,
3005 1318 3056 1372 id
3079 1318 3343 1387 est,quod
3373 1328 3547 1371 totum

1959 1404 2228 1458 circulum
2268 1407 2318 1460 in
2351 1407 2490 1462 duas
2541 1419 2720 1476 partes
2764 1409 3002 1477 aequales
3038 1409 3373 1463 dimetiatur.
3420 1407 3548 1461 Sola

1960 1496 2104 1548 enim
2159 1497 2276 1550 inec
2326 1497 2467 1551 linea
2508 1498 2560 1552 id
2595 1497 2784 1552 efﬁcit.
2823 1499 2880 1552 ln
2911 1498 3306 1568 quadrangulis
3334 1505 3542 1560 autem,

1961 1589 2043 1640 vel
2099 1588 2264 1642 etiam
2312 1589 2369 1643 in
2425 1589 2816 1660 quadrilatcris
2875 1589 3102 1660 figuris,
3150 1589 3418 1644 diameter
3470 1598 3554 1643 est

1961 1679 2212 1750 qumdam
2253 1688 2402 1735 recta
2436 1681 2574 1736 linea
2626 1681 2696 1735 ab
2732 1681 2932 1752 angulo
2977 1682 3042 1736 ad
3081 1681 3341 1751 angulum
3367 1681 3553 1743 ducta,

1965 1771 2018 1824 in
2081 1772 2220 1826 duas
2258 1773 2496 1841 aequales
2547 1782 2728 1841 partes
2775 1773 3014 1842 spatium
3055 1774 3336 1830 scindens.
3372 1773 3556 1840 Quare

1963 1879 2026 1918 ea
2064 1880 2128 1918 ex
2160 1863 2428 1918 diametro
2487 1866 2738 1934 opposita
2790 1865 3072 1928 dicuntur,
3133 1880 3255 1936 qua:
3313 1865 3553 1920 multum

1965 1956 2106 2010 inter
2130 1971 2190 2010 se
2222 1955 2449 2020 distant,
2469 1956 2756 2026 quoniam,
2793 1963 2903 2010 tam
2939 1955 2993 2010 in
3025 1956 3248 2012 circulis
3300 1972 3464 2027 quam
3499 1957 3554 2011 in

1963 2047 2354 2118 quadrangulis
2413 2057 2508 2102 aut
2557 2048 2967 2117 quadrilateris,
3043 2051 3193 2104 nulla
3245 2051 3422 2120 major
3469 2059 3554 2105 est

1964 2140 2135 2194 sectio
2183 2155 2347 2208 quam
2396 2154 2459 2194 ea
2507 2155 2631 2208 quae
2682 2155 2779 2209 per
2811 2140 3140 2195 diametrum
3175 2141 3251 2195 fit.
3292 2141 3554 2207 Quando-

1964 2231 2183 2301 quidem
2205 2232 2394 2300 igitur,
2421 2243 2476 2286 et
2504 2231 2728 2286 Sabellii
2756 2235 3085 2301 contractio,
3114 2244 3168 2290 et
3191 2233 3306 2290 Arii
3330 2235 3552 2300 divisio.

1967 2321 2196 2375 unitatis
2232 2337 2298 2378 ac
2337 2323 2709 2379 multitudinis
2756 2325 2900 2380 inter
2933 2341 2993 2382 se
3025 2327 3290 2382 rationem
3330 2325 3554 2387 habent,
3599 2389 3601 2392 S

1967 2428 2029 2466 ex
2090 2413 2358 2467 diametro
2419 2415 2644 2484 quidem
2682 2416 2824 2470 inter
2875 2432 2936 2472 se
2978 2418 3230 2488 opposita
3271 2427 3401 2473 sunt
3440 2418 3556 2473 haec

1969 2505 2136 2568 mala,
2189 2504 2294 2559 hoc
2343 2515 2448 2570 est,
2499 2507 2736 2562 maxime
2773 2508 3082 2574 contraria,
3118 2523 3308 2563 verum
3356 2509 3555 2579 impie-

1969 2606 2078 2650 tate
2134 2597 2310 2666 paria,
2345 2605 2530 2666 utpote
2562 2613 2715 2668 teque
2769 2600 3076 2670 perniciosa
3113 2619 3127 2655 :
3161 2602 3366 2654 malum
3407 2602 3555 2656 enim

1972 2688 2257 2756 utriusque
2287 2689 2497 2758 aequale
2526 2700 2630 2756 est,
2657 2690 2873 2745 tametsi
2909 2691 2961 2744 in
2997 2692 3292 2747 contrariis
3318 2694 3557 2763 reperia-

1972 2788 2079 2832 tur.
2107 2779 2276 2834 Nobis
2299 2793 2498 2846 autem,
2520 2791 2577 2834 ιιι
2599 2797 2722 2835 cum
2747 2783 3006 2851 Apostolo
3023 2784 3238 2854 loquar,
3258 2801 3392 2840 unus
3421 2785 3558 2841 Deus

1970 2869 2152 2934 Pater,
2177 2887 2241 2924 ea:
2260 2887 2360 2941 quo
2380 2874 2580 2936 omnia,
2597 2889 2734 2926 unus
2750 2873 3004 2928 Dominus
3019 2876 3175 2929 Jesus
3193 2875 3457 2938 Christus,
3471 2894 3553 2946 per

1971 2979 2122 3033 quem
2153 2964 2354 3030 omnia,
2373 2975 2418 3017 et
2438 2981 2573 3018 unus
2589 2963 2822 3032 Spiritus
2848 2978 3085 3032 sanctus,
3105 2969 3158 3021 in
3179 2984 3280 3038 quo
3299 2970 3477 3022 omnia
3493 2970 3538 3000 "

1977 3054 2101 3110 ll.cc
2127 3066 2309 3111 autem
2333 3058 2458 3120 tria,
2481 3073 2702 3127 nempe:
2731 3059 2814 3114 Ea:
2835 3077 2959 3131 quo,
2984 3077 3077 3130 per
3105 3078 3253 3132 quem
3276 3071 3331 3117 et
3350 3063 3404 3115 in
3435 3079 3558 3132 quo,

291 3185 424 3249 (una
455 3179 600 3234 enim
628 3150 770 3247 esti;
797 3192 900 3230 nec
924 3175 1260 3240 deﬁcientes,
1287 3185 1347 3229 ut
1373 3173 1666 3238 Sabellius,
1711 3191 1872 3230 uuam
1904 3183 1945 3239 c
1980 3157 2202 3249 "aufras
2317 3150 2656 3249 ευῖξδξθξιξῖθε
2691 3152 2914 3249 "'iui'l‘e
2949 3151 3211 3249 s_°i_‘_'d“m
3236 3193 3250 3218 θ
3286 3155 3558 3249 Ί¹¹Ῡ³¹ῙΊ³¹¹⁶

285 3287 581 3344 personam
635 3270 940 3336 afﬁrmans,
971 3284 1096 3324 cum
1147 3278 1258 3324 tres
1313 3269 1447 3324 sint.
1497 3268 1607 3324 Nec
1665 3268 1872 3324 unione

289 3365 672 3420 (ionifusiunem
721 3363 1010 3428 facientes,
1037 3378 1304 3433 personas
1349 3363 1559 3418 scilicet
1592 3379 1698 3418 non
1733 3363 1870 3416 divi-

291 3459 468 3512 dendo
527 3457 654 3529 (hoc
724 3457 870 3511 enim
925 3465 1010 3512 est
1057 3455 1360 3524 confusio),
1409 3457 1868 3526 quemadmodum

287 3549 417 3602 fecit
459 3547 750 3612 Sabellius,
787 3556 898 3602 tres
940 3563 1205 3618 personas
1240 3549 1294 3602 in
1322 3564 1485 3602 unam
1537 3550 1871 3605 coutrabens

285 3651 453 3706 atque
485 3638 842 3708 permiscens.
879 3636 989 3693 Nec
1012 3639 1284 3692 divisione
1321 3637 1719 3708 sejunctionem
1756 3641 1871 3694 elli-

284 3735 516 3796 cientes,
574 3732 942 3788 substantiam
1003 3731 1259 3785 videlicet
1312 3746 1423 3785 non
1495 3734 1871 3786 contrahendo

284 3827 416 3888 (boc
442 3839 586 3877 enim
619 3823 888 3892 seiunctio
910 3819 1040 3890 est),
1071 3835 1182 3888 quo
1205 3823 1455 3890 prorupit
1473 3823 1585 3876 Arii
1615 3823 1870 3889 audacia,

285 3931 412 3967 eum
439 3913 779 3966 divinitatem
813 3911 871 3965 in
921 3920 1034 3965 tres
1060 3920 1290 3964 naturas
1322 3926 1352 3964 a
1387 3927 1446 3966 se
1477 3913 1706 3967 invicem
1737 3914 1872 3968 alie-

288 4021 387 4058 nas
413 4004 619 4057 divisit.

359 4116 434 4169 Ac
470 4112 827 4169 Sabellismus
856 4111 1074 4183 quidem
1107 4111 1452 4167 Judaismutn
1479 4112 1669 4178 refert,
1705 4113 1872 4168 nimi-

289 4226 409 4262 rum
465 4222 627 4263 unam
711 4207 875 4260 trium
951 4207 1267 4277 hypostasin
1330 4217 1600 4275 statuens,
1647 4223 1870 4278 remque

288 4317 455 4354 unam
487 4300 634 4354 varia
676 4299 898 4354 nomina
931 4298 1220 4353 habentem
1257 4314 1379 4354 esse
1414 4300 1622 4362 dicens,
1650 4300 1866 4356 Patrem

285 4405 342 4446 ct
373 4392 566 4446 Filium
599 4401 653 4448 et
686 4391 950 4459 Spiritum
981 4403 1230 4447 sanctum
1257 4410 1272 4459 ;
1303 4393 1647 4449 Ariauismus
1686 4407 1866 4450 autem

287 4501 412 4538 cum
442 4485 766 4540 ctltuicismo
795 4486 1070 4549 convenit,
1105 4495 1288 4554 utpote
1328 4501 1421 4555 per
1453 4491 1615 4540 trium
1649 4497 1870 4542 natura-

293 4591 413 4628 rum
457 4578 820 4632 assertionem
872 4577 1098 4630 deorum
1133 4576 1534 4631 multitudinem
1589 4578 1868 4635 invehens.

294 4672 378 4729 l-Zt,
397 4670 860 4737 quemadmodum
891 4669 966 4723 ait
990 4683 1222 4738 magnus
1253 4668 1542 4740 Dionysius
1562 4669 1865 4738 Romanus,

291 4762 477 4815 Ariani
507 4777 629 4816 cum
657 4759 880 4816 Sabellii
913 4763 1182 4816 sententia
1215 4777 1279 4815 ex
1308 4761 1578 4818 diametro
1602 4777 1866 4834 pugnant.

293 4854 558 4909 Sabellius
615 4855 760 4909 enim
810 4855 1062 4910 eumdem
1123 4871 1244 4909 esse
1304 4855 1501 4910 Filium
1560 4866 1616 4912 et
1655 4859 1866 4914 Patrem

291 4945 454 5014 impie
489 4948 706 5008 asserit,
731 4956 785 5002 et
819 4958 1008 5002 contra
1034 4948 1283 5002 etundem
1318 4948 1530 5004 Patrem
1556 4962 1608 5006 et
1630 4950 1866 5019 Filium;

288 5039 473 5093 Ariani
561 5051 741 5095 autem
787 5051 898 5098 tres
940 5043 1072 5098 deos
1105 5045 1512 5114 quodammodo
1543 5050 1860 5117 praedicant,

288 5143 536 5188 sanctam
581 5135 844 5189 unitatem
886 5135 940 5188 in
975 5145 1083 5191 tres
1111 5152 1376 5206 personas
1411 5140 1550 5193 inter
1574 5157 1630 5196 se
1655 5138 1863 5198 alienas

287 5239 354 5276 ac
411 5239 636 5292 prorsus
707 5237 986 5296 separatas
1034 5229 1362 5284 dividentes.
1417 5231 1671 5288 Divinum
1721 5239 1866 5291 enim

293 5313 526 5369 Verbum
577 5315 689 5372 Deo
735 5333 918 5372 rerum
967 5319 1345 5375 universarum
1382 5327 1593 5378 unitum
1625 5342 1748 5382 esse
1776 5345 1870 5383 ne-

285 5423 440 5460 resse
471 5418 575 5471 est,
631 5424 696 5463 ac
742 5408 1006 5479 Spiritum
1042 5421 1292 5467 sanctum
1328 5414 1382 5468 in
1421 5415 1530 5472 Deo
1578 5419 1779 5485 inesse,
1809 5439 1871 5479 ac

285 5510 567 5568 postremo
642 5500 885 5556 divinam
963 5501 1288 5560 Trinitatem
1350 5507 1404 5561 in
1468 5525 1637 5565 unum
1699 5513 1869 5571 Deum

357 5618 403 5648 "
437 5615 452 5669 |
484 5617 608 5674 Cor.
643 5636 757 5684 vttt,
787 5620 842 5677 6.
919 5623 1002 5678 ⁸⁸1
1037 5625 1159 5680 Cor.
1195 5641 1232 5689 ι,
1263 5628 1316 5682 9.

357 5733 432 5813 ('7)
472 5734 737 5788 Dividitur
765 5738 1092 5813 quidem.“
1123 5751 1228 5802 est.
1293 5751 1569 5804 contraria
1610 5753 1750 5806 inter
1807 5774 1865 5812 se

283 5811 580 5885 conjuncta
608 5817 755 5871 sunt,
783 5811 927 5889 quod
951 5812 1148 5893 mirum
1183 5825 1266 5893 est
1296 5834 1308 5870 :
1342 5820 1600 5874 nimirum
1634 5811 1860 5878 divisio?

287 5884 343 5928 nt
385 5887 586 5940 unitas,
611 5888 663 5931 et
692 5884 1066 5944 coniunctioni
1091 5884 1289 5941 divisio
1341 5907 1352 5943 :
1395 5889 1468 5944 ita
1505 5902 1564 5946 ut
1597 5909 1698 5948 nec
1720 5895 1862 5952 diri-

1393 5631 1437 5661 ”
1478 5631 1687 5691 Coloss.
1720 5655 1780 5703 tt,
1820 5643 1907 5698 19.

1979 3239 2200 3290 modum
2240 3237 2478 3292 hmretici
2508 3239 2802 3307 blaterant,
2835 3241 2982 3297 Patri
3016 3241 3101 3296 Ea:
3138 3259 3239 3314 quo
3265 3245 3556 3313 assignan-

1973 3342 2074 3395 ιις,
2099 3330 2238 3386 Filio
2265 3331 2368 3385 Per
2401 3347 2576 3401 quem,
2605 3342 2658 3386 et
2681 3329 2910 3402 Spiritui
2941 3342 3134 3389 sancto
3173 3333 3238 3388 In
3270 3352 3391 3406 quo.
3422 3335 3558 3392 Nam

1975 3424 2020 3478 si
2066 3427 2200 3486 haec,
2266 3435 2324 3477 ut
2384 3422 2488 3494 ipsi
2541 3424 2865 3492 opinantur,
2927 3433 3153 3482 naturas
3215 3442 3558 3498 separarent,

1977 3531 2322 3587 nequaquam
2375 3517 2442 3572 ab
2475 3532 2586 3571 uno
2615 3517 2735 3573 loco
2765 3519 2820 3572 in
2851 3519 3017 3574 alium
3055 3521 3233 3576 locum
3267 3526 3556 3580 transirent

1977 3609 2060 3664 hac
2104 3608 2519 3679 praepositiones
2552 3625 2639 3673 ex,
2691 3626 2786 3679 per
2828 3621 2883 3666 et
2928 3614 3022 3679 in;
3063 3629 3251 3668 verum
3287 3615 3353 3669 de
3401 3615 3558 3670 Patre

1975 3713 2193 3766 semper
2245 3699 2544 3766 diceretttr,
2579 3698 2664 3754 Ea:
2710 3718 2854 3771 quo;
2907 3704 2974 3758 de
3029 3703 3169 3759 Filio
3217 3716 3421 3772 autem,
3463 3707 3556 3762 Per

1975 3806 2160 3858 quem;
2188 3799 2243 3844 et
2269 3790 2335 3844 de
2367 3789 2572 3860 Spiritu
2607 3802 2824 3859 sancto,
2859 3793 2927 3848 In
2963 3812 3090 3866 quo.
3125 3797 3288 3866 Atqui
3324 3801 3465 3855 inter
3503 3818 3560 3856 sc

1977 3890 2278 3934 mutantur.
2323 3880 2693 3938 Ostendemus
2771 3885 2916 3940 enim
2976 3903 3078 3942 nec
3155 3887 3370 3944 Patrem
3428 3892 3598 3948 illud,

1979 3968 2065 4022 Ex
2101 3986 2203 4039 quo
2257 3971 2643 4040 accipientem,
2676 3972 2817 4029 Filio
2880 3974 2987 4030 Per
3029 3995 3182 4046 quem
3235 3980 3559 4050 reliquisse;

1977 4075 2078 4113 nec
2103 4076 2292 4115 rursus
2325 4061 2520 4115 Filium
2549 4063 2618 4117 ab
2650 4064 2844 4120 harum
2878 4069 3270 4135 particularum
3303 4087 3561 4127 commu-

1978 4152 2176 4218 nione,
2224 4152 2307 4205 Ea:
2343 4171 2470 4224 quo,
2506 4165 2559 4208 et
2601 4154 2710 4210 Per
2744 4174 2936 4228 quem,
2989 4161 3250 4230 Spiritum
3307 4174 3560 4218 sanctum

1980 4258 2188 4297 arcere.
2215 4241 2346 4297 Nam
2388 4255 2442 4300 et
2477 4247 2543 4300 de
2580 4248 2739 4303 Patre
2767 4249 2968 4304 dicitur
2989 4252 3092 4304 Per
3125 4271 3278 4322 quem
3312 4272 3331 4308 :
3360 4252 3562 4307 Fidelis

1976 4333 2148 4396 enim,
2193 4331 2394 4401 inquit,
2424 4333 2565 4389 Deus
2595 4352 2688 4405 per
2716 4354 2866 4408 quem
2901 4342 3073 4393 vocati
3125 4358 3305 4396 smnus
3343 4345 3411 4396 ad
3439 4362 3560 4413 par-

1977 4424 2336 4493 ticipationem
2374 4423 2508 4479 Filii
2550 4429 2634 4480 sui
2662 4428 2728 4482 ’3.
2763 4427 2828 4482 Et
2870 4430 2938 4484 de
2999 4429 3158 4492 Filio,
3325 4450 3466 4498 quo;
3505 4437 3560 4488 in

1905 4521 1948 4575 ῃ
1980 4515 2215 4585 Epistula
2249 4516 2394 4571 enim
2434 4517 2501 4572 ad
2539 4518 2896 4576 Colossenses
2925 4521 2992 4576 ad
3015 4537 3130 4588 eos,
3157 4523 3248 4595 qui
3282 4522 3560 4593 Unigeniti

1979 4609 2288 4678 Cognitionc
2313 4611 2593 4684 carebant,
2619 4613 2824 4668 dictum
2856 4621 2940 4669 est
2971 4633 2986 4670 :
3023 4613 3146 4668 Non
3172 4624 3347 4670 tenens
3379 4629 3559 4683 capu',

1971 4703 2020 4756 id
2053 4712 2154 4765 est,
2188 4701 2494 4766 Christum,
2522 4721 2586 4758 ea:
2621 4722 2722 4773 quo
2757 4723 2909 4760 omne
2955 4725 3148 4777 corpus
3181 4726 3273 4777 per
3314 4714 3562 4764 commis-

1967 4811 2120 4848 suras
2155 4805 2201 4848 et
2233 4798 2567 4866 compagines
2609 4797 3075 4853 subministratum
3123 4803 3306 4855 crescit
3350 4806 3406 4854 in
3465 4820 3562 4855 au-

1968 4895 2230 4953 gmentum
2268 4885 2362 4940 Dei
2395 4889 2461 4941 ²⁹.
2506 4888 2572 4942 Et
2622 4905 2812 4944 rursus
2839 4891 3026 4945 eodem
3064 4894 3228 4946 modo
3251 4894 3316 4947 de
3353 4893 3560 4963 Spiritu

1970 4987 2184 5039 sancto,
2219 4975 2304 5028 Ea;
2349 4993 2453 5047 quo
2505 4978 2730 5032 dicitur.
2763 4979 2867 5044 Qui
2911 4982 3072 5042 enim,
3105 4981 3300 5049 inquit,
3332 4984 3561 5036 seminat

1970 5068 2025 5120 in
2051 5067 2278 5137 Spiritu,
2308 5085 2372 5123 ea:
2398 5071 2603 5140 Spiritu
2629 5083 2780 5126 metet
2805 5074 2968 5126 vitam
3000 5085 3256 5129 retentant
3279 5075 3345 5129 ³ο.
3381 5077 3560 5145 Atque

1970 5161 2134 5215 etiam
2193 5164 2259 5216 de
2305 5163 2494 5218 eodem
2541 5163 2649 5218 Per
2697 5182 2850 5234 quem
2896 5168 3144 5224 dicitur:
3195 5168 3365 5224 Nobis
3394 5171 3556 5237 enim,

1972 5253 2169 5321 inquit,
2205 5251 2346 5306 Deus
2372 5269 2464 5320 per
2491 5251 2752 5324 Spiritum
2792 5257 3037 5312 revelavit
3069 5258 3138 5311 “.
3167 5258 3369 5314 Eadem
3409 5270 3464 5314 et
3491 5261 3559 5314 de

1972 5345 2204 5416 syllaba,
2239 5341 2331 5404 In.
2381 5344 2564 5398 dicere
2615 5361 2929 5414 possumus,
2960 5364 3126 5416 quam
3175 5350 3338 5404 etiam
3399 5349 3554 5404 Scri-

1971 5446 2151 5505 ptura,
2181 5437 2248 5491 de
2304 5437 2464 5492 Patre
2523 5438 2684 5492 verba
2747 5439 2975 5505 faciens,
3021 5442 3262 5496 admittit
3295 5459 3308 5494 :
3344 5440 3410 5494 In
3447 5440 3558 5497 Deo

1971 5525 2132 5589 enim,
2166 5524 2377 5593 inquit,
2429 5525 2519 5594 qui
2570 5527 2750 5580 omnia
2783 5528 3068 5584 creavit”.
3102 5531 3277 5598 Atque
3307 5529 3374 5584 ad
3411 5529 3556 5585 hunc

1988 5645 2032 5675 ³ο
2060 5643 2328 5706 Galat.vt,
2360 5640 2411 5695 8.
2518 5642 2558 5674 ³¹
2588 5641 2605 5696 Ι
2641 5643 2769 5698 Cor.
2810 5660 2870 5708 ιι,
2911 5643 2998 5697 10.
3077 5643 3120 5675 ³³
3155 5639 3355 5714 Ephes.
3387 5661 3469 5711 ιιι,
3500 5646 3565 5701 9.

1974 5759 2056 5811 sio
2091 5761 2294 5811 unione
2333 5768 2539 5820 careat,
2595 5774 2696 5812 nec
2733 5773 2926 5812 rursus
2961 5757 3094 5813 unio
3141 5761 3431 5815 divisionis
3485 5759 3551 5814 sit

1969 5844 2184 5897 expers.
2236 5830 2361 5881 llaec
2388 5829 2440 5882 in
2480 5828 2668 5883 codice
2703 5828 2924 5893 Reginae
2969 5830 3410 5896 interpretationi
3461 5828 3542 5888 Ni

1970 5911 2101 5954 cene
2124 5897 2350 5954 confuse
2381 5900 2586 5955 inscita
2619 5900 2684 5954 ad
2721 5899 2926 5953 calcem
2962 5899 3189 5970 rejicere
3237 5901 3412 5959 libuit.
