4048 6278
572 308 710 381 ,1231

1967 309 2345 371 ADDENDA.

3690 320 3825 386 1322

568 426 799 480 modum
852 424 952 479 has
987 422 1400 495 praepositiones
1440 435 1832 492 nonnunquam
1872 422 2146 477 immutari
2176 427 2222 485 Α
2255 425 2377 478 licet
2408 440 2512 478 non
2551 435 2672 496 post
2701 423 2934 482 Patrem.
2991 427 3227 498 Spiritus
3272 442 3503 488 sanctus
3547 452 3674 493 vere
3713 448 3817 511 spi-

572 518 1092 574 demonstravimus.
1163 515 1424 585 Sequitur
1488 514 1601 585 jam
1682 524 1740 568 ut
1798 516 2151 570 ostendamus

572 612 755 679 ipsum
788 623 1004 680 quoque
1030 607 1314 661 nominum
1347 604 1592 659 ordinem
1631 605 1921 677 aliquoties
1954 607 2150 661 inverti

578 713 740 771 atque
786 703 1087 769 transponi,
1122 715 1222 753 nec
1274 697 1489 752 Patrem
1536 714 1751 768 semper
1810 699 1987 769 primo
2030 701 2151 755 loco

575 792 876 853 munerari.
907 790 1105 845 Filium
1139 793 1400 854 secundo,
1434 802 1485 844 et
1515 791 1674 844 tertio
1708 790 1974 860 Spiritum
2023 808 2151 847 san-

574 895 720 936 etum
760 900 776 937 :
807 883 900 937 sed
953 882 1118 937 etiam
1153 888 1460 951 permutato
1490 890 1653 950 atque
1680 881 1898 938 inverso
1935 882 2148 947 ordine,

575 975 711 1027 utin
741 974 834 1029 illo
871 973 1117 1045 Apostoli
1152 974 1270 1028 loco
1303 991 1318 1028 :
1357 968 1543 1027 Gratia
1578 971 1793 1027 Domini
1823 975 1994 1028 nostri
2020 973 2149 1027 Iesu

572 1063 808 1130 Christi,
858 1076 905 1118 et
966 1064 1202 1118 charitas
1246 1061 1342 1116 Dei
1385 1062 1603 1127 Patris,
1636 1073 1686 1116 et
1741 1064 2150 1118 communicatio

572 1158 743 1209 sancti
772 1153 1002 1224 Spiritus
1035 1156 1106 1209 sit
1140 1170 1257 1209 cum
1284 1153 1525 1208 omnibus
1555 1154 1696 1209 vobis
1720 1155 1787 1211 ⁸³.
1816 1156 1880 1208 Ει
1907 1172 2099 1212 rursus
2128 1173 2143 1212 :

572 1246 867 1301 Dirisioncs
918 1247 1219 1318 gratiarum
1272 1255 1417 1309 sunt,
1458 1247 1593 1300 idem
1649 1256 1824 1301 autem
1867 1245 2097 1317 Spiritus
2126 1259 2148 1300 .°

569 1352 620 1392 et
650 1340 933 1393 divisiones
986 1339 1436 1392 ministrationum
1469 1347 1615 1402 sunt,
1651 1338 1789 1392 idem
1814 1349 1989 1393 autem
2040 1342 2149 1393 Do-

568 1431 742 1483 minus
777 1446 796 1485 :
839 1439 887 1484 et
924 1431 1203 1484 divisiones
1230 1429 1595 1494 operationum
1630 1439 1774 1495 sunt,
1800 1431 1939 1484 idem
1972 1441 2147 1484 autem

567 1515 791 1572 Deus“.
826 1519 907 1573 En
958 1519 1233 1589 quomodo
1279 1519 1331 1573 in
1368 1519 1455 1573 his
1492 1519 1625 1575 locis
1673 1520 1810 1574 ordo
1859 1521 2143 1575 nominum

567 1609 822 1665 inversus
854 1610 944 1665 sit.
980 1610 1270 1665 Enimvero
1301 1610 1562 1676 haeretici,
1602 1609 1684 1665 Ex
1721 1627 1845 1681 quo,
1873 1612 1939 1666 de
1977 1625 2143 1667 causa

566 1701 673 1754 diei
710 1700 983 1755 afﬁrmant
1017 1718 1031 1755 :
1069 1699 1173 1755 Per
1224 1717 1398 1772 quem,
1431 1701 1497 1756 de
1527 1716 1733 1772 organo
1764 1719 1779 1768 ;
1816 1699 1879 1755 In
1913 1719 2048 1773 quo,
2080 1705 2146 1759 de

564 1793 727 1859 loco;
779 1801 945 1860 atque
981 1791 1106 1847 hinc
1158 1792 1441 1861 colligunt,
1478 1791 1622 1863 quod
1673 1796 2132 1864 quemadmodum

558 1885 668 1939 alia
725 1899 906 1939 causa:
936 1895 1132 1937 natura
1155 1894 1259 1951 est,
1295 1885 1401 1939 alia
1439 1884 1648 1955 organi,
1687 1895 1848 1956 atque
1874 1887 1978 1940 alia
2008 1888 2132 1954 loci,

563 1977 632 2032 ad
682 1978 931 2031 eumdem
978 1991 1197 2047 quoque
1244 1982 1465 2031 modum
1512 1979 1744 2045 alienus,
1767 1989 2026 2048 quantum
2068 1981 2133 2036 ad

560 2079 839 2134 naturam,
865 2079 949 2124 est
987 2068 1157 2124 Filius
1192 2085 1222 2124 a
1266 2069 1425 2125 Patre
1465 2069 1929 2142 (quandoquidem
1960 2082 2015 2128 et
2047 2089 2134 2128 or-

561 2176 759 2229 ganum
811 2161 878 2214 ab
909 2161 1162 2232 artiﬁce),
1192 2161 1403 2217 alienus
1439 2162 1564 2216 item
1603 2162 1836 2232 Spiritus
1869 2176 2087 2219 sanctus
2117 2183 2130 2219 :

556 2262 853 2320 quatenus,
902 2263 956 2307 et
1002 2252 1144 2315 loco,
1190 2260 1242 2306 et
1277 2260 1538 2322 tempore,
1566 2253 1635 2308 ab
1684 2269 2015 2324 organorum
2051 2258 2133 2311 vel

560 2344 830 2398 artilicum
881 2353 1074 2398 natura
1123 2353 1410 2412 separatus
1436 2352 1538 2398 est.
1578 2344 1646 2397 At
1675 2360 1775 2400 nos
1808 2346 1891 2401 his
1930 2363 2130 2417 propo-

559 2437 851 2491 sitionibus
882 2450 991 2489 non
1025 2435 1265 2507 separari
1290 2445 1515 2489 naturas
1541 2436 1793 2504 dicimus,
1824 2437 1918 2492 sed
1948 2442 2130 2507 potius

562 2527 740 2581 uetari
773 2534 935 2594 atque
961 2526 1214 2595 exprimi,
1244 2527 1516 2594 uniusque
1540 2535 1750 2581 natura:
1775 2530 2130 2598 proprietates

563 2617 853 2671 declarari.
884 2616 1050 2686 quue
1086 2632 1151 2672 ex
1200 2632 1267 2671 eo
1319 2616 1667 2687 perspicuum
1692 2630 1796 2685 est,
1836 2622 1980 2689 quod
2020 2631 2129 2677 tres

562 2708 647 2762 ha:
705 2706 1105 2777 propositiones
1155 2708 1221 2762 de
1268 2722 1378 2763 uno
1424 2707 1650 2764 Christo
1680 2713 1999 2780 complerint
2030 2729 2127 2769 ex-

559 2810 762 2866 pressae
802 2792 1147 2869 reperiuntur
1180 2819 1194 2853 :
1232 2800 1500 2870 siquidem
1552 2798 1702 2856 Pauli
1747 2804 1813 2858 ad
1850 2802 2128 2863 Romanos

563 2890 862 2959 Epistulam
909 2890 1328 2960 haudquaquam
1355 2890 1726 2962 perfunctorie
1752 2895 2018 2964 quispiam
2061 2897 2131 2952 leo

559 2981 718 3049 gerit,
743 2981 794 3034 in
822 2997 927 3052 qua
959 2983 1030 3035 ita
1057 2983 1243 3037 scribit
1272 3001 1286 3037 :
1322 2982 1461 3048 Quia
1481 3000 1547 3038 ea:
1580 2986 1712 3054 ipso,
1755 2997 1802 3040 et
1826 3003 1919 3056 per
1937 2989 2126 3056 ipsum,

554 3084 606 3128 et
637 3075 690 3126 in
715 3077 824 3144 ipso
866 3076 1044 3130 omnia
1062 3077 1131 3131 ³⁸.
1158 3076 1229 3131 Ex
1252 3077 1369 3149 ipso
1396 3079 1541 3133 enim
1571 3094 1657 3135 res
1674 3096 1866 3138 omnes
1882 3085 2129 3139 essentia:

559 3183 671 3221 suae
706 3183 925 3222 causata
955 3167 1154 3222 habent
1187 3174 1482 3225 secundum
1517 3169 1611 3227 Dei
1641 3182 1693 3227 et
1732 3171 1910 3229 Patris
1936 3176 2129 3230 volun-

558 3266 746 3319 tatem.
784 3266 837 3311 ιι
869 3272 966 3327 per
1009 3259 1186 3328 ipsqu
1219 3258 1402 3313 omnia
1437 3271 1758 3329 permanent
1817 3271 1871 3317 et
1900 3279 2124 3319 conser-

556 3359 775 3415 vantur,
836 3357 1019 3418 utpote
1068 3349 1195 3419 quia
1248 3350 1431 3404 omnia
1490 3354 1714 3416 creavit,
1765 3355 2126 3425 omnibusque

556 3437 721 3490 rebus
754 3451 785 3491 a
823 3452 883 3491 se
911 3437 1232 3506 procreatis,
1257 3450 1320 3491 ea
1352 3452 1473 3506 qua:
1527 3441 1593 3492 ad
1650 3441 1879 3495 salutem
1931 3459 2127 3498 conve-

554 3528 749 3593 niunt,
807 3526 1156 3581 admetiatur.
1225 3529 1304 3581 Ac
1356 3529 1589 3598 proinde
1638 3531 1704 3585 ad
1759 3547 1884 3586 eum
1940 3536 2126 3590 omnia

554 3633 614 3673 se
654 3626 998 3682 convertunt,
1060 3619 1272 3673 ardenti
1335 3620 1571 3689 quodam
1635 3621 1910 3678 desiderio
1961 3635 2126 3696 atque

553 3708 814 3762 ineliabili
881 3723 1091 3773 amore,
1166 3709 1231 3763 ad
1289 3711 1414 3764 vitae
1473 3712 1769 3766 Auctorem
1838 3729 2128 3786 rerunzque

551 3799 993 3854 necessariarum
1051 3801 1592 3860 subministratorem
1647 3806 1837 3860 oculos
1890 3819 2120 3861 conver-

553 3892 744 3945 tentia.

630 3983 750 4035 Col.
807 3983 913 4037 547
954 3982 1018 4037 B.
1070 3983 1233 4038 Pater
1282 3995 1431 4055 pater
1471 3997 1572 4052 est,
1644 3998 1691 4041 et
1745 3988 1996 4059 principii
2036 4008 2123 4045 ca:-

548 4085 688 4138 pers,
720 4080 826 4126 etc.
871 4072 1139 4138 Quoniam
1195 4076 1520 4130 Eunomiani
1547 4080 1893 4147 paternitatis
1922 4097 2119 4136 nomen

550 4162 845 4232 improprie
898 4162 1046 4217 Patri
1091 4167 1334 4221 adhiberi
1387 4167 1675 4235 dicebant,
1739 4184 1849 4225 non
1907 4184 2125 4243 propter

550 4253 869 4308 relationem
910 4256 980 4311 ad
1019 4255 1215 4312 Filium
1236 4299 1248 4321 ,
1273 4260 1388 4326 sed,
1417 4270 1476 4316 ut
1503 4261 1555 4315 in
1587 4264 1874 4331 creaturis,
1899 4255 2127 4337 propter

544 4342 872 4399 cﬂ‘ectriCem
901 4348 1219 4413 scientiam;
1250 4349 1476 4417 idcirco,
1501 4353 1576 4406 ait
1600 4350 1929 4424 Theologus,
1963 4358 2122 4411 Pater

2256 516 2391 570 ritus
2421 527 2524 572 est.
2564 516 2796 575 Sanctus
2839 532 3016 576 autem
3070 523 3338 592 adjectum
3369 535 3475 591 est,
3505 537 3565 582 ut
3606 530 3823 592 divinus

2252 605 2490 676 Spiritus
2533 609 2602 665 ab
2645 611 2712 665 iis
2767 612 3167 684 distinguatur,
3188 617 3281 685 qui
3330 618 3657 688 simpliciter
3714 628 3819 695 spi-

2250 701 2388 754 ritus
2417 710 2702 766 vocantur,
2736 703 2995 779 nimirum
3019 707 3088 759 ab
3111 709 3303 772 angelo
3336 719 3392 763 et
3423 712 3632 778 animo,
3654 725 3828 783 atque

2252 802 2414 843 aereo
2439 788 2590 845 ﬂatu.
2622 789 2755 846 Vere
2789 803 2970 848 autem
3005 796 3250 851 additum
3277 807 3382 864 est,
3417 810 3475 855 nt
3500 807 3823 862 ostendatur

2250 891 2374 930 eum
2432 880 2610 933 solum
2661 882 2878 951 proprie
2932 893 3179 938 sanctum
3211 901 3356 951 esse,
3393 900 3589 946 caetera
3636 906 3825 953 autem

2250 968 2418 1039 gratia
2457 977 2511 1024 et
2541 972 3062 1030 communicatione.
3099 975 3232 1031 Nam
3272 986 3544 1038 creaturis
3601 987 3826 1046 aliunde

2250 1056 2468 1112 inducta
2499 1067 2583 1114 est
2612 1061 2995 1118 sanctificatio.
3032 1064 3270 1134 Spiritus
3320 1078 3504 1126 autem
3556 1080 3828 1134 sanctitas

2250 1158 2500 1204 naturam
2556 1153 2757 1221 explet.
2793 1153 2858 1208 Et
2889 1158 3347 1224 quemadmodum
3380 1178 3522 1219 unus
3552 1164 3741 1235 Pater,
3775 1183 3828 1227 et

2249 1257 2393 1297 ttnus
2449 1242 2642 1308 Filius,
2708 1246 2780 1300 ita
2840 1257 2894 1302 et
2945 1265 3087 1304 unus
3161 1249 3398 1322 Spiritus
3453 1270 3705 1316 sanctus.
3751 1265 3828 1320 Ac

2247 1334 2475 1403 proinde
2508 1352 2537 1390 a
2570 1348 2763 1393 natura
2806 1349 2987 1395 creata
3022 1349 3231 1397 tantum
3266 1360 3510 1405 remotus
3540 1367 3607 1406 ac
3636 1354 3824 1423 sejun-

2247 1434 2369 1479 ctus
2400 1436 2502 1491 est,
2532 1439 2795 1496 quantum
2832 1431 3133 1500 simplicem
3172 1443 3229 1489 ct
3262 1436 3574 1495 absolutum
3627 1461 3826 1501 nume—

2249 1531 2368 1570 rum
2399 1533 2429 1572 τι
2456 1519 2777 1588 compositis
2816 1521 3146 1592 diremptum
3172 1540 3294 1582 esse
3334 1544 3431 1598 par
3455 1542 3538 1587 est
3570 1551 3585 1588 :
3626 1552 3825 1593 rursus

2247 1606 2392 1661 Patri
2430 1618 2484 1663 et
2518 1609 2657 1663 Filio
2695 1619 2904 1666 tantum
2944 1615 3129 1670 unitus
3163 1628 3267 1682 est,
3322 1634 3591 1691 quantum
3635 1629 3827 1686 unitas

2246 1700 2314 1754 ad
2350 1701 2612 1756 unitatem
2669 1705 2992 1772 cognatione
3017 1706 3204 1776 juncta
3240 1721 3344 1767 est.
3377 1711 3488 1770 Nec
3526 1734 3657 1775 vero
3691 1722 3825 1780 hinc

2246 1790 2422 1844 solum
2487 1794 2763 1848 societatis
2810 1803 2864 1849 et
2898 1799 3304 1855 communionis
3351 1808 3612 1862 naturalis
3651 1825 3825 1881 argu-

2243 1888 2426 1933 menta
2459 1881 2754 1948 ducuntur,
2813 1885 2906 1937 sed
2939 1885 3101 1939 etiam
3136 1889 3262 1956 quia
3294 1906 3355 1946 ex
3389 1893 3497 1948 Deo
3524 1911 3652 1952 esse
3681 1902 3825 1956 diei-

2241 1979 2352 2035 tur,
2386 1987 2493 2026 non
2513 1976 2969 2044 quemadmodum
3002 1979 3183 2034 omnia
3207 1997 3276 2035 ex
3304 1982 3412 2039 Deo
3440 1999 3591 2055 sunt,
3626 2007 3822 2048 verum

2243 2069 2303 2115 ιιι
2360 2078 2427 2117 ex
2489 2063 2597 2119 Deo
2654 2066 3068 2135 prodieus,non
3112 2077 3478 2141 generationis
3534 2083 3718 2148 modo,
3760 2094 3823 2139 ut

2243 2151 2436 2214 Filius,
2487 2155 2580 2209 sed
2611 2160 3036 2226 progressionis,
3071 2172 3128 2216 ut
3180 2162 3416 2232 Spiritus
3446 2170 3553 2223 oris
3606 2173 3724 2242 ejus
3746 2177 3817 2232 ³⁷.

2242 2243 2362 2309 Quo
2395 2254 2542 2299 certe
2570 2245 2692 2300 loco
2724 2263 2823 2302 nec
2847 2264 2941 2317 per
2971 2265 3033 2305 os
3060 2255 3364 2310 membrum
3400 2258 3817 2333 intelligendum

2241 2346 2346 2401 est,
2378 2352 2475 2391 nec
2509 2351 2604 2406 per
2647 2337 2909 2409 Spiritum
2945 2340 3105 2399 ﬂatus
3135 2349 3406 2417 quispiam
3433 2366 3818 2414 evanescens:

2241 2443 2428 2483 verum
2454 2441 2507 2485 et
2528 2448 2612 2498 os,
2644 2444 2703 2486 ut
2735 2433 2842 2487 Deo
2875 2432 3099 2505 dignum
3133 2448 3237 2503 est,
3264 2443 3512 2512 accipere
3541 2446 3821 2508 debemus

2238 2531 2292 2575 et
2320 2537 2416 2591 per
2452 2522 2714 2591 Spiritqu
2746 2526 3107 2581 substantiam
3133 2532 3310 2585 vivam
3346 2535 3665 2606 intelligere.
3699 2540 3821 2598 Nec

2241 2628 2366 2666 vero
2393 2614 2463 2668 ita
2492 2623 2810 2685 argutcntur
2842 2617 3119 2673 haeretici:
3150 2622 3206 2676 Si
3240 2624 3423 2693 genuit
3446 2625 3626 2696 Pater,
3662 2634 3819 2704 inge-

2239 2707 2387 2761 nitus
2435 2721 2556 2762 esse
2607 2708 2792 2763 desiit.
2852 2707 3154 2780 lugenitmn
3201 2716 3348 2769 enim
3411 2732 3650 2789 oportet,
3699 2742 3813 2781 non

2236 2800 2401 2853 modo
2444 2815 2475 2854 a
2508 2800 2655 2855 nullo
2681 2802 2920 2872 genitum
2964 2818 3108 2868 esse,
3139 2809 3232 2861 sel
3260 2823 3358 2864 nec
3394 2813 3563 2867 ullum
3588 2832 3818 2888 quoque

2239 2894 2510 2962 genuisse.
2537 2891 2725 2963 Neque
2765 2895 2891 2950 item
2945 2897 3137 2952 eodem
3172 2901 3335 2955 modo
3365 2903 3431 2957 de
3453 2903 3592 2960 Filio
3616 2910 3815 2981 dispu-

2239 2993 2354 3039 tent
2382 3002 2395 3038 :
2433 2985 2489 3039 Si
2515 3001 2579 3040 ex
2611 2985 2852 3055 ingenito
2905 2989 3066 3044 Patre
3092 2992 3306 3061 genitus
3334 3004 3437 3059 est,
3466 3002 3810 3070 γεννήσεως,

2236 3075 2288 3128 id
2324 3085 2427 3140 est,
2478 3078 2842 3146 generationis
2888 3095 3084 3135 nomen
3134 3085 3335 3141 amisit.
3373 3086 3607 3144 Necesse
3652 3096 3807 3148 enim

2232 3179 2316 3221 est
2375 3168 2638 3235 genitum,
2672 3177 2728 3224 et
2769 3171 3011 3240 genitum
3045 3170 3186 3235 esse.
3220 3183 3274 3229 et
3320 3191 3351 3231 ιι
3397 3177 3554 3235 Patre
3591 3185 3809 3251 genito.

2223 3258 2335 3314 Nec
2393 3268 2671 3329 postremo
2701 3253 2769 3317 de
2800 3262 3005 3330 Spiritu
3040 3279 3236 3323 saneto
3275 3270 3341 3322 ad
3383 3271 3527 3327 hunc
3573 3278 3806 3332 modum

2224 3349 2535 3405 disserant:
2560 3354 2666 3406 Aut
2698 3352 2971 3421 ingenitus
3001 3364 3104 3421 est,
3139 3369 3233 3412 aut
3269 3361 3503 3430 genitus.
3537 3363 3592 3418 Si
3648 3368 3811 3435 inge-

2225 3442 2397 3502 nitus.
2433 3441 2590 3498 Pater
2622 3444 2784 3499 fuerit
2812 3464 2826 3500 :
2854 3447 2898 3501 si
2934 3456 3113 3502 autem
3150 3453 3390 3520 genitus,
3426 3471 3558 3526 ergo
3599 3457 3802 3516 l-‘ilius.

2223 3533 2426 3590 Verum
2477 3552 2538 3591 os
2572 3538 2706 3604 ipsis
2735 3538 3073 3605 obtruatur,
3106 3550 3165 3596 ut
3212 3543 3377 3599 stulte
3418 3556 3584 3616 atque
3618 3551 3808 3622 inepte

2221 3626 2621 3683 cavillantibus.
2671 3628 2805 3683 Nam
2859 3646 2959 3686 nec
3010 3632 3166 3686 Pater
3224 3649 3289 3689 eo
3343 3637 3616 3708 ingenitus
3673 3658 3807 3698 esse

2223 3718 2418 3782 desiit,
2476 3722 2605 3790 quia
2658 3722 2842 3791 genuit
2887 3722 3187 3794 (ingenitus
3246 3729 3391 3783 enim
3450 3731 3675 3795 dicitur.
3736 3750 3803 3790 ut

2168 3885 2178 3897 ι
2222 3826 2501 3880 nunquam
2547 3815 2784 3882 genitus,
2810 3830 2914 3867 non
2944 3826 3126 3870 autem
3153 3818 3299 3887 quod
3334 3807 3555 3877 minime
3586 3840 3799 3894 genue-

2229 3903 2344 3972 rit).
2371 3900 2481 3958 Nec
2507 3902 2677 3959 Filius
2708 3907 2923 3974 genitus
2955 3924 3077 3964 esse
3107 3908 3334 3976 destitit,
3371 3913 3499 3984 quia
3526 3932 3591 3970 ex
3638 3917 3799 3988 inge-

2220 3994 2338 4047 nito
2398 3995 2612 4063 genitus
2659 3996 2730 4050 sit
2791 3994 3028 4067 (genitus
3083 4000 3228 4053 enim
3279 4010 3398 4069 est,
3458 4020 3565 4059 non
3621 4020 3681 4061 ut
3723 4025 3796 4064 ex

2219 4083 2400 4150 genito
2453 4083 2611 4139 Patre
2649 4088 2885 4153 genitus,
2912 4089 3005 4142 sed
3051 4098 3109 4142 ut
3144 4090 3321 4145 solum
3374 4096 3637 4166 genitus).
3678 4096 3797 4154 Nec

2219 4173 2452 4244 denique
2502 4173 2737 4246 Spiritus
2797 4188 3042 4245 sanctus,
3103 4190 3197 4236 aut
3249 4182 3302 4237 in
3350 4182 3562 4241 Patrem
3594 4201 3688 4244 aut
3728 4191 3793 4246 in

2220 4262 2417 4319 Filium
2450 4267 2719 4323 concessit
2759 4267 2881 4340 (nec
2906 4271 3049 4325 enim
3081 4272 3379 4342 ingenitus,
3401 4287 3456 4331 et
3481 4278 3697 4347 genitus
3719 4299 3792 4336 ex

2218 4372 2405 4413 eorum
2429 4374 2657 4414 numero
2698 4369 2849 4426 sunt,
2877 4378 2998 4430 qua:
3023 4362 3200 4418 medio
3230 4376 3438 4430 carent,
3466 4378 3524 4422 ut
3553 4370 3789 4427 alterum

545 4445 699 4504 pater
720 4446 825 4500 est,
854 4439 958 4493 hoc
986 4451 1090 4505 est,
1118 4456 1241 4496 vere
1279 4440 1461 4508 Pater,
1489 4456 1548 4499 ut
1572 4445 1724 4515 quiF
1729 4449 1878 4501 ilium
1916 4465 2117 4518 genue-
2150 4458 2194 4513 ι)
2226 4450 2417 4503 borum
2454 4448 2678 4520 Spiritui
2724 4454 3034 4508 necessario
3064 4454 3413 4511 tribuendum
3446 4458 3563 4531 sit).
3590 4457 3789 4515 Verum

546 4529 654 4591 rit,
687 4536 743 4583 et
770 4531 1021 4601 principii
1053 4547 1290 4602 expers;
1334 4550 1510 4606 neque
1541 4537 1687 4591 enim
1718 4553 1785 4593 ex
1820 4555 2121 4610 quoquam,

484 4683 494 4693 l
546 4634 722 4687 neque
753 4636 783 4674 a
815 4623 1015 4692 seipso,
1056 4639 1235 4696 neque
1266 4626 1336 4681 ab
1363 4627 1533 4683 altero
1559 4638 1738 4683 ortum
1768 4630 1954 4685 habet.
1983 4631 2118 4686 Nam

544 4710 639 4777 qui
685 4726 812 4766 vere
853 4714 1003 4768 solus
1053 4726 1208 4783 pater
1259 4725 1364 4784 est,
1399 4734 1465 4772 ex
1500 4720 1648 4775 nullo
1692 4721 1864 4776 altero
1906 4733 2008 4778 est.
2043 4729 2121 4780 Ac

547 4817 741 4855 rursus
777 4802 968 4867 Filius,
999 4806 1142 4860 titius
1192 4817 1293 4872 est,
1326 4825 1456 4874 non,
1492 4823 1551 4865 ut
1608 4823 1884 4878 creatura,
1916 4831 2112 4872 nomen

545 4892 689 4945 istud
727 4903 1080 4960 consecutus,
1113 4897 1266 4964 juxta
1302 4900 1434 4952 illud
1471 4916 1484 4952 :
1523 4900 1699 4957 Filius
1741 4905 2114 4974 primogenitus

543 4997 689 5035 meus
742 4981 998 5037 Israel".
1052 4983 1186 5038 Nam
1222 4986 1324 5041 hoc
1370 4988 1490 5042 loco
1533 4990 1700 5046 dictio
1731 4990 1851 5046 Filii
1902 5011 2005 5048 non
2058 5008 2115 5049 ιιι

543 5089 795 5131 creatura
826 5078 1139 5147 accipienda
1168 5090 1253 5134 est
1290 5097 1305 5133 :
1350 5084 1444 5137 sed
1478 5086 1694 5154 preptie
1728 5083 1921 5149 Filius.
1952 5099 2114 5158 atque

511 5182 574 5229 _a
601 5167 758 5222 Patre
785 5183 885 5223 suo
919 5170 1134 5237 genitus
1169 5190 1185 5227 :
1223 5177 1317 5244 qui
1357 5176 1545 5240 etiam,
1578 5187 1842 5248 quantum
1889 5181 1954 5235 ad
1981 5192 2114 5235 tetu-

540 5261 691 5329 poris
740 5262 1088 5332 principium,
1124 5266 1394 5347 principio
1428 5277 1598 5324 caret.
1631 5270 1762 5326 Nam
1798 5273 1890 5342 qui
1925 5272 2109 5326 omnia

543 5353 770 5417 creavit,
827 5354 1020 5423 utique
1093 5368 1147 5409 et
1201 5366 1469 5427 tempora.
1525 5360 1857 5432 Temporum
1929 5375 2107 5417 autem

540 5444 768 5499 Creator
799 5448 1040 5519 proiecto
1081 5453 1306 5520 tempori
1335 5469 1675 5523 nequaquam
1704 5458 1910 5512 subest.
1935 5458 2111 5526 Atque

537 5538 701 5590 etiam
757 5540 1089 5611 principium
1156 5542 1340 5610 habet,
1388 5557 1658 5615 quatenus
1702 5563 1769 5603 ex
1811 5547 1970 5602 Patre
2000 5559 2104 5614 est,

2220 4541 2362 4595 inter
2413 4557 2476 4597 ea
2524 4543 2761 4597 medium
2805 4544 3013 4614 aliquid
3061 4546 3408 4616 interjectum
3452 4560 3559 4615 est,
3594 4565 3791 4621 nempe

2220 4633 2519 4701 processio.
2582 4633 2834 4689 Procedit
2874 4635 3056 4704 itaque
3084 4634 3322 4706 Spiritus
3357 4654 3387 4692 a
3410 4637 3590 4695 Patre.
3624 4642 3783 4707 Quod

2218 4722 2263 4779 si
2294 4724 2555 4792 procedit,
2601 4725 2786 4794 utique
2833 4726 2901 4780 ab
2936 4727 3108 4795 ipsius
3160 4741 3354 4785 natura
3394 4740 3448 4785 et
3500 4732 3788 4789 divinitate

2214 4830 2323 4867 non
2354 4826 2438 4869 est
2467 4802 2777 4885 separatus,
2803 4817 2898 4872 sed
2934 4829 3111 4884 etest,
3134 4828 3188 4874 et
3221 4832 3404 4876 manet
3428 4822 3596 4879 Deus.
3625 4822 3787 4881 Pater

2212 4916 2363 4973 pater
2410 4918 2516 4971 est,
2565 4919 2619 4962 et
2677 4907 2845 4964 Filius
2900 4910 3077 4978 ﬁlius,
3116 4925 3170 4967 et
3218 4912 3457 4981 Spiritus
3519 4916 3773 4985 spiritus.

2218 4996 2659 5069 Uniuscujusque
2686 5001 2830 5054 enim
2862 5002 3053 5056 harum
3079 5004 3242 5059 trium
3269 5021 3625 5074 personarum
3652 5024 3779 5077 pro—

2212 5090 2412 5160 prietas
2473 5095 2833 5148 tt‘atlSu:0veri
2896 5112 3001 5149 non
3061 5096 3242 5153 debet.
3276 5098 3410 5152 Nam
3450 5100 3499 5154 si
3527 5100 3649 5155 loco
3678 5118 3783 5154 suo

2213 5192 2355 5236 mota
2374 5184 2440 5237 ad
2466 5185 2629 5238 alium
2647 5187 2920 5253 transiret,
2947 5204 3055 5243 non
3074 5189 3187 5257 jam
3214 5190 3559 5261 proprietatis
3579 5208 3777 5246 nomen

2212 5283 2475 5329 tueretur.
2511 5277 2709 5346 Duplex
2763 5287 2944 5331 autem
2997 5289 3099 5345 est,
3132 5281 3435 5350 proprietas
3481 5285 3651 5336 altera
3683 5296 3781 5335 na—

2212 5376 2367 5432 tura},
2400 5369 2564 5421 altera
2602 5384 2863 5437 personae.
2890 5373 2966 5425 Ac
2991 5385 3199 5427 naturae
3231 5373 3446 5442 quidem
3474 5375 3781 5444 proprieta-

2211 5468 2315 5513 tem
2350 5459 2416 5514 ad
2454 5471 2560 5514 tres
2610 5476 2870 5531 personas
2914 5478 3032 5518 sese
3079 5475 3387 5520 moventem
3417 5475 3473 5521 et
3500 5465 3777 5520 effunden-

2212 5560 2318 5606 tem
2352 5552 2592 5620 reperire
2638 5564 2742 5618 est,
2779 5556 2922 5608 velut
2971 5555 3312 5625 increatum,
3361 5557 3770 5628 sempiternum,

607 5663 720 5749 "ll
746 5695 873 5751 Cor.
909 5702 1140 5768 “11,13.
1221 5703 1265 5734 ³⁵
1292 5703 1309 5756 Ι
1335 5704 1460 5760 Cor.
1487 5721 1582 5771 xu,
1605 5706 1717 5761 4-6.
1797 5706 1841 5738 ³⁸
1881 5707 2041 5762 Rom.
2076 5723 2124 5762 χι

2231 5710 2283 5764 6.
2358 5707 2589 5764 “Exod.
2621 5724 2697 5777 tv,
2730 5710 2821 5768 εξ.
2901 5710 3112 5768 "Psal.
3148 5728 3319 5779 xsxn,
3365 5714 3421 5769 6.
