4048 6278
341 402 482 469 12Ἱ3

1263 389 1582 454 NlCETAS
1621 385 1703 448 IN
1743 384 1964 446 ORAT.
1997 383 2257 443 XXXIX
2295 382 2354 443 S.
2395 382 2625 443 GREG.

3450 374 3586 442 1234

305 514 702 592 omnipotens,
736 525 1040 584 ceteraque
1091 510 1335 580 ejusdem
1381 505 1620 577 generis.
1655 503 1908 558 Persona:
1939 507 1980 559 Λ
2014 507 2202 553 essent
2232 497 2464 567 species,
2491 497 2718 550 alteram
2743 494 3030 564 explicarit
3049 493 3360 564 Theologus
3381 505 3587 560 noster,

331 631 464 671 vero
490 586 884 684 proprietatem
924 606 1071 660 nullo
1107 603 1271 659 modo
1325 586 1528 654 moveri
1563 595 1900 684 proﬁtemur,

332 718 394 762 ut
433 683 754 773 ingenitum,
792 698 1059 770 genitum,
1103 704 1157 750 et
1215 692 1538 765 procedens.
1576 688 1702 742 llaac
1756 683 1902 739 enim

330 808 687 870 personarum
719 799 844 846 sunt
876 788 1257 859 preprietates.
1300 784 1368 838 At
1398 797 1525 837 vero
1558 773 1902 839 Eunomiani,

332 887 558 959 ingeniti
608 900 671 939 ac
692 882 859 953 geniti
884 880 1149 935 rationem
1200 876 1538 931 diversarum
1584 879 1902 959 naturarum

335 957 696 1052 proprietates
752 989 877 1030 esse
930 973 1362 1029 contendentes,
1413 964 1625 1018 Patrem
1682 957 1902 1052 quidem

334 1048 555 1142 proprie
609 1067 777 1121 Deum
842 1062 1128 1118 nominant
1165 1076 1178 1114 :
1210 1056 1409 1112 Filium
1438 1062 1619 1108 autent
1651 1059 1705 1105 et
1730 1048 1905 1142 Spiric

334 1139 473 1224 turn,
514 1156 751 1211 nominis
794 1153 986 1212 solius,
1029 1165 1138 1203 non
1173 1157 1352 1200 autem
1382 1141 1626 1213 ejusdem
1657 1139 1908 1195 essentia

327 1250 628 1310 consortio,
667 1262 791 1301 cum
847 1259 913 1299 eo
953 1241 1278 1310 eonjunctos
1310 1250 1432 1292 esse
1460 1242 1736 1289 astruunt.
1769 1229 1903 1284 Nam

326 1360 455 1397 cum
502 1341 660 1393 Pater
692 1334 967 1406 ingenitus
996 1333 1087 1395 sit,
1123 1330 1397 1398 inquiunt,
1448 1314 1551 1379 nec
1578 1333 1905 1392 quemquam

327 1437 533 1507 gignet.
563 1427 716 1495 Quod
749 1427 793 1480 si
832 1423 991 1477 Pater
1034 1435 1139 1474 non
1187 1416 1381 1486 gignit,
1415 1421 1474 1468 ut
1518 1413 1752 1468 delirant
1794 1407 1906 1462 Eu-

332 1524 600 1584 nomiani,
634 1519 876 1589 profecto
907 1529 1007 1569 nec
1040 1511 1211 1565 Filius
1250 1520 1489 1580 paterna:
1536 1515 1744 1561 naturae
1775 1518 1906 1574 par-

329 1618 500 1685 ticeps
554 1610 791 1673 exsisuit,
823 1617 1008 1676 utpote
1061 1618 1091 1657 a
1146 1601 1312 1656 Patre
1370 1599 1593 1654 minime
1641 1594 1907 1685 genitus;

330 1722 520 1761 verum
548 1701 829 1772 a-quiroce
886 1697 1028 1751 Deus
1080 1694 1300 1758 dicitur,
1332 1691 1437 1744 hoc
1464 1699 1567 1754 est,
1595 1689 1772 1745 solum
1811 1684 1905 1739 Dei

332 1813 536 1854 nomen
577 1795 761 1857 habet,
816 1804 926 1845 non
978 1795 1159 1842 autem
1197 1799 1311 1840 rem
1367 1784 1561 1851 ipsam.
1604 1779 1709 1848 Qui
1770 1779 1904 1834 mihi

2005 588 2216 654 dicens,
2273 588 2416 642 Deus
2450 587 2617 643 homo
2652 589 2710 641 ﬁt
2738 603 2755 653 ;
2789 587 3016 642 alteram
3060 603 3186 642 vero
3216 585 3588 658 praetermisit,

2006 679 2268 734 nimirum
2328 680 2473 749 quod
2531 680 2696 733 homo
2747 695 2966 750 quoque
3015 679 3157 734 Deus
3202 678 3489 742 efﬁciatur,
3524 678 3588 731 ιιι

2007 772 2353 842 perspicuam
2397 779 2458 824 et
2502 781 2958 841 consequentem.
2994 769 3127 823 Nam
3164 771 3207 825 si
3242 770 3384 825 Deus
3423 771 3591 825 homo

2006 863 2238 918 emcitur
2258 903 2273 928 ,
2310 862 2500 932 procul
2527 862 2696 918 dubio
2725 872 2776 918 et
2809 864 2977 919 homo
3007 863 3169 919 Deus.
3203 864 3434 929 Quando
3465 865 3591 933 qui-

2008 956 2131 1011 dem
2187 956 2565 1011 indnbitatum
2598 967 2706 1022 est,
2753 966 2974 1026 propter
2998 958 3138 1022 hoc,
3188 957 3322 1011 illud
3374 971 3592 1026 queque

2008 1047 2210 1103 factum
2239 1063 2383 1104 esse.
2415 1050 2482 1104 Et
2507 1050 2600 1120 qui
2632 1050 2934 1104 secundum
2963 1050 3148 1118 gloria:
3184 1067 3296 1104 sua:
3327 1062 3379 1103 et
3404 1051 3590 1118 splen-

2007 1139 2158 1197 doris
2213 1141 2482 1196 orientem
2536 1142 2602 1197 ad
2650 1142 2886 1212 primum
2942 1141 3066 1197 cteli
3114 1142 3341 1196 secundi
3387 1142 3590 1196 coelum

2008 1237 2349 1299 ascenderat,
2382 1235 2475 1290 ille
2507 1235 2562 1289 in
2598 1235 2917 1306 hujusmodi
2945 1234 3155 1289 oriente
3176 1236 3311 1290 adeo
3337 1234 3592 1289 sublimis

2006 1335 2061 1380 et
2101 1327 2354 1381 excelsus
2385 1367 2402 1393 ,
2443 1327 2905 1396 quemadmodum
2964 1327 3167 1381 cecinit
3219 1325 3383 1379 David
3406 1327 3475 1389 ὀ,
3536 1325 3592 1379 in

2009 1430 2230 1479 occasu,
2250 1415 2355 1471 hoc
2387 1426 2491 1483 est,
2524 1418 2577 1471 in
2614 1430 2800 1471 nostra
2832 1418 3066 1471 utilitate
3095 1427 3258 1485 atque
3286 1417 3592 1485 ahjectinne

2009 1505 2247 1575 gloriose
2273 1505 2605 1561 celebratur.
2635 1505 2829 1562 Oriens
2854 1507 3023 1571 enim,
3054 1496 3400 1560 Divinitatem
3429 1507 3593 1575 prin-

2007 1595 2136 1665 cipii
2170 1603 2477 1666 expertem,
2510 1610 2634 1666 quae
2664 1596 2756 1649 lux
2785 1595 3121 1664 sempiterna
3150 1604 3234 1649 est
3255 1634 3271 1661 ,
3300 1594 3592 1664 signiﬁcat.

2009 1686 2283 1739 Ascensus
2314 1694 2496 1740 autem
2536 1686 2589 1739 in
2622 1699 2843 1749 occasu,
2867 1683 3321 1740 consuetudinem
3355 1687 3594 1739 societa-

2011 1781 2228 1843 temque
2250 1788 2376 1828 eum
2419 1775 2657 1829 humana
2702 1782 3024 1843 paupertate
3055 1775 3247 1828 initam
3270 1813 3286 1840 ,
3315 1789 3438 1844 quae
3462 1774 3593 1843 qui.

329 1906 468 1946 sane
522 1886 709 1942 eadem
780 1880 993 1935 ratione
1047 1876 1247 1930 dicturi
1312 1874 1589 1940 ridentur,
1641 1870 1899 1941 quOniam
1934 1867 1977 1923 Β
2007 1867 2125 1918 dem
2152 1902 2168 1929 ,
2201 1865 2248 1920 si
2279 1880 2405 1919 cum
2442 1880 2682 1935 superno
2728 1865 3018 1934 splendore
3056 1865 3397 1933 conferatur,
3426 1881 3591 1922 ocea-

332 1985 577 2037 Adamus
629 1990 847 2046 quoque
896 1987 964 2027 ex
1011 1984 1175 2026 carne
1206 1967 1421 2039 genitus
1454 1982 1559 2021 non
1605 1972 1706 2029 est,
1744 1962 1838 2018 sed
1872 1978 1903 2017 a

335 2077 445 2129 Deo
473 2073 720 2142 effectus,
751 2066 886 2120 Scth
930 2073 1110 2118 autem
1145 2077 1209 2115 ex
1243 2060 1435 2114 Adami
1467 2072 1590 2113 cum
1635 2055 1742 2108 Eva
1776 2069 1907 2108 con-

333 2181 527 2241 gressu
570 2170 891 2232 procreatus
919 2163 1023 2219 est,
1057 2153 1260 2208 idcirco
1295 2166 1390 2206 eos
1420 2158 1629 2203 naturae
1673 2144 1907 2202 diversi-

335 2266 447 2313 tate
479 2257 619 2309 inter
653 2266 711 2305 se
754 2249 1057 2319 disjunctos
1084 2259 1225 2299 esse.
1259 2242 1415 2307 Quod
1440 2241 1487 2296 si
1516 2241 1571 2294 in
1600 2254 1708 2294 una
1742 2245 1923 2325 atque

331 2352 526 2405 eadem
582 2347 818 2398 humana
874 2348 1069 2393 natura
1116 2345 1168 2391 et
1222 2334 1528 2411 ingenitum
1570 2338 1624 2387 et
1664 2330 1905 2401 genitum

334 2440 706 2510 reperiuntur,
736 2439 941 2503 quanto
979 2427 1152 2497 magis
1184 2427 1239 2481 in
1272 2424 1479 2479 divina.

406 2531 524 2588 Col.
558 2528 660 2585 547
689 2526 749 2581 C.
784 2522 930 2579 Unus
965 2522 1128 2591 igitur
1148 2519 1288 2572 Deus
1318 2518 1374 2571 in
1400 2516 1590 2580 tribus,
1615 2524 1721 2570 etc.
1754 2512 1907 2569 Unus

332 2624 501 2695 igitur
523 2660 536 2685 ,
572 2617 769 2688 inquit,
801 2625 885 2670 est
916 2614 1058 2667 Deus
1089 2612 1145 2663 in
1180 2609 1355 2663 tribus
1384 2606 1666 2695 personis,
1693 2615 1748 2660 et
1795 2614 1905 2695 tres

332 2693 581 2784 personae
613 2721 779 2760 unum
826 2710 976 2765 sunt,
1023 2698 1200 2769 quoad
1246 2695 1604 2751 divinitatem.
1636 2693 1905 2760 Quoniam

331 2812 514 2860 autem
544 2802 657 2854 hmc
680 2812 740 2852 se
770 2795 846 2848 ita
876 2793 1113 2856 habent,
1143 2790 1245 2842 hoc
1279 2795 1383 2851 est,
1420 2786 1501 2842 hae
1533 2800 1799 2855 personae,
1824 2784 1909 2838 vel

334 2897 443 2950 hoc
495 2891 676 2962 potius
701 2929 716 2953 ,
747 2887 799 2941 id
831 2894 915 2939 est
953 2881 1210 2935 divinitas
1235 2919 1250 2945 ,
1282 2891 1460 2947 neque
1494 2876 1703 2946 angelis
1736 2875 1868 2930 solis
1888 2906 1911 2940 ,-

332 2985 431 3054 qni
485 2978 706 3050 superni
751 2983 879 3030 sunt
928 2972 1198 3042 spiritus,
1256 2968 1534 3022 deﬁnitam
1581 2976 1745 3037 atque
1799 2967 1908 3054 cir-_

329 3052 724 3139 cumscriplam
770 3078 891 3119 esse
923 3060 1015 3113 Dei
1056 3056 1431 3112 adorationem
1464 3055 1785 3124 oportebat,
1813 3052 1907 3107 sed

330 3177 389 3222 et
420 3167 472 3218 in
514 3174 655 3216 terra
690 3169 909 3228 quoque
945 3148 1240 3205 nonnullos
1281 3161 1440 3210 esse,
1475 3145 1568 3215 qui
1615 3160 1738 3199 eum
1774 3144 1906 3198 ado-

332 3264 544 3318 rarent,
582 3262 640 3307 ut
669 3249 850 3305 omnia
877 3246 1051 3315 ipsius
1078 3242 1245 3309 gloria
1280 3238 1674 3307 implerentur;
1703 3236 1904 3305 quippe

329 3360 459 3401 cum
493 3357 579 3396 res
609 3352 799 3394 omnes
845 3339 1043 3387 creata:
1076 3327 1167 3380 Dei
1217 3326 1327 3381 sint
1355 3325 1580 3395 (Omnia
1623 3323 1793 3388 enim,
1819 3324 1904 3376 in-

332 3436 457 3506 quit
482 3432 547 3497 ³⁶,
576 3431 805 3485 serviunt
832 3423 970 3490 tibi),
991 3435 1110 3475 eam
1139 3418 1206 3471 ob
1226 3431 1448 3472 causam
1475 3417 1641 3471 homo
1664 3425 1902 3481 creatur,

333 3540 533 3594 nempe.
556 3532 614 3578 ut
639 3522 720 3577 sic
749 3531 964 3590 quoque
995 3516 1091 3571 Dei
1129 3514 1299 3587 gloria
1345 3510 1670 3567 celebretur.
1701 3508 1904 3591 Duplex

334 3620 483 3671 enim
517 3610 809 3669 errationis
854 3608 1136 3662 hominum
1181 3619 1348 3661 causa
1381 3602 1518 3667 fuit,
1552 3601 1721 3656 altera
1748 3609 1906 3655 ante-

330 3712 535 3764 cedens
553 3746 566 3769 ,
594 3705 806 3758 bonitas
829 3701 1039 3755 scilicet
1069 3697 1159 3752 Dei
1185 3737 1201 3762 ,
1229 3697 1395 3751 altera
1425 3695 1621 3760 ﬁnalis,
1644 3692 1903 3746 nimirum

334 3803 431 3857 Dei
478 3799 669 3868 gloria.
715 3793 984 3860 Quoniam
1017 3800 1195 3845 autem
1245 3804 1275 3842 a
1310 3788 1491 3842 divina
1532 3783 1905 3839 misericordia

340 3895 580 3947 alienum
618 3898 734 3943 erat
780 3885 1054 3941 hominem
1107 3898 1203 3952 per
1242 3889 1527 3951 peccatum
1573 3895 1604 3932 a
1649 3878 1909 3933 Creatorc

339 4001 442 4041 suo
474 3993 784 4053 separatum
820 3978 1118 4047 negligere,
1159 3975 1279 4028 ideo
1311 3973 1641 4026 innovantur
1668 3978 1907 4023 naturae:

333 4077 524 4133 divina
546 4074 692 4128 enim
723 4075 1018 4125 humanam
1062 4066 1398 4121 nativitatem
1430 4061 1616 4116 subire
1644 4059 1907 4124 sustituit,

339 4178 530 4224 nostra
565 4174 746 4219 autem
773 4162 1069 4215 animatum
1097 4171 1316 4212 carnem
1336 4153 1699 4225 spiritualiter
1722 4151 1909 4221 genito

344 4258 527 4313 Verbo
556 4254 801 4327 protulit.
833 4250 1101 4320 Quodque
1139 4250 1310 4317 magis
1345 4243 1656 4299 mirandum
1682 4250 1787 4309 est,
1812 4256 1911 4296 nec

339 4347 677 4419 virginitatis
713 4344 795 4398 lex
845 4357 941 4413 per
970 4340 1402 4411 procreationem
1456 4335 1569 4389 ullo
1603 4332 1764 4387 modo
1806 4331 1912 4386 im-

340 4442 553 4495 minuta
614 4442 720 4490 est.
776 4432 977 4487 Adhaze
1030 4430 1362 4482 innovantur
1418 4433 1659 4489 naturae,
1724 4421 1911 4476 divina

2006 1972 2103 2011 sus
2142 1957 2414 2012 rationem
2440 1958 2626 2023 habet,
2648 1973 2714 2013 ac
2746 1959 2926 2014 noctis
2947 1958 3363 2014 similitudinem
3401 1959 3589 2014 refert.

2005 2046 2164 2102 Nulla
2216 2052 2362 2103 enim
2409 2048 2555 2103 inter
2610 2058 2900 2120 utramque
2945 2059 3196 2105 naturam
3242 2054 3591 2121 comparatio

2006 2147 2146 2205 erat,
2210 2142 2535 2210 priusquam
2585 2141 2777 2195 ambas
2824 2156 3075 2199 summus
3132 2143 3224 2198 ille
3282 2144 3474 2198 artifex
3532 2145 3590 2200 in

2006 2230 2187 2295 Seipso
2211 2230 2613 2299 conjunxisset.
2639 2232 2717 2284 Ac
2742 2228 3004 2284 Divinitas
3025 2230 3244 2298 quidem
3277 2245 3371 2300 per
3390 2231 3589 2286 Orien-

2010 2326 2114 2372 tem
2172 2320 2525 2390 designatur,
2561 2328 2749 2390 utpote
2783 2320 2954 2374 altum
3000 2328 3057 2376 et
3109 2321 3424 2376 excelsum:
3452 2338 3591 2393 quo—

2008 2409 2178 2474 niam,
2196 2425 2319 2464 cum
2341 2412 2425 2466 sol
2447 2411 2646 2476 oritur,
2665 2411 2721 2464 in
2751 2412 2985 2466 sublime
3012 2410 3187 2467 fertur
3208 2422 3261 2468 et
3281 2415 3586 2471 extollitur.

2009 2502 2254 2556 Occasus
2293 2510 2475 2557 autem
2504 2542 2519 2567 ,
2554 2511 2613 2557 ut
2645 2503 2870 2558 humilis
2905 2517 2972 2559 ac
3002 2503 3293 2574 depressus
3313 2542 3330 2570 ,
3364 2519 3587 2563 carnem

2009 2592 2281 2661 signiﬁcat
2309 2611 2321 2646 :
2350 2594 2616 2664 quoniam
2656 2596 2739 2650 sol
2766 2595 2823 2649 in
2855 2610 3114 2651 occasum
3146 2610 3379 2667 vergens
3408 2598 3592 2667 depri-

2013 2684 2206 2749 mitur,
2234 2699 2300 2739 ac
2328 2685 2585 2740 deorsum
2609 2684 2807 2740 fertur.
2844 2686 3016 2741 Porro
3046 2686 3102 2741 in
3136 2701 3338 2744 occasu
3370 2703 3593 2759 quoque

2010 2774 2277 2831 Dominus
2323 2775 2615 2846 magniﬁce
2654 2786 2711 2831 et
2750 2777 2987 2848 gloriose
3018 2779 3352 2835 celebratur.
3382 2780 3589 2836 Gloriae

2008 2867 2160 2919 enim
2191 2867 2296 2937 ipsi
2326 2868 2497 2924 cessit
2523 2868 2808 2924 humilitas
2839 2870 2930 2924 illa
2957 2886 3124 2940 quam
3162 2871 3216 2925 in
3249 2873 3594 2930 humanitate

2009 2961 2346 3014 assumenda
2390 2960 2677 3029 praestitit;
2704 2960 3004 3016 bonitatem
3043 2963 3219 3030 ipsius
3247 2965 3589 3033 perspicuam

2010 3059 2173 3120 atque
2229 3051 2497 3105 illustrem
2535 3051 2790 3107 reddens.
2819 3050 2940 3107 Jam
2978 3068 3107 3108 vero
3142 3054 3235 3109 Dei
3273 3054 3469 3123 Filius,
3501 3057 3593 3112 Fio

2015 3143 2120 3198 lius
2143 3143 2379 3199 hominis
2403 3145 2581 3199 factus
2596 3152 2704 3208 est,
2729 3158 2838 3198 non
2879 3147 3222 3213 mutationis,
3258 3151 3353 3204 sed
3379 3165 3591 3205 assum-

2011 3235 2218 3303 ptionis
2253 3235 2492 3289 ratione.
2524 3233 2725 3289 Mansit
2759 3237 2906 3291 enim
2940 3237 2994 3292 id
3023 3240 3168 3308 quod
3199 3253 3336 3309 erat,
3362 3252 3416 3297 et
3443 3245 3591 3314 quod

2008 3341 2115 3379 non
2151 3334 2308 3392 erat,
2351 3326 2668 3396 assumpsit.
2709 3326 2843 3381 Nam
2895 3344 3020 3383 cum
3051 3346 3172 3385 eam
3221 3347 3345 3389 esse
3380 3349 3590 3392 natura:

2006 3427 2207 3471 nostras
2232 3418 2603 3474 inﬁrmitatem
2630 3420 3055 3489 perspiceret,ut
3086 3437 3155 3477 ex
3185 3424 3365 3494 seipsa
3393 3441 3581 3483 rerum

2006 3511 2250 3564 omnium
2299 3520 2588 3566 auctorem
2624 3520 2679 3566 et
2731 3512 3044 3570 eﬁ‘eetorem
3081 3531 3419 3588 cognoscere
3471 3537 3585 3579 non

2008 3610 2199 3669 posset
2232 3603 2512 3672 (quoniam
2540 3604 2657 3672 ipse
2684 3605 2955 3674 ingenitus
2975 3619 3080 3674 est,
3105 3626 3204 3665 nos
3233 3621 3438 3678 autem,
3464 3629 3588 3669 cum

2009 3691 2165 3758 prius
2211 3707 2321 3745 non
2358 3693 2782 3758 cssemus,l'acti
2828 3709 3016 3767 postea
3049 3717 3384 3773 corporeque
3428 3707 3589 3762 edicti

2010 3781 2247 3852 sumus),
2279 3782 2484 3839 idcirco
2515 3786 2656 3842 haud
2692 3788 2792 3844 abs
2817 3806 2875 3844 re
2906 3789 3165 3860 Verbum,
3202 3794 3382 3854 Patris
3410 3799 3591 3870 imago

2009 3871 2280 3963 exsistens
2307 3911 2323 3936 ,
2356 3878 2593 3932 mortale
2613 3892 2816 3949 corpus
2850 3884 3080 3952 accepit,
3110 3894 3167 3939 ut
3195 3903 3343 3945 mors
3369 3907 3592 3963 quoque

2011 3961 2064 4015 in
2094 3978 2160 4016 eo
2215 3962 2463 4020 funditus
2498 3972 2972 4041 exstingueretnr,
3015 3986 3182 4047 atque
3230 3980 3480 4039 homines
3502 3961 3589 4040 ad

2014 4052 2303 4123 imaginem
2336 4057 2432 4115 Dei
2464 4061 2631 4114 creati
2663 4061 2845 4117 denuo
2875 4066 3314 4125 instaurarentur
3341 4088 3406 4127 ac
3427 4090 3590 4129 reno-

2011 4155 2292 4199 varentur.
2335 4146 2804 4214 Quemadmodum
2838 4156 2984 4210 enim
3030 4159 3078 4213 si
3120 4159 3291 4216 forma
3338 4169 3587 4233 quaedam

2010 4234 2066 4289 in
2097 4235 2247 4305 ligno
2271 4237 2486 4308 depicta
2515 4246 2760 4299 externis
2790 4248 3047 4303 sordibus
3071 4250 3248 4305 obsita
3285 4265 3338 4307 et
3367 4257 3586 4311 oblitte-

1989 4336 2129 4403 rata
2162 4327 2349 4395 fuerit,
2380 4346 2572 4387 rursus
2594 4349 2742 4400 eum,
2770 4338 2928 4404 cujus
2959 4338 3247 4410 imaginem
3277 4344 3459 4412 refert,
3486 4349 3587 4401 ad-

2015 4420 2189 4475 hiberi
2216 4436 2443 4478 necesse
2468 4432 2574 4489 est,
2605 4433 2666 4479 ut
2693 4440 2757 4480 ea
2788 4426 3081 4483 instaurari
3106 4441 3270 4500 queat
3301 4450 3314 4488 :
3349 4437 3415 4489 ad
3443 4437 3589 4494 hunc

337 4532 488 4587 enim
531 4530 822 4582 humanam
856 4518 1184 4588 assumpsit,
1219 4520 1456 4571 humana
1492 4525 1671 4569 autem
1707 4512 1906 4569 divini-
1938 4525 1979 4581 ῃ
2013 4526 2228 4581 quoque
2277 4512 2498 4567 modum
2542 4515 2792 4572 Christus
2815 4557 2831 4582 ,
2864 4518 3039 4575 Patris
3078 4520 3279 4593 imago,
3302 4524 3369 4578 ad
3404 4535 3589 4584 nostra

339 4636 454 4681 tate
504 4624 693 4679 aﬁ'ecta
745 4631 830 4674 est
879 4626 1095 4685 :atque
1143 4614 1357 4668 inﬁnita
1404 4613 1623 4681 quidem
1669 4625 1701 4664 a
1757 4610 1908 4664 ﬁnita

336 4717 737 4788 comprehensa
775 4719 879 4774 est,
914 4711 1065 4764 ﬁnita
1108 4724 1236 4762 vero
1281 4705 1505 4759 inﬁnitae
1550 4718 1762 4758 annexa
1798 4720 1812 4757 :
1846 4717 1911 4758 ac

338 4811 575 4880 denique
595 4810 831 4862 adurens
853 4813 1046 4858 natura
1070 4814 1315 4857 crassam
1336 4807 1391 4852 et
1411 4796 1634 4851 materia
1653 4806 1912 4852 constan-

338 4913 450 4959 tem
486 4899 814 4968 assumpsit;
851 4910 1036 4952 crassa
1076 4903 1131 4948 et
1161 4890 1398 4947 carnalis
1439 4891 1759 4945 adurentem
1793 4889 1911 4942 sine

338 4994 455 5047 ullo
482 4991 808 5045 detrimento
840 4984 1072 5054 accepit.
1106 4981 1253 5037 Nova
1286 4980 1429 5034 enim
1457 4980 1548 5032 illa
1576 4994 1681 5043 res,
1711 4993 1833 5047 quae
1856 4977 1910 5029 in

334 5081 562 5138 Christo
594 5078 788 5138 cinxit,
831 5089 937 5129 non
970 5076 1024 5128 in
1068 5075 1170 5127 hoc
1206 5073 1471 5126 duntaxat
1502 5071 1607 5123 sita
1634 5079 1737 5133 est,
1764 5068 1911 5137 quod

344 5175 392 5229 is
421 5172 514 5243 qui
540 5171 659 5225 sine
699 5166 969 5239 principio
994 5166 1107 5237 jam
1137 5179 1204 5218 ex
1234 5164 1340 5218 Deo
1377 5161 1593 5232 genitus
1616 5167 1753 5225 erat,
1786 5169 1909 5215 ortu

338 5278 561 5336 quoque
593 5259 880 5339 temporali
919 5256 1219 5311 secundum
1270 5267 1495 5308 carnem
1539 5252 1757 5321 genitus
1787 5250 1858 5304 sit
1889 5268 1906 5306 :

339 5358 437 5412 sed
467 5358 520 5410 in
565 5367 632 5408 eo
660 5352 847 5413 etiam,
879 5347 1024 5418 quod
1056 5355 1243 5400 nostra
1279 5353 1471 5398 natura
1506 5357 1728 5398 carnem
1764 5341 1917 5394 nullo

341 5447 501 5519 prius
522 5446 671 5515 jaeto
699 5441 911 5498 semine
939 5438 1172 5502 dederit,
1207 5450 1273 5489 ac
1299 5432 1466 5504 Virgo
1494 5433 1615 5489 sine
1644 5432 1919 5502 pudicitia

338 5518 534 5588 actura
569 5528 865 5601 pepererit.
889 5525 1141 5593 Cumque
1167 5531 1491 5576 naturarum
1514 5535 1729 5585 earum,
1756 5518 1905 5573 circa

333 5638 484 5695 quas
533 5634 678 5675 novo
722 5616 974 5688 exemplo
1015 5614 1222 5684 aliquid
1265 5612 1550 5679 edebatur,
1601 5610 1921 5682 adjiciendae

410 5799 458 5831 "
486 5796 837 5864 Psal.cxvttt,
863 5794 952 5850 91.
1030 5792 1073 5826 ³³
1105 5789 1250 5846 Psal.
1274 5805 1442 5855 ωιτη,
1477 5792 1566 5852 3t.

2005 4600 2120 4654 haec
2136 4601 2253 4655 loca
2269 4596 2603 4669 accessit,ut
2618 4603 2897 4663 hominem
2912 4607 2981 4662 ad
3002 4609 3414 4667 similitudinem
3430 4630 3586 4670 suam

2004 4692 2240 4748 cfﬁetum
2280 4695 2592 4764 instauret,
2623 4713 2691 4754 ac
2738 4699 2807 4754 de
2854 4700 3170 4759 hominibus
3209 4705 3346 4761 bene
3389 4715 3590 4769 mereri

2007 4788 2250 4854 cupiens,
2287 4798 2347 4842 ut
2382 4790 2568 4854 homo,
2597 4790 2665 4845 ad
2689 4806 2795 4846 nos
2821 4806 3050 4861 peregre
3080 4810 3143 4851 se
3180 4796 3415 4854 confert.
3443 4798 3582 4855 Nam

2007 4890 2133 4929 cum
2165 4878 2334 4933 semel
2381 4878 2666 4937 hominum
2716 4892 2926 4938 mentes
2968 4884 3036 4938 ad
3077 4887 3357 4944 sensilium
3404 4905 3588 4946 rerum

2019 4970 2259 5023 studium
2297 4972 2563 5041 prolapsa:
2591 4983 2799 5039 essent,
2839 4973 3083 5033 Verbum.
3106 4994 3229 5060 sese
3264 4997 3360 5049 per
3388 4997 3589 5053 corpus

2018 5063 2377 5125 spectandum
2409 5062 2638 5132 ohjecit,
2686 5073 2745 5120 ut
2773 5065 3022 5121 homines
3053 5082 3358 5139 sensusque
3396 5086 3587 5127 eorum

2019 5149 2085 5203 ad
2120 5165 2180 5204 se
2208 5166 2425 5222 quoque
2456 5155 2734 5210 hominem
2771 5156 3019 5212 traducat
3044 5196 3060 5223 ,
3088 5169 3253 5230 atque
3284 5173 3588 5232 conrertat,

2020 5256 2083 5296 ac
2113 5257 2206 5310 per
2232 5258 2301 5296 ea
2328 5259 2446 5312 quae
2479 5246 2617 5312 gerit
2642 5246 2975 5314 hominibus,
3001 5250 3201 5320 ipsum,
3227 5260 3286 5307 ut
3311 5253 3587 5311 hominem

2018 5331 2377 5401 intuentibus,
2426 5336 2584 5391 ﬁdem
2618 5335 2805 5405 faciat,
2833 5354 3030 5395 senon
3061 5344 3338 5399 hominem
3385 5347 3588 5413 solum,

2019 5425 2116 5482 scd
2168 5427 2330 5479 etiam
2368 5425 2534 5480 Deum
2569 5442 2714 5483 esse.
2749 5429 2911 5487 Visus
2949 5440 3038 5487 est
3080 5433 3262 5503 igitur,
3309 5450 3373 5489 ac
3423 5450 3601 5491 carne.

2019 5517 2177 5584 quasi
2208 5518 2327 5572 velo
2356 5520 2590 5588 quodam
2622 5531 2677 5575 et
2710 5521 3084 5592 integumento
3130 5524 3411 5594 interjecta
3439 5564 3456 5591 ,
3491 5542 3589 5582 no-

2023 5610 2232 5666 hiscum
2278 5621 2525 5672 Versatus
2575 5625 2688 5682 est.
2718 5612 2916 5671 Puram
2966 5615 3111 5672 enim
3166 5630 3231 5672 ac
3283 5616 3597 5690 simplicem.
