4048 6278
644 325 782 389 1235

2045 325 2428 389 ADDEND.\.

3722 335 3736 392 1
3745 333 3816 398 236

641 441 795 497 illius
826 443 1171 498 divinitatem
1209 453 1492 515 procreata
1529 454 1582 500 et
1614 443 1954 515 eorruptioni
1991 442 2227 502 obnoxia
2258 443 2308 502 Α
2333 455 2564 509 eamque
2595 449 2800 494 sartam
2839 447 3146 509 teetamque
3173 438 3486 505 habeamus,
3513 457 3570 498 ac
3599 459 3695 504 non
3711 464 3815 503 more

641 544 840 588 natura
895 535 1320 606 haudquaquam
1382 535 1525 592 ferre
1575 547 1805 606 poterat.
1843 536 2077 601 Idcirco,
2112 549 2232 600 qme

646 627 957 680 mistionem
1018 629 1361 695 nesciebant,
1415 631 1740 691 miscentur,
1775 629 1920 684 velut
1968 639 2233 684 creatura:

641 726 880 782 creator,
918 728 972 772 et
1014 734 1154 790 opus
1186 721 1383 776 artifici
1429 722 1587 790 (adeo
1629 731 1683 776 ut
1715 737 1857 776 unus
1892 721 2147 790 idemque
2177 727 2232 774 et

641 819 856 864 creator
886 821 938 865 et
969 825 1220 867 creatura
1247 854 1263 878 ,
1311 824 1365 868 et
1396 815 1578 883 opifex
1609 825 1662 869 et
1693 830 1861 884 opus,
1895 811 2148 881 exsistat)
2178 821 2232 866 et

637 905 791 957 carni
825 920 982 958 mens
1027 904 1304 974 jungitur,
1341 907 1440 960 hoc
1467 917 1548 960 est
1571 946 1586 970 ,
1634 907 1839 960 homini
1880 907 2042 960 Deus.
2079 904 2231 972 Quo-

641 996 789 1048 niam
818 995 966 1048 enim
991 996 1244 1051 diabolus
1267 1013 1368 1052 nos
1387 997 1523 1051 falsa
1549 998 1850 1052 divinitatis
1872 997 2231 1063 adipiscenda:

638 1103 734 1154 Spc
758 1129 773 1153 ,
805 1097 1064 1157 tanquam
1120 1089 1375 1144 illecebra
1412 1091 1648 1160 quadam
1684 1091 1912 1146 laetatos
1935 1131 1950 1153 ,
1994 1089 2047 1142 in
2085 1087 2231 1142 frau-

637 1181 760 1233 dem
816 1181 1134 1246 induxerat,
1192 1197 1256 1236 ac
1305 1183 1499 1236 mortis
1535 1183 1697 1237 hamo
1733 1181 2104 1244 transfixerat,
2159 1180 2230 1234 ob

637 1286 870 1338 eamque
928 1287 1152 1326 causam
1208 1273 1376 1328 nullis
1419 1273 1532 1342 jam
1586 1273 1796 1328 viribus
1850 1272 2026 1343 frangi
2062 1289 2121 1328 se
2167 1287 2230 1327 ac

639 1361 958 1417 labefactari
998 1379 1163 1433 posse
1198 1365 1552 1420 existimabat
1585 1383 1600 1419 :
1633 1365 1838 1422 idcirco
1866 1366 2121 1420 Christus
2146 1364 2229 1418 di-

639 1456 822 1509 rinam
875 1457 1175 1525 potentiam
1229 1473 1394 1512 carne
1418 1500 1434 1523 ,
1469 1475 1575 1513 non
1622 1475 1784 1515 secus
1811 1468 1975 1530 atque
2006 1461 2226 1513 hamum

641 1562 792 1610 esea,
830 1548 1083 1602 obduxit.
1118 1552 1298 1620 Atque
1361 1553 1465 1606 hac
1515 1569 1682 1609 carne
1722 1553 1958 1608 Satanas
2007 1553 2229 1610 illicitur

637 1648 720 1704 ut,
755 1638 883 1692 dum
941 1641 1099 1708 quasi
1159 1641 1214 1696 in
1272 1643 1544 1699 Adamum
1608 1646 2028 1716 impressionem
2074 1646 2226 1712 facit,

637 1751 876 1806 eumque
908 1739 1011 1794 sibi
1045 1741 1100 1794 in
1129 1757 1312 1796 escam
1354 1758 1641 1798 cessurum
1675 1751 1892 1814 sperat,
1946 1744 2002 1798 in
2027 1743 2224 1798 divini-

640 1830 771 1883 tatis
804 1830 1030 1886 hamum
1067 1832 1312 1898 incidat,
1337 1834 1528 1903 sicque
1553 1835 1786 1902 cladem,
1814 1835 2015 1892 \‘eteris
2033 1835 2228 1890 Adami

637 1923 796 1990 rulpa
815 1934 1360 1991 eontraetam,novus
1375 1928 1618 1985 Adamns
1633 1929 1866 1985 victoria
1883 1945 1981 1985 sua
2003 1930 2227 1994 sarciat,

638 2016 1021 2088 collapsosque
1042 2030 1094 2073 et
1123 2021 1372 2088 jacentes
1394 2021 1615 2085 excitet,
1637 2033 1824 2092 atque,
1850 2033 1910 2076 ut
1940 2022 2230 2093 Apostolus

641 2109 884 2178 loquitur
926 2111 1008 2177 ⁸⁸,
1038 2114 1290 2183 capitalis
1351 2116 1622 2170 sententia
1663 2116 1717 2170 in
1766 2117 1959 2172 Adami
2007 2131 2227 2170 carnem

640 2213 866 2269 per-cato
911 2205 1268 2260 constrictam
1305 2209 1661 2277 pronuntiata
1685 2248 1701 2275 ,
1736 2224 1834 2280 per
1863 2209 2066 2266 Christi
2109 2225 2229 2264 car-

641 2310 770 2348 nem
827 2296 974 2350 nulla
1027 2300 1234 2366 peccati
1284 2301 1405 2356 labe
1450 2303 1694 2358 vitiatam
1734 2304 2116 2367 reseindatur,
2165 2318 2230 2357 ac

645 2401 798 2440 mors
844 2403 940 2454 per
966 2389 1151 2444 carnis
1192 2393 1653 2447 resurrectionem
1680 2394 2081 2463 exstinguatur.
2109 2393 2227 2460 Ipsa

642 2478 790 2531 enim
823 2479 1106 2535 hominum
1133 2483 1314 2552 generi
1349 2485 1604 2540 rediviva:
1641 2486 1764 2540 vitae
1793 2495 1955 2554 atque
2001 2487 2227 2539 immor-

641 2567 870 2623 talitatis
907 2573 1238 2642 principium
1269 2583 1371 2629 est.

711 2657 830 2712 Col.
867 2658 972 2714 550
996 2659 1055 2714 Β.
1081 2662 1160 2716 Ac
1186 2661 1390 2719 Christi
1412 2666 1624 2735 quidem
1666 2667 1939 2731 nativitas,
1986 2676 2090 2724 etc.
2124 2667 2230 2723 Fa-

639 2756 790 2800 ctum
822 2760 906 2803 est
934 2765 964 2804 a
993 2749 1232 2818 Christo,
1285 2765 1343 2808 ut
1373 2755 1529 2810 stella
1561 2759 1812 2827 corporis
1852 2759 1936 2812 sui
1969 2759 2227 2813 nativita-

642 2849 747 2894 tem
770 2840 1056 2898 indicaret.
1081 2845 1454 2903 Conveniebat
1489 2849 1634 2904 enim
1666 2861 1725 2904 ut
1762 2848 1999 2905 Verbum
2029 2865 2059 2904 e
2088 2850 2229 2920 caelo

640 2931 979 2991 descendens
999 2937 1209 2994 ctelesti
1231 2953 1448 3010 quoque
1471 2941 1675 2996 indicio
1698 2942 2036 3012 proderetur.
2057 2941 2230 2997 Porro

639 3022 839 3079 sideris
856 3041 1052 3084 cursus
1066 3040 1442 3086 creaturarum
1461 3033 1838 3088 adorationem
1856 3033 2226 3105 signiﬁcabat.

2261 1786 2302 1840 Β

2334 549 2531 588 canum
2593 534 2658 588 ad
2718 534 2982 587 vomitum
3044 543 3288 588 nostrum
3356 545 3680 603 revertamur,
3718 545 3818 610 quod

2335 626 2595 680 Salomon
2659 626 2821 681 nobis
2868 627 3167 681 cavendum
3223 629 3560 686 admonet".
3619 635 3819 700 Alterum,

2333 722 2478 787 quod
2515 735 2543 772 a
2581 717 2791 773 Joanne
2827 720 3073 790 tingitur,
3110 729 3168 774 ut
3199 721 3496 775 modestum
3527 731 3668 793 atque
3698 727 3820 781 humi-

2333 809 2437 864 lem
2485 811 2730 865 animum
2785 827 2976 882 gerere
3029 813 3448 879 condiscamus,
3500 831 3590 871 nec
3630 818 3821 875 adversus

2335 899 2658 964 magistrum
2696 900 2913 968 pietatis
2949 903 3255 958 doctrinam
3290 905 3445 960 nobis
3467 909 3819 980 promulgantem

2333 993 2638 1061 insurgere,
2697 1009 2798 1049 nec
2829 995 3099 1051 adversus
3132 998 3465 1061 sacerdotes,
3495 1015 3622 1070 quos
3649 1001 3722 1056 Dei
3745 1021 3820 1073 my.

2333 1084 2628 1138 steriornm
2663 1085 3068 1156 dispensatores
3117 1098 3275 1142 vocat
3328 1088 3522 1145 Paulus
3543 1091 3600 1157 “,
3628 1093 3820 1148 audacius

2331 1174 2767 1246 insolentiusque
2802 1176 3002 1241 efferri,
3028 1178 3073 1232 si
3098 1177 3327 1248 quadam
3353 1180 3596 1247 dignitate
3623 1183 3821 1250 praecella-

2331 1281 2477 1321 mus.
2499 1265 2745 1322 Tertium
2775 1268 3032 1337 denique,
3052 1270 3193 1339 quod
3232 1271 3504 1325 tricesimo
3532 1287 3658 1325 anno
3691 1274 3810 1341 bapti-

2333 1367 2489 1414 zatus
2512 1371 2616 1425 est,
2642 1377 2750 1431 quo
2793 1363 2958 1418 etiam
3013 1371 3258 1432 tempore
3282 1363 3532 1419 miracula
3555 1381 3638 1420 sua
3660 1383 3821 1422 exorsus

2330 1459 2414 1505 est
2437 1469 2451 1506 :
2479 1461 2536 1506 ut
2558 1453 2837 1508 discamus
2861 1455 3133 1523 juventuti
3167 1470 3274 1509 non
3295 1455 3574 1522 conlidere,
3596 1473 3682 1510 nec
3705 1460 3821 1527 quod-

2334 1543 2420 1598 vis
2447 1555 2664 1614 tempus
2696 1546 3050 1601 instituendae
3077 1546 3259 1617 plebi,
3293 1563 3354 1602 ac
3381 1547 3608 1618 regendae
3637 1547 3822 1603 Ecclesia:

2334 1631 2592 1690 idoneum
2649 1636 3014 1699 existimare,
3067 1652 3166 1692 nec
3220 1646 3347 1692 ante
3395 1637 3672 1706 lanuginem
3717 1654 3824 1692 senes

2333 1729 2548 1791 docere,
2581 1737 2677 1783 aut
2706 1729 2962 1795 credere,
2995 1730 3098 1783 hoc
3137 1739 3241 1794 est,
3271 1731 3558 1799 praelidere,
3606 1744 3661 1784 ac
3691 1739 3823 1799 putare

2334 1837 2434 1877 nos
2466 1821 2601 1891 ipsis
2640 1821 2902 1877 docendis
2949 1837 3107 1892 pares
3155 1836 3284 1877 esse
3333 1838 3508 1890 posse.
3549 1821 3669 1888 Quin
3699 1823 3823 1891 potius

2331 1915 2514 1968 adulta
2543 1922 2598 1968 et
2631 1915 2811 1982 plena,
2836 1923 2944 1968 tam
2980 1928 3246 1984 corporea
3299 1929 3462 1982 quam
3493 1913 3690 1984 spiritali
3712 1922 3822 1967 astate

2331 2009 2397 2064 ad
2449 2008 2758 2063 docendum
2814 2008 3163 2074 accedamus,
3202 2023 3303 2063 nec
3344 2008 3601 2063 Danielem
3647 2008 3823 2076 aliosque

2330 2101 2626 2156 nonnullos
2645 2141 2661 2167 ,
2682 2101 2911 2170 juvenili
2939 2110 3097 2156 relate
3121 2099 3370 2170 jutlicum
3427 2115 3632 2154 munere
3654 2098 3823 2162 functos,

2329 2191 2384 2245 in
2432 2192 2670 2246 medium
2707 2190 3051 2260 proferamus
3103 2207 3118 2244 :
3171 2205 3295 2257 nec,
3348 2190 3489 2260 quod
3521 2188 3823 2243 Demosthenes

2328 2283 2425 2350 ait,
2454 2283 2676 2353 quidvis
2707 2282 3002 2349 faciamus,
3035 2299 3100 2338 ac
3129 2292 3427 2351 prastextus
3457 2291 3507 2335 et
3533 2278 3822 2334 excusationes

2330 2376 2735 2447 eonfingamus,
2768 2383 2827 2430 ut
2859 2375 3143 2446 injustitize
3173 2374 3484 2444 opinionem
3519 2389 3546 2426 a
3572 2371 3702 2426 nobis
3722 2385 3823 2421 amr-

2331 2465 2552 2519 liamur.
2593 2461 2776 2531 Neque
2815 2463 2960 2518 enim
2994 2462 3292 2532 quisquam
3327 2475 3553 2531 unquam
3579 2501 3593 2526 ,
3621 2458 3761 2527 inique
3787 2467 3820 2508 et

2331 2554 2539 2623 injuste
2583 2553 2793 2622 aliquid
2845 2552 3077 2620 faciens,
3128 2555 3342 2624 peccati
3375 2551 3722 2608 confessionem
3752 2548 3819 2600 sibi

2328 2644 2560 2712 exprimi
2604 2659 2802 2713 passus
2831 2651 2940 2700 est.
2975 2643 3055 2698 Nc
3102 2644 3221 2710 ipse
3253 2645 3468 2714 quidem
3511 2644 3699 2713 ignarus
3723 2654 3816 2694 sum.

2334 2732 2607 2788 Danielem
2637 2732 2861 2787 ineunte
2887 2743 3043 2789 mtate
3069 2735 3134 2788 de
3167 2732 3510 2805 Babylonicis
3549 2732 3638 2785 illis
3662 2728 3818 2784 senibus

2326 2826 2596 2896 judicium
2630 2827 2842 2882 tulisse.
2875 2825 3077 2880 Verum
3111 2843 3258 2883 unus
3292 2828 3380 2881 ille
3405 2835 3502 2881 est.
3533 2823 3665 2891 Quod
3695 2831 3818 2872 ίιυιεω

2332 2937 2518 2975 tarum
2551 2930 2660 2985 est,
2719 2922 2771 2976 id
2807 2920 3062 2976 Ecelesia‘
3098 2936 3199 2990 pro
3237 2921 3351 2990 lege
3403 2935 3502 2972 non
3548 2918 3698 2971 habet.
3728 2911 3817 2966 Nam

2332 3028 2433 3067 nec
2470 3027 2573 3066 una
2597 3012 2832 3067 hirundo
2853 3028 2945 3067 ver
2973 3011 3125 3080 facit,
3152 3021 3216 3066 ut
3241 3011 3415 3081 inquit
3442 3006 3728 3066 Aristoteles,
3755 3017 3818 3054 nec

639 3113 780 3186 Magi
812 3127 992 3174 autem
1014 3121 1256 3190 gentium
1277 3123 1340 3177 ad
1367 3123 1524 3180 fidem
1542 3139 1850 3191 accessum,
1875 3098 2226 3180 idololatria:-

2262 3133 2295 3189 ε
2330 3106 2379 3162 si
2420 3106 2546 3176 quis
2578 3105 2775 3159 lineam
2810 3121 2972 3160 unam
3006 3105 3268 3171 duxerit,
3301 3113 3394 3158 aut
3425 3101 3577 3158 semel
3604 3098 3817 3191 navigaril,

643 3221 754 3274 que
794 3211 1224 3278 oppressionem.
1273 3213 1498 3269 Simeon
1543 3231 1675 3270 vero
1721 3217 1768 3270 is
1804 3217 2091 3272 commode
2115 3215 2225 3270 dici

644 3293 840 3361 possit,
875 3299 966 3366 qui
1014 3299 1100 3367 pie
1125 3316 1191 3356 ac
1227 3301 1481 3372 religiose
1513 3303 1758 3358 divinum
1788 3316 1843 3360 et
1872 3305 1940 3360 de
1971 3304 2081 3360 Deo
2101 3320 2228 3376 per-

643 3393 966 3448 tractantem
991 3405 1300 3448 sermonem
1319 3395 1723 3464 complectitur,
1750 3397 2012 3465 purisque
2031 3399 2228 3452 animae

644 3477 824 3535 oculis
857 3495 986 3535 eum
1021 3486 1291 3552 agnoscit.
1323 3484 1538 3542 Rursus
1571 3503 1668 3558 per
1703 3489 1918 3542 Annam
1957 3488 2226 3543 confiten-

644 3577 778 3632 tem,
810 3570 916 3626 hoc
962 3581 1067 3637 est,
1099 3574 1306 3643 gratias
1353 3568 1642 3646 agentem,
1694 3578 1878 3633 anima
1930 3579 2231 3648 prudentiae

645 3658 849 3714 virtute
879 3676 1072 3728 senex,
1105 3677 1161 3719 et
1187 3674 1450 3735 quantum
1481 3668 1548 3721 ad
1578 3668 1855 3736 dogmata,
1883 3684 2003 3738 qua:
2032 3669 2099 3725 de
2120 3670 2231 3726 Deo

643 3752 1046 3823 instituuntur,
1079 3759 1298 3827 pudica,
1349 3762 1830 3832 temporantimque
1869 3763 2029 3818 laude
2059 3764 2229 3829 clara,

645 3845 874 3917 intelligi
901 3849 1092 3918 possit.
1134 3849 1254 3905 Jam
1310 3868 1463 3920 vero,
1517 3862 1578 3908 ut
1625 3855 1766 3923 apud
1795 3853 2062 3910 Joannem
2087 3858 2228 3911 scri-

647 3945 801 4004 ptum
829 3949 914 3995 est
943 3959 957 3995 :
983 3939 1051 3996 In
1081 3945 1298 4013 propria
1325 3947 1466 4000 venit
1488 3945 1532 3978 “
1567 3946 1854 4014 Dominus,
1894 3949 1997 4005 hoc
2021 3958 2124 4011 est.
2175 3951 2229 4004 in

647 4030 795 4085 hunc
847 4035 1139 4102 mundum,
1193 4037 1284 4106 qui
1341 4038 1514 4108 ipsius
1568 4051 1823 4096 creatura
1877 4052 1985 4097 est.
2041 4042 2232 4097 Alieno

644 4129 828 4174 autem
859 4138 1014 4181 more
1043 4127 1210 4192 venit,
1256 4138 1444 4200 utpote
1486 4131 1542 4185 in
1601 4132 1778 4187 aliena
1812 4143 2028 4198 natura,
2065 4134 2233 4187 nimi-

645 4227 768 4268 rum
803 4215 1045 4272 humana
1080 4237 1096 4273 z
1137 4231 1191 4274 et
1229 4222 1574 4292 peregrinum
1605 4223 1774 4292 gloria
1808 4221 2007 4287 affecit,
2042 4223 2094 4278 id
2125 4232 2230 4288 est,

648 4303 948 4371 hominem,
970 4308 1210 4362 accolam
1235 4320 1420 4376 terrae,
1440 4323 1604 4380 atque
1632 4327 1661 4366 a
1687 4313 1946 4382 paradiso
1972 4314 2232 4368 exsulan-

647 4403 776 4449 tem.
813 4395 971 4454 Nunc
1023 4409 1204 4456 autem
1259 4402 1412 4459 aliud
1457 4404 1658 4459 Christi
1706 4405 1938 4471 facinus,
1972 4406 2232 4475 aliudque

644 4485 868 4544 festum.
924 4491 1103 4564 Atque
1151 4509 1253 4564 ego
1295 4497 1476 4551 laetum
1529 4498 1782 4552 nuntium
1834 4498 2086 4566 profero,
2124 4499 2226 4552 etsi

648 4595 755 4632 non
813 4597 1142 4650 praecursor,
1199 4596 1258 4639 ut
1297 4584 1558 4651 Joannes,
1608 4603 1638 4642 a
1690 4590 1987 4644 solitudine
2049 4596 2228 4642 tamen

647 4671 895 4736 veniens,
947 4685 1112 4743 atque
1160 4692 1192 4730 a
1241 4676 1467 4733 Pontica
1505 4680 1689 4748 quiete
1731 4680 1798 4734 ad
1835 4679 2227 4749 amplissimam

651 4763 796 4818 hanc
830 4765 1043 4819 urbem.
1071 4767 1327 4824 Christus
1357 4770 1697 4826 illuminatur
1738 4791 1751 4828 :
1796 4772 1960 4827 simul
1988 4771 2228 4827 illustre-

650 4869 774 4906 mur
797 4894 812 4918 ,
843 4855 1101 4910 nimirum
1133 4859 1320 4913 divino
1364 4861 1605 4926 lavacro,
1655 4863 1737 4916 vel
1767 4862 1933 4916 etiam
1976 4878 2230 4917 sermone

653 4946 891 5013 purgati,
919 4961 984 5001 ac
1011 4962 1107 5031 per
1129 4956 1267 5002 eum
1289 4950 1758 5019 splendescentes.
1793 4951 1918 5005 Tria
1953 4967 2115 5023 porro
2141 4957 2229 5009 hic

648 5038 1010 5107 expendenda
1040 5046 1203 5102 sunt,
1237 5039 1472 5108 primum
1501 5041 1647 5110 quod
1673 5041 1949 5108 Christus,
1978 5046 2229 5114 quamvis

651 5131 720 5183 ab
749 5130 900 5184 omni
928 5131 1182 5185 vitiorum
1211 5133 1537 5203 contagione
1564 5149 1757 5203 purus,
1791 5135 2097 5205 baptizatur
2122 5157 2135 5192 :
2172 5147 2232 5192 ut

651 5237 720 5276 ea
777 5237 835 5277 re
869 5223 1029 5279 nobis
1078 5224 1406 5282 documento
1456 5229 1561 5293 sit,
1618 5230 2070 5298 praeparationem
2105 5241 2232 5285 ante

652 5315 984 5385 baptismum
1031 5318 1343 5373 necessario
1382 5318 1744 5374 adhibendam
1775 5335 1917 5384 esse.
1950 5332 2114 5390 atque
2140 5321 2237 5375 ha-

638 5407 829 5463 bitum
857 5408 1154 5478 quemdam
1189 5411 1405 5465 virtutis
1433 5413 1882 5482 comparandum,
1921 5429 1984 5468 ac
2020 5424 2134 5467 tum
2165 5415 2233 5468 ad

657 5501 984 5569 baptismum
1029 5501 1394 5556 accedendum
1430 5521 1442 5556 :
1477 5512 1537 5556 ut
1578 5519 1674 5572 per
1719 5505 1939 5559 virtutis
1987 5506 2233 5561 habitum

638 5593 869 5646 nveniam
900 5632 915 5657 ,
967 5609 1130 5662 quam
1185 5595 1537 5665 accepimus,
1587 5598 1638 5649 in
1699 5607 1815 5651 tuto
1865 5599 2228 5667 collocemus,

729 5774 772 5802 λθ
797 5771 812 5827 l
839 5771 964 5828 Cor.
998 5789 1084 5840 av,
1111 5774 1200 5829 57.

1276 5777 1314 5806 ’·¹
1351 5775 1502 5831 .iean.
1545 5793 1589 5844 ι,
1629 5777 1706 5834 ll.
1889 5777 2045 5834 l‘rov.
2079 5795 2226 5846 xxvr,

2330 3200 2473 3253 idem
2531 3199 2780 3267 protinus
2813 3208 3109 3263 geometra,
3159 3199 3247 3252 vel
3280 3205 3440 3251 nauta
3481 3191 3703 3248 dicendus
3729 3186 3816 3240 eril.

2400 3289 2518 3345 Col.
2565 3291 2663 3345 551
2709 3291 2772 3344 Β.
2841 3288 3103 3345 therum
3157 3289 3396 3361 baptizat
3440 3287 3680 3348 Joannes;
3710 3281 3817 3333 Jesut

2330 3383 2556 3448 accedit,
2588 3382 2722 3456 ele.]
2779 3382 3060 3446 Christus,
3096 3384 3298 3453 inquit,
3334 3383 3398 3436 ad
3426 3379 3684 3450 BaptiStam
3711 3385 3819 3425 acce-

2331 3475 2433 3541 dit,
2466 3485 2525 3530 ut
2568 3476 2670 3545 ipsi
2705 3490 2924 3546 quoque
2957 3477 3310 3530 sanctitatem
3359 3474 3567 3538 afferat,
3594 3465 3819 3532 Adamique

2333 3574 2654 3622 vetustatem
2677 3607 2692 3630 ,
2727 3569 2833 3621 hoc
2859 3574 2972 3631 est,
3008 3575 3296 3635 peccatum
3328 3572 3603 3636 expurget,
3630 3559 3818 3630 ρτίυειιιιθ

2331 3658 2496 3713 etiam
2555 3657 2850 3714 Jordanem
2915 3660 3092 3730 ipsum
3155 3661 3450 3715 sanctitate
3524 3656 3713 3710 imbuat.
3751 3645 3820 3698 Per

2331 3749 2625 3806 Jnrtianem
2677 3751 2824 3804 enim
2873 3765 3065 3806 omnes
3117 3765 3341 3821 quoque
3400 3763 3560 3820 aquas
3603 3738 3818 3800 sanclilale

2337 3846 2476 3900 allici
2507 3845 2817 3914 Oportebat,
2847 3844 3071 3912 vimque
3101 3843 3168 3898 ad
3196 3843 3500 3915 purgandos
3549 3855 3604 3893 ac
3631 3831 3818 3902 spiritua-

2335 3939 2458 3993 liter
2488 3937 2788 3992 initiandos
2841 3937 3098 3992 homines
3132 3936 3401 4005 accipere.
3443 3922 3816 3999 Quemadmodum

2333 4032 2480 4086 enim
2529 4030 2799 4098 duplicem
2852 4038 3103 4083 naturam
3140 4029 3308 4084 habet
3368 4026 3600 4082 Christus
3638 4013 3817 4089 (spiritus

2335 4124 2482 4179 enim
2505 4132 2559 4178 et
2587 4137 2718 4177 caro
2748 4131 2853 4186 est,
2884 4123 2989 4176 hoc
3019 4129 3124 4188 est,
3157 4121 3303 4176 Deus
3324 4131 3378 4176 et
3410 4117 3600 4183 homo),
3627 4112 3689 4165 sic
3704 4105 3814 4204 eti-illi

2336 4231 2431 4285 per
2459 4229 2655 4282 aquam
2683 4223 2737 4268 et
2771 4213 3034 4283 Spiritum
3065 4214 3319 4269 homines
3352 4214 3574 4273 lustrat;
3604 4203 3817 4292 illam,

2336 4323 2500 4375 quam
2529 4345 2543 4369 ,
2579 4306 2823 4362 sensibili
2857 4307 3018 4361 modo
3047 4314 3356 4374 acceptam,
3389 4304 3523 4356 hunc
3547 4306 3698 4353 autem
3722 4291 3817 4342 inn-

2339 4397 2571 4452 sibiliter
2614 4395 3014 4451 advenientem.
3051 4397 3120 4451 At
3160 4413 3293 4452 vero
3339 4396 3563 4451 Joannes
3584 4388 3817 4444 Jesumvd‘

2262 4477 2304 4531 υ
2339 4491 2575 4544 nientem
2609 4489 2898 4544 admittere
2926 4489 3230 4557 detrectat,
3269 4500 3430 4560 atque
3456 4489 3563 4540 ait:
3594 4480 3686 4549 Ego
3710 4473 3815 4527 ἀεθεο

2333 4599 2366 4635 a
2396 4592 2445 4636 te
2471 4584 2733 4652 baptizari
2756 4583 2824 4647 “,
2849 4591 3014 4653 atque
3038 4586 3173 4638 adeo
3198 4599 3298 4653 pro
3321 4593 3392 4639 te.
3419 4580 3543 4635 lllud
3566 4574 3686 4629 enim
3707 4569 3815 4620 norat

2333 4671 2608 4738 Joannes,
2647 4675 2762 4730 fore
2812 4684 2873 4728 ut
2932 4690 3032 4744 pro
3094 4675 3317 4729 Christo
3363 4683 3515 4740 atque
3562 4663 3703 4735 ipsius
3737 4657 3814 4719 lt’ile

2337 4767 2559 4837 martyri
2585 4768 2853 4836 sanguine
2877 4767 3217 4830 ablueretur.
3245 4783 3340 4822 nec
3367 4764 3578 4836 pedibus
3602 4754 3758 4811 solum,
3777 4749 3815 4793 ιιι

2334 4858 2528 4914 Petrus
2561 4860 2614 4913 in
2653 4860 2794 4928 pelvi
2817 4899 2832 4925 ,
2865 4871 3212 4929 pur'garetur,
3242 4859 3336 4914 sed
3364 4866 3416 4911 et
3446 4853 3638 4922 capite,
3667 4853 3709 4897 et
3739 4844 3815 4890 ιοιο

2337 4952 2574 5020 denique
2630 4966 2882 5020 corpore.
2927 4949 3252 5020 Prophetieo
3283 4952 3406 5004 item
3451 4943 3624 5016 spiritu
3660 4931 3816 4988 afﬂatus

2340 5047 2454 5097 haec
2483 5043 2645 5097 verba
2677 5043 3010 5112 adjiciebat:
3049 5043 3113 5096 Et
3150 5053 3206 5095 tu
3247 5043 3383 5096 renis
3433 5037 3496 5090 ad
3539 5031 3677 5087 me“.
3724 5021 3815 5121 (ἔξω

2337 5135 2498 5190 verba
2533 5151 2626 5204 per
2654 5136 3122 5200 enuntiationem,
3165 5151 3228 5190 ac
3254 5151 3360 5188 non
3397 5147 3486 5202 per
3516 5122 3814 5185 interroga“?

2340 5245 2461 5284 nem
2509 5231 2733 5301 legenda
2773 5240 2920 5285 sunt.
2955 5229 3090 5284 Nam
3121 5231 3252 5286 illud
3278 5240 3487 5299 quoque
3519 5224 3617 5276 fore
3645 5226 3730 5268 non
3748 5205 3814 5258 du-

2338 5323 2565 5386 bitabat,
2590 5324 2740 5392 quin,
2781 5333 2839 5378 ut
2872 5323 3230 5379 Prascursoris
3273 5331 3327 5376 et
3367 5313 3610 5388 praeconis
3645 5306 3812 5401 muneril

2336 5416 2478 5483 apud
2507 5415 2725 5470 Judazos
2761 5415 3032 5480 functum,
3087 5418 3160 5470 ita
3203 5415 3268 5469 ad
3331 5426 3424 5467 eos
3467 5407 3610 5463 etiam
3655 5397 3726 5461 qui
3771 5397 3808 5436 ³η

2339 5505 2550 5560 inferno
2605 5517 2804 5570 erant,
2864 5506 3177 5562 functururu
3232 5505 3474 5560 Christus
3521 5490 3805 5563 sequeretur:

2330 5597 2608 5665 Christus,
2631 5599 2873 5667 inquam,
2895 5599 2986 5669 qui
3010 5597 3393 5670 primogenitus
3415 5588 3575 5648 omnis
3609 5580 3806 5635 creatur:t3

2959 5777 3000 5810 ιι
3042 5778 3200 5834 “aut,
3260 5793 3315 5826 η,
3392 5773 3446 5820 11
3535 5759 3707 5812 με’-λλ.

2265 5779 2344 5833 Η.
2427 5783 2465 5811 υ
2498 5781 2648 5846 1,(ογ
2709 5781 2856 5832 nui.
