4064 6274
313 285 476 350 ΙΞΝἹ

1250 288 1570 351 NICETAS
1612 290 1692 350 1N
1731 287 1955 349 ORAT-
1996 289 2245 348 XXXIX
2287 289 2344 348 S.
2387 287 2616 347 GREG.

3453 289 3582 349 12718

315 401 409 451 ab
448 398 708 466 Apostolo
753 409 973 452 vocatur
1029 401 1092 460 ⁸⁸,
1123 410 1304 468 utpote
1349 403 1439 470 qui
1473 419 1534 455 ex
1572 400 1696 455 Orci
1731 411 1916 455 ventre
1947 405 1988 462 Α
2020 411 2199 455 autem
2231 398 2588 454 humanitatis
2614 413 2644 452 a
2669 397 2886 452 Christo
2919 406 3214 468 assumptae
3267 398 3561 458 consilium

326 491 556 557 primus
625 490 689 540 ad
768 493 1216 546 resmrcctionem
1277 493 1685 560 secundamque
1743 492 1909 544 vitam

327 581 561 651 genitus
599 588 720 642 est,
767 590 819 634 et
853 596 946 650 per
1005 583 1252 651 baptismi
1301 584 1766 652 regenerationem
1803 583 1912 636 dux

328 681 396 724 ct
423 678 612 724 auctor
639 669 704 723 ad
739 676 1046 739 utrumque,
1080 687 1142 725 ac
1174 673 1257 726 via
1305 675 1560 728 Omnibus
1588 673 1912 728 mortalibus

335 760 576 814 exstitit.
630 759 749 814 Jam
798 776 923 814 vero
955 762 1210 817 Christus
1263 766 1404 832 apud
1453 765 1771 819 Malachiarn
1820 763 1912 817 Sol

339 851 569 915 iustitiae
611 861 664 905 et
704 851 948 921 Sponsus
987 855 1297 909 noruinatur
1318 856 1363 887 ⁵⁷
1407 873 1420 910 :
1462 857 1603 926 apud
1650 857 1909 910 Joannem

345 941 671 1006 Verbum“,
719 944 1174 1011 quemadmodum
1227 957 1280 1002 et
1333 945 1646 1003 Prazcnrsor
1675 947 1915 1004 Joannes

341 1035 488 1100 apud
542 1035 795 1088 eumdem
859 1034 1170 1090 Lucerna"
1227 1048 1281 1094 et
1337 1039 1444 1095 Vox
1471 1042 1516 1074 ⁸⁸
1576 1051 1629 1096 et
1692 1042 1914 1096 Amicus

342 1122 614 1190 Spon.~i'H
674 1123 892 1178 dicitur.
929 1125 1152 1192 Verum,
1209 1138 1268 1182 ut
1315 1130 1380 1184 ad
1433 1146 1544 1184 rem
1588 1131 1912 1195 redeamus,

341 1211 588 1266 Joannes
635 1211 818 1266 Jesum
870 1216 1186 1285 Subntovcl;
1224 1217 1382 1276 Jesus
1413 1231 1591 1276 autem
1638 1221 1916 1276 contendit

343 1313 509 1374 atque.
541 1305 727 1368 instat,
791 1307 1115 1375 baptismum
1167 1313 1470 1380 postulans,
1511 1315 1697 1384 aitque
1735 1332 1749 1367 :
1787 1312 1912 1368 Sine

343 1413 522 1460 nunc;
560 1397 662 1450 hoc
698 1399 842 1450 enim
881 1408 1027 1453 certa
1081 1403 1482 1470 dispensatione
1515 1405 1594 1465 tit,
1621 1415 1677 1459 ut
1721 1419 1914 1458 omnes

347 1485 570 1552 iustitiae
620 1501 878 1540 IIU'I:CI‘OS
922 1487 1198 1558 impleam,
1236 1492 1338 1545 hoc
1371 1501 1498 1557 est,
1550 1495 1731 1548 omnia
1785 1495 1914 1563 legis

349 1589 502 1642 prmo
529 1587 636 1642 pta.
679 1574 789 1630 lloc
837 1587 1016 1631 autem
1070 1581 1348 1645 adverbio,
1401 1581 1594 1647 Nunc,
1634 1585 1752 1638 ideo
1785 1601 1914 1639 usus

297 1685 312 1692 ~
347 1675 464 1729 est,
501 1683 588 1734 qm
613 1667 756 1720 niam
791 1669 1129 1736 exploratum
1170 1671 1401 1727 habebat
1433 1673 1546 1728 fore
1591 1687 1669 1740 ut,
1717 1677 1912 1745 exiguo

2015 507 2078 546 ac
2095 491 2251 545 Verbi
2289 507 2411 545 eum
2445 506 2610 545 carne
2644 489 3080 560 conjunctionem
3109 489 3404 557 significat,
3427 489 3584 554 cujus

2017 600 2084 638 ne
2118 594 2358 638 extrema
2411 583 2634 652 quidem
2678 592 2729 635 et
2758 582 3078 636 brevissima
3133 581 3393 650 mysteria
3427 578 3586 634 faeile

2015 675 2152 730 solvi
2185 684 2345 744 atque
2375 673 2638 743 explicari
2667 681 2918 742 possunt,
2952 687 3058 725 non
3084 672 3261 725 dicam
3293 671 3360 726 ab
3393 671 3462 726 iis
3491 672 3587 738 qui

2018 769 2070 822 in
2097 782 2276 821 rerum
2308 782 2338 820 a
2366 766 2588 820 Christo
2637 775 2913 834 gestarum
2966 764 3277 832 cognitione
3333 763 3587 815 carnales

2015 857 2305 922 adhuc,et,
2339 864 2397 909 ut
2421 854 2663 923 Apostoli
2700 855 2866 908 verbo
2904 863 3024 908 utar
3051 853 3121 914 ⁸⁸,
3150 851 3388 906 infantes
3423 861 3582 912 sunt,

2015 950 2107 1003 sed
2146 962 2214 1001 ne
2255 947 2324 1001 ab
2352 947 2551 1001 adultis
2583 946 2801 1015 quidem
2849 956 3013 1013 atque
3065 943 3324 1012 per-fecris
3354 983 3367 1007 ,
3403 942 3586 1008 qualis

2013 1049 2131 1094 erat
2174 1038 2452 1102 Joannes,
2497 1052 2659 1107 quam
2710 1035 3016 1106 parcissimi
3074 1051 3137 1089 ac
3179 1051 3316 1102 pene
3386 1033 3588 1086 nullius

2017 1132 2122 1187 cibi
2149 1134 2229 1185 vir
2267 1151 2280 1186 :
2317 1129 2661 1194 Venitenim,
2691 1128 2886 1198 inquit,
2915 1125 3146 1180 Joannes
3204 1126 3462 1193 Baptista,
3497 1138 3588 1178 nec

2015 1223 2339 1277 manducans
2373 1238 2463 1275 nec
2495 1219 2671 1274 bibens
2710 1218 2778 1275 “.
2812 1250 2882 1262 -—-
2914 1218 3060 1271 Nare
3101 1216 3223 1270 Elia
3252 1233 3268 1270 :
3304 1216 3361 1270 Si
3392 1215 3580 1276 vultis,

2016 1315 2214 1382 inquit,
2252 1314 2512 1382 recipere,
2551 1311 2666 1380 ipse
2701 1319 2784 1364 est
2833 1309 3004 1371 Elias,
3035 1309 3129 1376 qui
3179 1317 3441 1360 venturus
3473 1315 3577 1360 est.

2017 1405 2340 1459 Solitudinis
2393 1402 2625 1454 alumne.
2665 1431 2729 1440 —
2764 1399 2940 1464 Quid,
2983 1397 3198 1463 inquit,
3254 1397 3459 1450 exiistis
3533 1397 3588 1448 in

2014 1500 2279 1552 desertum
2330 1496 2500 1549 cidere
2522 1497 2547 1549 1’
2585 1494 2892 1562 prophetam
2920 1494 2944 1546 ?
2977 1493 3136 1546 etiam
3187 1493 3305 1544 dico
3337 1491 3504 1554 vobis,
3537 1500 3586 1542 et

2014 1590 2290 1659 plusquam
2324 1586 2633 1656 prophetam
2653 1585 2718 1638 ".
2753 1583 2888 1636 Nam
2944 1599 3066 1636 cum
3093 1583 3272 1637 czcteri
3311 1583 3590 1650 propheta:

2015 1681 2292 1736 Christum
2331 1687 2543 1732 tantum
2582 1685 2874 1730 venturum
2912 1675 3284 1736 cecinissent,
3347 1671 3591 1726 Joannes

352 1766 474 1831 post
509 1767 776 1826 tempore,
815 1758 1107 1827 Baritistaut
1149 1778 1244 1830 per
1289 1767 1626 1820 sacrosancti
1671 1768 1754 1822 sui
1794 1783 1915 1820 ver-
1951 1738 1990 1794 Β
2017 1787 2141 1827 eum
2179 1785 2396 1841 quoque
2449 1767 2628 1823 oculis
2682 1767 2988 1836 perspexit.
3051 1763 3173 1818 Jam
3229 1779 3358 1817 vero
3414 1763 3504 1816 illa
3560 1777 3592 1816 e

350 1847 472 1900 ticis
528 1858 841 1902 contactum
885 1863 938 1904 et
973 1851 1207 1922 Spiritus
1249 1854 1429 1908 sancti
1479 1857 1773 1910 adventum
1820 1856 1915 1911 ab-

350 1937 539 1994 lueret.

425 2033 554 2087 Ibid.
588 2033 647 2084 ῐ).
677 2033 803 2087 Iam
833 2036 957 2096 quid
994 2036 1340 2090 ventilabrum
1372 2039 1678 2109 significat?
1717 2038 1918 2109 Purga-

352 2125 685 2184 tioncm,etc.
727 2126 800 2179 De
839 2126 1058 2180 Christo
1096 2128 1147 2180 in
1189 2125 1494 2199 Evangeliis
1528 2130 1600 2182 ita
1624 2131 1914 2185 scribitur:

362 2213 714 2268 l'cntilabrum
739 2219 791 2268 in
817 2234 977 2270 manu
1007 2218 1138 2286 ejus,
1168 2229 1217 2271 et
1257 2222 1496 2290 purgabit
1526 2238 1704 2274 aream
1738 2239 1913 2289 suam,

349 2315 398 2359 et
431 2305 636 2374 collegit
684 2307 917 2360 triticum
954 2308 1006 2360 in
1041 2309 1323 2362 horreum:
1350 2311 1530 2378 paleas
1562 2322 1735 2366 autem
1769 2310 1914 2366 coin-

349 2398 497 2451 buret
576 2399 685 2469 igni
740 2400 1248 2469 incxstinguibili".
1309 2403 1681 2458 Ventilabrum
1750 2420 1915 2472 porro

351 2491 724 2556 purgationem
756 2492 1055 2561 significat,
1092 2491 1194 2546 hoc
1217 2501 1320 2558 est,
1357 2494 1702 2556 divisionem.
1744 2495 1916 2565 frugi-

350 2582 522 2635 ferum
553 2582 618 2635 ab
650 2582 971 2653 infrngifero
1003 2585 1424 2646 discernentem.
1454 2588 1912 2655 quemadmodum

350 2673 712 2726 vt-ntilabrum
746 2674 1078 2729 frumentum
1112 2692 1140 2729 a
1186 2679 1338 2747 palea
1368 2678 1645 2743 discernit,
1675 2694 1740 2732 ac
1764 2680 1913 2748 quid-

349 2763 478 2831 quid
506 2762 618 2817 lcve
643 2775 694 2816 et
723 2775 1006 2818 ventosum
1034 2775 1136 2829 est,
1161 2769 1364 2820 exrntit
1394 2785 1407 2822 :
1433 2770 1693 2839 quidquid
1723 2786 1914 2825 rursus

351 2869 512 2922 grave
535 2863 634 2916 est,
659 2855 710 2907 in
739 2855 930 2910 horrea
958 2858 1222 2911 recondit.
1249 2857 1391 2928 Ignis
1433 2871 1613 2914 autem
1660 2877 1916 2917 consum-

352 2946 587 3012 ptioncm
653 2949 920 3018 designat,
954 2951 1146 3005 sordes
1198 2965 1388 3005 eorum
1441 2948 1533 3022 q'ui
1591 2963 1911 3023 purgantur,

2020 1863 2160 1919 cado
2197 1861 2364 1916 missa
2396 1875 2497 1914 vos
2531 1859 2808 1913 Christum
2844 1857 3059 1930 emlitus
3109 1854 3414 1924 profectum
3463 1868 3588 1907 esse

2020 1956 2239 2014 clamat,
2304 1951 2585 2020 ipsiusque
2644 1948 2982 2003 divinitatem
3039 1953 3317 1999 testatur:
3363 1942 3464 1996 llic
3509 1951 3590 1997 est

2018 2046 2196 2100 Filius
2227 2061 2370 2099 meus
2425 2043 2649 2096 dilecttts
2681 2041 2750 2093 ".
2793 2040 2993 2092 Adlnec
3027 2038 3264 2106 Spiritus
3316 2049 3584 2105 corporeo

2021 2139 2181 2192 modo
2224 2143 2574 2205 conspectus,
2621 2141 2785 2200 atque
2822 2141 2878 2184 ut
2927 2129 3177 2184 columba
3211 2129 3275 2180 ad
3308 2126 3588 2181 Christum

2019 2244 2359 2292 accurrcns,
2423 2226 2598 2296 ipsius
2657 2239 2857 2293 corpus
2918 2222 3124 2275 honore
3174 2218 3376 2283 allicit,
3434 2217 3583 2288 quod

2017 2317 2238 2385 quidem
2274 2332 2372 2370 nec
2404 2324 2601 2369 natura
2657 2313 2802 2372 Deus
2833 2319 2914 2364 est
2962 2309 3088 2381 (hoc
3120 2309 3265 2363 enim
3312 2309 3458 2362 dictu
3491 2309 3589 2361 ah-

2018 2408 2243 2463 surdnm
2286 2404 2498 2475 fuerit),
2529 2417 2628 2458 nec
2657 2403 2946 2470 adoptione
2982 2417 2998 2456 :
3038 2415 3142 2453 non
3175 2400 3318 2453 enim
3360 2414 3423 2453 ex
3463 2413 3591 2468 pro-

2017 2500 2301 2570 gressione
2337 2509 2393 2553 et
2431 2498 2792 2559 incremento,
2831 2507 3019 2547 verum
3048 2492 3391 2546 dedicatione
3420 2502 3587 2558 atque

2020 2589 2354 2660 hypostatica
2387 2586 2591 2641 unione
2623 2600 2784 2652 supra
2836 2593 3090 2637 naturam
3145 2591 3307 2650 atque
3342 2583 3590 2652 adeptio-

2022 2694 2144 2733 nem
2209 2693 2274 2732 ex
2333 2678 2446 2746 ipsa
2487 2675 2689 2730 unione
2741 2673 3081 2729 divinitatem
3136 2684 3448 2728 assecutum
3485 2684 3588 2727 est.

2021 2771 2205 2836 thue
2241 2767 2495 2823 columba
2537 2765 2665 2821 olim
2713 2762 2781 2818 ad
2820 2779 3004 2817 aream
3055 2778 3303 2826 reversa,
3352 2774 3405 2817 et
3434 2761 3591 2816 oliva:

2019 2862 2282 2917 festucam
2313 2875 2405 2914 ore
2435 2860 2640 2924 ferens,
2687 2857 2964 2911 sensibilis
3017 2864 3071 2909 et
3105 2855 3354 2925 corporei
3399 2855 3587 2909 diluvii

2019 2955 2196 3010 sedati
2251 2952 2502 3006 nuntium
2563 2949 2805 3003 attulit”
2839 2963 2854 3000 :
2888 2947 3076 3001 eodem
3136 2947 3298 3000 modo
3352 2946 3588 3015 Spiritus

349 3039 652 3092 abolcutcm
681 3083 694 3104 ,
726 3050 778 3094 et
813 3042 957 3110 quod
993 3042 1124 3097 levis
1153 3055 1204 3097 et
1236 3043 1440 3096 vitiosae
1485 3055 1690 3098 natura!
1724 3062 1913 3115 rcpur-
1941 3051 1982 3109 C
2015 3056 2257 3108 sanctus,
2294 3059 2437 3097 nunc
2470 3043 2523 3096 in
2571 3042 2834 3096 columbae
2865 3039 3037 3092 forma
3086 3053 3375 3107 apparens,
3433 3055 3586 3092 etim-

349 3141 587 3198 gnntcm.
627 3131 784 3185 Levis
814 3134 957 3186 enim
993 3149 1076 3188 res
1120 3143 1172 3189 et
1203 3136 1352 3189 arida
1395 3144 1672 3204 peceatum
1695 3175 1708 3200 ,
1740 3136 1914 3205 ignem

353 3224 510 3276 Lurile
541 3225 874 3293 concipiens.
911 3225 1010 3279 Per
1053 3228 1232 3295 ignem
1268 3227 1430 3280 etiam
1464 3228 1700 3296 Spiritus
1737 3228 1917 3284 fervor

348 3315 644 3383 signiﬁcari
677 3326 872 3384 potest,
896 3319 985 3386 qui
1015 3321 1078 3370 ad
1104 3319 1315 3372 virtutis
1341 3320 1545 3373 cultum
1575 3330 1628 3374 et
1650 3322 1914 3386 studium,

353 3405 554 3473 Deique
621 3424 908 3472 amorem,
965 3409 1134 3479 ipsius
1221 3411 1510 3479 participes
1591 3412 1910 3468 inflammat.

353 3501 611 3565 Sequitur
689 3501 831 3562 apud
902 3503 1290 3572 evangelismm
1353 3521 1366 3557 :
1421 3503 1632 3558 Securis
1698 3507 1765 3559 ad
1826 3524 1916 3560 ra-

347 3591 515 3642 dicem
573 3593 821 3644 arborum
879 3595 1050 3664 posita
1101 3605 1174 3647 est
1196 3594 1261 3650 ".
1323 3593 1544 3649 Securis
1604 3598 1798 3650 anima:
1858 3597 1913 3652 il-

352 3684 455 3735 lius
480 3684 808 3738 mcisioncnt
843 3686 1108 3753 designat,
1144 3701 1263 3752 quae
1296 3686 1366 3740 ita
1397 3688 1602 3754 perdite
1639 3697 1690 3741 et
1726 3688 1913 3758 proﬂi-

349 3785 470 3845 gate
512 3777 660 3840 vivit,
718 3786 777 3829 nt
851 3791 916 3828 ne
967 3775 1215 3829 adhibito
1289 3776 1511 3844 quidem
1587 3785 1641 3829 et
1713 3781 1912 3847 injecto

350 3865 646 3918 salutiferae
710 3865 992 3917 medicina:
1056 3866 1183 3917 limo
1251 3865 1484 3920 fructum
1546 3868 1715 3920 ullum
1754 3869 1911 3924 ferat.

354 3953 464 4008 lloc
510 3965 689 4008 autem
733 3964 1006 4023 sumptum
1042 3965 1220 4010 estex
1281 3958 1589 4025 evangelica
1632 3961 1911 4027 parabola,

355 4045 408 4095 in
447 4060 550 4111 qua
587 4042 823 4112 agriCola
859 4043 1111 4111 precibus
1143 4058 1170 4097 a
1222 4045 1394 4099 vinea:
1430 4044 1658 4099 Domino
1689 4059 1916 4101 conten-

355 4133 454 4196 dit,
494 4143 548 4187 ut
581 4147 691 4187 uno
731 4133 910 4185 adhuc
966 4148 1111 4186 anno
1162 4134 1321 4188 ficum
1371 4135 1630 4202 dimittat,
1665 4147 1722 4191 ut
1769 4139 1913 4194 circa

351 4241 470 4279 eam
506 4225 696 4286 fodiat.
727 4241 791 4279 ac
830 4235 1040 4280 stercus
1065 4226 1294 4296 injiciat.
1336 4228 1548 4284 Rursus
1577 4229 1630 4282 in
1674 4228 1915 4299 Evange-

353 4319 424 4368 lio
455 4317 586 4371 dicit
615 4318 876 4372 Dominus
918 4336 932 4371 :
970 4316 1091 4371 Non
1147 4320 1260 4372 veni
1295 4320 1498 4374 mittere
1548 4338 1769 4388 pacem,
1823 4323 1913 4376 sed

2021 3152 2264 3208 pressam
2298 3149 2420 3189 esse
2451 3132 2791 3202 spiritualem
2823 3130 3060 3184 illuviem
3100 3129 3325 3184 indicat.
3356 3129 3510 3196 Quod
3539 3131 3585 3183 si

2021 3226 2309 3281 hrereticus
2369 3222 2838 3293 magnitudinibus
2902 3229 2956 3274 et.
3038 3221 3418 3290 ponderibus,
3465 3237 3588 3290 qua:

2025 3333 2322 3388 corporum
2369 3316 2588 3387 prOpria
2641 3324 2792 3378 sunt,
2821 3314 3160 3367 divinitatem
3204 3312 3586 3368 mstimandam

2019 3416 2241 3473 censet,
2299 3418 2461 3477 atque
2517 3406 2723 3460 idcirco
2785 3405 3048 3474 Spiritum
3095 3419 3319 3473 parvum
3353 3405 3582 3471 judicat,

2019 3501 2166 3571 quod
2231 3500 2500 3554 columbae
2544 3497 2724 3567 specie
2785 3496 3079 3566 apparuit,
3141 3495 3447 3550 faciendum
3473 3495 3588 3565 jam

2019 3595 2121 3664 ipsi
2157 3602 2239 3648 est
2278 3602 2336 3648 nt
2369 3607 2592 3660 regnum
2647 3604 2869 3658 quoque
2916 3588 3179 3642 oculorum
3232 3597 3582 3656 aspernetur.

2021 3687 2283 3756 quoniam
2345 3698 2514 3753 grano
2575 3682 2782 3750 sinapis
2826 3680 3143 3743 confertur,
3195 3696 3258 3735 ac
3308 3679 3585 3732 diabolum

2017 3776 2220 3830 Christi
2248 3774 2519 3845 majestati
2556 3782 2874 3842 anteponat,
2922 3771 3046 3838 qui)
3079 3773 3144 3825 de
3191 3787 3256 3823 eo
3286 3769 3582 3823 Zacharias

2017 3866 2180 3919 dicit:
2203 3864 2333 3929 Quis
2356 3881 2407 3918 es
2427 3873 2504 3925 tu.
2523 3880 2670 3918 mons
2694 3880 2898 3933 magne,
2919 3863 3006 3930 qui
3029 3879 3081 3916 es
3112 3871 3231 3915 ante
3255 3863 3453 3916 vultum
3477 3860 3586 3914 Zo-

2019 3953 2279 4008 robabclis
2298 3949 2344 3985 ’⁶¹
2367 3955 2390 4008 Ἰ
2410 3956 2472 4007 Et
2501 3953 2765 4010 Jeretuias
2804 3972 2818 4010 :
2856 3954 2985 4008 I'che
3005 3972 3096 4024 ego
3121 3955 3189 4006 ad
3215 3964 3279 4018 te,
3307 3971 3453 4006 mons
3471 3970 3588 4005 cor-

2020 4047 2254 4114 rapte”.
2289 4047 2440 4101 Mons
2476 4055 2656 4100 autem
2711 4063 2944 4115 magnus
2993 4047 3350 4100 adversarius
3403 4055 3588 4098 noster

2018 4148 2243 4208 pr0pter
2265 4138 2573 4207 superbiam
2611 4154 2763 4193 suam
2787 4149 2839 4192 et
2867 4140 3229 4208 arrogantiam
3271 4138 3491 4192 ιΙιοίιιιι.
3530 4135 3593 4191 In.

2019 4230 2159 4282 libro
2219 4239 2394 4283 autem
2444 4229 2548 4284 Job
2621 4227 2911 4282 Leviathan
2969 4240 3188 4282 vocatur
3210 4229 3275 4293 ⁸³,
3337 4227 3504 4295 quod,
3540 4233 3586 4279 st

2021 4319 2412 4386 interpreteris,
2452 4320 2591 4372 idem
2661 4319 3009 4386 significabit,
3047 4319 3192 4387 quod
3247 4332 3339 4370 rex
3404 4332 3586 4370 eorum

351 4407 611 4476 gladium;
647 4408 760 4460 veni
797 4409 932 4460 enim
975 4408 1205 4462 dividere
1238 4409 1497 4462 hominem
1536 4413 1781 4466 adversus
1812 4430 1910 4482 pa-
1948 4393 1990 4447 υ
2019 4427 2136 4480 qua:
2169 4411 2217 4462 ir
2263 4411 2412 4480 aquis
2467 4418 2614 4462 sunt.
2648 4409 2904 4462 Christus
2953 4415 3145 4461 contra
3199 4407 3340 4475 apud
3393 4406 3586 4460 Isaiam

355 4509 485 4550 trem
516 4515 690 4565 suum,
747 4511 794 4552 et
851 4499 1018 4567 filiam
1071 4501 1319 4552 adversus
1370 4513 1592 4555 matrem
1640 4520 1812 4567 suam,
1868 4517 1916 4560 et

353 4606 542 4642 nurum
580 4590 827 4643 adversus
846 4607 1051 4643 socrum
1077 4608 1227 4645 suam
1246 4593 1313 4642 ⁵⁸.
1332 4591 1627 4647 Consimile
1657 4596 1914 4664 quiddam

355 4696 446 4748 per
477 4680 754 4733 Micltzeam
787 4696 1006 4748 quoque
1051 4681 1256 4735 dictum
1286 4693 1372 4736 est
1409 4701 1422 4735 :
1457 4682 1654 4747 Filius,
1714 4687 1912 4755 inquit,

351 4772 690 4822 exhonorabit
727 4782 950 4838 patrem,
988 4773 1099 4840 [ilia
1123 4775 1174 4825 in
1216 4787 1438 4826 matrem
1472 4791 1626 4827 suam
1658 4776 1911 4845 insurget,

353 4867 400 4910 ct
440 4873 603 4909 nurus
634 4859 686 4909 in
729 4875 937 4910 socrum
964 4875 1114 4911 suum
1136 4861 1200 4912 ⁵⁸.
1242 4860 1465 4914 Gladius
1500 4862 1665 4931 igitur
1689 4873 1909 4917 acutum

355 4961 406 5001 et
457 4958 829 5016 penetrantem
870 4950 1075 5003 Christi
1120 4967 1430 5005 sermonem
1489 4954 1730 5018 indicat,
1809 4956 1909 5008 hoc

355 5049 458 5099 est,
493 5038 613 5092 fidei
647 5041 978 5104 d0ctrinam,
1031 5051 1083 5094 et
1113 5043 1576 5109 praedicationem,
1627 5045 1811 5100 lidelcs
1847 5047 1914 5100 ab

356 5129 664 5185 infidelibus
705 5131 1058 5196 dividentem,
1125 5149 1374 5204 notaque
1421 5146 1473 5190 et
1500 5137 1808 5198 evangelica
1851 5153 1915 5192 ac

354 5237 480 5276 vera
534 5225 795 5278 adversus
830 5237 1010 5278 vetera
1043 5236 1097 5278 et
1131 5227 1433 5281 umbratica
1480 5231 1728 5297 escrnpla
1761 5230 1912 5284 exci-

359 5325 580 5372 tantern.
638 5317 881 5388 Corrigia
923 5327 1104 5373 autem
1159 5320 1332 5374 lorum
1401 5329 1486 5376 est
1537 5323 1730 5378 calcei.
1801 5321 1912 5379 lloc

422 5497 468 5529 “
498 5498 708 5555 Coloss.
747 5516 785 5558 ι.
836 5500 918 5554 Ιὸ.

355 5583 434 5630 ιιι,
485 5569 574 5623 ‘29.

354 5654 430 5702 ιιι,
467 5638 514 5690 l.

359 5725 426 5773 LI,
461 5711 546 5763 Elii.

996 5501 1041 5532 ⁸⁷
1077 5501 1302 5554 ΜλΙςιοΙι.
1338 5517 1410 5562 tv.
1437 5503 1490 5556 2.

677 5573 720 5602 ³³
754 5569 936 5623 Matth.
997 5587 1079 5630 ιιι,
1142 5573 1240 5632 1‘2;
1301 5570 1432 5624 Luc.
1484 5589 1562 5632 ιιι.
1601 5574 1680 5625 16.

580 5639 622 5672 ⁸⁷
655 5638 837 5693 Matth.
869 5657 938 5701 ιιι,
978 5643 1059 5694 18.
1097 5642 1142 5672 ⁵⁸
1176 5642 1188 5692 Ι
1219 5657 1304 5693 ue.
1338 5657 1429 5703 vn,
1475 5643 1558 5694 16.

627 5709 670 5744 ‘°
718 5708 836 5766 Job.
877 5727 961 5778 λι,
993 5713 1078 5766 ‘20.
1161 5711 1203 5742 θλ
1243 5712 1346 5765 Isa.
1409 5727 1522 5774 thr,
1577 5713 1628 5765 7.

1584 5505 1626 5536 ⁸³
1654 5503 1805 5557 Joan.
1849 5521 1886 5566 I,
1921 5506 2147 5572 passim.

1756 5575 1802 5605 ⁸³
1838 5574 1966 5627 an.
2007 5592 2090 5637 ιιι,
2139 5577 2189 5629 9.
2293 5578 2337 5608 ⁵³

1637 5646 1679 5678 ⁵9
1720 5645 1902 5698 .\|nttlt.

1706 5716 1748 5743 εδ
1784 5714 1912 5767 Joan

2058 5648 2140 5699 t7.
2186 5647 2229 5677 ευ
2256 5644 2389 5699 Gr-n.
2419 5663 2532 5705 \nr.
2561 5646 2708 5699 8-H.
2749 5649 2789 5676 ⁶¹
2824 5647 3050 5700 Zachar.
3100 5661 3171 5708 ιγ,
3209 5643 3259 5698 7.
3293 5643 3337 5674 ⁸³
3374 5641 3582 5698 Jcrem.

2043 5717 2128 5767 21).
2207 5717 2250 5747 ⁶⁶
2284 5716 2471 5767 Μειιιιι-
2510 5733 2627 5767 xm.
2668 5717 2724 5767 i3
2761 5733 2911 5767 senet.
3017 5717 3058 5746 ⁸⁷
3087 5715 3228 5767 Pari.
3262 5729 3416 5767 Lut.
3450 5716 3502 5767 li.

1706 5725 1748 5743 ”
1784 5725 1935 5770 Joan.
1973 5731 2008 5776 Ι,
2043 5725 2128 5770 ’29.

2019 4517 2191 4571 agnus
2246 4501 2606 4554 nominatur:
2663 4497 2940 4566 Tanquam
2990 4512 3198 4565 agnus,
3251 4496 3468 4566 lnquit.
3517 4499 3587 4548 ad

2015 4594 2329 4646 occisionem
2367 4593 2555 4645 ductus
2579 4603 2679 4656 est,
2731 4600 2780 4644 et
2811 4591 2946 4644 sicut
2972 4607 3137 4659 agnus
3169 4605 3346 4642 coram
3379 4597 3586 4641 tonsore

2015 4701 2112 4738 suo
2147 4685 2406 4738 obmutuit
2429 4684 2496 4736 "‘.
2561 4683 2624 4737 Et
2684 4681 2824 4750 apud
2863 4679 3175 4734 Joannem:
3225 4678 3354 4732 Ecce
3406 4681 3586 4748 Agnus

2016 4775 2194 4830 Dei“.
2235 4774 2302 4828 Et
2354 4775 2407 4828 in
2459 4773 2746 4841 Evangelio
2795 4773 3087 4841 margarita
3137 4779 3383 4834 vocatur,
3417 4785 3582 4840 quam

2019 4868 2190 4920 bonus
2220 4867 2523 4934 negotiator
2547 4863 2840 4918 divenditis
2875 4862 3130 4916 omnibus
3159 4861 3274 4917 suis
3312 4860 3580 4917 facultati-

2022 4957 2122 5012 bus
2146 4962 2362 5014 eruit“.
2413 4961 2576 5017 Gutta
2607 4973 2789 5015 autem
2829 4959 2972 5028 apud
3021 4958 3280 5012 Davidem
3315 4966 3538 5011 vocatur
3569 4975 3584 5012 :

2021 5048 2318 5116 Descendit,
2353 5056 2551 5124 inquit,
2607 5053 2741 5105 sicut
2787 5051 2967 5120 pluvia
3015 5050 3070 5102 in
3118 5049 3302 5112 vellus,
3354 5058 3401 5102 et
3449 5048 3584 5102 sicut

2017 5153 2162 5210 gutta
2190 5144 2399 5198 stillaus
2425 5163 2582 5213 super
2615 5155 2810 5198 terram
2826 5146 2893 5196 ⁸⁷.

2094 5237 2210 5290 Col.
2245 5237 2345 5291 554
2363 5237 2423 5292 C.
2447 5238 2708 5302 Quoniam
2739 5249 2911 5292 autent
2940 5238 3206 5309 baptismi,
3242 5245 3346 5291 etc.
3382 5233 3583 5295 Unnm,

2022 5331 2219 5400 inquit,
2251 5329 2514 5399 baptisma
2581 5338 2722 5396 erat,
2761 5329 2926 5386 Mosis
3004 5331 3272 5401 baptisma
3323 5328 3378 5381 in
3419 5342 3583 5395 aqua.

3339 5503 3382 5534 ⁸¹
3423 5499 3581 5562 Joan.

3339 5574 3383 5606 "‘
3403 5571 3419 5625 Ι
3453 5573 3580 5630 Cor.

2769 5508 2816 5540 ⁸ο
2848 5506 3006 5562 Joan.
3063 5521 3102 5568 ι,
3150 5505 3242 5558 25.

2767 5577 2998 5629 "lilieh.
3054 5591 3146 5638 vn,
3209 5574 3264 5627 6.

2241 5505 2284 5538 "
2305 5505 2461 5560 Joan.
2495 5523 2546 5568 ν,
2588 5505 2678 5560 53.

2390 5576 2577 5629 ΜειΙΙΙι.
2640 5593 2691 5636 x.

2207 5717 2250 5747 “
2284 5716 2471 5771 .‘lalth.
2510 5733 2627 5782 xm,
2668 5717 2724 5769 35
2761 5733 2911 5784 srqq.
3017 5715 3228 5769 "P.1d.
3262 5729 3416 5779 uxr,
3450 5716 3502 5768 ti.
