  <div class='ocr_page' id='page_1' title='image "/cluster/home/n/w/nwhite01/storage/ocr_20150623/127/mdp.39015038085968/095.png"; bbox 0 0 4064 6274; ppageno 0'>
   <div class='ocr_carea' id='block_1_1' title="bbox 551 274 684 337">
    <p class='ocr_par' dir='ltr' id='par_1_1' title="bbox 551 274 684 337">
     <span class='ocr_line' id='line_1_1' title="bbox 551 274 684 337; baseline -0.023 0"><span class='ocrx_word' id='word_1_1' title='bbox 551 274 684 337; x_wconf 72' lang='grc' dir='ltr'><strong>ῙΞ3)</strong></span> 
     </span>
    </p>
   </div>
   <div class='ocr_carea' id='block_1_2' title="bbox 1956 271 2331 331">
    <p class='ocr_par' dir='ltr' id='par_1_2' title="bbox 1956 271 2331 331">
     <span class='ocr_line' id='line_1_2' title="bbox 1956 271 2331 331; baseline 0.008 -3"><span class='ocrx_word' id='word_1_2' title='bbox 1956 274 1994 329; x_wconf 75' lang='grc' dir='ltr'>Α</span> <span class='ocrx_word' id='word_1_3' title='bbox 2008 271 2331 331; x_wconf 74' lang='lat' dir='ltr'><strong>DDEND-A.</strong></span> 
     </span>
    </p>
   </div>
   <div class='ocr_carea' id='block_1_3' title="bbox 3687 275 3856 338">
    <p class='ocr_par' dir='ltr' id='par_1_3' title="bbox 3687 275 3856 338">
     <span class='ocr_line' id='line_1_3' title="bbox 3687 275 3856 338; baseline 0.012 -2"><span class='ocrx_word' id='word_1_4' title='bbox 3687 275 3856 338; x_wconf 66' lang='grc' dir='ltr'><strong>12ίο</strong></span> 
     </span>
    </p>
   </div>
   <div class='ocr_carea' id='block_1_4' title="bbox 543 380 3853 454">
    <p class='ocr_par' dir='ltr' id='par_1_4' title="bbox 543 380 3853 454">
     <span class='ocr_line' id='line_1_4' title="bbox 543 380 3853 454; baseline 0 -16"><span class='ocrx_word' id='word_1_5' title='bbox 543 385 695 439; x_wconf 89' lang='lat' dir='ltr'><strong>llanc</strong></span> <span class='ocrx_word' id='word_1_6' title='bbox 751 383 898 438; x_wconf 90' lang='lat' dir='ltr'><strong>enim</strong></span> <span class='ocrx_word' id='word_1_7' title='bbox 956 383 1126 453; x_wconf 87' lang='lat' dir='ltr'><strong>legem</strong></span> <span class='ocrx_word' id='word_1_8' title='bbox 1163 382 1345 436; x_wconf 79' lang='lat' dir='ltr'><strong>sanxit</strong></span> <span class='ocrx_word' id='word_1_9' title='bbox 1377 401 1389 436; x_wconf 94' lang='lat'>:</span> <span class='ocrx_word' id='word_1_10' title='bbox 1428 380 1483 436; x_wconf 86' lang='lat' dir='ltr'><strong>Si</strong></span> <span class='ocrx_word' id='word_1_11' title='bbox 1512 383 1641 452; x_wconf 92' lang='lat' dir='ltr'><strong>quis</strong></span> <span class='ocrx_word' id='word_1_12' title='bbox 1691 389 1973 436; x_wconf 89' lang='lat' dir='ltr'><strong>mortuum</strong></span> <span class='ocrx_word' id='word_1_13' title='bbox 2029 389 2124 434; x_wconf 89' lang='lat' dir='ltr'><strong>aut</strong></span> <span class='ocrx_word' id='word_1_14' title='bbox 2151 381 2195 436; x_wconf 75' lang='grc' dir='ltr'><strong>Α</strong></span> <span class='ocrx_word' id='word_1_15' title='bbox 2222 389 2327 444; x_wconf 83' lang='lat' dir='ltr'><strong>est,</strong></span> <span class='ocrx_word' id='word_1_16' title='bbox 2362 381 2511 449; x_wconf 83' lang='lat' dir='ltr'><strong>quod</strong></span> <span class='ocrx_word' id='word_1_17' title='bbox 2543 382 2803 452; x_wconf 78' lang='lat' dir='ltr'><strong>martyrio</strong></span> <span class='ocrx_word' id='word_1_18' title='bbox 2838 389 2892 435; x_wconf 78' lang='lat' dir='ltr'><strong>et</strong></span> <span class='ocrx_word' id='word_1_19' title='bbox 2915 381 3200 451; x_wconf 74' lang='lat' dir='ltr'><strong>sanguinis</strong></span> <span class='ocrx_word' id='word_1_20' title='bbox 3223 382 3494 440; x_wconf 80' lang='lat' dir='ltr'><strong>eﬂusione</strong></span> <span class='ocrx_word' id='word_1_21' title='bbox 3521 398 3853 454; x_wconf 76' lang='lat' dir='ltr'><strong>compara-</strong></span> 
     </span>
    </p>
   </div>
   <div class='ocr_carea' id='block_1_5' title="bbox 542 473 2122 546">
    <p class='ocr_par' dir='ltr' id='par_1_5' title="bbox 542 473 2122 546">
     <span class='ocr_line' id='line_1_5' title="bbox 542 473 2122 546; baseline -0.003 -16"><span class='ocrx_word' id='word_1_22' title='bbox 542 478 820 546; x_wconf 85' lang='lat' dir='ltr'><strong>leprosum</strong></span> <span class='ocrx_word' id='word_1_23' title='bbox 851 473 1172 542; x_wconf 75' lang='lat' dir='ltr'><strong>contigerit,</strong></span> <span class='ocrx_word' id='word_1_24' title='bbox 1225 483 1314 528; x_wconf 92' lang='lat' dir='ltr'><strong>aut</strong></span> <span class='ocrx_word' id='word_1_25' title='bbox 1365 489 1488 528; x_wconf 88' lang='lat' dir='ltr'><strong>cum</strong></span> <span class='ocrx_word' id='word_1_26' title='bbox 1529 475 1756 530; x_wconf 90' lang='lat' dir='ltr'><strong>ethnico</strong></span> <span class='ocrx_word' id='word_1_27' title='bbox 1801 474 2122 537; x_wconf 89' lang='lat' dir='ltr'><strong>comederit,</strong></span> 
     </span>
    </p>
   </div>
   <div class='ocr_carea' id='block_1_6' title="bbox 542 565 2122 634">
    <p class='ocr_par' dir='ltr' id='par_1_6' title="bbox 542 565 2122 634">
     <span class='ocr_line' id='line_1_6' title="bbox 542 565 2122 634; baseline -0.004 -12"><span class='ocrx_word' id='word_1_28' title='bbox 542 577 633 622; x_wconf 91' lang='lat' dir='ltr'><strong>aut</strong></span> <span class='ocrx_word' id='word_1_29' title='bbox 691 568 856 622; x_wconf 83' lang='lat' dir='ltr'><strong>ullam</strong></span> <span class='ocrx_word' id='word_1_30' title='bbox 917 565 1079 620; x_wconf 88' lang='lat' dir='ltr'><strong>aliam</strong></span> <span class='ocrx_word' id='word_1_31' title='bbox 1147 566 1364 620; x_wconf 82' lang='lat' dir='ltr'><strong>sordem</strong></span> <span class='ocrx_word' id='word_1_32' title='bbox 1417 566 1801 628; x_wconf 79' lang='lat' dir='ltr'><strong>contraxerit,</strong></span> <span class='ocrx_word' id='word_1_33' title='bbox 1856 581 1996 634; x_wconf 87' lang='lat' dir='ltr'><strong>aqua</strong></span> <span class='ocrx_word' id='word_1_34' title='bbox 2055 565 2122 617; x_wconf 90' lang='lat' dir='ltr'><strong>ad</strong></span> 
     </span>
    </p>
   </div>
   <div class='ocr_carea' id='block_1_7' title="bbox 543 655 2121 728">
    <p class='ocr_par' dir='ltr' id='par_1_7' title="bbox 543 655 2121 728">
     <span class='ocr_line' id='line_1_7' title="bbox 543 655 2121 728; baseline 0.001 -20"><span class='ocrx_word' id='word_1_35' title='bbox 543 672 822 727; x_wconf 85' lang='lat' dir='ltr'><strong>vesperam</strong></span> <span class='ocrx_word' id='word_1_36' title='bbox 871 666 1203 728; x_wconf 87' lang='lat' dir='ltr'><strong>repurgetur</strong></span> <span class='ocrx_word' id='word_1_37' title='bbox 1226 655 1308 710; x_wconf 78' lang='lat'><strong>&quot;.</strong></span> <span class='ocrx_word' id='word_1_38' title='bbox 1363 657 1542 727; x_wconf 87' lang='lat' dir='ltr'><strong>Atque</strong></span> <span class='ocrx_word' id='word_1_39' title='bbox 1580 666 1706 712; x_wconf 91' lang='lat' dir='ltr'><strong>ante</strong></span> <span class='ocrx_word' id='word_1_40' title='bbox 1745 657 1916 725; x_wconf 85' lang='lat' dir='ltr'><strong>legem</strong></span> <span class='ocrx_word' id='word_1_41' title='bbox 1957 657 2121 710; x_wconf 84' lang='lat' dir='ltr'><strong>etiam</strong></span> 
     </span>
    </p>
   </div>
   <div class='ocr_carea' id='block_1_8' title="bbox 543 733 2122 821">
    <p class='ocr_par' dir='ltr' id='par_1_8' title="bbox 543 733 2122 821">
     <span class='ocr_line' id='line_1_8' title="bbox 543 733 2122 821; baseline -0.001 -18"><span class='ocrx_word' id='word_1_42' title='bbox 543 751 818 807; x_wconf 84' lang='lat' dir='ltr'><strong>lsraelitas</strong></span> <span class='ocrx_word' id='word_1_43' title='bbox 855 751 907 804; x_wconf 90' lang='lat' dir='ltr'><strong>in</strong></span> <span class='ocrx_word' id='word_1_44' title='bbox 931 752 1076 806; x_wconf 90' lang='lat' dir='ltr'><strong>nube</strong></span> <span class='ocrx_word' id='word_1_45' title='bbox 1103 761 1157 806; x_wconf 88' lang='lat' dir='ltr'><strong>et</strong></span> <span class='ocrx_word' id='word_1_46' title='bbox 1186 751 1322 805; x_wconf 92' lang='lat' dir='ltr'><strong>mari</strong></span> <span class='ocrx_word' id='word_1_47' title='bbox 1376 733 1760 821; x_wconf 80' lang='lat' dir='ltr'><strong>baptizavit&quot;,</strong></span> <span class='ocrx_word' id='word_1_48' title='bbox 1818 765 2122 820; x_wconf 90' lang='lat' dir='ltr'><strong>eorumque</strong></span> 
     </span>
    </p>
   </div>
   <div class='ocr_carea' id='block_1_9' title="bbox 541 844 2118 914">
    <p class='ocr_par' dir='ltr' id='par_1_9' title="bbox 541 844 2118 914">
     <span class='ocr_line' id='line_1_9' title="bbox 541 844 2118 914; baseline -0.001 -17"><span class='ocrx_word' id='word_1_49' title='bbox 541 845 689 898; x_wconf 87' lang='lat' dir='ltr'><strong>sitim</strong></span> <span class='ocrx_word' id='word_1_50' title='bbox 732 859 872 914; x_wconf 89' lang='lat' dir='ltr'><strong>aqua</strong></span> <span class='ocrx_word' id='word_1_51' title='bbox 905 861 969 898; x_wconf 82' lang='lat' dir='ltr'><strong>ex</strong></span> <span class='ocrx_word' id='word_1_52' title='bbox 1002 854 1148 912; x_wconf 84' lang='lat' dir='ltr'><strong>petra</strong></span> <span class='ocrx_word' id='word_1_53' title='bbox 1175 845 1508 900; x_wconf 89' lang='lat' dir='ltr'><strong>scaturiente</strong></span> <span class='ocrx_word' id='word_1_54' title='bbox 1542 844 1814 910; x_wconf 81' lang='lat' dir='ltr'><strong>restinxit,</strong></span> <span class='ocrx_word' id='word_1_55' title='bbox 1847 854 1900 898; x_wconf 88' lang='lat' dir='ltr'><strong>et</strong></span> <span class='ocrx_word' id='word_1_56' title='bbox 1925 857 2118 898; x_wconf 90' lang='lat' dir='ltr'><strong>manna</strong></span> 
     </span>
    </p>
   </div>
   <div class='ocr_carea' id='block_1_10' title="bbox 541 937 2116 1008">
    <p class='ocr_par' dir='ltr' id='par_1_10' title="bbox 541 937 2116 1008">
     <span class='ocr_line' id='line_1_10' title="bbox 541 937 2116 1008; baseline 0.001 -18"><span class='ocrx_word' id='word_1_57' title='bbox 541 938 743 991; x_wconf 87' lang='lat' dir='ltr'><strong>famem</strong></span> <span class='ocrx_word' id='word_1_58' title='bbox 786 937 1087 992; x_wconf 81' lang='lat' dir='ltr'><strong>sedavit&quot;.</strong></span> <span class='ocrx_word' id='word_1_59' title='bbox 1116 939 1247 992; x_wconf 84' lang='lat' dir='ltr'><strong>Erat</strong></span> <span class='ocrx_word' id='word_1_60' title='bbox 1278 946 1460 992; x_wconf 87' lang='lat' dir='ltr'><strong>autem</strong></span> <span class='ocrx_word' id='word_1_61' title='bbox 1492 947 1641 1008; x_wconf 89' lang='lat' dir='ltr'><strong>petra</strong></span> <span class='ocrx_word' id='word_1_62' title='bbox 1677 938 1906 1006; x_wconf 75' lang='lat' dir='ltr'><strong>myStico</strong></span> <span class='ocrx_word' id='word_1_63' title='bbox 1933 953 2116 1002; x_wconf 90' lang='lat' dir='ltr'><strong>sensu,</strong></span> 
     </span>
    </p>
   </div>
   <div class='ocr_carea' id='block_1_11' title="bbox 538 1027 2122 1101">
    <p class='ocr_par' dir='ltr' id='par_1_11' title="bbox 538 1027 2122 1101">
     <span class='ocr_line' id='line_1_11' title="bbox 538 1027 2122 1101; baseline 0.002 -20"><span class='ocrx_word' id='word_1_64' title='bbox 538 1029 690 1082; x_wconf 81' lang='lat' dir='ltr'><strong>velut</strong></span> <span class='ocrx_word' id='word_1_65' title='bbox 741 1027 916 1084; x_wconf 87' lang='lat' dir='ltr'><strong>Paulo</strong></span> <span class='ocrx_word' id='word_1_66' title='bbox 969 1043 1189 1100; x_wconf 81' lang='lat' dir='ltr'><strong>quoque</strong></span> <span class='ocrx_word' id='word_1_67' title='bbox 1231 1030 1457 1100; x_wconf 89' lang='lat' dir='ltr'><strong>placet,</strong></span> <span class='ocrx_word' id='word_1_68' title='bbox 1496 1030 1746 1086; x_wconf 85' lang='lat' dir='ltr'><strong>Christus</strong></span> <span class='ocrx_word' id='word_1_69' title='bbox 1775 1072 1790 1095; x_wconf 93' lang='lat'><strong>,</strong></span> <span class='ocrx_word' id='word_1_70' title='bbox 1853 1041 1906 1086; x_wconf 93' lang='lat' dir='ltr'><strong>et</strong></span> <span class='ocrx_word' id='word_1_71' title='bbox 1953 1042 2122 1101; x_wconf 67' lang='lat' dir='ltr'><strong>petrae</strong></span> 
     </span>
    </p>
   </div>
   <div class='ocr_carea' id='block_1_12' title="bbox 538 1120 2114 1192">
    <p class='ocr_par' dir='ltr' id='par_1_12' title="bbox 538 1120 2114 1192">
     <span class='ocr_line' id='line_1_12' title="bbox 538 1120 2114 1192; baseline 0.001 -19"><span class='ocrx_word' id='word_1_72' title='bbox 538 1137 700 1189; x_wconf 83' lang='lat' dir='ltr'><strong>aqua,</strong></span> <span class='ocrx_word' id='word_1_73' title='bbox 729 1121 912 1176; x_wconf 84' lang='lat' dir='ltr'><strong>vitalis</strong></span> <span class='ocrx_word' id='word_1_74' title='bbox 966 1120 1129 1175; x_wconf 85' lang='lat' dir='ltr'><strong>Verbi</strong></span> <span class='ocrx_word' id='word_1_75' title='bbox 1174 1121 1251 1175; x_wconf 88' lang='lat' dir='ltr'><strong>vis</strong></span> <span class='ocrx_word' id='word_1_76' title='bbox 1306 1130 1360 1176; x_wconf 89' lang='lat' dir='ltr'><strong>et</strong></span> <span class='ocrx_word' id='word_1_77' title='bbox 1409 1121 1639 1176; x_wconf 81' lang='lat' dir='ltr'><strong>facultas</strong></span> <span class='ocrx_word' id='word_1_78' title='bbox 1671 1121 1758 1190; x_wconf 88' lang='lat' dir='ltr'><strong>(Si</strong></span> <span class='ocrx_word' id='word_1_79' title='bbox 1802 1124 1918 1192; x_wconf 85' lang='lat' dir='ltr'><strong>quis</strong></span> <span class='ocrx_word' id='word_1_80' title='bbox 1969 1123 2114 1177; x_wconf 89' lang='lat' dir='ltr'><strong>enim</strong></span> 
     </span>
    </p>
   </div>
   <div class='ocr_carea' id='block_1_13' title="bbox 535 1211 2116 1283">
    <p class='ocr_par' dir='ltr' id='par_1_13' title="bbox 535 1211 2116 1283">
     <span class='ocr_line' id='line_1_13' title="bbox 535 1211 2116 1283; baseline 0.001 -19"><span class='ocrx_word' id='word_1_81' title='bbox 535 1213 691 1277; x_wconf 83' lang='lat' dir='ltr'><strong>sitit,</strong></span> <span class='ocrx_word' id='word_1_82' title='bbox 729 1211 930 1281; x_wconf 85' lang='lat' dir='ltr'><strong>inquit,</strong></span> <span class='ocrx_word' id='word_1_83' title='bbox 960 1213 1135 1266; x_wconf 81' lang='lat' dir='ltr'><strong>veniat</strong></span> <span class='ocrx_word' id='word_1_84' title='bbox 1195 1212 1264 1264; x_wconf 83' lang='lat' dir='ltr'><strong>ad</strong></span> <span class='ocrx_word' id='word_1_85' title='bbox 1314 1229 1393 1267; x_wconf 91' lang='lat' dir='ltr'><strong>me</strong></span> <span class='ocrx_word' id='word_1_86' title='bbox 1443 1221 1491 1266; x_wconf 94' lang='lat' dir='ltr'><strong>et</strong></span> <span class='ocrx_word' id='word_1_87' title='bbox 1518 1214 1659 1266; x_wconf 80' lang='lat' dir='ltr'><strong>bibat</strong></span> <span class='ocrx_word' id='word_1_88' title='bbox 1689 1213 1779 1283; x_wconf 84' lang='grc'><strong>⁷⁸),</strong></span> <span class='ocrx_word' id='word_1_89' title='bbox 1833 1222 1887 1267; x_wconf 91' lang='lat' dir='ltr'><strong>et</strong></span> <span class='ocrx_word' id='word_1_90' title='bbox 1920 1228 2116 1268; x_wconf 87' lang='lat' dir='ltr'><strong>manna</strong></span> 
     </span>
    </p>
   </div>
   <div class='ocr_carea' id='block_1_14' title="bbox 536 1303 2116 1374">
    <p class='ocr_par' dir='ltr' id='par_1_14' title="bbox 536 1303 2116 1374">
     <span class='ocr_line' id='line_1_14' title="bbox 536 1303 2116 1374; baseline 0.001 -18"><span class='ocrx_word' id='word_1_91' title='bbox 536 1307 718 1359; x_wconf 78' lang='lat' dir='ltr'><strong>vivum</strong></span> <span class='ocrx_word' id='word_1_92' title='bbox 753 1319 949 1374; x_wconf 90' lang='lat' dir='ltr'><strong>panem</strong></span> <span class='ocrx_word' id='word_1_93' title='bbox 981 1305 1368 1360; x_wconf 68' lang='lat' dir='ltr'><strong>adumbrabat.</strong></span> <span class='ocrx_word' id='word_1_94' title='bbox 1395 1303 1464 1358; x_wconf 83' lang='lat' dir='ltr'><strong>At</strong></span> <span class='ocrx_word' id='word_1_95' title='bbox 1494 1319 1626 1358; x_wconf 89' lang='lat' dir='ltr'><strong>vero</strong></span> <span class='ocrx_word' id='word_1_96' title='bbox 1656 1319 1806 1357; x_wconf 91' lang='lat' dir='ltr'><strong>mare</strong></span> <span class='ocrx_word' id='word_1_97' title='bbox 1834 1312 1888 1358; x_wconf 88' lang='lat' dir='ltr'><strong>et</strong></span> <span class='ocrx_word' id='word_1_98' title='bbox 1920 1304 2116 1368; x_wconf 90' lang='lat' dir='ltr'><strong>nubes,</strong></span> 
     </span>
    </p>
   </div>
   <div class='ocr_carea' id='block_1_15' title="bbox 537 1396 2113 1467">
    <p class='ocr_par' dir='ltr' id='par_1_15' title="bbox 537 1396 2113 1467">
     <span class='ocr_line' id='line_1_15' title="bbox 537 1396 2113 1467; baseline 0.001 -17"><span class='ocrx_word' id='word_1_99' title='bbox 537 1400 590 1451; x_wconf 90' lang='lat' dir='ltr'><strong>in</strong></span> <span class='ocrx_word' id='word_1_100' title='bbox 626 1413 863 1467; x_wconf 77' lang='lat' dir='ltr'><strong>prtescns</strong></span> <span class='ocrx_word' id='word_1_101' title='bbox 896 1398 1114 1467; x_wconf 80' lang='lat' dir='ltr'><strong>quidem</strong></span> <span class='ocrx_word' id='word_1_102' title='bbox 1159 1398 1374 1452; x_wconf 83' lang='lat' dir='ltr'><strong>animos</strong></span> <span class='ocrx_word' id='word_1_103' title='bbox 1426 1397 1714 1452; x_wconf 89' lang='lat' dir='ltr'><strong>hominum</strong></span> <span class='ocrx_word' id='word_1_104' title='bbox 1764 1396 1838 1451; x_wconf 92' lang='lat' dir='ltr'><strong>rei</strong></span> <span class='ocrx_word' id='word_1_105' title='bbox 1874 1396 2113 1451; x_wconf 82' lang='lat' dir='ltr'><strong>admira-</strong></span> 
     </span>
    </p>
   </div>
   <div class='ocr_carea' id='block_1_16' title="bbox 536 1489 2115 1560">
    <p class='ocr_par' dir='ltr' id='par_1_16' title="bbox 536 1489 2115 1560">
     <span class='ocr_line' id='line_1_16' title="bbox 536 1489 2115 1560; baseline -0.001 -16"><span class='ocrx_word' id='word_1_106' title='bbox 536 1491 685 1545; x_wconf 90' lang='lat' dir='ltr'><strong>tione</strong></span> <span class='ocrx_word' id='word_1_107' title='bbox 728 1491 1011 1560; x_wconf 86' lang='lat' dir='ltr'><strong>perculsos</strong></span> <span class='ocrx_word' id='word_1_108' title='bbox 1039 1492 1104 1546; x_wconf 90' lang='lat' dir='ltr'><strong>ad</strong></span> <span class='ocrx_word' id='word_1_109' title='bbox 1143 1491 1306 1546; x_wconf 88' lang='lat' dir='ltr'><strong>ﬁdem</strong></span> <span class='ocrx_word' id='word_1_110' title='bbox 1358 1491 1687 1545; x_wconf 86' lang='lat' dir='ltr'><strong>inducebant</strong></span> <span class='ocrx_word' id='word_1_111' title='bbox 1725 1510 1738 1545; x_wconf 91' lang='lat'><strong>:</strong></span> <span class='ocrx_word' id='word_1_112' title='bbox 1778 1491 1831 1544; x_wconf 92' lang='lat' dir='ltr'><strong>in</strong></span> <span class='ocrx_word' id='word_1_113' title='bbox 1873 1489 2115 1545; x_wconf 82' lang='lat' dir='ltr'><strong>futurum</strong></span> 
     </span>
    </p>
   </div>
   <div class='ocr_carea' id='block_1_17' title="bbox 538 1583 2113 1654">
    <p class='ocr_par' dir='ltr' id='par_1_17' title="bbox 538 1583 2113 1654">
     <span class='ocr_line' id='line_1_17' title="bbox 538 1583 2113 1654; baseline -0.001 -18"><span class='ocrx_word' id='word_1_114' title='bbox 538 1592 720 1637; x_wconf 87' lang='lat' dir='ltr'><strong>autem</strong></span> <span class='ocrx_word' id='word_1_115' title='bbox 746 1583 1065 1638; x_wconf 69' lang='lat' dir='ltr'><strong>affulsuram</strong></span> <span class='ocrx_word' id='word_1_116' title='bbox 1109 1583 1338 1654; x_wconf 76' lang='lat' dir='ltr'><strong>gratiam</strong></span> <span class='ocrx_word' id='word_1_117' title='bbox 1375 1599 1467 1654; x_wconf 90' lang='lat' dir='ltr'><strong>per</strong></span> <span class='ocrx_word' id='word_1_118' title='bbox 1512 1584 1739 1652; x_wconf 84' lang='lat' dir='ltr'><strong>ﬁguram</strong></span> <span class='ocrx_word' id='word_1_119' title='bbox 1773 1583 2113 1639; x_wconf 86' lang='lat' dir='ltr'><strong>indicabant.</strong></span> 
     </span>
    </p>
   </div>
   <div class='ocr_carea' id='block_1_18' title="bbox 538 1676 2116 1748">
    <p class='ocr_par' dir='ltr' id='par_1_18' title="bbox 538 1676 2116 1748">
     <span class='ocr_line' id='line_1_18' title="bbox 538 1676 2116 1748; baseline 0.001 -18"><span class='ocrx_word' id='word_1_120' title='bbox 538 1676 672 1742; x_wconf 79' lang='lat' dir='ltr'><strong>Quis</strong></span> <span class='ocrx_word' id='word_1_121' title='bbox 696 1679 932 1747; x_wconf 79' lang='lat' dir='ltr'><strong>sapiens,</strong></span> <span class='ocrx_word' id='word_1_122' title='bbox 963 1690 1010 1732; x_wconf 88' lang='lat' dir='ltr'><strong>et</strong></span> <span class='ocrx_word' id='word_1_123' title='bbox 1048 1678 1306 1747; x_wconf 80' lang='lat' dir='ltr'><strong>intelliget</strong></span> <span class='ocrx_word' id='word_1_124' title='bbox 1354 1678 1464 1733; x_wconf 63' lang='lat' dir='ltr'><strong>hac</strong></span> <span class='ocrx_word' id='word_1_125' title='bbox 1482 1677 1569 1731; x_wconf 67' lang='lat'><strong>7‘?</strong></span> <span class='ocrx_word' id='word_1_126' title='bbox 1613 1691 1724 1748; x_wconf 89' lang='lat' dir='ltr'><strong>quo</strong></span> <span class='ocrx_word' id='word_1_127' title='bbox 1754 1687 1913 1748; x_wconf 89' lang='lat' dir='ltr'><strong>pacto</strong></span> <span class='ocrx_word' id='word_1_128' title='bbox 1965 1693 2116 1732; x_wconf 91' lang='lat' dir='ltr'><strong>mare</strong></span> 
     </span>
    </p>
   </div>
   <div class='ocr_carea' id='block_1_19' title="bbox 535 1765 2116 1838">
    <p class='ocr_par' dir='ltr' id='par_1_19' title="bbox 535 1765 2116 1838">
     <span class='ocr_line' id='line_1_19' title="bbox 535 1765 2116 1838; baseline 0.002 -18"><span class='ocrx_word' id='word_1_129' title='bbox 535 1766 869 1835; x_wconf 82' lang='lat' dir='ltr'><strong>baptismum</strong></span> <span class='ocrx_word' id='word_1_130' title='bbox 923 1766 1266 1838; x_wconf 81' lang='lat' dir='ltr'><strong>designabat,</strong></span> <span class='ocrx_word' id='word_1_131' title='bbox 1318 1765 1573 1821; x_wconf 68' lang='lat' dir='ltr'><strong>IIebrmos</strong></span> <span class='ocrx_word' id='word_1_132' title='bbox 1625 1766 1936 1823; x_wconf 81' lang='lat' dir='ltr'><strong>videliceta</strong></span> <span class='ocrx_word' id='word_1_133' title='bbox 1967 1768 2116 1823; x_wconf 87' lang='lat' dir='ltr'><strong>Pha-</strong></span> 
     </span>
    </p>
   </div>
   <div class='ocr_carea' id='block_1_20' title="bbox 538 1859 2109 1929">
    <p class='ocr_par' dir='ltr' id='par_1_20' title="bbox 538 1859 2109 1929">
     <span class='ocr_line' id='line_1_20' title="bbox 538 1859 2109 1929; baseline 0 -15"><span class='ocrx_word' id='word_1_134' title='bbox 538 1874 708 1914; x_wconf 80' lang='lat' dir='ltr'><strong>raone</strong></span> <span class='ocrx_word' id='word_1_135' title='bbox 757 1859 1102 1929; x_wconf 86' lang='lat' dir='ltr'><strong>disjungens,</strong></span> <span class='ocrx_word' id='word_1_136' title='bbox 1137 1861 1597 1929; x_wconf 89' lang='lat' dir='ltr'><strong>quemadmodum</strong></span> <span class='ocrx_word' id='word_1_137' title='bbox 1625 1869 1678 1916; x_wconf 90' lang='lat' dir='ltr'><strong>et</strong></span> <span class='ocrx_word' id='word_1_138' title='bbox 1711 1860 1812 1915; x_wconf 91' lang='lat' dir='ltr'><strong>hoc</strong></span> <span class='ocrx_word' id='word_1_139' title='bbox 1834 1861 2109 1917; x_wconf 87' lang='lat' dir='ltr'><strong>lavacrum</strong></span> 
     </span>
    </p>
   </div>
   <div class='ocr_carea' id='block_1_21' title="bbox 537 1952 2114 2024">
    <p class='ocr_par' dir='ltr' id='par_1_21' title="bbox 537 1952 2114 2024">
     <span class='ocr_line' id='line_1_21' title="bbox 537 1952 2114 2024; baseline 0.003 -16"><span class='ocrx_word' id='word_1_140' title='bbox 537 1969 640 2008; x_wconf 89' lang='lat' dir='ltr'><strong>nos</strong></span> <span class='ocrx_word' id='word_1_141' title='bbox 670 1968 699 2008; x_wconf 93' lang='lat' dir='ltr'><strong>a</strong></span> <span class='ocrx_word' id='word_1_142' title='bbox 747 1952 953 2007; x_wconf 90' lang='lat' dir='ltr'><strong>diaboli</strong></span> <span class='ocrx_word' id='word_1_143' title='bbox 985 1953 1274 2024; x_wconf 80' lang='lat' dir='ltr'><strong>tyrannide</strong></span> <span class='ocrx_word' id='word_1_144' title='bbox 1306 1952 1536 2008; x_wconf 84' lang='lat' dir='ltr'><strong>dirimit.</strong></span> <span class='ocrx_word' id='word_1_145' title='bbox 1593 1954 1729 2010; x_wconf 88' lang='lat' dir='ltr'><strong>Illttd</strong></span> <span class='ocrx_word' id='word_1_146' title='bbox 1765 1955 1991 2011; x_wconf 88' lang='lat' dir='ltr'><strong>hostiles</strong></span> <span class='ocrx_word' id='word_1_147' title='bbox 2021 1971 2114 2012; x_wconf 86' lang='lat' dir='ltr'><strong>co—</strong></span> 
     </span>
    </p>
   </div>
   <div class='ocr_carea' id='block_1_22' title="bbox 541 2045 2117 2117">
    <p class='ocr_par' dir='ltr' id='par_1_22' title="bbox 541 2045 2117 2117">
     <span class='ocr_line' id='line_1_22' title="bbox 541 2045 2117 2117; baseline 0.005 -21"><span class='ocrx_word' id='word_1_148' title='bbox 541 2045 662 2114; x_wconf 82' lang='lat' dir='ltr'><strong>pias</strong></span> <span class='ocrx_word' id='word_1_149' title='bbox 705 2047 864 2114; x_wconf 83' lang='lat' dir='ltr'><strong>aquis</strong></span> <span class='ocrx_word' id='word_1_150' title='bbox 893 2045 1121 2100; x_wconf 91' lang='lat' dir='ltr'><strong>obrutas</strong></span> <span class='ocrx_word' id='word_1_151' title='bbox 1180 2045 1463 2101; x_wconf 81' lang='lat' dir='ltr'><strong>interfecit</strong></span> <span class='ocrx_word' id='word_1_152' title='bbox 1494 2065 1508 2101; x_wconf 90' lang='lat'><strong>:</strong></span> <span class='ocrx_word' id='word_1_153' title='bbox 1543 2047 1596 2100; x_wconf 91' lang='lat' dir='ltr'><strong>in</strong></span> <span class='ocrx_word' id='word_1_154' title='bbox 1626 2049 1899 2117; x_wconf 77' lang='lat' dir='ltr'><strong>baptismo</strong></span> <span class='ocrx_word' id='word_1_155' title='bbox 1933 2059 2117 2104; x_wconf 85' lang='lat' dir='ltr'><strong>nostra</strong></span> 
     </span>
    </p>
   </div>
   <div class='ocr_carea' id='block_1_23' title="bbox 536 2135 2115 2208">
    <p class='ocr_par' dir='ltr' id='par_1_23' title="bbox 536 2135 2115 2208">
     <span class='ocr_line' id='line_1_23' title="bbox 536 2135 2115 2208; baseline 0.003 -18"><span class='ocrx_word' id='word_1_156' title='bbox 536 2136 805 2191; x_wconf 88' lang='lat' dir='ltr'><strong>adversus</strong></span> <span class='ocrx_word' id='word_1_157' title='bbox 857 2135 1024 2190; x_wconf 90' lang='lat' dir='ltr'><strong>Deum</strong></span> <span class='ocrx_word' id='word_1_158' title='bbox 1079 2136 1366 2191; x_wconf 86' lang='lat' dir='ltr'><strong>inimicitia</strong></span> <span class='ocrx_word' id='word_1_159' title='bbox 1402 2138 1659 2193; x_wconf 90' lang='lat' dir='ltr'><strong>moritur.</strong></span> <span class='ocrx_word' id='word_1_160' title='bbox 1713 2138 1921 2194; x_wconf 74' lang='lat' dir='ltr'><strong>Illtesus</strong></span> <span class='ocrx_word' id='word_1_161' title='bbox 1952 2148 2115 2208; x_wconf 87' lang='lat' dir='ltr'><strong>atque</strong></span> 
     </span>
    </p>
   </div>
   <div class='ocr_carea' id='block_1_24' title="bbox 540 2227 2116 2299">
    <p class='ocr_par' dir='ltr' id='par_1_24' title="bbox 540 2227 2116 2299">
     <span class='ocr_line' id='line_1_24' title="bbox 540 2227 2116 2299; baseline 0.001 -17"><span class='ocrx_word' id='word_1_162' title='bbox 540 2227 839 2284; x_wconf 89' lang='lat' dir='ltr'><strong>incolumis</strong></span> <span class='ocrx_word' id='word_1_163' title='bbox 865 2244 895 2284; x_wconf 89' lang='lat' dir='ltr'><strong>a</strong></span> <span class='ocrx_word' id='word_1_164' title='bbox 928 2229 1210 2284; x_wconf 85' lang='lat' dir='ltr'><strong>Pharaone</strong></span> <span class='ocrx_word' id='word_1_165' title='bbox 1239 2244 1493 2299; x_wconf 81' lang='lat' dir='ltr'><strong>egressus</strong></span> <span class='ocrx_word' id='word_1_166' title='bbox 1519 2238 1603 2284; x_wconf 92' lang='lat' dir='ltr'><strong>est</strong></span> <span class='ocrx_word' id='word_1_167' title='bbox 1634 2228 1970 2284; x_wconf 89' lang='lat' dir='ltr'><strong>lsraeliticus</strong></span> <span class='ocrx_word' id='word_1_168' title='bbox 2021 2244 2116 2299; x_wconf 89' lang='lat' dir='ltr'><strong>po-</strong></span> 
     </span>
    </p>
   </div>
   <div class='ocr_carea' id='block_1_25' title="bbox 539 2320 2117 2391">
    <p class='ocr_par' dir='ltr' id='par_1_25' title="bbox 539 2320 2117 2391">
     <span class='ocr_line' id='line_1_25' title="bbox 539 2320 2117 2391; baseline 0.001 -19"><span class='ocrx_word' id='word_1_169' title='bbox 539 2320 701 2389; x_wconf 88' lang='lat' dir='ltr'><strong>pulus</strong></span> <span class='ocrx_word' id='word_1_170' title='bbox 727 2339 742 2386; x_wconf 90' lang='lat'><strong>;</strong></span> <span class='ocrx_word' id='word_1_171' title='bbox 769 2321 959 2376; x_wconf 88' lang='lat' dir='ltr'><strong>eodem</strong></span> <span class='ocrx_word' id='word_1_172' title='bbox 988 2321 1156 2375; x_wconf 89' lang='lat' dir='ltr'><strong>modo</strong></span> <span class='ocrx_word' id='word_1_173' title='bbox 1187 2336 1288 2375; x_wconf 92' lang='lat' dir='ltr'><strong>nos</strong></span> <span class='ocrx_word' id='word_1_174' title='bbox 1326 2335 1550 2390; x_wconf 89' lang='lat' dir='ltr'><strong>quoque</strong></span> <span class='ocrx_word' id='word_1_175' title='bbox 1590 2321 1660 2375; x_wconf 85' lang='lat' dir='ltr'><strong>ab</strong></span> <span class='ocrx_word' id='word_1_176' title='bbox 1690 2335 1832 2391; x_wconf 89' lang='lat' dir='ltr'><strong>aqua</strong></span> <span class='ocrx_word' id='word_1_177' title='bbox 1865 2322 2117 2375; x_wconf 83' lang='lat' dir='ltr'><strong>ascendi-</strong></span> 
     </span>
    </p>
   </div>
   <div class='ocr_carea' id='block_1_26' title="bbox 538 2412 2115 2483">
    <p class='ocr_par' dir='ltr' id='par_1_26' title="bbox 538 2412 2115 2483">
     <span class='ocr_line' id='line_1_26' title="bbox 538 2412 2115 2483; baseline 0.001 -17"><span class='ocrx_word' id='word_1_178' title='bbox 538 2428 684 2474; x_wconf 84' lang='lat' dir='ltr'><strong>mus,</strong></span> <span class='ocrx_word' id='word_1_179' title='bbox 724 2413 882 2483; x_wconf 84' lang='lat' dir='ltr'><strong>quasi</strong></span> <span class='ocrx_word' id='word_1_180' title='bbox 939 2427 970 2466; x_wconf 89' lang='lat' dir='ltr'><strong>a</strong></span> <span class='ocrx_word' id='word_1_181' title='bbox 1022 2422 1198 2466; x_wconf 91' lang='lat' dir='ltr'><strong>morte</strong></span> <span class='ocrx_word' id='word_1_182' title='bbox 1235 2412 1300 2466; x_wconf 90' lang='lat' dir='ltr'><strong>ad</strong></span> <span class='ocrx_word' id='word_1_183' title='bbox 1335 2413 1500 2466; x_wconf 88' lang='lat' dir='ltr'><strong>vitam</strong></span> <span class='ocrx_word' id='word_1_184' title='bbox 1534 2414 1815 2476; x_wconf 84' lang='lat' dir='ltr'><strong>revocati,</strong></span> <span class='ocrx_word' id='word_1_185' title='bbox 1865 2413 1986 2482; x_wconf 80' lang='lat' dir='ltr'><strong>ejus</strong></span> <span class='ocrx_word' id='word_1_186' title='bbox 2021 2413 2115 2482; x_wconf 89' lang='lat' dir='ltr'><strong>qui</strong></span> 
     </span>
    </p>
   </div>
   <div class='ocr_carea' id='block_1_27' title="bbox 534 2503 2106 2574">
    <p class='ocr_par' dir='ltr' id='par_1_27' title="bbox 534 2503 2106 2574">
     <span class='ocr_line' id='line_1_27' title="bbox 534 2503 2106 2574; baseline 0.001 -18"><span class='ocrx_word' id='word_1_187' title='bbox 534 2519 638 2558; x_wconf 91' lang='lat' dir='ltr'><strong>nos</strong></span> <span class='ocrx_word' id='word_1_188' title='bbox 656 2503 895 2566; x_wconf 84' lang='lat' dir='ltr'><strong>vocavit,</strong></span> <span class='ocrx_word' id='word_1_189' title='bbox 927 2503 1101 2574; x_wconf 80' lang='lat' dir='ltr'><strong>gratia</strong></span> <span class='ocrx_word' id='word_1_190' title='bbox 1151 2504 1385 2558; x_wconf 87' lang='lat' dir='ltr'><strong>salutem</strong></span> <span class='ocrx_word' id='word_1_191' title='bbox 1417 2505 1722 2558; x_wconf 90' lang='lat' dir='ltr'><strong>consecuti.</strong></span> <span class='ocrx_word' id='word_1_192' title='bbox 1755 2503 1874 2559; x_wconf 75' lang='lat' dir='ltr'><strong>Jam</strong></span> <span class='ocrx_word' id='word_1_193' title='bbox 1905 2506 2106 2570; x_wconf 81' lang='lat' dir='ltr'><strong>nubes,</strong></span> 
     </span>
    </p>
   </div>
   <div class='ocr_carea' id='block_1_28' title="bbox 537 2593 2110 2666">
    <p class='ocr_par' dir='ltr' id='par_1_28' title="bbox 537 2593 2110 2666">
     <span class='ocr_line' id='line_1_28' title="bbox 537 2593 2110 2666; baseline 0.001 -17"><span class='ocrx_word' id='word_1_194' title='bbox 537 2595 783 2649; x_wconf 84' lang='lat' dir='ltr'><strong>beneﬁcii</strong></span> <span class='ocrx_word' id='word_1_195' title='bbox 820 2595 990 2658; x_wconf 91' lang='lat' dir='ltr'><strong>illius,</strong></span> <span class='ocrx_word' id='word_1_196' title='bbox 1024 2596 1168 2663; x_wconf 87' lang='lat' dir='ltr'><strong>quod</strong></span> <span class='ocrx_word' id='word_1_197' title='bbox 1199 2610 1226 2647; x_wconf 92' lang='lat' dir='ltr'><strong>a</strong></span> <span class='ocrx_word' id='word_1_198' title='bbox 1262 2593 1475 2664; x_wconf 87' lang='lat' dir='ltr'><strong>Spiritu</strong></span> <span class='ocrx_word' id='word_1_199' title='bbox 1508 2595 1842 2665; x_wconf 90' lang='lat' dir='ltr'><strong>accepimus,</strong></span> <span class='ocrx_word' id='word_1_200' title='bbox 1883 2597 2110 2666; x_wconf 86' lang='lat' dir='ltr'><strong>figuram</strong></span> 
     </span>
    </p>
   </div>
   <div class='ocr_carea' id='block_1_29' title="bbox 534 2685 2111 2758">
    <p class='ocr_par' dir='ltr' id='par_1_29' title="bbox 534 2685 2111 2758">
     <span class='ocr_line' id='line_1_29' title="bbox 534 2685 2111 2758; baseline 0.001 -19"><span class='ocrx_word' id='word_1_201' title='bbox 534 2686 754 2758; x_wconf 78' lang='lat' dir='ltr'><strong>gerebat</strong></span> <span class='ocrx_word' id='word_1_202' title='bbox 787 2704 801 2741; x_wconf 90' lang='lat'><strong>:</strong></span> <span class='ocrx_word' id='word_1_203' title='bbox 839 2685 930 2756; x_wconf 90' lang='lat' dir='ltr'><strong>qui</strong></span> <span class='ocrx_word' id='word_1_204' title='bbox 966 2685 1184 2758; x_wconf 86' lang='lat' dir='ltr'><strong>quidem</strong></span> <span class='ocrx_word' id='word_1_205' title='bbox 1215 2686 1457 2756; x_wconf 89' lang='lat' dir='ltr'><strong>Spiritus</strong></span> <span class='ocrx_word' id='word_1_206' title='bbox 1487 2688 1652 2741; x_wconf 88' lang='lat' dir='ltr'><strong>animi</strong></span> <span class='ocrx_word' id='word_1_207' title='bbox 1686 2689 1860 2742; x_wconf 88' lang='lat' dir='ltr'><strong>nostri</strong></span> <span class='ocrx_word' id='word_1_208' title='bbox 1893 2696 2111 2756; x_wconf 85' lang='lat' dir='ltr'><strong>pertur-</strong></span> 
     </span>
    </p>
   </div>
   <div class='ocr_carea' id='block_1_30' title="bbox 535 2778 2108 2852">
    <p class='ocr_par' dir='ltr' id='par_1_30' title="bbox 535 2778 2108 2852">
     <span class='ocr_line' id='line_1_30' title="bbox 535 2778 2108 2852; baseline 0.004 -20"><span class='ocrx_word' id='word_1_209' title='bbox 535 2779 789 2835; x_wconf 86' lang='lat' dir='ltr'><strong>bationes</strong></span> <span class='ocrx_word' id='word_1_210' title='bbox 825 2779 1106 2850; x_wconf 88' lang='lat' dir='ltr'><strong>opprimit,</strong></span> <span class='ocrx_word' id='word_1_211' title='bbox 1150 2778 1540 2852; x_wconf 82' lang='lat' dir='ltr'><strong>ﬂammamque</strong></span> <span class='ocrx_word' id='word_1_212' title='bbox 1593 2782 1662 2836; x_wconf 86' lang='lat' dir='ltr'><strong>ab</strong></span> <span class='ocrx_word' id='word_1_213' title='bbox 1698 2783 1765 2838; x_wconf 89' lang='lat' dir='ltr'><strong>iis</strong></span> <span class='ocrx_word' id='word_1_214' title='bbox 1813 2784 2108 2838; x_wconf 77' lang='lat' dir='ltr'><strong>excitatam</strong></span> 
     </span>
    </p>
   </div>
   <div class='ocr_carea' id='block_1_31' title="bbox 535 2871 2105 2946">
    <p class='ocr_par' dir='ltr' id='par_1_31' title="bbox 535 2871 2105 2946">
     <span class='ocr_line' id='line_1_31' title="bbox 535 2871 2105 2946; baseline 0.004 -21"><span class='ocrx_word' id='word_1_215' title='bbox 535 2871 753 2942; x_wconf 81' lang='lat' dir='ltr'><strong>mitigat</strong></span> <span class='ocrx_word' id='word_1_216' title='bbox 797 2881 852 2926; x_wconf 83' lang='lat' dir='ltr'><strong>et</strong></span> <span class='ocrx_word' id='word_1_217' title='bbox 902 2871 1211 2942; x_wconf 77' lang='lat' dir='ltr'><strong>refrigerat.</strong></span> <span class='ocrx_word' id='word_1_218' title='bbox 1269 2872 1582 2929; x_wconf 77' lang='lat' dir='ltr'><strong>Secundum</strong></span> <span class='ocrx_word' id='word_1_219' title='bbox 1635 2875 1906 2946; x_wconf 86' lang='lat' dir='ltr'><strong>baptisma</strong></span> <span class='ocrx_word' id='word_1_220' title='bbox 1961 2877 2105 2941; x_wconf 90' lang='lat' dir='ltr'><strong>fuit,</strong></span> 
     </span>
    </p>
   </div>
   <div class='ocr_carea' id='block_1_32' title="bbox 535 2961 2102 3040">
    <p class='ocr_par' dir='ltr' id='par_1_32' title="bbox 535 2961 2102 3040">
     <span class='ocr_line' id='line_1_32' title="bbox 535 2961 2102 3040; baseline 0.006 -23"><span class='ocrx_word' id='word_1_221' title='bbox 535 2963 801 3034; x_wconf 80' lang='lat' dir='ltr'><strong>baptisma</strong></span> <span class='ocrx_word' id='word_1_222' title='bbox 834 2961 1080 3030; x_wconf 85' lang='lat' dir='ltr'><strong>Joannis,</strong></span> <span class='ocrx_word' id='word_1_223' title='bbox 1109 2965 1161 3019; x_wconf 92' lang='lat' dir='ltr'><strong>in</strong></span> <span class='ocrx_word' id='word_1_224' title='bbox 1192 2981 1333 3036; x_wconf 90' lang='lat' dir='ltr'><strong>aqua</strong></span> <span class='ocrx_word' id='word_1_225' title='bbox 1380 2967 1623 3036; x_wconf 88' lang='lat' dir='ltr'><strong>quidem,</strong></span> <span class='ocrx_word' id='word_1_226' title='bbox 1650 2977 1703 3023; x_wconf 90' lang='lat' dir='ltr'><strong>et</strong></span> <span class='ocrx_word' id='word_1_227' title='bbox 1727 2970 1792 3024; x_wconf 90' lang='lat' dir='ltr'><strong>ad</strong></span> <span class='ocrx_word' id='word_1_228' title='bbox 1830 2971 2102 3040; x_wconf 85' lang='lat' dir='ltr'><strong>poeniten-</strong></span> 
     </span>
    </p>
   </div>
   <div class='ocr_carea' id='block_1_33' title="bbox 2228 475 3850 545">
    <p class='ocr_par' dir='ltr' id='par_1_33' title="bbox 2228 475 3850 545">
     <span class='ocr_line' id='line_1_33' title="bbox 2228 475 3850 545; baseline 0.006 -19"><span class='ocrx_word' id='word_1_229' title='bbox 2228 482 2339 538; x_wconf 89' lang='lat' dir='ltr'><strong>tur,</strong></span> <span class='ocrx_word' id='word_1_230' title='bbox 2372 489 2483 542; x_wconf 84' lang='lat' dir='ltr'><strong>quo</strong></span> <span class='ocrx_word' id='word_1_231' title='bbox 2515 475 2628 543; x_wconf 86' lang='lat' dir='ltr'><strong>ipse</strong></span> <span class='ocrx_word' id='word_1_232' title='bbox 2661 490 2881 543; x_wconf 91' lang='lat' dir='ltr'><strong>quoque</strong></span> <span class='ocrx_word' id='word_1_233' title='bbox 2921 475 3178 532; x_wconf 87' lang='lat' dir='ltr'><strong>Christus</strong></span> <span class='ocrx_word' id='word_1_234' title='bbox 3234 479 3439 532; x_wconf 90' lang='lat' dir='ltr'><strong>tinctus</strong></span> <span class='ocrx_word' id='word_1_235' title='bbox 3480 487 3595 545; x_wconf 86' lang='lat' dir='ltr'><strong>est,</strong></span> <span class='ocrx_word' id='word_1_236' title='bbox 3653 491 3714 533; x_wconf 88' lang='lat' dir='ltr'><strong>et</strong></span> <span class='ocrx_word' id='word_1_237' title='bbox 3767 484 3850 536; x_wconf 80' lang='lat' dir='ltr'><strong>de</strong></span> 
     </span>
    </p>
   </div>
   <div class='ocr_carea' id='block_1_34' title="bbox 2225 566 3848 640">
    <p class='ocr_par' dir='ltr' id='par_1_34' title="bbox 2225 566 3848 640">
     <span class='ocr_line' id='line_1_34' title="bbox 2225 566 3848 640; baseline 0.006 -23"><span class='ocrx_word' id='word_1_238' title='bbox 2225 581 2336 635; x_wconf 91' lang='lat' dir='ltr'><strong>quo</strong></span> <span class='ocrx_word' id='word_1_239' title='bbox 2361 566 2577 620; x_wconf 78' lang='lat' dir='ltr'><strong>dicebat</strong></span> <span class='ocrx_word' id='word_1_240' title='bbox 2605 585 2616 618; x_wconf 93' lang='lat'><strong>:</strong></span> <span class='ocrx_word' id='word_1_241' title='bbox 2641 566 2915 636; x_wconf 77' lang='lat' dir='ltr'><strong>Baptismo</strong></span> <span class='ocrx_word' id='word_1_242' title='bbox 2937 567 3104 622; x_wconf 77' lang='lat' dir='ltr'><strong>habeo</strong></span> <span class='ocrx_word' id='word_1_243' title='bbox 3131 570 3421 638; x_wconf 77' lang='lat' dir='ltr'><strong>baptizari,</strong></span> <span class='ocrx_word' id='word_1_244' title='bbox 3443 584 3498 625; x_wconf 86' lang='lat' dir='ltr'><strong>et</strong></span> <span class='ocrx_word' id='word_1_245' title='bbox 3527 588 3642 640; x_wconf 77' lang='lat' dir='ltr'><strong>quo</strong></span> <span class='ocrx_word' id='word_1_246' title='bbox 3669 575 3848 626; x_wconf 66' lang='lat' dir='ltr'><strong>modo</strong></span> 
     </span>
    </p>
   </div>
   <div class='ocr_carea' id='block_1_35' title="bbox 2225 659 3844 729">
    <p class='ocr_par' dir='ltr' id='par_1_35' title="bbox 2225 659 3844 729">
     <span class='ocr_line' id='line_1_35' title="bbox 2225 659 3844 729; baseline 0.006 -20"><span class='ocrx_word' id='word_1_247' title='bbox 2225 666 2488 722; x_wconf 88' lang='lat' dir='ltr'><strong>coarctor,</strong></span> <span class='ocrx_word' id='word_1_248' title='bbox 2519 659 2681 711; x_wconf 85' lang='lat' dir='ltr'><strong>donec</strong></span> <span class='ocrx_word' id='word_1_249' title='bbox 2711 660 3124 729; x_wconf 81' lang='lat' dir='ltr'><strong>perﬁciatur&quot;?</strong></span> <span class='ocrx_word' id='word_1_250' title='bbox 3149 661 3214 715; x_wconf 89' lang='lat' dir='ltr'><strong>Et</strong></span> <span class='ocrx_word' id='word_1_251' title='bbox 3236 662 3302 716; x_wconf 91' lang='lat' dir='ltr'><strong>ad</strong></span> <span class='ocrx_word' id='word_1_252' title='bbox 3337 663 3480 717; x_wconf 85' lang='lat' dir='ltr'><strong>filios</strong></span> <span class='ocrx_word' id='word_1_253' title='bbox 3521 665 3800 718; x_wconf 76' lang='lat' dir='ltr'><strong>Zebeda-i</strong></span> <span class='ocrx_word' id='word_1_254' title='bbox 3827 685 3844 717; x_wconf 92' lang='lat'>:</span> 
     </span>
    </p>
   </div>
   <div class='ocr_carea' id='block_1_36' title="bbox 2224 745 3844 823">
    <p class='ocr_par' dir='ltr' id='par_1_36' title="bbox 2224 745 3844 823">
     <span class='ocr_line' id='line_1_36' title="bbox 2224 745 3844 823; baseline 0.003 -23"><span class='ocrx_word' id='word_1_255' title='bbox 2224 745 2452 802; x_wconf 76' lang='lat' dir='ltr'><strong>Potestis</strong></span> <span class='ocrx_word' id='word_1_256' title='bbox 2483 749 2656 804; x_wconf 82' lang='lat' dir='ltr'><strong>bibere</strong></span> <span class='ocrx_word' id='word_1_257' title='bbox 2679 751 2922 816; x_wconf 87' lang='lat' dir='ltr'><strong>calicem,</strong></span> <span class='ocrx_word' id='word_1_258' title='bbox 2949 767 3100 821; x_wconf 79' lang='lat' dir='ltr'><strong>quem</strong></span> <span class='ocrx_word' id='word_1_259' title='bbox 3122 768 3216 821; x_wconf 86' lang='lat' dir='ltr'><strong>ego</strong></span> <span class='ocrx_word' id='word_1_260' title='bbox 3251 753 3369 806; x_wconf 86' lang='lat' dir='ltr'><strong>bibo</strong></span> <span class='ocrx_word' id='word_1_261' title='bbox 3395 770 3416 806; x_wconf 89' lang='lat'><strong><em>:</em></strong></span> <span class='ocrx_word' id='word_1_262' title='bbox 3442 766 3491 807; x_wconf 87' lang='lat' dir='ltr'><strong>et</strong></span> <span class='ocrx_word' id='word_1_263' title='bbox 3525 757 3844 823; x_wconf 65' lang='lat' dir='ltr'><strong>baptismo,</strong></span> 
     </span>
    </p>
   </div>
   <div class='ocr_carea' id='block_1_37' title="bbox 2223 842 3844 915">
    <p class='ocr_par' dir='ltr' id='par_1_37' title="bbox 2223 842 3844 915">
     <span class='ocr_line' id='line_1_37' title="bbox 2223 842 3844 915; baseline 0.004 -22"><span class='ocrx_word' id='word_1_264' title='bbox 2223 859 2324 912; x_wconf 83' lang='lat' dir='ltr'><strong>quo</strong></span> <span class='ocrx_word' id='word_1_265' title='bbox 2356 859 2450 912; x_wconf 84' lang='lat' dir='ltr'><strong>ego</strong></span> <span class='ocrx_word' id='word_1_266' title='bbox 2488 842 2767 913; x_wconf 80' lang='lat' dir='ltr'><strong>baptizor,</strong></span> <span class='ocrx_word' id='word_1_267' title='bbox 2808 845 3179 914; x_wconf 76' lang='lat' dir='ltr'><strong>baptizari&quot;?</strong></span> <span class='ocrx_word' id='word_1_268' title='bbox 3220 844 3284 899; x_wconf 88' lang='lat' dir='ltr'><strong>Et</strong></span> <span class='ocrx_word' id='word_1_269' title='bbox 3333 846 3563 913; x_wconf 78' lang='lat' dir='ltr'><strong>quidem</strong></span> <span class='ocrx_word' id='word_1_270' title='bbox 3637 849 3844 915; x_wconf 81' lang='lat' dir='ltr'><strong>bapti-</strong></span> 
     </span>
    </p>
   </div>
   <div class='ocr_carea' id='block_1_38' title="bbox 2224 936 3842 1006">
    <p class='ocr_par' dir='ltr' id='par_1_38' title="bbox 2224 936 3842 1006">
     <span class='ocr_line' id='line_1_38' title="bbox 2224 936 3842 1006; baseline 0.003 -17"><span class='ocrx_word' id='word_1_271' title='bbox 2224 951 2399 1000; x_wconf 87' lang='lat' dir='ltr'><strong>smus,</strong></span> <span class='ocrx_word' id='word_1_272' title='bbox 2429 937 2519 1005; x_wconf 92' lang='lat' dir='ltr'><strong>qui</strong></span> <span class='ocrx_word' id='word_1_273' title='bbox 2551 937 2603 990; x_wconf 91' lang='lat' dir='ltr'><strong>in</strong></span> <span class='ocrx_word' id='word_1_274' title='bbox 2639 951 2776 1006; x_wconf 85' lang='lat' dir='ltr'><strong>aqua</strong></span> <span class='ocrx_word' id='word_1_275' title='bbox 2817 936 2893 1000; x_wconf 87' lang='lat' dir='ltr'><strong>fit,</strong></span> <span class='ocrx_word' id='word_1_276' title='bbox 2923 939 3114 992; x_wconf 91' lang='lat' dir='ltr'><strong>mortis</strong></span> <span class='ocrx_word' id='word_1_277' title='bbox 3153 939 3574 994; x_wconf 87' lang='lat' dir='ltr'><strong>similitudinem</strong></span> <span class='ocrx_word' id='word_1_278' title='bbox 3614 940 3842 994; x_wconf 80' lang='lat' dir='ltr'><strong>habet:</strong></span> 
     </span>
    </p>
   </div>
   <div class='ocr_carea' id='block_1_39' title="bbox 2222 1031 3842 1102">
    <p class='ocr_par' dir='ltr' id='par_1_39' title="bbox 2222 1031 3842 1102">
     <span class='ocr_line' id='line_1_39' title="bbox 2222 1031 3842 1102; baseline 0 -20"><span class='ocrx_word' id='word_1_279' title='bbox 2222 1039 2480 1082; x_wconf 77' lang='lat' dir='ltr'><strong>eteterum</strong></span> <span class='ocrx_word' id='word_1_280' title='bbox 2523 1031 2766 1084; x_wconf 89' lang='lat' dir='ltr'><strong>nonnulli</strong></span> <span class='ocrx_word' id='word_1_281' title='bbox 2799 1046 2864 1085; x_wconf 80' lang='lat' dir='ltr'><strong>ex</strong></span> <span class='ocrx_word' id='word_1_282' title='bbox 2901 1031 2967 1087; x_wconf 91' lang='lat' dir='ltr'><strong>iis</strong></span> <span class='ocrx_word' id='word_1_283' title='bbox 2993 1032 3088 1101; x_wconf 91' lang='lat' dir='ltr'><strong>qtti</strong></span> <span class='ocrx_word' id='word_1_284' title='bbox 3139 1032 3192 1085; x_wconf 89' lang='lat' dir='ltr'><strong>in</strong></span> <span class='ocrx_word' id='word_1_285' title='bbox 3236 1033 3647 1087; x_wconf 88' lang='lat' dir='ltr'><strong>certaminibus</strong></span> <span class='ocrx_word' id='word_1_286' title='bbox 3706 1037 3842 1102; x_wconf 60' lang='lat' dir='ltr'><strong>pit--</strong></span> 
     </span>
    </p>
   </div>
   <div class='ocr_carea' id='block_1_40' title="bbox 2223 1120 3844 1193">
    <p class='ocr_par' dir='ltr' id='par_1_40' title="bbox 2223 1120 3844 1193">
     <span class='ocr_line' id='line_1_40' title="bbox 2223 1120 3844 1193; baseline 0.003 -20"><span class='ocrx_word' id='word_1_287' title='bbox 2223 1120 2353 1174; x_wconf 88' lang='lat' dir='ltr'><strong>tatis</strong></span> <span class='ocrx_word' id='word_1_288' title='bbox 2385 1136 2550 1176; x_wconf 83' lang='lat' dir='ltr'><strong>causa</strong></span> <span class='ocrx_word' id='word_1_289' title='bbox 2589 1123 2861 1193; x_wconf 83' lang='lat' dir='ltr'><strong>susceptis</strong></span> <span class='ocrx_word' id='word_1_290' title='bbox 2889 1138 2994 1192; x_wconf 81' lang='lat' dir='ltr'><strong>pro</strong></span> <span class='ocrx_word' id='word_1_291' title='bbox 3023 1123 3256 1178; x_wconf 84' lang='lat' dir='ltr'><strong>veritate</strong></span> <span class='ocrx_word' id='word_1_292' title='bbox 3296 1132 3464 1193; x_wconf 90' lang='lat' dir='ltr'><strong>atque</strong></span> <span class='ocrx_word' id='word_1_293' title='bbox 3493 1125 3844 1178; x_wconf 80' lang='lat' dir='ltr'><strong>imitatione</strong></span> 
     </span>
    </p>
   </div>
   <div class='ocr_carea' id='block_1_41' title="bbox 2219 1212 3834 1286">
    <p class='ocr_par' dir='ltr' id='par_1_41' title="bbox 2219 1212 3834 1286">
     <span class='ocr_line' id='line_1_41' title="bbox 2219 1212 3834 1286; baseline 0.002 -18"><span class='ocrx_word' id='word_1_294' title='bbox 2219 1212 2424 1268; x_wconf 89' lang='lat' dir='ltr'><strong>Christi</strong></span> <span class='ocrx_word' id='word_1_295' title='bbox 2459 1214 2649 1268; x_wconf 85' lang='lat' dir='ltr'><strong>mortis</strong></span> <span class='ocrx_word' id='word_1_296' title='bbox 2683 1214 3012 1284; x_wconf 87' lang='lat' dir='ltr'><strong>supplicium</strong></span> <span class='ocrx_word' id='word_1_297' title='bbox 3051 1216 3423 1285; x_wconf 87' lang='lat' dir='ltr'><strong>pertulerunt,</strong></span> <span class='ocrx_word' id='word_1_298' title='bbox 3446 1232 3834 1286; x_wconf 82' lang='lat' dir='ltr'><strong>nequaquam</strong></span> 
     </span>
    </p>
   </div>
   <div class='ocr_carea' id='block_1_42' title="bbox 2221 1305 3844 1376">
    <p class='ocr_par' dir='ltr' id='par_1_42' title="bbox 2221 1305 3844 1376">
     <span class='ocr_line' id='line_1_42' title="bbox 2221 1305 3844 1376; baseline 0.004 -20"><span class='ocrx_word' id='word_1_299' title='bbox 2221 1305 2285 1358; x_wconf 87' lang='lat' dir='ltr'><strong>ad</strong></span> <span class='ocrx_word' id='word_1_300' title='bbox 2321 1306 2550 1359; x_wconf 87' lang='lat' dir='ltr'><strong>salutem</strong></span> <span class='ocrx_word' id='word_1_301' title='bbox 2603 1305 3012 1375; x_wconf 76' lang='lat' dir='ltr'><strong>adipiscendam</strong></span> <span class='ocrx_word' id='word_1_302' title='bbox 3041 1321 3196 1376; x_wconf 77' lang='lat' dir='ltr'><strong>aquze</strong></span> <span class='ocrx_word' id='word_1_303' title='bbox 3222 1307 3396 1376; x_wconf 84' lang='lat' dir='ltr'><strong>signis</strong></span> <span class='ocrx_word' id='word_1_304' title='bbox 3426 1323 3574 1375; x_wconf 91' lang='lat' dir='ltr'><strong>opus</strong></span> <span class='ocrx_word' id='word_1_305' title='bbox 3607 1308 3844 1362; x_wconf 82' lang='lat' dir='ltr'><strong>habue-</strong></span> 
     </span>
    </p>
   </div>
   <div class='ocr_carea' id='block_1_43' title="bbox 2222 1396 3839 1467">
    <p class='ocr_par' dir='ltr' id='par_1_43' title="bbox 2222 1396 3839 1467">
     <span class='ocr_line' id='line_1_43' title="bbox 2222 1396 3839 1467; baseline 0.003 -18"><span class='ocrx_word' id='word_1_306' title='bbox 2222 1405 2372 1460; x_wconf 90' lang='lat' dir='ltr'><strong>runt,</strong></span> <span class='ocrx_word' id='word_1_307' title='bbox 2408 1404 2599 1466; x_wconf 91' lang='lat' dir='ltr'><strong>utpote</strong></span> <span class='ocrx_word' id='word_1_308' title='bbox 2650 1396 2704 1450; x_wconf 90' lang='lat' dir='ltr'><strong>in</strong></span> <span class='ocrx_word' id='word_1_309' title='bbox 2750 1397 2978 1466; x_wconf 92' lang='lat' dir='ltr'><strong>proprio</strong></span> <span class='ocrx_word' id='word_1_310' title='bbox 3023 1399 3290 1467; x_wconf 84' lang='lat' dir='ltr'><strong>sanguine</strong></span> <span class='ocrx_word' id='word_1_311' title='bbox 3328 1399 3620 1466; x_wconf 88' lang='lat' dir='ltr'><strong>haptizati.</strong></span> <span class='ocrx_word' id='word_1_312' title='bbox 3661 1398 3839 1454; x_wconf 83' lang='lat' dir='ltr'><strong>Unde</strong></span> 
     </span>
    </p>
   </div>
   <div class='ocr_carea' id='block_1_44' title="bbox 2220 1485 3842 1560">
    <p class='ocr_par' dir='ltr' id='par_1_44' title="bbox 2220 1485 3842 1560">
     <span class='ocr_line' id='line_1_44' title="bbox 2220 1485 3842 1560; baseline 0.004 -21"><span class='ocrx_word' id='word_1_313' title='bbox 2220 1498 2270 1539; x_wconf 87' lang='lat' dir='ltr'><strong>et</strong></span> <span class='ocrx_word' id='word_1_314' title='bbox 2330 1485 2582 1556; x_wconf 83' lang='lat' dir='ltr'><strong>martyrii</strong></span> <span class='ocrx_word' id='word_1_315' title='bbox 2635 1485 2946 1556; x_wconf 83' lang='lat' dir='ltr'><strong>baptistnus</strong></span> <span class='ocrx_word' id='word_1_316' title='bbox 2985 1502 3052 1542; x_wconf 92' lang='lat' dir='ltr'><strong>eo</strong></span> <span class='ocrx_word' id='word_1_317' title='bbox 3099 1488 3320 1542; x_wconf 86' lang='lat' dir='ltr'><strong>nomine</strong></span> <span class='ocrx_word' id='word_1_318' title='bbox 3367 1489 3504 1542; x_wconf 90' lang='lat' dir='ltr'><strong>alios</strong></span> <span class='ocrx_word' id='word_1_319' title='bbox 3539 1489 3842 1560; x_wconf 82' lang='lat' dir='ltr'><strong>dignitate</strong></span> 
     </span>
    </p>
   </div>
   <div class='ocr_carea' id='block_1_45' title="bbox 2219 1580 3837 1652">
    <p class='ocr_par' dir='ltr' id='par_1_45' title="bbox 2219 1580 3837 1652">
     <span class='ocr_line' id='line_1_45' title="bbox 2219 1580 3837 1652; baseline 0.002 -18"><span class='ocrx_word' id='word_1_320' title='bbox 2219 1580 2512 1645; x_wconf 86' lang='lat' dir='ltr'><strong>antecellit,</strong></span> <span class='ocrx_word' id='word_1_321' title='bbox 2564 1581 2712 1652; x_wconf 88' lang='lat' dir='ltr'><strong>quod</strong></span> <span class='ocrx_word' id='word_1_322' title='bbox 2770 1581 2862 1649; x_wconf 88' lang='lat' dir='ltr'><strong>qui</strong></span> <span class='ocrx_word' id='word_1_323' title='bbox 2917 1581 3184 1650; x_wconf 88' lang='lat' dir='ltr'><strong>martyrio</strong></span> <span class='ocrx_word' id='word_1_324' title='bbox 3239 1581 3549 1650; x_wconf 87' lang='lat' dir='ltr'><strong>baptizatus</strong></span> <span class='ocrx_word' id='word_1_325' title='bbox 3579 1593 3698 1649; x_wconf 89' lang='lat' dir='ltr'><strong>est,</strong></span> <span class='ocrx_word' id='word_1_326' title='bbox 3738 1600 3837 1638; x_wconf 81' lang='lat' dir='ltr'><strong>se-</strong></span> 
     </span>
    </p>
   </div>
   <div class='ocr_carea' id='block_1_46' title="bbox 2218 1667 3864 1741">
    <p class='ocr_par' dir='ltr' id='par_1_46' title="bbox 2218 1667 3864 1741">
     <span class='ocr_line' id='line_1_46' title="bbox 2218 1667 3864 1741; baseline 0.004 -17"><span class='ocrx_word' id='word_1_327' title='bbox 2218 1671 2439 1741; x_wconf 88' lang='lat' dir='ltr'><strong>quentis</strong></span> <span class='ocrx_word' id='word_1_328' title='bbox 2473 1672 2599 1727; x_wconf 69' lang='lat' dir='ltr'><strong>vita)</strong></span> <span class='ocrx_word' id='word_1_329' title='bbox 2653 1672 2846 1728; x_wconf 86' lang='lat' dir='ltr'><strong>sordes</strong></span> <span class='ocrx_word' id='word_1_330' title='bbox 2875 1687 2981 1726; x_wconf 91' lang='lat' dir='ltr'><strong>non</strong></span> <span class='ocrx_word' id='word_1_331' title='bbox 3021 1673 3356 1727; x_wconf 81' lang='lat' dir='ltr'><strong>extimescit.</strong></span> <span class='ocrx_word' id='word_1_332' title='bbox 3387 1673 3666 1740; x_wconf 89' lang='lat' dir='ltr'><strong>Quintum</strong></span> <span class='ocrx_word' id='word_1_333' title='bbox 3729 1667 3864 1731; x_wconf 49' lang='grc' dir='ltr'><strong>ΜΣ</strong></span> 
     </span>
    </p>
   </div>
   <div class='ocr_carea' id='block_1_47' title="bbox 2221 1764 3832 1840">
    <p class='ocr_par' dir='ltr' id='par_1_47' title="bbox 2221 1764 3832 1840">
     <span class='ocr_line' id='line_1_47' title="bbox 2221 1764 3832 1840; baseline 0.005 -24"><span class='ocrx_word' id='word_1_334' title='bbox 2221 1764 2415 1832; x_wconf 87' lang='lat' dir='ltr'><strong>ptisma</strong></span> <span class='ocrx_word' id='word_1_335' title='bbox 2441 1764 2660 1834; x_wconf 87' lang='lat' dir='ltr'><strong>longum</strong></span> <span class='ocrx_word' id='word_1_336' title='bbox 2710 1772 2792 1818; x_wconf 79' lang='lat' dir='ltr'><strong>est</strong></span> <span class='ocrx_word' id='word_1_337' title='bbox 2845 1774 2902 1819; x_wconf 85' lang='lat' dir='ltr'><strong>et</strong></span> <span class='ocrx_word' id='word_1_338' title='bbox 2939 1779 3343 1831; x_wconf 62' lang='lat' dir='ltr'><strong>aerumnosum,</strong></span> <span class='ocrx_word' id='word_1_339' title='bbox 3378 1783 3582 1837; x_wconf 88' lang='lat' dir='ltr'><strong>nempe</strong></span> <span class='ocrx_word' id='word_1_340' title='bbox 3634 1769 3832 1840; x_wconf 75' lang='lat' dir='ltr'><strong>Iacry-</strong></span> 
     </span>
    </p>
   </div>
   <div class='ocr_carea' id='block_1_48' title="bbox 2223 1855 3834 1928">
    <p class='ocr_par' dir='ltr' id='par_1_48' title="bbox 2223 1855 3834 1928">
     <span class='ocr_line' id='line_1_48' title="bbox 2223 1855 3834 1928; baseline 0.002 -18"><span class='ocrx_word' id='word_1_341' title='bbox 2223 1872 2456 1922; x_wconf 83' lang='lat' dir='ltr'><strong>marum,</strong></span> <span class='ocrx_word' id='word_1_342' title='bbox 2488 1872 2598 1927; x_wconf 91' lang='lat' dir='ltr'><strong>quo</strong></span> <span class='ocrx_word' id='word_1_343' title='bbox 2620 1855 2788 1911; x_wconf 88' lang='lat' dir='ltr'><strong>David</strong></span> <span class='ocrx_word' id='word_1_344' title='bbox 2812 1873 3033 1926; x_wconf 87' lang='lat' dir='ltr'><strong>quoque</strong></span> <span class='ocrx_word' id='word_1_345' title='bbox 3077 1858 3471 1925; x_wconf 82' lang='lat' dir='ltr'><strong>baptizabatur,</strong></span> <span class='ocrx_word' id='word_1_346' title='bbox 3501 1874 3569 1912; x_wconf 79' lang='lat' dir='ltr'><strong>ac</strong></span> <span class='ocrx_word' id='word_1_347' title='bbox 3584 1860 3834 1928; x_wconf 85' lang='lat' dir='ltr'><strong>proinde</strong></span> 
     </span>
    </p>
   </div>
   <div class='ocr_carea' id='block_1_49' title="bbox 2223 1949 3824 2021">
    <p class='ocr_par' dir='ltr' id='par_1_49' title="bbox 2223 1949 3824 2021">
     <span class='ocr_line' id='line_1_49' title="bbox 2223 1949 3824 2021; baseline -0.001 -17"><span class='ocrx_word' id='word_1_348' title='bbox 2223 1950 2483 2005; x_wconf 85' lang='lat' dir='ltr'><strong>dicebat:</strong></span> <span class='ocrx_word' id='word_1_349' title='bbox 2525 1949 2734 2004; x_wconf 83' lang='lat' dir='ltr'><strong>Lavabo</strong></span> <span class='ocrx_word' id='word_1_350' title='bbox 2762 1966 2856 2020; x_wconf 86' lang='lat' dir='ltr'><strong>per</strong></span> <span class='ocrx_word' id='word_1_351' title='bbox 2902 1949 3142 2021; x_wconf 87' lang='lat' dir='ltr'><strong>singulas</strong></span> <span class='ocrx_word' id='word_1_352' title='bbox 3170 1961 3345 2004; x_wconf 85' lang='lat' dir='ltr'><strong>noctes</strong></span> <span class='ocrx_word' id='word_1_353' title='bbox 3378 1950 3575 2004; x_wconf 86' lang='lat' dir='ltr'><strong>lectum</strong></span> <span class='ocrx_word' id='word_1_354' title='bbox 3615 1968 3824 2014; x_wconf 75' lang='lat' dir='ltr'><strong>meum,</strong></span> 
     </span>
    </p>
   </div>
   <div class='ocr_carea' id='block_1_50' title="bbox 2221 2043 3828 2115">
    <p class='ocr_par' dir='ltr' id='par_1_50' title="bbox 2221 2043 3828 2115">
     <span class='ocr_line' id='line_1_50' title="bbox 2221 2043 3828 2115; baseline 0.002 -20"><span class='ocrx_word' id='word_1_355' title='bbox 2221 2044 2473 2115; x_wconf 83' lang='lat' dir='ltr'><strong>lacrgmis</strong></span> <span class='ocrx_word' id='word_1_356' title='bbox 2522 2045 2653 2097; x_wconf 89' lang='lat' dir='ltr'><strong>meis</strong></span> <span class='ocrx_word' id='word_1_357' title='bbox 2719 2052 2948 2096; x_wconf 85' lang='lat' dir='ltr'><strong>stratum</strong></span> <span class='ocrx_word' id='word_1_358' title='bbox 3010 2060 3183 2097; x_wconf 86' lang='lat' dir='ltr'><strong>meum</strong></span> <span class='ocrx_word' id='word_1_359' title='bbox 3244 2043 3426 2112; x_wconf 79' lang='lat' dir='ltr'><strong>rigabo</strong></span> <span class='ocrx_word' id='word_1_360' title='bbox 3447 2045 3518 2098; x_wconf 88' lang='lat'><strong>&#39;&quot;.</strong></span> <span class='ocrx_word' id='word_1_361' title='bbox 3577 2043 3648 2098; x_wconf 83' lang='lat' dir='ltr'><strong>Et</strong></span> <span class='ocrx_word' id='word_1_362' title='bbox 3707 2047 3828 2099; x_wconf 75' lang='lat' dir='ltr'><strong>alio</strong></span> 
     </span>
    </p>
   </div>
   <div class='ocr_carea' id='block_1_51' title="bbox 2220 2133 3827 2205">
    <p class='ocr_par' dir='ltr' id='par_1_51' title="bbox 2220 2133 3827 2205">
     <span class='ocr_line' id='line_1_51' title="bbox 2220 2133 3827 2205; baseline 0.002 -20"><span class='ocrx_word' id='word_1_363' title='bbox 2220 2133 2342 2189; x_wconf 91' lang='lat' dir='ltr'><strong>loco</strong></span> <span class='ocrx_word' id='word_1_364' title='bbox 2380 2153 2392 2189; x_wconf 91' lang='lat'>:</span> <span class='ocrx_word' id='word_1_365' title='bbox 2429 2134 2562 2188; x_wconf 89' lang='lat' dir='ltr'><strong>Tota</strong></span> <span class='ocrx_word' id='word_1_366' title='bbox 2591 2135 2676 2188; x_wconf 85' lang='lat' dir='ltr'><strong>die</strong></span> <span class='ocrx_word' id='word_1_367' title='bbox 2705 2137 3055 2188; x_wconf 85' lang='lat' dir='ltr'><strong>contristatus</strong></span> <span class='ocrx_word' id='word_1_368' title='bbox 3093 2134 3427 2205; x_wconf 84' lang='lat' dir='ltr'><strong>ingrediebar</strong></span> <span class='ocrx_word' id='word_1_369' title='bbox 3448 2135 3519 2188; x_wconf 82' lang='lat'><strong>&quot;.</strong></span> <span class='ocrx_word' id='word_1_370' title='bbox 3569 2133 3638 2189; x_wconf 87' lang='lat' dir='ltr'><strong>Et</strong></span> <span class='ocrx_word' id='word_1_371' title='bbox 3689 2153 3827 2188; x_wconf 62' lang='lat' dir='ltr'><strong>rnr.</strong></span> 
     </span>
    </p>
   </div>
   <div class='ocr_carea' id='block_1_52' title="bbox 2219 2227 3814 2298">
    <p class='ocr_par' dir='ltr' id='par_1_52' title="bbox 2219 2227 3814 2298">
     <span class='ocr_line' id='line_1_52' title="bbox 2219 2227 3814 2298; baseline -0.001 -14"><span class='ocrx_word' id='word_1_372' title='bbox 2219 2244 2314 2285; x_wconf 86' lang='lat' dir='ltr'><strong>sus</strong></span> <span class='ocrx_word' id='word_1_373' title='bbox 2353 2247 2366 2283; x_wconf 94' lang='lat'>:</span> <span class='ocrx_word' id='word_1_374' title='bbox 2406 2229 2575 2292; x_wconf 82' lang='lat' dir='ltr'><strong>Quasi</strong></span> <span class='ocrx_word' id='word_1_375' title='bbox 2601 2228 2782 2298; x_wconf 86' lang='lat' dir='ltr'><strong>lugens</strong></span> <span class='ocrx_word' id='word_1_376' title='bbox 2809 2240 2856 2282; x_wconf 84' lang='lat' dir='ltr'><strong>et</strong></span> <span class='ocrx_word' id='word_1_377' title='bbox 2890 2230 3264 2293; x_wconf 87' lang='lat' dir='ltr'><strong>contristatus,</strong></span> <span class='ocrx_word' id='word_1_378' title='bbox 3297 2229 3372 2282; x_wconf 84' lang='lat' dir='ltr'><strong>sic</strong></span> <span class='ocrx_word' id='word_1_379' title='bbox 3397 2227 3814 2282; x_wconf 61' lang='lat' dir='ltr'><strong>humiliabnr&quot;.</strong></span> 
     </span>
    </p>
   </div>
   <div class='ocr_carea' id='block_1_53' title="bbox 2222 2306 3818 2390">
    <p class='ocr_par' dir='ltr' id='par_1_53' title="bbox 2222 2306 3818 2390">
     <span class='ocr_line' id='line_1_53' title="bbox 2222 2306 3818 2390; baseline 0.003 -18"><span class='ocrx_word' id='word_1_380' title='bbox 2222 2317 2352 2374; x_wconf 91' lang='lat' dir='ltr'><strong>Item</strong></span> <span class='ocrx_word' id='word_1_381' title='bbox 2384 2306 2398 2373; x_wconf 69' lang='grc' dir='ltr'><strong>ἑ</strong></span> <span class='ocrx_word' id='word_1_382' title='bbox 2455 2318 2524 2373; x_wconf 90' lang='lat' dir='ltr'><strong>Ut</strong></span> <span class='ocrx_word' id='word_1_383' title='bbox 2575 2319 2704 2388; x_wconf 81' lang='lat' dir='ltr'><strong>quid</strong></span> <span class='ocrx_word' id='word_1_384' title='bbox 2737 2319 2982 2389; x_wconf 85' lang='lat' dir='ltr'><strong>repulisti</strong></span> <span class='ocrx_word' id='word_1_385' title='bbox 3015 2337 3115 2383; x_wconf 86' lang='lat' dir='ltr'><strong>me,</strong></span> <span class='ocrx_word' id='word_1_386' title='bbox 3143 2329 3192 2374; x_wconf 90' lang='lat' dir='ltr'><strong>et</strong></span> <span class='ocrx_word' id='word_1_387' title='bbox 3244 2337 3408 2390; x_wconf 87' lang='lat' dir='ltr'><strong>quare</strong></span> <span class='ocrx_word' id='word_1_388' title='bbox 3452 2325 3818 2377; x_wconf 67' lang='lat' dir='ltr'><strong>contristent-3</strong></span> 
     </span>
    </p>
   </div>
   <div class='ocr_carea' id='block_1_54' title="bbox 2218 2409 3815 2482">
    <p class='ocr_par' dir='ltr' id='par_1_54' title="bbox 2218 2409 3815 2482">
     <span class='ocr_line' id='line_1_54' title="bbox 2218 2409 3815 2482; baseline 0 -18"><span class='ocrx_word' id='word_1_389' title='bbox 2218 2409 2498 2465; x_wconf 72' lang='lat' dir='ltr'><strong>incedo&quot;?</strong></span> <span class='ocrx_word' id='word_1_390' title='bbox 2528 2409 2591 2463; x_wconf 87' lang='lat' dir='ltr'><strong>Et</strong></span> <span class='ocrx_word' id='word_1_391' title='bbox 2634 2425 2870 2466; x_wconf 88' lang='lat' dir='ltr'><strong>rursus:</strong></span> <span class='ocrx_word' id='word_1_392' title='bbox 2919 2410 3243 2466; x_wconf 86' lang='lat' dir='ltr'><strong>Putruerunt</strong></span> <span class='ocrx_word' id='word_1_393' title='bbox 3281 2423 3332 2466; x_wconf 90' lang='lat' dir='ltr'><strong>et</strong></span> <span class='ocrx_word' id='word_1_394' title='bbox 3375 2427 3652 2482; x_wconf 64' lang='lat' dir='ltr'><strong>corrupte</strong></span> <span class='ocrx_word' id='word_1_395' title='bbox 3687 2427 3815 2468; x_wconf 69' lang='grc' dir='ltr'><em>ειιιιι</em></span> 
     </span>
    </p>
   </div>
   <div class='ocr_carea' id='block_1_55' title="bbox 2219 2501 3890 2575">
    <p class='ocr_par' dir='ltr' id='par_1_55' title="bbox 2219 2501 3890 2575">
     <span class='ocr_line' id='line_1_55' title="bbox 2219 2501 3890 2575; baseline 0.001 -18"><span class='ocrx_word' id='word_1_396' title='bbox 2219 2504 2492 2557; x_wconf 74' lang='lat' dir='ltr'><strong>cicatrices</strong></span> <span class='ocrx_word' id='word_1_397' title='bbox 2516 2504 2722 2558; x_wconf 70' lang='lat' dir='ltr'><strong>metu“.</strong></span> <span class='ocrx_word' id='word_1_398' title='bbox 2773 2501 2885 2557; x_wconf 82' lang='lat' dir='ltr'><strong>Iloc</strong></span> <span class='ocrx_word' id='word_1_399' title='bbox 2917 2511 3098 2558; x_wconf 84' lang='lat' dir='ltr'><strong>autem</strong></span> <span class='ocrx_word' id='word_1_400' title='bbox 3139 2505 3473 2572; x_wconf 76' lang='lat' dir='ltr'><strong>ptenitentia:</strong></span> <span class='ocrx_word' id='word_1_401' title='bbox 3518 2522 3654 2575; x_wconf 84' lang='lat' dir='ltr'><strong>pars</strong></span> <span class='ocrx_word' id='word_1_402' title='bbox 3705 2517 3814 2572; x_wconf 81' lang='lat' dir='ltr'><strong>est,</strong></span> <span class='ocrx_word' id='word_1_403' title='bbox 3883 2561 3890 2566; x_wconf 92' lang='lat'>_</span> 
     </span>
    </p>
   </div>
   <div class='ocr_carea' id='block_1_56' title="bbox 2219 2595 3811 2667">
    <p class='ocr_par' dir='ltr' id='par_1_56' title="bbox 2219 2595 3811 2667">
     <span class='ocr_line' id='line_1_56' title="bbox 2219 2595 3811 2667; baseline 0.003 -20"><span class='ocrx_word' id='word_1_404' title='bbox 2219 2609 2282 2648; x_wconf 90' lang='lat' dir='ltr'><strong>ac</strong></span> <span class='ocrx_word' id='word_1_405' title='bbox 2312 2595 2703 2663; x_wconf 65' lang='lat' dir='ltr'><strong>rcsipiscentiat</strong></span> <span class='ocrx_word' id='word_1_406' title='bbox 2743 2595 2960 2665; x_wconf 87' lang='lat' dir='ltr'><strong>signum</strong></span> <span class='ocrx_word' id='word_1_407' title='bbox 2985 2637 2999 2656; x_wconf 92' lang='lat'><strong>,</strong></span> <span class='ocrx_word' id='word_1_408' title='bbox 3035 2611 3159 2650; x_wconf 84' lang='lat' dir='ltr'><strong>cum</strong></span> <span class='ocrx_word' id='word_1_409' title='bbox 3192 2597 3318 2664; x_wconf 89' lang='lat' dir='ltr'><strong>quis</strong></span> <span class='ocrx_word' id='word_1_410' title='bbox 3352 2595 3575 2651; x_wconf 78' lang='lat' dir='ltr'><strong>ftetoris</strong></span> <span class='ocrx_word' id='word_1_411' title='bbox 3609 2614 3811 2667; x_wconf 84' lang='lat' dir='ltr'><strong>pecca-</strong></span> 
     </span>
    </p>
   </div>
   <div class='ocr_carea' id='block_1_57' title="bbox 2219 2687 3813 2748">
    <p class='ocr_par' dir='ltr' id='par_1_57' title="bbox 2219 2687 3813 2748">
     <span class='ocr_line' id='line_1_57' title="bbox 2219 2687 3813 2748; baseline 0.006 -9"><span class='ocrx_word' id='word_1_412' title='bbox 2219 2695 2396 2739; x_wconf 84' lang='lat' dir='ltr'><strong>torum</strong></span> <span class='ocrx_word' id='word_1_413' title='bbox 2430 2701 2654 2741; x_wconf 90' lang='lat' dir='ltr'><strong>suorum</strong></span> <span class='ocrx_word' id='word_1_414' title='bbox 2697 2703 2863 2743; x_wconf 91' lang='lat' dir='ltr'><strong>sensu</strong></span> <span class='ocrx_word' id='word_1_415' title='bbox 2894 2687 3148 2742; x_wconf 77' lang='lat' dir='ltr'><strong>afﬁcitur.</strong></span> <span class='ocrx_word' id='word_1_416' title='bbox 3189 2687 3321 2742; x_wconf 81' lang='lat' dir='ltr'><strong>Nam</strong></span> <span class='ocrx_word' id='word_1_417' title='bbox 3373 2689 3446 2743; x_wconf 90' lang='lat' dir='ltr'><strong>ita</strong></span> <span class='ocrx_word' id='word_1_418' title='bbox 3483 2691 3716 2745; x_wconf 85' lang='lat' dir='ltr'><strong>demum</strong></span> <span class='ocrx_word' id='word_1_419' title='bbox 3750 2709 3813 2748; x_wconf 78' lang='lat' dir='ltr'><strong>ea</strong></span> 
     </span>
    </p>
   </div>
   <div class='ocr_carea' id='block_1_58' title="bbox 2216 2778 3813 2849">
    <p class='ocr_par' dir='ltr' id='par_1_58' title="bbox 2216 2778 3813 2849">
     <span class='ocr_line' id='line_1_58' title="bbox 2216 2778 3813 2849; baseline 0.003 -21"><span class='ocrx_word' id='word_1_420' title='bbox 2216 2778 2375 2846; x_wconf 81' lang='lat' dir='ltr'><strong>digna</strong></span> <span class='ocrx_word' id='word_1_421' title='bbox 2423 2779 2799 2833; x_wconf 79' lang='lat' dir='ltr'><strong>exsecratione</strong></span> <span class='ocrx_word' id='word_1_422' title='bbox 2853 2781 3228 2849; x_wconf 85' lang='lat' dir='ltr'><strong>prosequitur.</strong></span> <span class='ocrx_word' id='word_1_423' title='bbox 3283 2779 3430 2835; x_wconf 91' lang='lat' dir='ltr'><strong>Idem</strong></span> <span class='ocrx_word' id='word_1_424' title='bbox 3483 2783 3658 2836; x_wconf 88' lang='lat' dir='ltr'><strong>etiam</strong></span> <span class='ocrx_word' id='word_1_425' title='bbox 3698 2784 3813 2838; x_wconf 68' lang='lat' dir='ltr'><strong>Ila-</strong></span> 
     </span>
    </p>
   </div>
   <div class='ocr_carea' id='block_1_59' title="bbox 2220 2870 3809 2942">
    <p class='ocr_par' dir='ltr' id='par_1_59' title="bbox 2220 2870 3809 2942">
     <span class='ocr_line' id='line_1_59' title="bbox 2220 2870 3809 2942; baseline 0.003 -18"><span class='ocrx_word' id='word_1_426' title='bbox 2220 2870 2402 2925; x_wconf 85' lang='lat' dir='ltr'><strong>nassis</strong></span> <span class='ocrx_word' id='word_1_427' title='bbox 2476 2873 2892 2926; x_wconf 88' lang='lat' dir='ltr'><strong>conversionem</strong></span> <span class='ocrx_word' id='word_1_428' title='bbox 2954 2873 3243 2939; x_wconf 90' lang='lat' dir='ltr'><strong>imitatur,</strong></span> <span class='ocrx_word' id='word_1_429' title='bbox 3301 2889 3467 2942; x_wconf 90' lang='lat' dir='ltr'><strong>quam</strong></span> <span class='ocrx_word' id='word_1_430' title='bbox 3525 2877 3809 2928; x_wconf 85' lang='lat' dir='ltr'><strong>secundus</strong></span> 
     </span>
    </p>
   </div>
   <div class='ocr_carea' id='block_1_60' title="bbox 2216 2963 3807 3034">
    <p class='ocr_par' dir='ltr' id='par_1_60' title="bbox 2216 2963 3807 3034">
     <span class='ocr_line' id='line_1_60' title="bbox 2216 2963 3807 3034; baseline 0.002 -16"><span class='ocrx_word' id='word_1_431' title='bbox 2216 2963 2669 3032; x_wconf 88' lang='lat' dir='ltr'><strong>Paralipomenon</strong></span> <span class='ocrx_word' id='word_1_432' title='bbox 2734 2965 2872 3019; x_wconf 88' lang='lat' dir='ltr'><strong>liber</strong></span> <span class='ocrx_word' id='word_1_433' title='bbox 2920 2965 3199 3018; x_wconf 75' lang='lat' dir='ltr'><strong>memoriae</strong></span> <span class='ocrx_word' id='word_1_434' title='bbox 3232 2965 3549 3034; x_wconf 79' lang='lat' dir='ltr'><strong>prodidit&quot;.</strong></span> <span class='ocrx_word' id='word_1_435' title='bbox 3595 2966 3807 3021; x_wconf 68' lang='lat' dir='ltr'><strong>Ninivi-</strong></span> 
     </span>
    </p>
   </div>
   <div class='ocr_carea' id='block_1_61' title="bbox 535 3054 3803 3134">
    <p class='ocr_par' dir='ltr' id='par_1_61' title="bbox 535 3054 3803 3134">
     <span class='ocr_line' id='line_1_61' title="bbox 535 3054 3803 3134; baseline 0.003 -31"><span class='ocrx_word' id='word_1_436' title='bbox 535 3059 692 3122; x_wconf 71' lang='lat' dir='ltr'><strong>tiam,</strong></span> <span class='ocrx_word' id='word_1_437' title='bbox 736 3065 993 3112; x_wconf 55' lang='lat' dir='ltr'><strong>caeterum</strong></span> <span class='ocrx_word' id='word_1_438' title='bbox 1042 3073 1150 3112; x_wconf 85' lang='lat' dir='ltr'><strong>non</strong></span> <span class='ocrx_word' id='word_1_439' title='bbox 1204 3058 1260 3112; x_wconf 85' lang='lat' dir='ltr'><strong>in</strong></span> <span class='ocrx_word' id='word_1_440' title='bbox 1315 3057 1541 3128; x_wconf 72' lang='lat' dir='ltr'><strong>Spiritu,</strong></span> <span class='ocrx_word' id='word_1_441' title='bbox 1575 3059 1846 3127; x_wconf 57' lang='lat' dir='ltr'><strong>Tel-lium,</strong></span> <span class='ocrx_word' id='word_1_442' title='bbox 1905 3080 2097 3134; x_wconf 72' lang='lat' dir='ltr'><strong>nempe</strong></span> <span class='ocrx_word' id='word_1_443' title='bbox 2127 3072 2169 3128; x_wconf 71' lang='grc' dir='ltr'><em>ε</em></span> <span class='ocrx_word' id='word_1_444' title='bbox 2210 3071 2384 3116; x_wconf 67' lang='lat' dir='ltr'><strong>tarum</strong></span> <span class='ocrx_word' id='word_1_445' title='bbox 2431 3054 2558 3108; x_wconf 88' lang='lat' dir='ltr'><strong>item</strong></span> <span class='ocrx_word' id='word_1_446' title='bbox 2591 3054 2914 3110; x_wconf 86' lang='lat' dir='ltr'><strong>humilitatis</strong></span> <span class='ocrx_word' id='word_1_447' title='bbox 2944 3055 3200 3110; x_wconf 68' lang='lat' dir='ltr'><strong>aemulum</strong></span> <span class='ocrx_word' id='word_1_448' title='bbox 3251 3072 3311 3111; x_wconf 86' lang='lat' dir='ltr'><strong>se</strong></span> <span class='ocrx_word' id='word_1_449' title='bbox 3343 3057 3586 3127; x_wconf 54' lang='lat' dir='ltr'><strong>prabet,</strong></span> <span class='ocrx_word' id='word_1_450' title='bbox 3632 3075 3803 3128; x_wconf 81' lang='lat' dir='ltr'><strong>quam</strong></span> 
     </span>
    </p>
   </div>
   <div class='ocr_carea' id='block_1_62' title="bbox 535 3147 2111 3224">
    <p class='ocr_par' dir='ltr' id='par_1_62' title="bbox 535 3147 2111 3224">
     <span class='ocr_line' id='line_1_62' title="bbox 535 3147 2111 3224; baseline 0.008 -22"><span class='ocrx_word' id='word_1_451' title='bbox 535 3147 740 3202; x_wconf 84' lang='lat' dir='ltr'><strong>Christi</strong></span> <span class='ocrx_word' id='word_1_452' title='bbox 801 3149 1124 3217; x_wconf 81' lang='lat' dir='ltr'><strong>baptisma,</strong></span> <span class='ocrx_word' id='word_1_453' title='bbox 1190 3149 1493 3219; x_wconf 87' lang='lat' dir='ltr'><strong>perfectum</strong></span> <span class='ocrx_word' id='word_1_454' title='bbox 1550 3164 1672 3219; x_wconf 88' lang='lat' dir='ltr'><strong>est,</strong></span> <span class='ocrx_word' id='word_1_455' title='bbox 1734 3157 1994 3224; x_wconf 90' lang='lat' dir='ltr'><strong>quoniam</strong></span> <span class='ocrx_word' id='word_1_456' title='bbox 2057 3161 2111 3214; x_wconf 93' lang='lat' dir='ltr'><strong>in</strong></span> 
     </span>
    </p>
   </div>
   <div class='ocr_carea' id='block_1_63' title="bbox 536 3240 2113 3320">
    <p class='ocr_par' dir='ltr' id='par_1_63' title="bbox 536 3240 2113 3320">
     <span class='ocr_line' id='line_1_63' title="bbox 536 3240 2113 3320; baseline 0.008 -29"><span class='ocrx_word' id='word_1_457' title='bbox 536 3240 762 3308; x_wconf 81' lang='lat' dir='ltr'><strong>Spiritu.</strong></span> <span class='ocrx_word' id='word_1_458' title='bbox 800 3240 902 3294; x_wconf 86' lang='lat' dir='ltr'><strong>llic</strong></span> <span class='ocrx_word' id='word_1_459' title='bbox 927 3253 1001 3295; x_wconf 87' lang='lat' dir='ltr'><strong>est</strong></span> <span class='ocrx_word' id='word_1_460' title='bbox 1019 3241 1190 3305; x_wconf 88' lang='lat' dir='ltr'><strong>enim,</strong></span> <span class='ocrx_word' id='word_1_461' title='bbox 1221 3243 1416 3311; x_wconf 89' lang='lat' dir='ltr'><strong>inquit,</strong></span> <span class='ocrx_word' id='word_1_462' title='bbox 1440 3246 1529 3313; x_wconf 85' lang='lat' dir='ltr'><strong>qui</strong></span> <span class='ocrx_word' id='word_1_463' title='bbox 1557 3245 1792 3314; x_wconf 73' lang='lat' dir='ltr'><strong>baptizat</strong></span> <span class='ocrx_word' id='word_1_464' title='bbox 1820 3248 1873 3301; x_wconf 87' lang='lat' dir='ltr'><strong>in</strong></span> <span class='ocrx_word' id='word_1_465' title='bbox 1906 3247 2113 3320; x_wconf 86' lang='lat' dir='ltr'><strong>Spiritu</strong></span> 
     </span>
    </p>
   </div>
   <div class='ocr_carea' id='block_1_64' title="bbox 537 3333 2111 3405">
    <p class='ocr_par' dir='ltr' id='par_1_64' title="bbox 537 3333 2111 3405">
     <span class='ocr_line' id='line_1_64' title="bbox 537 3333 2111 3405; baseline 0.01 -21"><span class='ocrx_word' id='word_1_466' title='bbox 537 3334 796 3386; x_wconf 78' lang='lat' dir='ltr'><strong>sancto&quot;.</strong></span> <span class='ocrx_word' id='word_1_467' title='bbox 831 3333 895 3390; x_wconf 85' lang='lat' dir='ltr'><strong>Et</strong></span> <span class='ocrx_word' id='word_1_468' title='bbox 923 3352 937 3388; x_wconf 90' lang='lat'><strong>:</strong></span> <span class='ocrx_word' id='word_1_469' title='bbox 972 3333 1092 3404; x_wconf 84' lang='lat' dir='ltr'><strong>Ipse</strong></span> <span class='ocrx_word' id='word_1_470' title='bbox 1114 3335 1408 3405; x_wconf 78' lang='lat' dir='ltr'><strong>baptizabit</strong></span> <span class='ocrx_word' id='word_1_471' title='bbox 1428 3353 1513 3391; x_wconf 89' lang='lat' dir='ltr'><strong>ros</strong></span> <span class='ocrx_word' id='word_1_472' title='bbox 1534 3337 1586 3390; x_wconf 86' lang='lat' dir='ltr'><strong>iu</strong></span> <span class='ocrx_word' id='word_1_473' title='bbox 1609 3336 1817 3404; x_wconf 84' lang='lat' dir='ltr'><strong>Spiritu</strong></span> <span class='ocrx_word' id='word_1_474' title='bbox 1837 3353 2021 3396; x_wconf 86' lang='lat' dir='ltr'><strong>sancto</strong></span> <span class='ocrx_word' id='word_1_475' title='bbox 2043 3344 2111 3399; x_wconf 77' lang='grc'><strong>⁷⁸.</strong></span> 
     </span>
    </p>
   </div>
   <div class='ocr_carea' id='block_1_65' title="bbox 539 3423 2106 3502">
    <p class='ocr_par' dir='ltr' id='par_1_65' title="bbox 539 3423 2106 3502">
     <span class='ocr_line' id='line_1_65' title="bbox 539 3423 2106 3502; baseline 0.006 -26"><span class='ocrx_word' id='word_1_476' title='bbox 539 3423 586 3477; x_wconf 73' lang='lat' dir='ltr'><strong>Is</strong></span> <span class='ocrx_word' id='word_1_477' title='bbox 617 3423 784 3489; x_wconf 88' lang='lat' dir='ltr'><strong>enim,</strong></span> <span class='ocrx_word' id='word_1_478' title='bbox 823 3425 914 3494; x_wconf 90' lang='lat' dir='ltr'><strong>qtti</strong></span> <span class='ocrx_word' id='word_1_479' title='bbox 944 3425 1254 3493; x_wconf 88' lang='lat' dir='ltr'><strong>baptizandi</strong></span> <span class='ocrx_word' id='word_1_480' title='bbox 1281 3441 1508 3481; x_wconf 88' lang='lat' dir='ltr'><strong>munere</strong></span> <span class='ocrx_word' id='word_1_481' title='bbox 1543 3425 1694 3498; x_wconf 82' lang='lat' dir='ltr'><strong>fungi</strong></span> <span class='ocrx_word' id='word_1_482' title='bbox 1723 3429 1894 3494; x_wconf 89' lang='lat' dir='ltr'><strong>iubet,</strong></span> <span class='ocrx_word' id='word_1_483' title='bbox 1928 3431 2106 3502; x_wconf 83' lang='lat' dir='ltr'><strong>bapti-</strong></span> 
     </span>
    </p>
   </div>
   <div class='ocr_carea' id='block_1_66' title="bbox 537 3515 2115 3591">
    <p class='ocr_par' dir='ltr' id='par_1_66' title="bbox 537 3515 2115 3591">
     <span class='ocr_line' id='line_1_66' title="bbox 537 3515 2115 3591; baseline 0.006 -23"><span class='ocrx_word' id='word_1_484' title='bbox 537 3531 662 3570; x_wconf 82' lang='lat' dir='ltr'><strong>zare</strong></span> <span class='ocrx_word' id='word_1_485' title='bbox 693 3516 915 3570; x_wconf 88' lang='lat' dir='ltr'><strong>dicitur.</strong></span> <span class='ocrx_word' id='word_1_486' title='bbox 962 3516 1231 3584; x_wconf 83' lang='lat' dir='ltr'><strong>Quocirca</strong></span> <span class='ocrx_word' id='word_1_487' title='bbox 1273 3515 1497 3573; x_wconf 74' lang='lat' dir='ltr'><strong>Joannis</strong></span> <span class='ocrx_word' id='word_1_488' title='bbox 1549 3519 1855 3589; x_wconf 88' lang='lat' dir='ltr'><strong>baptismus</strong></span> <span class='ocrx_word' id='word_1_489' title='bbox 1886 3523 2115 3591; x_wconf 88' lang='lat' dir='ltr'><strong>puerilis</strong></span> 
     </span>
    </p>
   </div>
   <div class='ocr_carea' id='block_1_67' title="bbox 536 3606 2113 3673">
    <p class='ocr_par' dir='ltr' id='par_1_67' title="bbox 536 3606 2113 3673">
     <span class='ocr_line' id='line_1_67' title="bbox 536 3606 2113 3673; baseline 0.006 -16"><span class='ocrx_word' id='word_1_490' title='bbox 536 3606 825 3673; x_wconf 80' lang='lat' dir='ltr'><strong>cujusdam</strong></span> <span class='ocrx_word' id='word_1_491' title='bbox 897 3607 1259 3661; x_wconf 86' lang='lat' dir='ltr'><strong>institutionis</strong></span> <span class='ocrx_word' id='word_1_492' title='bbox 1326 3608 1444 3662; x_wconf 88' lang='lat' dir='ltr'><strong>vice</strong></span> <span class='ocrx_word' id='word_1_493' title='bbox 1482 3609 1874 3666; x_wconf 79' lang='lat' dir='ltr'><strong>erat:Cltristi</strong></span> <span class='ocrx_word' id='word_1_494' title='bbox 1932 3623 2113 3666; x_wconf 83' lang='lat' dir='ltr'><strong>autem</strong></span> 
     </span>
    </p>
   </div>
   <div class='ocr_carea' id='block_1_68' title="bbox 540 3696 2111 3772">
    <p class='ocr_par' dir='ltr' id='par_1_68' title="bbox 540 3696 2111 3772">
     <span class='ocr_line' id='line_1_68' title="bbox 540 3696 2111 3772; baseline 0.007 -22"><span class='ocrx_word' id='word_1_495' title='bbox 540 3697 846 3767; x_wconf 85' lang='lat' dir='ltr'><strong>baptistnus</strong></span> <span class='ocrx_word' id='word_1_496' title='bbox 877 3696 1267 3768; x_wconf 79' lang='lat' dir='ltr'><strong>perfectionem</strong></span> <span class='ocrx_word' id='word_1_497' title='bbox 1295 3698 1576 3755; x_wconf 86' lang='lat' dir='ltr'><strong>all&#39;erebat.</strong></span> <span class='ocrx_word' id='word_1_498' title='bbox 1620 3699 1709 3756; x_wconf 90' lang='lat' dir='ltr'><strong>Ille</strong></span> <span class='ocrx_word' id='word_1_499' title='bbox 1745 3703 2111 3772; x_wconf 63' lang='lat' dir='ltr'><strong>paenitentia}:</strong></span> 
     </span>
    </p>
   </div>
   <div class='ocr_carea' id='block_1_69' title="bbox 541 3790 2118 3864">
    <p class='ocr_par' dir='ltr' id='par_1_69' title="bbox 541 3790 2118 3864">
     <span class='ocr_line' id='line_1_69' title="bbox 541 3790 2118 3864; baseline 0.006 -22"><span class='ocrx_word' id='word_1_500' title='bbox 541 3791 630 3845; x_wconf 88' lang='lat' dir='ltr'><strong>hic</strong></span> <span class='ocrx_word' id='word_1_501' title='bbox 657 3790 993 3859; x_wconf 81' lang='lat' dir='ltr'><strong>adoptionis.</strong></span> <span class='ocrx_word' id='word_1_502' title='bbox 1049 3791 1143 3844; x_wconf 87' lang='lat' dir='ltr'><strong>Ille</strong></span> <span class='ocrx_word' id='word_1_503' title='bbox 1193 3793 1437 3846; x_wconf 90' lang='lat' dir='ltr'><strong>secessio</strong></span> <span class='ocrx_word' id='word_1_504' title='bbox 1483 3803 1603 3847; x_wconf 91' lang='lat' dir='ltr'><strong>erat</strong></span> <span class='ocrx_word' id='word_1_505' title='bbox 1654 3809 1684 3848; x_wconf 90' lang='lat' dir='ltr'><strong>a</strong></span> <span class='ocrx_word' id='word_1_506' title='bbox 1719 3804 1986 3864; x_wconf 84' lang='lat' dir='ltr'><strong>peccato:</strong></span> <span class='ocrx_word' id='word_1_507' title='bbox 2030 3797 2118 3852; x_wconf 90' lang='lat' dir='ltr'><strong>hic</strong></span> 
     </span>
    </p>
   </div>
   <div class='ocr_carea' id='block_1_70' title="bbox 540 3883 2118 3956">
    <p class='ocr_par' dir='ltr' id='par_1_70' title="bbox 540 3883 2118 3956">
     <span class='ocr_line' id='line_1_70' title="bbox 540 3883 2118 3956; baseline 0.006 -20"><span class='ocrx_word' id='word_1_508' title='bbox 540 3883 821 3952; x_wconf 87' lang='lat' dir='ltr'><strong>adjunctio</strong></span> <span class='ocrx_word' id='word_1_509' title='bbox 879 3884 947 3938; x_wconf 90' lang='lat' dir='ltr'><strong>ad</strong></span> <span class='ocrx_word' id='word_1_510' title='bbox 1013 3885 1204 3939; x_wconf 91' lang='lat' dir='ltr'><strong>Deum.</strong></span> <span class='ocrx_word' id='word_1_511' title='bbox 1264 3885 1421 3949; x_wconf 82' lang='lat' dir='ltr'><strong>Quod</strong></span> <span class='ocrx_word' id='word_1_512' title='bbox 1475 3886 1522 3941; x_wconf 91' lang='lat' dir='ltr'><strong>si</strong></span> <span class='ocrx_word' id='word_1_513' title='bbox 1593 3887 1831 3956; x_wconf 80' lang='lat' dir='ltr'><strong>Spiritus</strong></span> <span class='ocrx_word' id='word_1_514' title='bbox 1870 3890 2118 3946; x_wconf 83' lang='lat' dir='ltr'><strong>homines</strong></span> 
     </span>
    </p>
   </div>
   <div class='ocr_carea' id='block_1_71' title="bbox 542 3969 2115 4052">
    <p class='ocr_par' dir='ltr' id='par_1_71' title="bbox 542 3969 2115 4052">
     <span class='ocr_line' id='line_1_71' title="bbox 542 3969 2115 4052; baseline 0.006 -24"><span class='ocrx_word' id='word_1_515' title='bbox 542 3976 773 4043; x_wconf 87' lang='lat' dir='ltr'><strong>perlicit,</strong></span> <span class='ocrx_word' id='word_1_516' title='bbox 825 3992 888 4030; x_wconf 91' lang='lat' dir='ltr'><strong>ac</strong></span> <span class='ocrx_word' id='word_1_517' title='bbox 927 3978 1208 4032; x_wconf 89' lang='lat' dir='ltr'><strong>divinitate</strong></span> <span class='ocrx_word' id='word_1_518' title='bbox 1269 3969 1466 4045; x_wconf 60' lang='lat' dir='ltr'><strong>allicit,</strong></span> <span class='ocrx_word' id='word_1_519' title='bbox 1499 3979 1632 4049; x_wconf 90' lang='lat' dir='ltr'><strong>quid</strong></span> <span class='ocrx_word' id='word_1_520' title='bbox 1681 3979 1864 4036; x_wconf 83' lang='lat' dir='ltr'><strong>all&#39;erri</strong></span> <span class='ocrx_word' id='word_1_521' title='bbox 1913 3992 2115 4052; x_wconf 79' lang='lat' dir='ltr'><strong>potest,</strong></span> 
     </span>
    </p>
   </div>
   <div class='ocr_carea' id='block_1_72' title="bbox 541 4067 2118 4142">
    <p class='ocr_par' dir='ltr' id='par_1_72' title="bbox 541 4067 2118 4142">
     <span class='ocr_line' id='line_1_72' title="bbox 541 4067 2118 4142; baseline 0.008 -23"><span class='ocrx_word' id='word_1_522' title='bbox 541 4067 674 4136; x_wconf 88' lang='lat' dir='ltr'><strong>quin</strong></span> <span class='ocrx_word' id='word_1_523' title='bbox 709 4068 824 4137; x_wconf 88' lang='lat' dir='ltr'><strong>ipse</strong></span> <span class='ocrx_word' id='word_1_524' title='bbox 857 4068 995 4124; x_wconf 91' lang='lat' dir='ltr'><strong>Dens</strong></span> <span class='ocrx_word' id='word_1_525' title='bbox 1023 4070 1132 4123; x_wconf 86' lang='lat' dir='ltr'><strong>sit?</strong></span> <span class='ocrx_word' id='word_1_526' title='bbox 1159 4069 1327 4142; x_wconf 85' lang='lat' dir='ltr'><strong>(libet</strong></span> <span class='ocrx_word' id='word_1_527' title='bbox 1349 4073 1489 4126; x_wconf 70' lang='lat' dir='ltr'><strong>enim</strong></span> <span class='ocrx_word' id='word_1_528' title='bbox 1521 4072 1697 4127; x_wconf 83' lang='lat' dir='ltr'><strong>obiter</strong></span> <span class='ocrx_word' id='word_1_529' title='bbox 1725 4075 1827 4129; x_wconf 91' lang='lat' dir='ltr'><strong>hoc</strong></span> <span class='ocrx_word' id='word_1_530' title='bbox 1858 4084 2118 4131; x_wconf 81' lang='lat' dir='ltr'><strong>excutere</strong></span> 
     </span>
    </p>
   </div>
   <div class='ocr_carea' id='block_1_73' title="bbox 543 4161 2120 4234">
    <p class='ocr_par' dir='ltr' id='par_1_73' title="bbox 543 4161 2120 4234">
     <span class='ocr_line' id='line_1_73' title="bbox 543 4161 2120 4234; baseline 0.004 -19"><span class='ocrx_word' id='word_1_531' title='bbox 543 4170 598 4215; x_wconf 83' lang='lat' dir='ltr'><strong>et</strong></span> <span class='ocrx_word' id='word_1_532' title='bbox 627 4161 950 4230; x_wconf 86' lang='lat' dir='ltr'><strong>disputare.)</strong></span> <span class='ocrx_word' id='word_1_533' title='bbox 989 4161 1240 4231; x_wconf 88' lang='lat' dir='ltr'><strong>Cumque</strong></span> <span class='ocrx_word' id='word_1_534' title='bbox 1289 4173 1346 4217; x_wconf 91' lang='lat' dir='ltr'><strong>tu</strong></span> <span class='ocrx_word' id='word_1_535' title='bbox 1401 4175 1623 4234; x_wconf 89' lang='lat' dir='ltr'><strong>propter</strong></span> <span class='ocrx_word' id='word_1_536' title='bbox 1670 4165 1936 4233; x_wconf 87' lang='lat' dir='ltr'><strong>Spiritum</strong></span> <span class='ocrx_word' id='word_1_537' title='bbox 1976 4165 2120 4222; x_wconf 82' lang='lat' dir='ltr'><strong>Deus</strong></span> 
     </span>
    </p>
   </div>
   <div class='ocr_carea' id='block_1_74' title="bbox 543 4254 2118 4324">
    <p class='ocr_par' dir='ltr' id='par_1_74' title="bbox 543 4254 2118 4324">
     <span class='ocr_line' id='line_1_74' title="bbox 543 4254 2118 4324; baseline 0.004 -16"><span class='ocrx_word' id='word_1_538' title='bbox 543 4255 647 4318; x_wconf 85' lang='lat' dir='ltr'><strong>sis,</strong></span> <span class='ocrx_word' id='word_1_539' title='bbox 674 4269 785 4324; x_wconf 91' lang='lat' dir='ltr'><strong>quo</strong></span> <span class='ocrx_word' id='word_1_540' title='bbox 811 4254 1027 4310; x_wconf 91' lang='lat' dir='ltr'><strong>tandem</strong></span> <span class='ocrx_word' id='word_1_541' title='bbox 1057 4254 1219 4309; x_wconf 86' lang='lat' dir='ltr'><strong>modo</strong></span> <span class='ocrx_word' id='word_1_542' title='bbox 1251 4254 1492 4324; x_wconf 86' lang='lat' dir='ltr'><strong>Spiritus</strong></span> <span class='ocrx_word' id='word_1_543' title='bbox 1524 4272 1560 4310; x_wconf 86' lang='lat' dir='ltr'><strong>a</strong></span> <span class='ocrx_word' id='word_1_544' title='bbox 1582 4257 1869 4312; x_wconf 81' lang='lat' dir='ltr'><strong>divinitate</strong></span> <span class='ocrx_word' id='word_1_545' title='bbox 1901 4259 2118 4314; x_wconf 88' lang='lat' dir='ltr'><strong>alienus</strong></span> 
     </span>
    </p>
   </div>
   <div class='ocr_carea' id='block_1_75' title="bbox 541 4335 2118 4420">
    <p class='ocr_par' dir='ltr' id='par_1_75' title="bbox 541 4335 2118 4420">
     <span class='ocr_line' id='line_1_75' title="bbox 541 4335 2118 4420; baseline 0.002 -20"><span class='ocrx_word' id='word_1_546' title='bbox 541 4347 786 4402; x_wconf 81' lang='lat' dir='ltr'><strong>erit?At</strong></span> <span class='ocrx_word' id='word_1_547' title='bbox 830 4347 1079 4420; x_wconf 84' lang='lat' dir='ltr'><strong>profecto</strong></span> <span class='ocrx_word' id='word_1_548' title='bbox 1116 4347 1366 4404; x_wconf 81' lang='lat' dir='ltr'><strong>divinum</strong></span> <span class='ocrx_word' id='word_1_549' title='bbox 1419 4349 1685 4419; x_wconf 82' lang='lat' dir='ltr'><strong>Spiritum</strong></span> <span class='ocrx_word' id='word_1_550' title='bbox 1721 4359 1775 4405; x_wconf 83' lang='lat' dir='ltr'><strong>et</strong></span> <span class='ocrx_word' id='word_1_551' title='bbox 1807 4335 1871 4405; x_wconf 81' lang='lat' dir='ltr'><strong>ex</strong></span> <span class='ocrx_word' id='word_1_552' title='bbox 1899 4351 2029 4414; x_wconf 85' lang='lat' dir='ltr'><strong>Deo,</strong></span> <span class='ocrx_word' id='word_1_553' title='bbox 2065 4361 2118 4404; x_wconf 90' lang='lat' dir='ltr'><strong>et</strong></span> 
     </span>
    </p>
   </div>
   <div class='ocr_carea' id='block_1_76' title="bbox 2214 3146 3797 3218">
    <p class='ocr_par' dir='ltr' id='par_1_76' title="bbox 2214 3146 3797 3218">
     <span class='ocr_line' id='line_1_76' title="bbox 2214 3146 3797 3218; baseline -0.001 -16"><span class='ocrx_word' id='word_1_554' title='bbox 2214 3146 2383 3203; x_wconf 87' lang='lat' dir='ltr'><strong>Jonas</strong></span> <span class='ocrx_word' id='word_1_555' title='bbox 2453 3146 2713 3216; x_wconf 86' lang='lat' dir='ltr'><strong>propheta</strong></span> <span class='ocrx_word' id='word_1_556' title='bbox 2777 3147 3038 3201; x_wconf 86' lang='lat' dir='ltr'><strong>describit</strong></span> <span class='ocrx_word' id='word_1_557' title='bbox 3068 3147 3135 3200; x_wconf 79' lang='grc'><strong>⁸³.</strong></span> <span class='ocrx_word' id='word_1_558' title='bbox 3188 3147 3370 3218; x_wconf 87' lang='lat' dir='ltr'><strong>Atque</strong></span> <span class='ocrx_word' id='word_1_559' title='bbox 3435 3149 3594 3202; x_wconf 85' lang='lat' dir='ltr'><strong>etiam</strong></span> <span class='ocrx_word' id='word_1_560' title='bbox 3664 3165 3797 3202; x_wconf 89' lang='lat' dir='ltr'><strong>cum</strong></span> 
     </span>
    </p>
   </div>
   <div class='ocr_carea' id='block_1_77' title="bbox 2216 3239 3798 3312">
    <p class='ocr_par' dir='ltr' id='par_1_77' title="bbox 2216 3239 3798 3312">
     <span class='ocr_line' id='line_1_77' title="bbox 2216 3239 3798 3312; baseline 0 -16"><span class='ocrx_word' id='word_1_561' title='bbox 2216 3242 2504 3312; x_wconf 83' lang='lat' dir='ltr'><strong>publicano</strong></span> <span class='ocrx_word' id='word_1_562' title='bbox 2523 3240 2654 3296; x_wconf 90' lang='lat' dir='ltr'><strong>dicit</strong></span> <span class='ocrx_word' id='word_1_563' title='bbox 2682 3260 2694 3294; x_wconf 89' lang='lat'>:</span> <span class='ocrx_word' id='word_1_564' title='bbox 2713 3239 2874 3305; x_wconf 89' lang='lat' dir='ltr'><strong>Deus,</strong></span> <span class='ocrx_word' id='word_1_565' title='bbox 2906 3241 3166 3310; x_wconf 84' lang='lat' dir='ltr'><strong>propitius</strong></span> <span class='ocrx_word' id='word_1_566' title='bbox 3182 3250 3295 3293; x_wconf 84' lang='lat' dir='ltr'><strong>esto</strong></span> <span class='ocrx_word' id='word_1_567' title='bbox 3314 3241 3442 3293; x_wconf 80' lang='lat' dir='ltr'><strong>mihi</strong></span> <span class='ocrx_word' id='word_1_568' title='bbox 3457 3242 3798 3309; x_wconf 74' lang='lat' dir='ltr'><strong>peccatori“.</strong></span> 
     </span>
    </p>
   </div>
   <div class='ocr_carea' id='block_1_78' title="bbox 2216 3332 3796 3406">
    <p class='ocr_par' dir='ltr' id='par_1_78' title="bbox 2216 3332 3796 3406">
     <span class='ocr_line' id='line_1_78' title="bbox 2216 3332 3796 3406; baseline -0.001 -16"><span class='ocrx_word' id='word_1_569' title='bbox 2216 3336 2294 3391; x_wconf 87' lang='lat' dir='ltr'><strong>Ac</strong></span> <span class='ocrx_word' id='word_1_570' title='bbox 2329 3343 2591 3406; x_wconf 78' lang='lat' dir='ltr'><strong>prteterea</strong></span> <span class='ocrx_word' id='word_1_571' title='bbox 2649 3335 2996 3389; x_wconf 87' lang='lat' dir='ltr'><strong>contrahitur</strong></span> <span class='ocrx_word' id='word_1_572' title='bbox 3053 3344 3105 3388; x_wconf 90' lang='lat' dir='ltr'><strong>et</strong></span> <span class='ocrx_word' id='word_1_573' title='bbox 3139 3332 3494 3403; x_wconf 83' lang='lat' dir='ltr'><strong>deprimitur,</strong></span> <span class='ocrx_word' id='word_1_574' title='bbox 3553 3333 3652 3388; x_wconf 90' lang='lat' dir='ltr'><strong>hoc</strong></span> <span class='ocrx_word' id='word_1_575' title='bbox 3685 3342 3796 3400; x_wconf 87' lang='lat' dir='ltr'><strong>est,</strong></span> 
     </span>
    </p>
   </div>
   <div class='ocr_carea' id='block_1_79' title="bbox 2220 3426 3804 3498">
    <p class='ocr_par' dir='ltr' id='par_1_79' title="bbox 2220 3426 3804 3498">
     <span class='ocr_line' id='line_1_79' title="bbox 2220 3426 3804 3498; baseline -0.001 -15"><span class='ocrx_word' id='word_1_576' title='bbox 2220 3429 2368 3484; x_wconf 91' lang='lat' dir='ltr'><strong>humi</strong></span> <span class='ocrx_word' id='word_1_577' title='bbox 2402 3428 2735 3498; x_wconf 88' lang='lat' dir='ltr'><strong>procumbit,</strong></span> <span class='ocrx_word' id='word_1_578' title='bbox 2794 3435 2960 3496; x_wconf 90' lang='lat' dir='ltr'><strong>atque</strong></span> <span class='ocrx_word' id='word_1_579' title='bbox 2999 3427 3064 3481; x_wconf 89' lang='lat' dir='ltr'><strong>atl</strong></span> <span class='ocrx_word' id='word_1_580' title='bbox 3122 3426 3289 3496; x_wconf 86' lang='lat' dir='ltr'><strong>pedes</strong></span> <span class='ocrx_word' id='word_1_581' title='bbox 3340 3426 3676 3488; x_wconf 79' lang='lat' dir='ltr'><strong>advolvitur,</strong></span> <span class='ocrx_word' id='word_1_582' title='bbox 3740 3436 3804 3481; x_wconf 81' lang='lat' dir='ltr'><strong>ut</strong></span> 
     </span>
    </p>
   </div>
   <div class='ocr_carea' id='block_1_80' title="bbox 2217 3519 3805 3590">
    <p class='ocr_par' dir='ltr' id='par_1_80' title="bbox 2217 3519 3805 3590">
     <span class='ocr_line' id='line_1_80' title="bbox 2217 3519 3805 3590; baseline -0.001 -15"><span class='ocrx_word' id='word_1_583' title='bbox 2217 3521 2548 3585; x_wconf 76' lang='lat' dir='ltr'><strong>Chanantea,</strong></span> <span class='ocrx_word' id='word_1_584' title='bbox 2602 3521 2885 3590; x_wconf 85' lang='lat' dir='ltr'><strong>micasque</strong></span> <span class='ocrx_word' id='word_1_585' title='bbox 2911 3560 2926 3585; x_wconf 97' lang='lat'><strong>,</strong></span> <span class='ocrx_word' id='word_1_586' title='bbox 2977 3519 3030 3573; x_wconf 92' lang='lat' dir='ltr'><strong>id</strong></span> <span class='ocrx_word' id='word_1_587' title='bbox 3062 3530 3167 3585; x_wconf 87' lang='lat' dir='ltr'><strong>est,</strong></span> <span class='ocrx_word' id='word_1_588' title='bbox 3198 3520 3439 3587; x_wconf 77' lang='lat' dir='ltr'><strong>exiguam</strong></span> <span class='ocrx_word' id='word_1_589' title='bbox 3471 3519 3805 3573; x_wconf 81' lang='lat' dir='ltr'><strong>misericor-</strong></span> 
     </span>
    </p>
   </div>
   <div class='ocr_carea' id='block_1_81' title="bbox 2217 3609 3803 3683">
    <p class='ocr_par' dir='ltr' id='par_1_81' title="bbox 2217 3609 3803 3683">
     <span class='ocr_line' id='line_1_81' title="bbox 2217 3609 3803 3683; baseline -0.003 -15"><span class='ocrx_word' id='word_1_590' title='bbox 2217 3614 2385 3676; x_wconf 82' lang='lat' dir='ltr'><strong>diam,</strong></span> <span class='ocrx_word' id='word_1_591' title='bbox 2415 3614 2608 3683; x_wconf 91' lang='lat' dir='ltr'><strong>poscit.</strong></span> <span class='ocrx_word' id='word_1_592' title='bbox 2645 3613 2738 3668; x_wconf 92' lang='lat' dir='ltr'><strong>Sic</strong></span> <span class='ocrx_word' id='word_1_593' title='bbox 2764 3613 2907 3668; x_wconf 89' lang='lat' dir='ltr'><strong>enim</strong></span> <span class='ocrx_word' id='word_1_594' title='bbox 2949 3613 3168 3667; x_wconf 89' lang='lat' dir='ltr'><strong>dicebat</strong></span> <span class='ocrx_word' id='word_1_595' title='bbox 3192 3611 3485 3666; x_wconf 75' lang='lat' dir='ltr'><strong>Cltananzea</strong></span> <span class='ocrx_word' id='word_1_596' title='bbox 3523 3628 3539 3662; x_wconf 89' lang='lat'>:</span> <span class='ocrx_word' id='word_1_597' title='bbox 3573 3609 3803 3673; x_wconf 80' lang='lat' dir='ltr'><strong>Etiam,</strong></span> 
     </span>
    </p>
   </div>
   <div class='ocr_carea' id='block_1_82' title="bbox 2221 3700 3800 3769">
    <p class='ocr_par' dir='ltr' id='par_1_82' title="bbox 2221 3700 3800 3769">
     <span class='ocr_line' id='line_1_82' title="bbox 2221 3700 3800 3769; baseline -0.003 -9"><span class='ocrx_word' id='word_1_598' title='bbox 2221 3707 2464 3769; x_wconf 88' lang='lat' dir='ltr'><strong>Domine;</strong></span> <span class='ocrx_word' id='word_1_599' title='bbox 2504 3722 2626 3758; x_wconf 87' lang='lat' dir='ltr'><strong>nam</strong></span> <span class='ocrx_word' id='word_1_600' title='bbox 2656 3714 2704 3759; x_wconf 89' lang='lat' dir='ltr'><strong>et</strong></span> <span class='ocrx_word' id='word_1_601' title='bbox 2736 3703 2910 3757; x_wconf 85' lang='lat' dir='ltr'><strong>catelli</strong></span> <span class='ocrx_word' id='word_1_602' title='bbox 2969 3704 3128 3757; x_wconf 85' lang='lat' dir='ltr'><strong>edunt</strong></span> <span class='ocrx_word' id='word_1_603' title='bbox 3173 3703 3229 3756; x_wconf 85' lang='lat' dir='ltr'><strong>de</strong></span> <span class='ocrx_word' id='word_1_604' title='bbox 3268 3700 3406 3753; x_wconf 87' lang='lat' dir='ltr'><strong>micis</strong></span> <span class='ocrx_word' id='word_1_605' title='bbox 3433 3715 3550 3767; x_wconf 78' lang='lat' dir='ltr'><strong>qua:</strong></span> <span class='ocrx_word' id='word_1_606' title='bbox 3577 3700 3800 3755; x_wconf 75' lang='lat' dir='ltr'><strong>cadant</strong></span> 
     </span>
    </p>
   </div>
   <div class='ocr_carea' id='block_1_83' title="bbox 2219 3791 3803 3853">
    <p class='ocr_par' dir='ltr' id='par_1_83' title="bbox 2219 3791 3803 3853">
     <span class='ocr_line' id='line_1_83' title="bbox 2219 3791 3803 3853; baseline -0.004 0"><span class='ocrx_word' id='word_1_607' title='bbox 2219 3814 2284 3853; x_wconf 76' lang='lat' dir='ltr'><strong>ex</strong></span> <span class='ocrx_word' id='word_1_608' title='bbox 2320 3812 2502 3850; x_wconf 82' lang='lat' dir='ltr'><strong>mensa</strong></span> <span class='ocrx_word' id='word_1_609' title='bbox 2532 3797 2868 3851; x_wconf 83' lang='lat' dir='ltr'><strong>dominorum</strong></span> <span class='ocrx_word' id='word_1_610' title='bbox 2910 3813 3125 3850; x_wconf 86' lang='lat' dir='ltr'><strong>suorum</strong></span> <span class='ocrx_word' id='word_1_611' title='bbox 3147 3796 3212 3848; x_wconf 84' lang='grc'><strong>⁸⁸.</strong></span> <span class='ocrx_word' id='word_1_612' title='bbox 3243 3791 3348 3848; x_wconf 80' lang='lat' dir='ltr'><strong>Nec</strong></span> <span class='ocrx_word' id='word_1_613' title='bbox 3380 3802 3558 3847; x_wconf 88' lang='lat' dir='ltr'><strong>tamen</strong></span> <span class='ocrx_word' id='word_1_614' title='bbox 3593 3792 3803 3847; x_wconf 69' lang='lat' dir='ltr'><strong>existi-</strong></span> 
     </span>
    </p>
   </div>
   <div class='ocr_carea' id='block_1_84' title="bbox 2223 3883 3806 3954">
    <p class='ocr_par' dir='ltr' id='par_1_84' title="bbox 2223 3883 3806 3954">
     <span class='ocr_line' id='line_1_84' title="bbox 2223 3883 3806 3954; baseline -0.003 -11"><span class='ocrx_word' id='word_1_615' title='bbox 2223 3890 2480 3944; x_wconf 89' lang='lat' dir='ltr'><strong>mandum</strong></span> <span class='ocrx_word' id='word_1_616' title='bbox 2527 3899 2629 3953; x_wconf 90' lang='lat' dir='ltr'><strong>est,</strong></span> <span class='ocrx_word' id='word_1_617' title='bbox 2662 3903 2780 3944; x_wconf 88' lang='lat' dir='ltr'><strong>eam</strong></span> <span class='ocrx_word' id='word_1_618' title='bbox 2831 3888 3203 3944; x_wconf 79' lang='lat' dir='ltr'><strong>Chananteam</strong></span> <span class='ocrx_word' id='word_1_619' title='bbox 3258 3887 3404 3941; x_wconf 87' lang='lat' dir='ltr'><strong>illam</strong></span> <span class='ocrx_word' id='word_1_620' title='bbox 3440 3883 3636 3950; x_wconf 87' lang='lat' dir='ltr'><strong>fuisse,</strong></span> <span class='ocrx_word' id='word_1_621' title='bbox 3673 3901 3806 3954; x_wconf 70' lang='lat' dir='ltr'><strong>quae</strong></span> 
     </span>
    </p>
   </div>
   <div class='ocr_carea' id='block_1_85' title="bbox 2222 3977 3800 4050">
    <p class='ocr_par' dir='ltr' id='par_1_85' title="bbox 2222 3977 3800 4050">
     <span class='ocr_line' id='line_1_85' title="bbox 2222 3977 3800 4050; baseline -0.004 -14"><span class='ocrx_word' id='word_1_622' title='bbox 2222 3982 2535 4036; x_wconf 89' lang='lat' dir='ltr'><strong>intirmitate</strong></span> <span class='ocrx_word' id='word_1_623' title='bbox 2566 3981 2874 4041; x_wconf 84' lang='lat' dir='ltr'><strong>laborabat,</strong></span> <span class='ocrx_word' id='word_1_624' title='bbox 2905 3995 2965 4034; x_wconf 88' lang='lat' dir='ltr'><strong>ac</strong></span> <span class='ocrx_word' id='word_1_625' title='bbox 3007 3989 3297 4050; x_wconf 82' lang='lat' dir='ltr'><strong>propterea</strong></span> <span class='ocrx_word' id='word_1_626' title='bbox 3340 3977 3800 4034; x_wconf 81' lang='lat' dir='ltr'><strong>contrahebatur.</strong></span> 
     </span>
    </p>
   </div>
   <div class='ocr_carea' id='block_1_86' title="bbox 2224 4070 3798 4140">
    <p class='ocr_par' dir='ltr' id='par_1_86' title="bbox 2224 4070 3798 4140">
     <span class='ocr_line' id='line_1_86' title="bbox 2224 4070 3798 4140; baseline -0.001 -14"><span class='ocrx_word' id='word_1_627' title='bbox 2224 4073 2316 4127; x_wconf 92' lang='lat' dir='ltr'><strong>Illa</strong></span> <span class='ocrx_word' id='word_1_628' title='bbox 2343 4073 2484 4129; x_wconf 88' lang='lat' dir='ltr'><strong>enim</strong></span> <span class='ocrx_word' id='word_1_629' title='bbox 2517 4070 2739 4127; x_wconf 73' lang='lat' dir='ltr'><strong>Iudaica</strong></span> <span class='ocrx_word' id='word_1_630' title='bbox 2776 4081 2891 4127; x_wconf 90' lang='lat' dir='ltr'><strong>erat</strong></span> <span class='ocrx_word' id='word_1_631' title='bbox 2925 4071 3128 4125; x_wconf 88' lang='lat' dir='ltr'><strong>mulier</strong></span> <span class='ocrx_word' id='word_1_632' title='bbox 3160 4090 3175 4125; x_wconf 89' lang='lat'><strong>:</strong></span> <span class='ocrx_word' id='word_1_633' title='bbox 3207 4071 3322 4126; x_wconf 79' lang='lat' dir='ltr'><strong>htec</strong></span> <span class='ocrx_word' id='word_1_634' title='bbox 3351 4079 3534 4124; x_wconf 86' lang='lat' dir='ltr'><strong>autem</strong></span> <span class='ocrx_word' id='word_1_635' title='bbox 3557 4071 3798 4140; x_wconf 81' lang='lat' dir='ltr'><strong>gentilis.</strong></span> 
     </span>
    </p>
   </div>
   <div class='ocr_carea' id='block_1_87' title="bbox 2223 4162 3791 4233">
    <p class='ocr_par' dir='ltr' id='par_1_87' title="bbox 2223 4162 3791 4233">
     <span class='ocr_line' id='line_1_87' title="bbox 2223 4162 3791 4233; baseline -0.004 -14"><span class='ocrx_word' id='word_1_636' title='bbox 2223 4166 2397 4232; x_wconf 89' lang='lat' dir='ltr'><strong>Quam</strong></span> <span class='ocrx_word' id='word_1_637' title='bbox 2454 4167 2618 4219; x_wconf 85' lang='lat' dir='ltr'><strong>etiam</strong></span> <span class='ocrx_word' id='word_1_638' title='bbox 2667 4164 2920 4218; x_wconf 86' lang='lat' dir='ltr'><strong>contrahi</strong></span> <span class='ocrx_word' id='word_1_639' title='bbox 2984 4162 3275 4233; x_wconf 84' lang='lat' dir='ltr'><strong>theologus</strong></span> <span class='ocrx_word' id='word_1_640' title='bbox 3313 4162 3467 4227; x_wconf 85' lang='lat' dir='ltr'><strong>dicit,</strong></span> <span class='ocrx_word' id='word_1_641' title='bbox 3533 4162 3638 4216; x_wconf 89' lang='lat' dir='ltr'><strong>hoc</strong></span> <span class='ocrx_word' id='word_1_642' title='bbox 3691 4171 3791 4221; x_wconf 81' lang='lat' dir='ltr'><strong>est,</strong></span> 
     </span>
    </p>
   </div>
   <div class='ocr_carea' id='block_1_88' title="bbox 2223 4252 3795 4325">
    <p class='ocr_par' dir='ltr' id='par_1_88' title="bbox 2223 4252 3795 4325">
     <span class='ocr_line' id='line_1_88' title="bbox 2223 4252 3795 4325; baseline -0.003 -15"><span class='ocrx_word' id='word_1_643' title='bbox 2223 4256 2503 4310; x_wconf 89' lang='lat' dir='ltr'><strong>humiliari</strong></span> <span class='ocrx_word' id='word_1_644' title='bbox 2551 4265 2714 4325; x_wconf 89' lang='lat' dir='ltr'><strong>atque</strong></span> <span class='ocrx_word' id='word_1_645' title='bbox 2747 4255 2800 4308; x_wconf 91' lang='lat' dir='ltr'><strong>in</strong></span> <span class='ocrx_word' id='word_1_646' title='bbox 2856 4264 3057 4308; x_wconf 87' lang='lat' dir='ltr'><strong>terram</strong></span> <span class='ocrx_word' id='word_1_647' title='bbox 3093 4252 3370 4318; x_wconf 87' lang='lat' dir='ltr'><strong>inclinari,</strong></span> <span class='ocrx_word' id='word_1_648' title='bbox 3399 4252 3795 4307; x_wconf 79' lang='lat' dir='ltr'><strong>obsecratioais</strong></span> 
     </span>
    </p>
   </div>
   <div class='ocr_carea' id='block_1_89' title="bbox 2223 4347 2946 4408">
    <p class='ocr_par' dir='ltr' id='par_1_89' title="bbox 2223 4347 2946 4408">
     <span class='ocr_line' id='line_1_89' title="bbox 2223 4347 2946 4408; baseline -0.003 -5"><span class='ocrx_word' id='word_1_649' title='bbox 2223 4364 2411 4408; x_wconf 84' lang='lat' dir='ltr'><strong>causa.</strong></span> <span class='ocrx_word' id='word_1_650' title='bbox 2439 4363 2548 4402; x_wconf 90' lang='lat' dir='ltr'><strong>non</strong></span> <span class='ocrx_word' id='word_1_651' title='bbox 2592 4347 2946 4401; x_wconf 87' lang='lat' dir='ltr'><strong>infirmitatis.</strong></span> 
     </span>
    </p>
   </div>
   <div class='ocr_carea' id='block_1_90' title="bbox 543 4410 3796 4513">
    <p class='ocr_par' dir='ltr' id='par_1_90' title="bbox 543 4410 3796 4513">
     <span class='ocr_line' id='line_1_90' title="bbox 543 4410 3796 4513; baseline -0.001 -22"><span class='ocrx_word' id='word_1_652' title='bbox 543 4440 710 4494; x_wconf 72' lang='lat' dir='ltr'><strong>Deum</strong></span> <span class='ocrx_word' id='word_1_653' title='bbox 745 4455 867 4497; x_wconf 86' lang='lat' dir='ltr'><strong>esse</strong></span> <span class='ocrx_word' id='word_1_654' title='bbox 911 4458 1136 4498; x_wconf 86' lang='lat' dir='ltr'><strong>necesse</strong></span> <span class='ocrx_word' id='word_1_655' title='bbox 1157 4451 1262 4508; x_wconf 86' lang='lat' dir='ltr'><strong>est,</strong></span> <span class='ocrx_word' id='word_1_656' title='bbox 1293 4442 1386 4512; x_wconf 90' lang='lat' dir='ltr'><strong>qui</strong></span> <span class='ocrx_word' id='word_1_657' title='bbox 1425 4457 1596 4497; x_wconf 89' lang='lat' dir='ltr'><strong>causa</strong></span> <span class='ocrx_word' id='word_1_658' title='bbox 1621 4453 1726 4506; x_wconf 91' lang='lat' dir='ltr'><strong>est,</strong></span> <span class='ocrx_word' id='word_1_659' title='bbox 1774 4457 1873 4497; x_wconf 90' lang='lat' dir='ltr'><strong>cur</strong></span> <span class='ocrx_word' id='word_1_660' title='bbox 1907 4443 2007 4513; x_wconf 92' lang='lat' dir='ltr'><strong>ipsi</strong></span> <span class='ocrx_word' id='word_1_661' title='bbox 2041 4443 2115 4498; x_wconf 90' lang='lat' dir='ltr'><strong>dii</strong></span> <span class='ocrx_word' id='word_1_662' title='bbox 2147 4410 2199 4470; x_wconf 65' lang='grc' dir='ltr'>Β</span> <span class='ocrx_word' id='word_1_663' title='bbox 2294 4439 2412 4495; x_wconf 90' lang='lat' dir='ltr'><strong>Col.</strong></span> <span class='ocrx_word' id='word_1_664' title='bbox 2443 4439 2550 4494; x_wconf 79' lang='grc'><strong>’555</strong></span> <span class='ocrx_word' id='word_1_665' title='bbox 2581 4439 2641 4494; x_wconf 87' lang='grc' dir='ltr'><strong>Β.</strong></span> <span class='ocrx_word' id='word_1_666' title='bbox 2676 4439 2796 4508; x_wconf 85' lang='lat' dir='ltr'><strong>Ipse</strong></span> <span class='ocrx_word' id='word_1_667' title='bbox 2833 4439 3040 4510; x_wconf 82' lang='lat' dir='ltr'><strong>quidem</strong></span> <span class='ocrx_word' id='word_1_668' title='bbox 3072 4439 3334 4492; x_wconf 79' lang='lat' dir='ltr'><strong>hominem</strong></span> <span class='ocrx_word' id='word_1_669' title='bbox 3361 4455 3442 4490; x_wconf 87' lang='lat' dir='ltr'><strong>me</strong></span> <span class='ocrx_word' id='word_1_670' title='bbox 3469 4454 3577 4491; x_wconf 83' lang='lat' dir='ltr'><strong>esse</strong></span> <span class='ocrx_word' id='word_1_671' title='bbox 3607 4437 3796 4505; x_wconf 77' lang='lat' dir='ltr'><strong>fateor,</strong></span> 
     </span>
    </p>
   </div>
   <div class='ocr_carea' id='block_1_91' title="bbox 541 4533 2117 4603">
    <p class='ocr_par' dir='ltr' id='par_1_91' title="bbox 541 4533 2117 4603">
     <span class='ocr_line' id='line_1_91' title="bbox 541 4533 2117 4603; baseline 0.001 -18"><span class='ocrx_word' id='word_1_672' title='bbox 541 4548 758 4596; x_wconf 79' lang='lat' dir='ltr'><strong>sumus,</strong></span> <span class='ocrx_word' id='word_1_673' title='bbox 819 4534 1280 4603; x_wconf 89' lang='lat' dir='ltr'><strong>quemadmodum</strong></span> <span class='ocrx_word' id='word_1_674' title='bbox 1339 4533 1417 4596; x_wconf 90' lang='lat' dir='ltr'><strong>id,</strong></span> <span class='ocrx_word' id='word_1_675' title='bbox 1474 4533 1619 4603; x_wconf 85' lang='lat' dir='ltr'><strong>quod</strong></span> <span class='ocrx_word' id='word_1_676' title='bbox 1677 4534 1942 4588; x_wconf 86' lang='lat' dir='ltr'><strong>adurendi</strong></span> <span class='ocrx_word' id='word_1_677' title='bbox 2008 4535 2117 4588; x_wconf 88' lang='lat' dir='ltr'><strong>vim</strong></span> 
     </span>
    </p>
   </div>
   <div class='ocr_carea' id='block_1_92' title="bbox 541 4614 2122 4694">
    <p class='ocr_par' dir='ltr' id='par_1_92' title="bbox 541 4614 2122 4694">
     <span class='ocr_line' id='line_1_92' title="bbox 541 4614 2122 4694; baseline 0.003 -22"><span class='ocrx_word' id='word_1_678' title='bbox 541 4621 716 4684; x_wconf 78' lang='lat' dir='ltr'><strong>affert,</strong></span> <span class='ocrx_word' id='word_1_679' title='bbox 755 4614 1067 4677; x_wconf 86' lang='lat' dir='ltr'><strong>atIustivum</strong></span> <span class='ocrx_word' id='word_1_680' title='bbox 1105 4639 1232 4680; x_wconf 87' lang='lat' dir='ltr'><strong>esse</strong></span> <span class='ocrx_word' id='word_1_681' title='bbox 1266 4631 1525 4692; x_wconf 85' lang='lat' dir='ltr'><strong>oportet:</strong></span> <span class='ocrx_word' id='word_1_682' title='bbox 1561 4634 1615 4678; x_wconf 89' lang='lat' dir='ltr'><strong>et</strong></span> <span class='ocrx_word' id='word_1_683' title='bbox 1666 4624 1812 4694; x_wconf 89' lang='lat' dir='ltr'><strong>quod</strong></span> <span class='ocrx_word' id='word_1_684' title='bbox 1855 4625 2122 4678; x_wconf 73' lang='lat' dir='ltr'><strong>sanetita~</strong></span> 
     </span>
    </p>
   </div>
   <div class='ocr_carea' id='block_1_93' title="bbox 541 4712 2119 4778">
    <p class='ocr_par' dir='ltr' id='par_1_93' title="bbox 541 4712 2119 4778">
     <span class='ocr_line' id='line_1_93' title="bbox 541 4712 2119 4778; baseline 0.004 -16"><span class='ocrx_word' id='word_1_685' title='bbox 541 4712 611 4765; x_wconf 88' lang='lat' dir='ltr'><strong>tis</strong></span> <span class='ocrx_word' id='word_1_686' title='bbox 640 4726 860 4766; x_wconf 84' lang='lat' dir='ltr'><strong>causam</strong></span> <span class='ocrx_word' id='word_1_687' title='bbox 912 4713 1091 4778; x_wconf 79' lang='lat' dir='ltr'><strong>affert,</strong></span> <span class='ocrx_word' id='word_1_688' title='bbox 1143 4723 1391 4768; x_wconf 82' lang='lat' dir='ltr'><strong>sanctum</strong></span> <span class='ocrx_word' id='word_1_689' title='bbox 1425 4729 1545 4769; x_wconf 86' lang='lat' dir='ltr'><strong>esse</strong></span> <span class='ocrx_word' id='word_1_690' title='bbox 1593 4729 1817 4770; x_wconf 87' lang='lat' dir='ltr'><strong>necesse</strong></span> <span class='ocrx_word' id='word_1_691' title='bbox 1841 4723 1950 4768; x_wconf 85' lang='lat' dir='ltr'><strong>est.</strong></span> <span class='ocrx_word' id='word_1_692' title='bbox 1986 4715 2119 4770; x_wconf 83' lang='lat' dir='ltr'><strong>Illud</strong></span> 
     </span>
    </p>
   </div>
   <div class='ocr_carea' id='block_1_94' title="bbox 541 4803 2124 4874">
    <p class='ocr_par' dir='ltr' id='par_1_94' title="bbox 541 4803 2124 4874">
     <span class='ocr_line' id='line_1_94' title="bbox 541 4803 2124 4874; baseline 0.003 -20"><span class='ocrx_word' id='word_1_693' title='bbox 541 4803 827 4855; x_wconf 74' lang='lat' dir='ltr'><strong>enimvero</strong></span> <span class='ocrx_word' id='word_1_694' title='bbox 858 4803 998 4856; x_wconf 90' lang='lat' dir='ltr'><strong>scire</strong></span> <span class='ocrx_word' id='word_1_695' title='bbox 1021 4819 1202 4872; x_wconf 74' lang='lat' dir='ltr'><strong>operae</strong></span> <span class='ocrx_word' id='word_1_696' title='bbox 1251 4805 1487 4874; x_wconf 88' lang='lat' dir='ltr'><strong>pretium</strong></span> <span class='ocrx_word' id='word_1_697' title='bbox 1522 4815 1628 4869; x_wconf 80' lang='lat' dir='ltr'><strong>est,</strong></span> <span class='ocrx_word' id='word_1_698' title='bbox 1677 4804 1967 4859; x_wconf 88' lang='lat' dir='ltr'><strong>Dominum</strong></span> <span class='ocrx_word' id='word_1_699' title='bbox 2001 4806 2124 4859; x_wconf 84' lang='lat' dir='ltr'><strong>vitae</strong></span> 
     </span>
    </p>
   </div>
   <div class='ocr_carea' id='block_1_95' title="bbox 541 4895 2113 4964">
    <p class='ocr_par' dir='ltr' id='par_1_95' title="bbox 541 4895 2113 4964">
     <span class='ocr_line' id='line_1_95' title="bbox 541 4895 2113 4964; baseline 0.003 -16"><span class='ocrx_word' id='word_1_700' title='bbox 541 4904 740 4948; x_wconf 64' lang='lat' dir='ltr'><strong>nostra!</strong></span> <span class='ocrx_word' id='word_1_701' title='bbox 795 4895 1192 4950; x_wconf 79' lang='lat' dir='ltr'><strong>moderatorem</strong></span> <span class='ocrx_word' id='word_1_702' title='bbox 1261 4899 1514 4964; x_wconf 81' lang='lat' dir='ltr'><strong>baptismi</strong></span> <span class='ocrx_word' id='word_1_703' title='bbox 1575 4899 1750 4952; x_wconf 82' lang='lat' dir='ltr'><strong>foedus</strong></span> <span class='ocrx_word' id='word_1_704' title='bbox 1828 4898 2113 4952; x_wconf 85' lang='lat' dir='ltr'><strong>nobiscum</strong></span> 
     </span>
    </p>
   </div>
   <div class='ocr_carea' id='block_1_96' title="bbox 539 4985 2113 5056">
    <p class='ocr_par' dir='ltr' id='par_1_96' title="bbox 539 4985 2113 5056">
     <span class='ocr_line' id='line_1_96' title="bbox 539 4985 2113 5056; baseline 0.003 -18"><span class='ocrx_word' id='word_1_705' title='bbox 539 4985 852 5056; x_wconf 84' lang='lat' dir='ltr'><strong>pepigisse,</strong></span> <span class='ocrx_word' id='word_1_706' title='bbox 909 4986 1102 5040; x_wconf 89' lang='lat' dir='ltr'><strong>mortis</strong></span> <span class='ocrx_word' id='word_1_707' title='bbox 1158 4997 1212 5040; x_wconf 87' lang='lat' dir='ltr'><strong>ct</strong></span> <span class='ocrx_word' id='word_1_708' title='bbox 1248 4986 1371 5038; x_wconf 76' lang='lat' dir='ltr'><strong>vitta</strong></span> <span class='ocrx_word' id='word_1_709' title='bbox 1433 4987 1663 5053; x_wconf 80' lang='lat' dir='ltr'><strong>figuram</strong></span> <span class='ocrx_word' id='word_1_710' title='bbox 1721 4988 2113 5055; x_wconf 89' lang='lat' dir='ltr'><strong>complectens.</strong></span> 
     </span>
    </p>
   </div>
   <div class='ocr_carea' id='block_1_97' title="bbox 540 5077 2116 5148">
    <p class='ocr_par' dir='ltr' id='par_1_97' title="bbox 540 5077 2116 5148">
     <span class='ocr_line' id='line_1_97' title="bbox 540 5077 2116 5148; baseline 0.003 -19"><span class='ocrx_word' id='word_1_711' title='bbox 540 5077 674 5130; x_wconf 76' lang='lat' dir='ltr'><strong>Nam</strong></span> <span class='ocrx_word' id='word_1_712' title='bbox 705 5087 759 5131; x_wconf 90' lang='lat' dir='ltr'><strong>et</strong></span> <span class='ocrx_word' id='word_1_713' title='bbox 793 5077 986 5131; x_wconf 91' lang='lat' dir='ltr'><strong>mortis</strong></span> <span class='ocrx_word' id='word_1_714' title='bbox 1019 5077 1312 5147; x_wconf 87' lang='lat' dir='ltr'><strong>imaginem</strong></span> <span class='ocrx_word' id='word_1_715' title='bbox 1346 5077 1604 5147; x_wconf 84' lang='lat' dir='ltr'><strong>exprimit</strong></span> <span class='ocrx_word' id='word_1_716' title='bbox 1633 5093 1774 5148; x_wconf 85' lang='lat' dir='ltr'><strong>aqua</strong></span> <span class='ocrx_word' id='word_1_717' title='bbox 1805 5092 1820 5133; x_wconf 89' lang='lat'><strong>:</strong></span> <span class='ocrx_word' id='word_1_718' title='bbox 1856 5080 2116 5148; x_wconf 77' lang='lat' dir='ltr'><strong>quoniam</strong></span> 
     </span>
    </p>
   </div>
   <div class='ocr_carea' id='block_1_98' title="bbox 539 5165 2118 5240">
    <p class='ocr_par' dir='ltr' id='par_1_98' title="bbox 539 5165 2118 5240">
     <span class='ocr_line' id='line_1_98' title="bbox 539 5165 2118 5240; baseline -0.004 -21"><span class='ocrx_word' id='word_1_719' title='bbox 539 5168 576 5221; x_wconf 89' lang='lat' dir='ltr'><strong>ii</strong></span> <span class='ocrx_word' id='word_1_720' title='bbox 609 5166 714 5235; x_wconf 34' lang='lat' dir='ltr'><strong>qui.</strong></span> <span class='ocrx_word' id='word_1_721' title='bbox 754 5165 1123 5235; x_wconf 85' lang='lat' dir='ltr'><strong>haptizantttr,</strong></span> <span class='ocrx_word' id='word_1_722' title='bbox 1156 5168 1209 5222; x_wconf 92' lang='lat' dir='ltr'><strong>in</strong></span> <span class='ocrx_word' id='word_1_723' title='bbox 1267 5182 1464 5237; x_wconf 88' lang='lat' dir='ltr'><strong>aquam</strong></span> <span class='ocrx_word' id='word_1_724' title='bbox 1521 5167 1942 5240; x_wconf 83' lang='lat' dir='ltr'><strong>immerguntur,</strong></span> <span class='ocrx_word' id='word_1_725' title='bbox 1975 5186 2118 5239; x_wconf 82' lang='lat' dir='ltr'><strong>quo-</strong></span> 
     </span>
    </p>
   </div>
   <div class='ocr_carea' id='block_1_99' title="bbox 539 5255 2122 5331">
    <p class='ocr_par' dir='ltr' id='par_1_99' title="bbox 539 5255 2122 5331">
     <span class='ocr_line' id='line_1_99' title="bbox 539 5255 2122 5331; baseline 0.004 -21"><span class='ocrx_word' id='word_1_726' title='bbox 539 5259 776 5324; x_wconf 76' lang='lat' dir='ltr'><strong>dumque</strong></span> <span class='ocrx_word' id='word_1_727' title='bbox 805 5255 966 5310; x_wconf 90' lang='lat' dir='ltr'><strong>modo</strong></span> <span class='ocrx_word' id='word_1_728' title='bbox 999 5259 1344 5327; x_wconf 87' lang='lat' dir='ltr'><strong>sepeliuntur</strong></span> <span class='ocrx_word' id='word_1_729' title='bbox 1381 5277 1394 5313; x_wconf 91' lang='lat'><strong>:</strong></span> <span class='ocrx_word' id='word_1_730' title='bbox 1420 5270 1475 5313; x_wconf 91' lang='lat' dir='ltr'><strong>et</strong></span> <span class='ocrx_word' id='word_1_731' title='bbox 1505 5275 1696 5316; x_wconf 85' lang='lat' dir='ltr'><strong>rursus</strong></span> <span class='ocrx_word' id='word_1_732' title='bbox 1737 5260 1972 5331; x_wconf 89' lang='lat' dir='ltr'><strong>Spiritus</strong></span> <span class='ocrx_word' id='word_1_733' title='bbox 2001 5262 2122 5316; x_wconf 71' lang='lat' dir='ltr'><strong>vita:</strong></span> 
     </span>
    </p>
   </div>
   <div class='ocr_carea' id='block_1_100' title="bbox 539 5350 2118 5423">
    <p class='ocr_par' dir='ltr' id='par_1_100' title="bbox 539 5350 2118 5423">
     <span class='ocr_line' id='line_1_100' title="bbox 539 5350 2118 5423; baseline 0.002 -20"><span class='ocrx_word' id='word_1_734' title='bbox 539 5351 906 5404; x_wconf 81' lang='lat' dir='ltr'><strong>arrhalmuettt</strong></span> <span class='ocrx_word' id='word_1_735' title='bbox 934 5350 1091 5405; x_wconf 87' lang='lat' dir='ltr'><strong>nobis</strong></span> <span class='ocrx_word' id='word_1_736' title='bbox 1115 5351 1364 5423; x_wconf 83' lang='lat' dir='ltr'><strong>porrigit.</strong></span> <span class='ocrx_word' id='word_1_737' title='bbox 1389 5351 1651 5417; x_wconf 84' lang='lat' dir='ltr'><strong>Quartum</strong></span> <span class='ocrx_word' id='word_1_738' title='bbox 1683 5353 1956 5422; x_wconf 87' lang='lat' dir='ltr'><strong>baptisma</strong></span> <span class='ocrx_word' id='word_1_739' title='bbox 1987 5352 2118 5406; x_wconf 91' lang='lat' dir='ltr'><strong>illttd</strong></span> 
     </span>
    </p>
   </div>
   <div class='ocr_carea' id='block_1_101' title="bbox 609 5509 1636 5574">
    <p class='ocr_par' dir='ltr' id='par_1_101' title="bbox 609 5509 1636 5574">
     <span class='ocr_line' id='line_1_101' title="bbox 609 5509 1636 5574; baseline 0.004 -12"><span class='ocrx_word' id='word_1_740' title='bbox 609 5509 653 5540; x_wconf 76' lang='grc'>⁸⁸</span> <span class='ocrx_word' id='word_1_741' title='bbox 686 5509 858 5565; x_wconf 87' lang='lat' dir='ltr'><strong>[.cvit.</strong></span> <span class='ocrx_word' id='word_1_742' title='bbox 911 5526 964 5564; x_wconf 66' lang='grc' dir='ltr'>ιι</span> <span class='ocrx_word' id='word_1_743' title='bbox 992 5549 1007 5573; x_wconf 86' lang='grc'><em>,</em></span> <span class='ocrx_word' id='word_1_744' title='bbox 1044 5510 1129 5564; x_wconf 67' lang='grc'><strong>12.</strong></span> <span class='ocrx_word' id='word_1_745' title='bbox 1207 5511 1252 5542; x_wconf 83' lang='grc'><strong>⁶⁹</strong></span> <span class='ocrx_word' id='word_1_746' title='bbox 1284 5509 1301 5562; x_wconf 96' lang='lat' dir='ltr'><strong>l</strong></span> <span class='ocrx_word' id='word_1_747' title='bbox 1329 5509 1457 5566; x_wconf 91' lang='lat' dir='ltr'><strong>Cor.</strong></span> <span class='ocrx_word' id='word_1_748' title='bbox 1495 5527 1547 5574; x_wconf 68' lang='grc' dir='ltr'><strong>κ,</strong></span> <span class='ocrx_word' id='word_1_749' title='bbox 1581 5511 1636 5566; x_wconf 73' lang='lat'><strong>2.</strong></span> 
     </span>
    </p>
   </div>
   <div class='ocr_carea' id='block_1_102' title="bbox 542 5578 1290 5646">
    <p class='ocr_par' dir='ltr' id='par_1_102' title="bbox 542 5578 1290 5646">
     <span class='ocr_line' id='line_1_102' title="bbox 542 5578 1290 5646; baseline 0.003 -15"><span class='ocrx_word' id='word_1_750' title='bbox 542 5595 582 5638; x_wconf 87' lang='grc' dir='ltr'><strong>ι.</strong></span> <span class='ocrx_word' id='word_1_751' title='bbox 618 5582 710 5633; x_wconf 75' lang='grc'><strong>53.</strong></span> <span class='ocrx_word' id='word_1_752' title='bbox 785 5578 1046 5633; x_wconf 73' lang='lat' dir='ltr'><strong>“Matth.</strong></span> <span class='ocrx_word' id='word_1_753' title='bbox 1084 5597 1162 5646; x_wconf 90' lang='lat' dir='ltr'><strong>ttt,</strong></span> <span class='ocrx_word' id='word_1_754' title='bbox 1206 5582 1290 5636; x_wconf 84' lang='lat' dir='ltr'><strong>II.</strong></span> 
     </span>
    </p>
   </div>
   <div class='ocr_carea' id='block_1_103' title="bbox 540 5649 1092 5709">
    <p class='ocr_par' dir='ltr' id='par_1_103' title="bbox 540 5649 1092 5709">
     <span class='ocr_line' id='line_1_103' title="bbox 540 5649 1092 5709; baseline 0.002 -7"><span class='ocrx_word' id='word_1_755' title='bbox 540 5651 582 5678; x_wconf 72' lang='grc'><strong>⁷⁵⁸</strong></span> <span class='ocrx_word' id='word_1_756' title='bbox 617 5649 758 5704; x_wconf 73' lang='lat' dir='ltr'><strong>I‘s-l.</strong></span> <span class='ocrx_word' id='word_1_757' title='bbox 788 5664 971 5709; x_wconf 75' lang='lat' dir='ltr'><strong>xxxw,</strong></span> <span class='ocrx_word' id='word_1_758' title='bbox 1010 5652 1092 5703; x_wconf 74' lang='lat' dir='ltr'><strong>li.</strong></span> 
     </span>
    </p>
   </div>
   <div class='ocr_carea' id='block_1_104' title="bbox 544 5719 1650 5789">
    <p class='ocr_par' dir='ltr' id='par_1_104' title="bbox 544 5719 1650 5789">
     <span class='ocr_line' id='line_1_104' title="bbox 544 5719 1650 5789; baseline 0 -13"><span class='ocrx_word' id='word_1_759' title='bbox 544 5719 588 5750; x_wconf 77' lang='grc'><strong>⁸⁵</strong></span> <span class='ocrx_word' id='word_1_760' title='bbox 621 5721 752 5776; x_wconf 78' lang='lat' dir='ltr'><strong>Luc.</strong></span> <span class='ocrx_word' id='word_1_761' title='bbox 791 5733 943 5787; x_wconf 77' lang='lat' dir='ltr'><strong>mu,</strong></span> <span class='ocrx_word' id='word_1_762' title='bbox 985 5721 1064 5775; x_wconf 75' lang='grc'><strong>15.</strong></span> <span class='ocrx_word' id='word_1_763' title='bbox 1139 5725 1184 5750; x_wconf 60' lang='grc'>⁸⁷</span> <span class='ocrx_word' id='word_1_764' title='bbox 1220 5723 1410 5778; x_wconf 79' lang='lat' dir='ltr'><strong>Matth.</strong></span> <span class='ocrx_word' id='word_1_765' title='bbox 1450 5738 1536 5789; x_wconf 63' lang='lat' dir='ltr'><strong>XV,</strong></span> <span class='ocrx_word' id='word_1_766' title='bbox 1563 5723 1650 5776; x_wconf 71' lang='lat'><strong>&#39;17.</strong></span> 
     </span>
    </p>
   </div>
   <div class='ocr_carea' id='block_1_105' title="bbox 1401 5580 1862 5642">
    <p class='ocr_par' dir='ltr' id='par_1_105' title="bbox 1401 5580 1862 5642">
     <span class='ocr_line' id='line_1_105' title="bbox 1401 5580 1862 5642; baseline 0.013 -11"><span class='ocrx_word' id='word_1_767' title='bbox 1401 5582 1446 5611; x_wconf 81' lang='grc'><strong>⁷⁵</strong></span> <span class='ocrx_word' id='word_1_768' title='bbox 1482 5580 1612 5634; x_wconf 70' lang='lat' dir='ltr'><strong>Luc.</strong></span> <span class='ocrx_word' id='word_1_769' title='bbox 1645 5600 1740 5642; x_wconf 80' lang='lat' dir='ltr'><strong>\tt.</strong></span> <span class='ocrx_word' id='word_1_770' title='bbox 1774 5585 1862 5639; x_wconf 77' lang='grc'><strong>50.</strong></span> 
     </span>
    </p>
   </div>
   <div class='ocr_carea' id='block_1_106' title="bbox 1714 5512 2371 5582">
    <p class='ocr_par' dir='ltr' id='par_1_106' title="bbox 1714 5512 2371 5582">
     <span class='ocr_line' id='line_1_106' title="bbox 1714 5512 2371 5582; baseline 0.002 -17"><span class='ocrx_word' id='word_1_771' title='bbox 1714 5514 1758 5545; x_wconf 80' lang='grc' dir='ltr'><strong>⁷ο</strong></span> <span class='ocrx_word' id='word_1_772' title='bbox 1793 5512 1963 5567; x_wconf 68' lang='lat' dir='ltr'><strong>Exod.</strong></span> <span class='ocrx_word' id='word_1_773' title='bbox 1987 5529 2119 5573; x_wconf 66' lang='grc' dir='ltr'><strong>πίνη,</strong></span> <span class='ocrx_word' id='word_1_774' title='bbox 2153 5515 2173 5566; x_wconf 89' lang='grc'><strong>1</strong></span> <span class='ocrx_word' id='word_1_775' title='bbox 2218 5529 2371 5582; x_wconf 80' lang='lat' dir='ltr'><strong>seqq.</strong></span> 
     </span>
    </p>
   </div>
   <div class='ocr_carea' id='block_1_107' title="bbox 1998 5583 2514 5640">
    <p class='ocr_par' dir='ltr' id='par_1_107' title="bbox 1998 5583 2514 5640">
     <span class='ocr_line' id='line_1_107' title="bbox 1998 5583 2514 5640; baseline -0.002 -4"><span class='ocrx_word' id='word_1_776' title='bbox 1998 5585 2044 5615; x_wconf 72' lang='grc'><strong>⁷⁸</strong></span> <span class='ocrx_word' id='word_1_777' title='bbox 2075 5585 2266 5638; x_wconf 83' lang='lat' dir='ltr'><strong>Matth.</strong></span> <span class='ocrx_word' id='word_1_778' title='bbox 2299 5601 2390 5640; x_wconf 74' lang='lat' dir='ltr'><strong>xx.</strong></span> <span class='ocrx_word' id='word_1_779' title='bbox 2424 5583 2514 5636; x_wconf 69' lang='lat'><strong>29..</strong></span> 
     </span>
    </p>
   </div>
   <div class='ocr_carea' id='block_1_108' title="bbox 1168 5652 2234 5721">
    <p class='ocr_par' dir='ltr' id='par_1_108' title="bbox 1168 5652 2234 5721">
     <span class='ocr_line' id='line_1_108' title="bbox 1168 5652 2234 5721; baseline 0.007 -21"><span class='ocrx_word' id='word_1_780' title='bbox 1168 5655 1212 5684; x_wconf 78' lang='grc' dir='ltr'><strong>³ο</strong></span> <span class='ocrx_word' id='word_1_781' title='bbox 1246 5652 1385 5706; x_wconf 61' lang='grc' dir='ltr'><strong>νςςιι.</strong></span> <span class='ocrx_word' id='word_1_782' title='bbox 1424 5666 1532 5713; x_wconf 75' lang='lat' dir='ltr'><strong>xu,</strong></span> <span class='ocrx_word' id='word_1_783' title='bbox 1572 5652 1656 5706; x_wconf 77' lang='lat' dir='ltr'><strong>l0.</strong></span> <span class='ocrx_word' id='word_1_784' title='bbox 1688 5656 1729 5682; x_wconf 81' lang='lat'><strong>‘”</strong></span> <span class='ocrx_word' id='word_1_785' title='bbox 1766 5655 1904 5710; x_wconf 79' lang='lat' dir='ltr'><strong>I‘sal.</strong></span> <span class='ocrx_word' id='word_1_786' title='bbox 1944 5671 2146 5721; x_wconf 62' lang='lat' dir='ltr'><strong>xxxvii,</strong></span> <span class='ocrx_word' id='word_1_787' title='bbox 2184 5656 2234 5708; x_wconf 79' lang='lat' dir='ltr'><strong>li.</strong></span> 
     </span>
    </p>
   </div>
   <div class='ocr_carea' id='block_1_109' title="bbox 2219 4529 3801 4601">
    <p class='ocr_par' dir='ltr' id='par_1_109' title="bbox 2219 4529 3801 4601">
     <span class='ocr_line' id='line_1_109' title="bbox 2219 4529 3801 4601; baseline -0.004 -13"><span class='ocrx_word' id='word_1_788' title='bbox 2219 4543 2325 4588; x_wconf 82' lang='lat' dir='ltr'><strong>etc.</strong></span> <span class='ocrx_word' id='word_1_789' title='bbox 2361 4532 2496 4588; x_wconf 91' lang='lat' dir='ltr'><strong>Cum</strong></span> <span class='ocrx_word' id='word_1_790' title='bbox 2522 4531 2776 4587; x_wconf 70' lang='lat' dir='ltr'><strong>saeviente</strong></span> <span class='ocrx_word' id='word_1_791' title='bbox 2808 4531 3187 4601; x_wconf 87' lang='lat' dir='ltr'><strong>persecutione</strong></span> <span class='ocrx_word' id='word_1_792' title='bbox 3213 4529 3436 4600; x_wconf 89' lang='lat' dir='ltr'><strong>quidam</strong></span> <span class='ocrx_word' id='word_1_793' title='bbox 3471 4529 3801 4590; x_wconf 83' lang='lat' dir='ltr'><strong>Christiani,</strong></span> 
     </span>
    </p>
   </div>
   <div class='ocr_carea' id='block_1_110' title="bbox 2222 4619 3802 4693">
    <p class='ocr_par' dir='ltr' id='par_1_110' title="bbox 2222 4619 3802 4693">
     <span class='ocr_line' id='line_1_110' title="bbox 2222 4619 3802 4693; baseline -0.006 -14"><span class='ocrx_word' id='word_1_794' title='bbox 2222 4634 2619 4680; x_wconf 88' lang='lat' dir='ltr'><strong>tormentorum</strong></span> <span class='ocrx_word' id='word_1_795' title='bbox 2653 4621 3028 4693; x_wconf 84' lang='lat' dir='ltr'><strong>magnitudine</strong></span> <span class='ocrx_word' id='word_1_796' title='bbox 3058 4621 3212 4683; x_wconf 88' lang='lat' dir='ltr'><strong>victi,</strong></span> <span class='ocrx_word' id='word_1_797' title='bbox 3238 4620 3303 4673; x_wconf 87' lang='lat' dir='ltr'><strong>a:l</strong></span> <span class='ocrx_word' id='word_1_798' title='bbox 3338 4619 3463 4673; x_wconf 86' lang='lat' dir='ltr'><strong>fidei</strong></span> <span class='ocrx_word' id='word_1_799' title='bbox 3493 4619 3802 4688; x_wconf 82' lang='lat' dir='ltr'><strong>ahjuratio-</strong></span> 
     </span>
    </p>
   </div>
   <div class='ocr_carea' id='block_1_111' title="bbox 2221 4712 3806 4784">
    <p class='ocr_par' dir='ltr' id='par_1_111' title="bbox 2221 4712 3806 4784">
     <span class='ocr_line' id='line_1_111' title="bbox 2221 4712 3806 4784; baseline -0.004 -14"><span class='ocrx_word' id='word_1_800' title='bbox 2221 4733 2342 4770; x_wconf 85' lang='lat' dir='ltr'><strong>nent</strong></span> <span class='ocrx_word' id='word_1_801' title='bbox 2373 4715 2608 4784; x_wconf 84' lang='lat' dir='ltr'><strong>prolapsi</strong></span> <span class='ocrx_word' id='word_1_802' title='bbox 2642 4723 2852 4775; x_wconf 86' lang='lat' dir='ltr'><strong>essent,</strong></span> <span class='ocrx_word' id='word_1_803' title='bbox 2884 4729 2948 4768; x_wconf 93' lang='lat' dir='ltr'><strong>ac</strong></span> <span class='ocrx_word' id='word_1_804' title='bbox 2978 4713 3194 4777; x_wconf 80' lang='lat' dir='ltr'><strong>deinde,</strong></span> <span class='ocrx_word' id='word_1_805' title='bbox 3247 4713 3435 4766; x_wconf 85' lang='lat' dir='ltr'><strong>sedata</strong></span> <span class='ocrx_word' id='word_1_806' title='bbox 3464 4712 3806 4781; x_wconf 86' lang='lat' dir='ltr'><strong>persecutio-</strong></span> 
     </span>
    </p>
   </div>
   <div class='ocr_carea' id='block_1_112' title="bbox 2223 4802 3806 4876">
    <p class='ocr_par' dir='ltr' id='par_1_112' title="bbox 2223 4802 3806 4876">
     <span class='ocr_line' id='line_1_112' title="bbox 2223 4802 3806 4876; baseline -0.004 -14"><span class='ocrx_word' id='word_1_807' title='bbox 2223 4809 2306 4862; x_wconf 88' lang='lat' dir='ltr'><strong>nis</strong></span> <span class='ocrx_word' id='word_1_808' title='bbox 2355 4817 2693 4876; x_wconf 86' lang='lat' dir='ltr'><strong>tempestate,</strong></span> <span class='ocrx_word' id='word_1_809' title='bbox 2727 4805 2998 4876; x_wconf 86' lang='lat' dir='ltr'><strong>supplices</strong></span> <span class='ocrx_word' id='word_1_810' title='bbox 3053 4819 3178 4857; x_wconf 82' lang='lat' dir='ltr'><strong>cum</strong></span> <span class='ocrx_word' id='word_1_811' title='bbox 3225 4805 3486 4874; x_wconf 78' lang='lat' dir='ltr'><strong>lacrymis</strong></span> <span class='ocrx_word' id='word_1_812' title='bbox 3538 4802 3806 4856; x_wconf 62' lang='lat' dir='ltr'><strong>Ecclesia:</strong></span> 
     </span>
    </p>
   </div>
   <div class='ocr_carea' id='block_1_113' title="bbox 2222 4892 3808 4966">
    <p class='ocr_par' dir='ltr' id='par_1_113' title="bbox 2222 4892 3808 4966">
     <span class='ocr_line' id='line_1_113' title="bbox 2222 4892 3808 4966; baseline -0.003 -14"><span class='ocrx_word' id='word_1_813' title='bbox 2222 4898 2494 4952; x_wconf 88' lang='lat' dir='ltr'><strong>antistites</strong></span> <span class='ocrx_word' id='word_1_814' title='bbox 2521 4905 2803 4966; x_wconf 86' lang='lat' dir='ltr'><strong>rogarent,</strong></span> <span class='ocrx_word' id='word_1_815' title='bbox 2837 4906 2897 4950; x_wconf 93' lang='lat' dir='ltr'><strong>ut</strong></span> <span class='ocrx_word' id='word_1_816' title='bbox 2932 4895 3036 4950; x_wconf 88' lang='lat' dir='ltr'><strong>sibi</strong></span> <span class='ocrx_word' id='word_1_817' title='bbox 3065 4896 3400 4963; x_wconf 69' lang='lat' dir='ltr'><strong>ptenitentize</strong></span> <span class='ocrx_word' id='word_1_818' title='bbox 3450 4904 3667 4963; x_wconf 85' lang='lat' dir='ltr'><strong>tempus</strong></span> <span class='ocrx_word' id='word_1_819' title='bbox 3703 4892 3808 4947; x_wconf 79' lang='lat' dir='ltr'><strong>da-</strong></span> 
     </span>
    </p>
   </div>
   <div class='ocr_carea' id='block_1_114' title="bbox 2222 4979 3803 5052">
    <p class='ocr_par' dir='ltr' id='par_1_114' title="bbox 2222 4979 3803 5052">
     <span class='ocr_line' id='line_1_114' title="bbox 2222 4979 3803 5052; baseline -0.004 -11"><span class='ocrx_word' id='word_1_820' title='bbox 2222 4995 2360 5051; x_wconf 81' lang='lat' dir='ltr'><strong>rent,</strong></span> <span class='ocrx_word' id='word_1_821' title='bbox 2392 4983 2655 5048; x_wconf 81' lang='lat' dir='ltr'><strong>Novatus,</strong></span> <span class='ocrx_word' id='word_1_822' title='bbox 2689 4983 2948 5038; x_wconf 76' lang='lat' dir='ltr'><strong>Ecclesitn</strong></span> <span class='ocrx_word' id='word_1_823' title='bbox 2993 4981 3253 5037; x_wconf 80' lang='lat' dir='ltr'><strong>Romamn</strong></span> <span class='ocrx_word' id='word_1_824' title='bbox 3283 4982 3563 5052; x_wconf 72' lang='lat' dir='ltr'><strong>presbyter</strong></span> <span class='ocrx_word' id='word_1_825' title='bbox 3583 5022 3599 5044; x_wconf 90' lang='lat'><strong>,</strong></span> <span class='ocrx_word' id='word_1_826' title='bbox 3643 4979 3803 5034; x_wconf 84' lang='lat' dir='ltr'><strong>fastu</strong></span> 
     </span>
    </p>
   </div>
   <div class='ocr_carea' id='block_1_115' title="bbox 2220 5072 3804 5146">
    <p class='ocr_par' dir='ltr' id='par_1_115' title="bbox 2220 5072 3804 5146">
     <span class='ocr_line' id='line_1_115' title="bbox 2220 5072 3804 5146; baseline -0.003 -15"><span class='ocrx_word' id='word_1_827' title='bbox 2220 5077 2495 5146; x_wconf 86' lang='lat' dir='ltr'><strong>animique</strong></span> <span class='ocrx_word' id='word_1_828' title='bbox 2528 5077 2818 5130; x_wconf 88' lang='lat' dir='ltr'><strong>insolentia</strong></span> <span class='ocrx_word' id='word_1_829' title='bbox 2863 5074 3060 5139; x_wconf 88' lang='lat' dir='ltr'><strong>elatus,</strong></span> <span class='ocrx_word' id='word_1_830' title='bbox 3113 5075 3344 5128; x_wconf 85' lang='lat' dir='ltr'><strong>miseros</strong></span> <span class='ocrx_word' id='word_1_831' title='bbox 3384 5072 3748 5128; x_wconf 84' lang='lat' dir='ltr'><strong>submovebat</strong></span> <span class='ocrx_word' id='word_1_832' title='bbox 3786 5088 3804 5126; x_wconf 92' lang='lat'><strong>:</strong></span> 
     </span>
    </p>
   </div>
   <div class='ocr_carea' id='block_1_116' title="bbox 2219 5163 3805 5239">
    <p class='ocr_par' dir='ltr' id='par_1_116' title="bbox 2219 5163 3805 5239">
     <span class='ocr_line' id='line_1_116' title="bbox 2219 5163 3805 5239; baseline -0.003 -16"><span class='ocrx_word' id='word_1_833' title='bbox 2219 5171 2468 5239; x_wconf 88' lang='lat' dir='ltr'><strong>quamvis</strong></span> <span class='ocrx_word' id='word_1_834' title='bbox 2513 5170 2675 5222; x_wconf 85' lang='lat' dir='ltr'><strong>etiam</strong></span> <span class='ocrx_word' id='word_1_835' title='bbox 2713 5168 2825 5237; x_wconf 90' lang='lat' dir='ltr'><strong>ipse</strong></span> <span class='ocrx_word' id='word_1_836' title='bbox 2861 5166 3172 5237; x_wconf 85' lang='lat' dir='ltr'><strong>periculoso</strong></span> <span class='ocrx_word' id='word_1_837' title='bbox 3207 5175 3452 5235; x_wconf 88' lang='lat' dir='ltr'><strong>tempore</strong></span> <span class='ocrx_word' id='word_1_838' title='bbox 3499 5163 3805 5220; x_wconf 90' lang='lat' dir='ltr'><strong>sacerdotii</strong></span> 
     </span>
    </p>
   </div>
   <div class='ocr_carea' id='block_1_117' title="bbox 2219 5256 3799 5332">
    <p class='ocr_par' dir='ltr' id='par_1_117' title="bbox 2219 5256 3799 5332">
     <span class='ocr_line' id='line_1_117' title="bbox 2219 5256 3799 5332; baseline -0.006 -18"><span class='ocrx_word' id='word_1_839' title='bbox 2219 5260 2540 5328; x_wconf 83' lang='lat' dir='ltr'><strong>dignitatem</strong></span> <span class='ocrx_word' id='word_1_840' title='bbox 2573 5258 2904 5332; x_wconf 67' lang='lat' dir='ltr'><strong>alnjurasset.</strong></span> <span class='ocrx_word' id='word_1_841' title='bbox 2957 5259 3026 5311; x_wconf 78' lang='lat' dir='ltr'><strong>At</strong></span> <span class='ocrx_word' id='word_1_842' title='bbox 3074 5257 3366 5327; x_wconf 84' lang='lat' dir='ltr'><strong>episcopus</strong></span> <span class='ocrx_word' id='word_1_843' title='bbox 3415 5273 3512 5312; x_wconf 89' lang='lat' dir='ltr'><strong>eos</strong></span> <span class='ocrx_word' id='word_1_844' title='bbox 3545 5256 3799 5325; x_wconf 77' lang='lat' dir='ltr'><strong>quidem,</strong></span> 
     </span>
    </p>
   </div>
   <div class='ocr_carea' id='block_1_118' title="bbox 2220 5345 3804 5422">
    <p class='ocr_par' dir='ltr' id='par_1_118' title="bbox 2220 5345 3804 5422">
     <span class='ocr_line' id='line_1_118' title="bbox 2220 5345 3804 5422; baseline -0.005 -16"><span class='ocrx_word' id='word_1_845' title='bbox 2220 5351 2312 5422; x_wconf 91' lang='lat' dir='ltr'><strong>qui</strong></span> <span class='ocrx_word' id='word_1_846' title='bbox 2345 5351 2410 5405; x_wconf 85' lang='lat' dir='ltr'><strong>ad</strong></span> <span class='ocrx_word' id='word_1_847' title='bbox 2451 5350 2668 5419; x_wconf 85' lang='lat' dir='ltr'><strong>pictatis</strong></span> <span class='ocrx_word' id='word_1_848' title='bbox 2713 5347 3042 5404; x_wconf 83' lang='lat' dir='ltr'><strong>Christiana:</strong></span> <span class='ocrx_word' id='word_1_849' title='bbox 3073 5347 3473 5417; x_wconf 80' lang='lat' dir='ltr'><strong>altjurationem</strong></span> <span class='ocrx_word' id='word_1_850' title='bbox 3521 5345 3804 5413; x_wconf 82' lang='lat' dir='ltr'><strong>provoluti</strong></span> 
     </span>
    </p>
   </div>
   <div class='ocr_carea' id='block_1_119' title="bbox 3021 5502 3800 5568">
    <p class='ocr_par' dir='ltr' id='par_1_119' title="bbox 3021 5502 3800 5568">
     <span class='ocr_line' id='line_1_119' title="bbox 3021 5502 3800 5568; baseline -0.008 -5"><span class='ocrx_word' id='word_1_851' title='bbox 3021 5510 3067 5539; x_wconf 84' lang='lat'><strong>&quot;</strong></span> <span class='ocrx_word' id='word_1_852' title='bbox 3095 5508 3237 5563; x_wconf 83' lang='lat' dir='ltr'><strong>Psal.</strong></span> <span class='ocrx_word' id='word_1_853' title='bbox 3273 5523 3383 5568; x_wconf 68' lang='grc' dir='ltr'><strong>ενι,</strong></span> <span class='ocrx_word' id='word_1_854' title='bbox 3429 5505 3522 5559; x_wconf 63' lang='grc'><strong>15.</strong></span> <span class='ocrx_word' id='word_1_855' title='bbox 3565 5505 3614 5537; x_wconf 82' lang='grc'><strong>⁷³</strong></span> <span class='ocrx_word' id='word_1_856' title='bbox 3637 5502 3800 5558; x_wconf 83' lang='lat' dir='ltr'><strong>Joan.</strong></span> 
     </span>
    </p>
   </div>
   <div class='ocr_carea' id='block_1_120' title="bbox 3184 5575 3800 5631">
    <p class='ocr_par' dir='ltr' id='par_1_120' title="bbox 3184 5575 3800 5631">
     <span class='ocr_line' id='line_1_120' title="bbox 3184 5575 3800 5631; baseline -0.008 0"><span class='ocrx_word' id='word_1_857' title='bbox 3184 5579 3228 5610; x_wconf 83' lang='grc'>⁷⁸</span> <span class='ocrx_word' id='word_1_858' title='bbox 3281 5576 3424 5630; x_wconf 80' lang='lat' dir='ltr'><strong>Psal.</strong></span> <span class='ocrx_word' id='word_1_859' title='bbox 3501 5575 3800 5631; x_wconf 70' lang='lat' dir='ltr'><strong>xxxvtt.7.</strong></span> 
     </span>
    </p>
   </div>
   <div class='ocr_carea' id='block_1_121' title="bbox 3181 5646 3802 5716">
    <p class='ocr_par' dir='ltr' id='par_1_121' title="bbox 3181 5646 3802 5716">
     <span class='ocr_line' id='line_1_121' title="bbox 3181 5646 3802 5716; baseline -0.011 -11"><span class='ocrx_word' id='word_1_860' title='bbox 3181 5650 3227 5682; x_wconf 82' lang='lat'><strong>&quot;</strong></span> <span class='ocrx_word' id='word_1_861' title='bbox 3257 5647 3432 5714; x_wconf 59' lang='lat' dir='ltr'><strong>longe,</strong></span> <span class='ocrx_word' id='word_1_862' title='bbox 3457 5661 3541 5712; x_wconf 91' lang='lat' dir='ltr'><strong>ttt,</strong></span> <span class='ocrx_word' id='word_1_863' title='bbox 3577 5646 3596 5699; x_wconf 80' lang='lat' dir='ltr'><strong>t</strong></span> <span class='ocrx_word' id='word_1_864' title='bbox 3641 5661 3802 5716; x_wconf 66' lang='lat' dir='ltr'><strong>seqq.</strong></span> 
     </span>
    </p>
   </div>
   <div class='ocr_carea' id='block_1_122' title="bbox 2450 5509 2944 5573">
    <p class='ocr_par' dir='ltr' id='par_1_122' title="bbox 2450 5509 2944 5573">
     <span class='ocr_line' id='line_1_122' title="bbox 2450 5509 2944 5573; baseline -0.002 -9"><span class='ocrx_word' id='word_1_865' title='bbox 2450 5513 2493 5543; x_wconf 75' lang='grc' dir='ltr'><strong>’ί</strong></span> <span class='ocrx_word' id='word_1_866' title='bbox 2522 5509 2682 5566; x_wconf 83' lang='lat' dir='ltr'><strong>Joan.</strong></span> <span class='ocrx_word' id='word_1_867' title='bbox 2725 5526 2821 5573; x_wconf 87' lang='lat' dir='ltr'><strong>vtt,</strong></span> <span class='ocrx_word' id='word_1_868' title='bbox 2852 5509 2944 5563; x_wconf 79' lang='lat'><strong>57.</strong></span> 
     </span>
    </p>
   </div>
   <div class='ocr_carea' id='block_1_123' title="bbox 2622 5579 3059 5645">
    <p class='ocr_par' dir='ltr' id='par_1_123' title="bbox 2622 5579 3059 5645">
     <span class='ocr_line' id='line_1_123' title="bbox 2622 5579 3059 5645; baseline 0 -11"><span class='ocrx_word' id='word_1_869' title='bbox 2622 5583 2666 5614; x_wconf 90' lang='grc'><strong>⁷⁷</strong></span> <span class='ocrx_word' id='word_1_870' title='bbox 2726 5581 2867 5634; x_wconf 77' lang='lat' dir='ltr'><strong>Psal.</strong></span> <span class='ocrx_word' id='word_1_871' title='bbox 2901 5596 2975 5645; x_wconf 83' lang='lat' dir='ltr'><strong>Vl,</strong></span> <span class='ocrx_word' id='word_1_872' title='bbox 3008 5579 3059 5634; x_wconf 87' lang='lat'><strong>7.</strong></span> 
     </span>
    </p>
   </div>
   <div class='ocr_carea' id='block_1_124' title="bbox 2313 5651 3104 5721">
    <p class='ocr_par' dir='ltr' id='par_1_124' title="bbox 2313 5651 3104 5721">
     <span class='ocr_line' id='line_1_124' title="bbox 2313 5651 3104 5721; baseline -0.006 -15"><span class='ocrx_word' id='word_1_873' title='bbox 2313 5655 2357 5685; x_wconf 77' lang='lat'><strong>‘“</strong></span> <span class='ocrx_word' id='word_1_874' title='bbox 2383 5652 2424 5706; x_wconf 92' lang='lat' dir='ltr'><strong>ll</strong></span> <span class='ocrx_word' id='word_1_875' title='bbox 2459 5652 2630 5709; x_wconf 79' lang='lat' dir='ltr'><strong>Pat&#39;al.</strong></span> <span class='ocrx_word' id='word_1_876' title='bbox 2671 5667 2862 5718; x_wconf 71' lang='lat' dir='ltr'><strong>xxvttt,</strong></span> <span class='ocrx_word' id='word_1_877' title='bbox 2892 5651 2910 5702; x_wconf 83' lang='lat' dir='ltr'><strong>I</strong></span> <span class='ocrx_word' id='word_1_878' title='bbox 2950 5667 3104 5721; x_wconf 82' lang='lat' dir='ltr'><strong>seqq.</strong></span> 
     </span>
    </p>
   </div>
  </div>
