4064 6274
319 343 453 408 1241

1231 351 1550 414 NICETAS
1592 353 1672 414 1N
1713 315 1932 414 emi.
1978 355 2225 416 xxxxx
2265 356 2326 418 s.
2371 358 2604 420 case.

3418 362 3558 428 1249

313 469 496 521 erant,
557 460 812 530 congruis
850 461 1126 519 laboribus
1165 473 1218 517 ct
1273 465 1498 519 salutari
1559 464 1877 535 pmnitenlia
1917 472 1955 524 Α
1989 481 2095 518 non
2136 466 2425 530 dubitavit,
2459 467 2653 523 dicens
2687 486 2700 522 :
2741 468 2866 523 Volo
2888 470 3329 528 adolescemiares
3367 477 3556 532 viduas

316 563 470 607 certo
521 563 762 623 tempore
804 556 1062 624 imperata
1092 595 1108 619 ,
1172 560 1562 629 recuperavit:
1613 559 1880 614 Novatum

319 655 501 698 autem
531 643 598 697 ab
649 644 906 699 Ecclesiae
932 659 1074 702 ccetu
1107 650 1446 718 proscripsit.
1494 649 1586 704 Ille
1636 666 1764 704 vero
1797 652 1882 704 in-

317 734 620 788 scientibus
666 737 920 793 omnibus
980 739 1034 791 in
1087 739 1264 793 locum
1297 741 1587 810 quemdam
1636 741 1879 795 abditum

318 832 482 890 atque
519 824 835 878 abstrusum
886 833 995 881 tres
1045 829 1335 898 episcopos
1388 839 1548 885 (etate
1594 843 1883 901 provectos

317 915 510 977 allicit,
568 929 771 984 eosque
808 918 1094 973 verborum
1158 921 1436 977 blanditiis
1485 925 1765 978 inescatos
1817 940 1882 980 eo

318 1006 504 1072 adigit,
539 1015 597 1059 ut
633 1023 826 1062 manus
859 1009 956 1062 sibi
994 1012 1293 1082 imponant.
1343 1017 1416 1070 ita
1459 1018 1526 1068 ah
1576 1018 1642 1072 iis
1669 1019 1884 1086 cpisco-

323 1113 421 1162 pus
450 1099 764 1168 designatus
814 1110 916 1156 est.
956 1104 1071 1168 Qua
1125 1105 1384 1172 dignitate
1445 1124 1607 1176 supra
1663 1110 1882 1163 modum

318 1187 512 1252 elatus,
533 1199 795 1259 quotquot
819 1206 849 1245 e
872 1193 1050 1248 stultis
1073 1209 1136 1249 ac
1154 1198 1369 1252 vesanis
1401 1198 1710 1253 hominibus
1734 1199 1798 1252 ad
1827 1213 1886 1254 se

324 1280 575 1347 pellicere
605 1284 798 1350 potuit,
821 1283 1107 1352 Catharos,
1146 1288 1198 1341 id
1233 1297 1338 1354 est,
1368 1305 1535 1359 puros
1559 1293 1882 1348 nominavit.

319 1369 420 1433 Qui
455 1379 636 1423 autem
670 1373 916 1427 eamdem
953 1375 1265 1444 Opinionem
1318 1382 1584 1452 complexi
1619 1393 1767 1443 sunt,
1802 1398 1887 1438 se-

319 1463 527 1517 cundas
563 1479 780 1533 quoque
814 1468 1034 1536 nuptias
1059 1470 1476 1538 prohibuerunt.
1512 1475 1593 1529 Ad
1625 1474 1883 1528 Novatia-

317 1571 416 1609 nos
455 1556 620 1624 igitur
643 1573 946 1614 sermonem
983 1575 1308 1622 convertens
1353 1567 1664 1638 Theologus
1689 1611 1703 1634 ,
1761 1570 1836 1624 ait
1866 1590 1880 1626 :

263 1717 282 1728 .
323 1645 432 1714 Ego
457 1648 674 1712 quidem
719 1650 1047 1717 pmnitentize
1071 1644 1125 1708 et
1152 1656 1513 1727 lacrymarum
1546 1661 1881 1729 baptismum

317 1739 632 1806 amplector,
677 1751 839 1811 atque
869 1745 990 1812 ejus
1018 1746 1334 1802 donatorem
1368 1750 1534 1806 Deum
1579 1755 1771 1816 adoro,
1816 1771 1881 1808 ac

316 1829 491 1882 sciens
534 1846 621 1886 me
647 1848 864 1904 quoque
896 1835 1213 1894 infirmitate
1261 1843 1504 1912 undique
1559 1846 1794 1901 cinctum
1825 1857 1879 1902 et

315 1920 628 1976 obvolutum
662 1939 802 1987 esse,
838 1928 1212 1985 misericordia
1245 1934 1408 1987 etiam
1435 1952 1559 2006 erga
1599 1938 1737 1993 alios
1763 1940 1876 1993 alli-

316 2015 449 2079 cior,
481 2026 537 2071 ut
573 2018 999 2074 misericordiam
1043 2023 1154 2091 ipse
1181 2039 1503 2096 consequar.
1540 2029 1658 2094 Qua
1711 2031 1878 2096 enim,

316 2106 509 2175 inquit,
546 2125 789 2164 mensura
828 2115 993 2168 mensi
1049 2115 1278 2184 fueritis,
1316 2123 1617 2174 remetietur
1662 2122 1877 2178 vobis“.

316 2193 392 2248 Tu
426 2206 602 2253 autem
661 2202 788 2269 quid
833 2204 953 2267 ais,
991 2207 1084 2274 qui
1133 2207 1296 2261 etiam
1353 2210 1405 2262 in
1446 2213 1657 2268 somnis
1683 2215 1882 2270 Obver-

317 2300 524 2343 santem
559 2292 741 2346 animo
772 2294 1011 2351 libidinis
1034 2300 1270 2368 speciem
1299 2300 1700 2360 Pharisaeorum
1728 2322 1881 2362 more

315 2383 555 2447 graviter
601 2384 909 2455 insectaris,
942 2392 1036 2460 qui
1067 2392 1230 2448 etiam
1260 2393 1543 2461 Pharismi,
1575 2413 1638 2453 ac
1683 2415 1879 2455 nomen

314 2472 489 2528 solum
521 2474 739 2534 Cathari
792 2481 978 2549 habes,
1006 2501 1124 2540 'non
1162 2496 1342 2542 autem
1401 2506 1514 2544 rem
1580 2491 1776 2558 ipsam,
1803 2502 1879 2558 et,

313 2578 435 2618 cum
477 2568 664 2623 eadem
702 2588 917 2628 mecum
976 2577 1296 2634 infirmitate
1355 2581 1747 2639 circumdatus
1778 2589 1878 2650 sis,

313 2656 630 2716 intumescis
657 2673 836 2718 tamen
862 2706 876 2730 ,
903 2667 1050 2721 velut
1092 2687 1322 2739 magnus
1375 2674 1648 2742 quispiam
1691 2677 1775 2730 vir
1829 2689 1883 2732 et

313 2749 604 2805 excelsus?
635 2753 968 2813 Ptenitentcs
1011 2775 1118 2813 non
1153 2763 1351 2832 recipis
1385 2781 1505 2828 ,nec
1543 2777 1767 2836 propter
1784 2785 1879 2824 eos

315 2839 580 2910 lacrymas
603 2845 913 2914 profundis,
955 2860 1013 2905 ut
1039 2852 1208 2906 vicem
1246 2869 1432 2908 eorum
1453 2857 1643 2912 dolens
1672 2860 1695 2912 ?
1727 2861 1882 2916 Absit

316 2942 372 2984 ut
401 2936 644 2991 eamdem
697 2939 750 2992 in
799 2939 1096 3009 judicando
1155 2945 1424 3000 rationem
1490 2959 1668 3004 teneat
1703 2952 1876 3007 Deus!

312 3024 518 3080 Christi
566 3028 941 3087 misericordia
979 3043 1033 3087 et
1095 3035 1415 3105 ignoscendi
1469 3039 1726 3096 facilitate
1771 3059 1878 3098 non

1986 557 2174 610 nubere
2195 555 2261 622 ”,
2326 555 2547 624 Paulus,
2607 558 2850 628 inquam,
2910 561 3020 628 ille,
3069 563 3163 631 qui
3214 567 3280 618 ad
3336 568 3556 622 tertium

1985 647 2181 702 coelum
2232 658 2394 718 atque
2451 650 2502 703 in
2543 653 2853 719 paradisum
2903 663 3088 722 raptus
3137 663 3220 710 est
3253 656 3320 720 ⁸⁸,
3377 659 3470 726 qui
3526 675 3556 714 ε

1984 735 2283 793 Jerusalem
2316 749 2367 793 et
2392 754 2488 808 per
2509 757 2698 811 gyrum
2733 757 2906 812 usque
2931 745 2998 798 ad
3051 743 3320 816 Illyricum
3353 747 3555 804 Christi

1989 827 2334 899 Evangelium
2392 831 2716 902 implevit".
2768 833 2846 888 Ita
2887 843 2964 900 tu,
3021 845 3080 890 ut
3137 838 3372 903 videtur,
3403 838 3556 894 Pauli

1986 932 2204 986 quoque
2227 921 2486 987 magister
2501 937 2583 986 es,
2602 923 2757 991 quasi
2778 924 2840 978 ad
2867 934 3120 994 quartum
3141 927 3335 981 caelum
3361 943 3556 996 pervo-

1987 1007 2140 1072 laris,
2177 1017 2341 1078 atque
2396 1009 2449 1062 in
2479 1012 2790 1078 paradisum
2824 1014 2990 1068 alium
3035 1026 3228 1084 raptus
3263 1016 3453 1083 fueris,
3488 1021 3555 1073 ad

1987 1117 2146 1169 quem
2170 1101 2260 1156 ille
2293 1110 2479 1170 raptus
2510 1119 2613 1158 non
2651 1104 2831 1169 fuerit,
2871 1107 3249 1177 majoremque
3284 1107 3554 1162 circulum

1986 1193 2308 1248 ChriStianae
2335 1194 2595 1248 doctrina:
2609 1197 2992 1264 praedicatione
3020 1200 3336 1266 complexus
3363 1197 3553 1252 fueris.

1990 1285 2190 1339 Verum
2233 1285 2402 1352 dices,
2457 1285 2809 1342 Novatiane:
2873 1286 3026 1342 Hanc
3082 1290 3452 1358 paenitentiam
3503 1298 3554 1342 et

1985 1380 2198 1432 veniam
2245 1387 2369 1446 post
2417 1379 2745 1448 baptismum
2792 1379 2905 1447 jam
2960 1381 3140 1434 locum
3195 1397 3301 1435 non
3337 1383 3555 1445 habere,

1986 1477 2079 1523 aut
2102 1470 2447 1527 Corinthium
2503 1474 2678 1539 illum,
2713 1475 2804 1544 qui
2840 1476 3011 1543 stupri
3070 1477 3282 1546 piaculo
3314 1479 3554 1545 seipsnm

1987 1564 2413 1629 constrinxerat,
2462 1581 2492 1620 a
2523 1564 2692 1621 Paulo
2740 1578 2864 1621 ante
2907 1567 3235 1637 baptismum
3279 1578 3556 1636 receptum

1986 1671 2126 1722 esse,
2161 1673 2267 1711 non
2305 1657 2430 1712 item
2458 1668 2580 1727 post
2608 1659 2962 1728 baptismum.
2989 1660 3132 1725 Quin
3158 1668 3212 1713 tu
3274 1675 3402 1728 ergo
3454 1661 3558 1714 hoc

1986 1749 2207 1817 probas,
2240 1759 2354 1816 aut,
2387 1752 2433 1807 si
2476 1751 2526 1805 id
2557 1767 2664 1804 non
2695 1760 2867 1820 potes,
2920 1753 3285 1806 condemnare
3315 1768 3378 1806 ac
3430 1752 3558 1818 reji«

1984 1855 2106 1894 cere
2157 1841 2364 1897 desinis
2387 1857 2482 1897 eos
2511 1845 2601 1912 qui
2634 1854 2752 1912 post
2796 1843 3150 1912 baptismum.
3181 1844 3234 1898 in
3270 1852 3554 1912 peccatmn

1985 1932 2286 1986 labuntur?
2322 1931 2477 1999 Quod
2513 1935 2558 1989 si
2593 1935 2818 1990 dubium
2851 1945 2933 1990 est
2989 1950 3098 2004 quo
3131 1945 3372 2001 tempore
3402 1951 3558 1990 rece-

1984 2025 2141 2092 perit,
2185 2023 2286 2092 Iegi
2327 2024 2587 2080 Romanae
2619 2027 2955 2094 obtempera,
2987 2025 3191 2080 dicenti
3227 2045 3240 2081 :
3277 2025 3335 2080 In
3375 2025 3558 2080 dubiis

1984 2115 2166 2170 vincat
2196 2118 2503 2172 clementia.
2537 2118 2690 2183 Quod
2726 2119 2770 2172 si
2805 2117 3045 2173 Novatus
3096 2133 3192 2173 eos
3257 2119 3349 2187 qui
3399 2133 3554 2186 gras-

1983 2217 2137 2264 sante
2187 2210 2569 2279 persecutione
2604 2210 2738 2278 lapsi
2776 2210 3016 2274 fuerant,
3075 2225 3184 2264 non
3241 2210 3470 2279 recepit,
3501 2215 3557 2264 et

1983 2304 2203 2371 quidem
2236 2305 2453 2374 dignam
2502 2305 2880 2373 pmnitentiam
2925 2304 3214 2358 aﬂ‘erentes
3267 2322 3282 2358 :
3343 2311 3400 2358 at
3451 2317 3553 2374 ego

1983 2395 2129 2448 illius
2186 2396 2491 2464 exemplum
2523 2395 2746 2448 minimc
2781 2410 3000 2464 sequar.
3040 2393 3232 2448 Parem
3257 2393 3401 2448 enim
3437 2407 3557 2448 mea

1983 2489 2200 2557 quidem
2229 2488 2494 2542 sententia
2531 2488 3009 2556 reprehensionem
3063 2501 3394 2556 pmnamquc
3439 2501 3556 2540 mc-

1983 2588 2193 2642 rentur,
2238 2579 2331 2648 qui
2383 2580 2463 2632 vel
2527 2589 2816 2646 peccantes
2869 2579 3014 2631 nulla
3071 2593 3231 2647 pinna
3288 2576 3554 2639 alliciunt,

1985 2673 2222 2743 ipsisque
2283 2687 2472 2727 omnes
2525 2671 2767 2726 habenas
2822 2671 3123 2733 remittunt,
3183 2669 3266 2722 vel
3324 2683 3421 2723 eos
3478 2669 3556 2721 ita

1983 2766 2374 2827 condemnant,
2437 2771 2496 2817 ut
2553 2778 2704 2832 spem
2739 2761 2845 2815 illis
2920 2759 3321 2830 consequentiae
3383 2758 3559 2813 venia:

1984 2858 2185 2912 nullam
2234 2857 2562 2924 relinquant.
2605 2853 2716 2910 Nec
2763 2869 2892 2907 vero
2927 2855 3067 2923 apud
3131 2868 3217 2907 me
3271 2853 3378 2904 vim
3423 2851 3558 2920 legis

1985 2951 2234 3006 habitura
2265 2959 2350 3004 est
2397 2947 2586 3002 Novati
2645 2946 2959 3009 crudelitas,
3016 2947 3108 3014 qui
3171 2954 3418 3014 stuprum
3483 2943 3555 2997 ita

1985 3044 2182 3097 acerbe
2243 3039 2647 3101 condemnavit,
2697 3049 2860 3106 atque
2913 3037 3238 3104 inexpiabile
3272 3047 3554 3104 peccatum

313 3118 584 3183 moveris,
648 3123 740 3189 qui
825 3127 1126 3181 secumlum
1213 3127 1412 3183 Isaiam
1433 3131 1478 3164 ⁸⁷
1533 3131 1879 3190 infirmitates
1908 3133 1949 3189 Ο
1982 3149 2103 3188 esse
2130 3131 2523 3202 pronuntiavit,
2559 3133 2713 3201 quasi
2750 3132 2866 3201 ipse
2907 3141 3057 3185 extra
3081 3145 3298 3184 carnem
3326 3144 3556 3198 corpus-

313 3219 529 3266 nnstras
562 3221 613 3266 et
647 3216 887 3281 morbos,
929 3217 1035 3272 hoc
1065 3227 1172 3285 est,
1200 3231 1416 3289 peccata
1450 3221 1698 3279 humeris
1745 3225 1878 3280 sub.

312 3302 416 3356 lata
491 3307 725 3373 portavit
779 3307 1256 3378 (quemadmodum
1311 3314 1522 3382 typicus
1555 3329 1749 3383 agnus,
1786 3317 1880 3386 qui

313 3409 412 3461 pro
446 3398 625 3464 populi
655 3400 896 3467 peccatis
921 3403 1305 3475 mactabatur),
1333 3415 1385 3460 et
1408 3422 1504 3475 pro
1525 3408 1680 3463 nobis
1702 3425 1880 3464 cmsus

309 3496 412 3549 est,
449 3502 514 3542 ac
554 3504 651 3558 pro
691 3493 871 3559 nobis,
901 3495 1167 3563 supplicio
1189 3499 1466 3562 obnoxiis,
1500 3515 1691 3568 poenas
1735 3502 1875 3568 luit;

312 3580 401 3651 qui
426 3587 542 3640 ait:
577 3583 694 3638 Non
727 3586 842 3639 ueni
877 3601 1062 3641 vocare
1078 3589 1275 3656 justas,
1319 3590 1410 3642 sed
1458 3604 1761 3659 peccatores
1811 3594 1879 3646 ad

310 3675 769 3744 paenitentiam";
806 3693 870 3731 ac
899 3693 994 3747 per
1012 3677 1207 3734 Oscam
1248 3700 1260 3734 :
1293 3679 1714 3737 Misericordia»:
1738 3685 1878 3749 volo,

307 3783 355 3826 et
382 3790 483 3826 non
503 3774 874 3845 sacri/icium”
899 3792 914 3838 ;
947 3783 1001 3828 et
1029 3775 1327 3830 sciscitanti
1357 3777 1538 3842 Petro,
1573 3795 1640 3832 an
1679 3780 1879 3849 septies

311 3863 560 3930 peccanti
590 3863 746 3916 fratri
793 3877 994 3915 noxam
1028 3864 1352 3929 remitteret,
1395 3867 1677 3933 respondit
1708 3885 1722 3920 :
1755 3867 1880 3922 Non

311 3955 428 4005 dico
453 3955 548 4006 tibi
578 3954 786 4019 septies,
817 3954 908 4006 sed
945 3957 1240 4025 septuagies
1265 3957 1332 4019 ’°,
1384 3957 1486 4012 hoc
1525 3969 1628 4023 est,
1663 3961 1881 4027 quoties

310 4042 378 4098 ad
416 4044 689 4098 meliorem
721 4056 956 4098 mentem
990 4047 1250 4101 redierit?
1280 4048 1352 4102 Ne
1377 4048 1630 4104 Davidem
1661 4052 1878 4119 quidem

313 4136 538 4205 recipis,
568 4136 638 4191 ob
663 4137 888 4191 admissi
913 4137 1165 4193 adulterii
1198 4141 1399 4205 scelus,
1427 4151 1482 4197 et
1513 4158 1701 4197 necem
1737 4142 1882 4200 Urire

314 4230 539 4293 illatam,
561 4229 726 4282 animi
743 4230 929 4284 dolore
947 4231 1291 4290 alfectunmc
1310 4250 1429 4288 sese
1450 4237 1880 4301 excruciantem,

309 4325 403 4393 qui
427 4339 526 4378 nec
549 4325 846 4394 prophetiae
863 4325 1066 4379 donum
1103 4335 1321 4396 prepter
1345 4327 1718 4395 penitentiam
1743 4327 1882 4382 ami-

1985 3240 2089 3293 qne
2127 3225 2338 3293 positus
2373 3232 2517 3278 esset
2574 3240 2590 3276 :
2637 3223 2921 3277 avaritiam
2980 3231 3161 3276 autem
3211 3236 3556 3291 nequaquam

1984 3317 2261 3386 repressit,
2283 3332 2444 3386 quam
2472 3325 2651 3370 tamen
2687 3315 3049 3369 idololatriam
3073 3315 3273 3369 Paulus
3301 3324 3458 3368 vocat
3485 3314 3557 3379 ",

1985 3409 2218 3463 fortasse
2267 3411 2411 3479 quod
2471 3424 2565 3464 eos
2611 3409 2756 3462 solos
2793 3408 3101 3462 divitiarum
3132 3423 3288 3462 amor
3337 3407 3553 3468 doceat,

1983 3504 2074 3572 qui
2105 3501 2270 3557 Deum
2325 3502 2578 3556 nesciunt
2609 3519 2622 3554 :
2671 3501 2752 3554 vel
2786 3501 2933 3570 quia,
2977 3500 3120 3554 sicut
3143 3500 3397 3555 ethnicus
3427 3515 3561 3554 con-

1982 3596 2144 3653 sertis
2175 3594 2428 3648 manibus
2451 3594 2804 3647 simulacrum
2831 3593 3195 3662 amplectitur,
3244 3594 3314 3648 ita
3349 3603 3403 3648 et
3425 3608 3559 3648 ava-

1983 3700 2079 3740 rus
2113 3700 2306 3738 aurum
2357 3684 2553 3738 annuis
2610 3693 2664 3739 ct
2722 3685 2998 3755 repagulis
3048 3685 3360 3749 committit,
3394 3695 3559 3754 atque

1983 3775 2110 3828 illud
2142 3774 2300 3844 quasi
2333 3788 2550 3828 sacrum
2608 3776 2883 3845 quoddam
2925 3777 3214 3831 donarium
3264 3784 3558 3831 attrectare

1983 3866 2207 3918 minime
2240 3865 2422 3919 audet.
2469 3865 2622 3930 Quod
2667 3865 2710 3920 si
2740 3866 2962 3936 quando
2993 3867 3060 3921 ad
3116 3865 3169 3919 id
3231 3865 3559 3920 necessitate

1983 3956 2249 4023 impulsus
2290 3953 2476 4019 fuerit,
2514 3955 2656 4011 haud
2701 3958 2860 4011 aliter
2887 3957 3072 4012 animo
3105 3955 3358 4022 adicitur,
3392 3971 3557 4026 quam

1982 4048 2029 4118 si
2062 4046 2258 4100 nefarii
2297 4045 2502 4115 aliquid
2539 4057 2923 4116 perpetrasset.

2408 4139 2550 4205 Quid
2585 4138 2804 4194 dicitis?
2839 4142 2917 4194 An
2964 4158 3054 4196 vos
3109 4141 3190 4195 Itis
3224 4142 3412 4204 verbis,
3447 4151 3553 4194 etc.

1981 4228 2144 4295 Quid,
2182 4230 2377 4298 inquit,
2411 4231 2614 4293 dicitis,
2646 4245 2678 4285 0
2725 4229 3049 4286 Novatiani?
3095 4232 3150 4287 Si
3188 4233 3437 4286 oratione
3462 4246 3562 4283 no-

1982 4334 2094 4377 stra
2147 4323 2376 4393 permoti
2439 4323 2593 4387 estis,
2656 4332 2797 4377 state
2846 4338 2875 4376 a
2931 4324 3108 4384 nobis.
3160 4324 3251 4392 qui
3307 4322 3559 4376 homines

311 4416 406 4469 sit?
426 4415 532 4471 Nec
555 4415 771 4472 Petrum
799 4418 1063 4485 admittis,
1085 4418 1210 4486 quia
1232 4419 1716 4487 passionisChristi
1740 4429 1878 4475 tem-
1915 4458 1956 4513 υ
1985 4424 2146 4484 atque
2202 4413 2270 4467 ad
2319 4423 2600 4484 peccatum
2654 4415 2918 4483 proclives
2975 4430 3188 4478 sumus,
3241 4414 3556 4513 ac-proiude

308 4525 438 4577 pore
458 4518 536 4563 ter
551 4524 672 4562 eum
699 4511 1005 4578 abnegavit,
1022 4526 1083 4564 ac
1100 4526 1291 4566 rursus
1317 4513 1472 4565 tertio
1487 4527 1546 4566 se
1561 4513 1680 4581 ejus
1696 4529 1883 4569 amore

307 4601 620 4654 devinctum
662 4615 783 4656 esse
827 4602 1116 4657 confessus
1160 4613 1265 4666 est,
1308 4603 1498 4673 sicque
1535 4605 1881 4675 abnegationi

309 4689 634 4744 medicinam
657 4692 862 4756 attulit,
887 4707 950 4745 ac
972 4701 1160 4762 postea
1197 4695 1379 4762 capite
1399 4694 1465 4748 ad
1491 4703 1692 4760 terram
1723 4712 1884 4752 verso

309 4797 407 4848 pro
421 4783 620 4837 Christi
645 4787 1027 4849 nominecruci
1051 4785 1242 4842 aﬂixus
1259 4787 1376 4842 est?
1406 4787 1514 4844 Nec
1539 4789 1883 4844 Corinthium

311 4873 464 4927 illum
513 4876 604 4941 qui
628 4890 748 4930 cum
774 4891 1003 4930 noverca
1022 4878 1192 4946 stupri
1209 4881 1596 4934 counnercium
1614 4881 1882 4936 habuit"?

313 4967 383 5018 At
407 4964 628 5028 Paulus,
646 4975 926 5035 perspecta
948 4966 1118 5035 ipsius
1146 4968 1545 5037 resipiscentia,
1565 4969 1878 5025 Corinthios

316 5057 590 5124 hortatur,
626 5067 685 5112 ut
725 5060 1048 5115 charitatem
1099 5059 1152 5114 in
1205 5061 1381 5130 ipsum
1435 5063 1685 5127 firment;
1742 5079 1877 5118 cau-

314 5165 542 5216 samque
571 5151 854 5218 adiungit:
892 5151 976 5206 Ne
993 5153 1130 5221 forte
1154 5153 1458 5223 hujusmodi
1493 5154 1652 5207 homo
1684 5155 1880 5208 immo-

311 5245 432 5297 dica
467 5244 688 5298 tristitia
714 5245 1140 5309 absorbeatur",
1167 5247 1268 5300 hoc
1316 5256 1418 5309 est,
1453 5246 1507 5299 in
1537 5247 1878 5315 desperatio-

311 5353 436 5391 nem
462 5337 628 5389 autin
655 5345 886 5390 mortem
923 5352 1165 5406 praeceps
1197 5344 1340 5393 ruat.
1368 5335 1547 5403 Quid?
1579 5353 1644 5392 ne
1675 5352 1875 5392 secun-

309 5431 410 5484 das
451 5429 665 5498 nuptias
709 5429 997 5499 permittis,
1051 5443 1151 5483 nec
1204 5429 1499 5498 juvenibus
1561 5429 1741 5484 viduis
1775 5445 1879 5483 nu-

309 5519 472 5575 bendi
509 5528 831 5590 potestatem
877 5519 1054 5577 facis!
1095 5521 1258 5592 Atqui
1317 5523 1419 5576 hoc
1468 5521 1668 5576 Paulus
1699 5521 1876 5574 facere

379 5700 425 5731 “
463 5699 650 5756 Matth.
688 5717 781 5765 γη,
812 5701 864 5756 2.
944 5703 988 5734 ⁸⁷
1036 5702 1136 5757 lsa.
1167 5705 1356 5762 “IL/ii.

1434 5705 1478 5734 '"‘
1498 5705 1692 5758 Matth.
1735 5720 1809 5764 Ix,
1844 5704 1932 5757 15.

1955 4507 2216 4563 aliorum
2272 4509 2445 4563 vicem
2507 4507 2664 4560 facile
2727 4507 3024 4560 dolemus:
3091 4508 3251 4570 s’tate,
3303 4505 3550 4574 inquam,

1980 4615 2100 4665 vos,
2150 4599 2243 4668 qui
2314 4613 2479 4667 supra
2533 4597 2832 4658 hominem,
2892 4596 3005 4650 imo
3054 4594 3340 4649 inhumani
3392 4594 3550 4657 estis,

1981 4692 2052 4745 ob
2109 4691 2269 4760 idque
2320 4705 2384 4745 ex
2448 4689 2682 4744 aliorum
2738 4689 2890 4758 lapsu
2951 4701 3210 4756 angorem
3267 4699 3374 4739 non
3417 4700 3552 4739 cono

1982 4784 2202 4853 cupitis.
2259 4783 2546 4837 Dominum
2607 4798 2714 4836 una
2767 4781 3125 4842 celebremus,
3179 4779 3270 4848 qui
3331 4792 3430 4846 pro
3455 4791 3556 4831 sua

1987 4874 2358 4928 misericordia
2415 4871 2792 4943 paenitentiam
2852 4870 3008 4926 nobis
3039 4867 3354 4934 concessit;
3388 4880 3554 4936 atque

1985 4965 2182 5021 Isaiam
2258 4966 2581 5030 audientes,
2657 4964 2926 5018 dicentem

1989 5057 2186 5110 Procul
2238 5074 2270 5110 a
2335 5073 2415 5110 me
2471 5056 2688 5120 recede,
2750 5071 2812 5108 nc
2874 5055 3094 5107 accedas
3142 5053 3210 5105 ad
3263 5069 3379 5116 me,
3425 5067 3554 5118 quo-

1991 5149 2135 5202 niam
2178 5165 2343 5218 purus
2393 5164 2549 5213 sum;
2630 5147 2798 5200 nolite
2860 5161 2992 5210 vos,
3058 5145 3150 5215 qui
3226 5145 3345 5215 puri
3399 5144 3556 5208 estis,

1989 5255 2342 5311 congressum
2411 5249 2682 5303 nostrum,
2729 5247 2790 5291 ut
2858 5237 3195 5306 impurorum
3251 5237 3556 5300 hominum,

1988 5334 2214 5404 fugere:
2247 5333 2378 5401 quin
2414 5333 2597 5402 potius
2629 5331 2912 5386 nobiscum
2951 5340 3177 5392 stantes,
3203 5339 3393 5383 vestra:
3417 5343 3552 5396 «luo-

1988 5441 2095 5495 que
2122 5425 2372 5495 puritatis
2419 5439 2520 5478 nos
2558 5423 2847 5493 participes
2881 5423 3128 5478 facite".
3165 5419 3319 5484 Quod
3361 5419 3406 5472 si
3458 5431 3553 5471 vos

1989 5533 2098 5573 non
2128 5517 2419 5580 ﬂectimus,
2465 5530 2563 5585 pro
2617 5514 2793 5581 vobis,
2819 5523 3006 5584 utpote
3052 5508 3337 5567 incurabili
3363 5509 3556 5563 morbo

2007 5701 2053 5735 "
2085 5700 2222 5756 Osee
2253 5717 2324 5762 vt,
2349 5696 2403 5752 6.
2481 5698 2526 5730 ⁸⁸
2565 5697 2755 5751 Matth.
2790 5713 2942 5760 xvm,
2973 5695 3067 5748 22.
3143 5699 3185 5732 "
3225 5697 3240 5750 Ι
3273 5698 3401 5751 Cor.
3432 5711 3487 5756 v,
3528 5696 3546 5746 t

307 5787 466 5836 seqq.
521 5773 563 5804 "
599 5771 638 5828 ll
665 5764 790 5829 Cor.
820 5789 878 5836 tt,
909 5774 960 5830 7.
1038 5775 1081 5805 "
1111 5773 1130 5828 Ι
1162 5773 1305 5830 Tim.
1335 5789 1385 5837 v,
1431 5775 1512 5831 ι-ι.
1553 5778 1598 5808 ’δ
1621 5775 1662 5832 ιι
1689 5775 1816 5832 Cur.
1852 5791 1880 5829 χ

1984 5775 2026 5828 Ξ.
2103 5773 2148 5806 ’⁵
2171 5772 2329 5828 itaut.
2360 5785 2446 5837 xv,
2487 5768 2572 5824 i9.
2637 5769 2683 5802 "
2708 5766 2906 5837 Ephes.
2951 5781 3002 5822 v.
3034 5765 3090 5825 5.
3132 5771 3176 5804 ³⁷
3211 5767 3315 5825 ιτα.
3343 5781 3473 5838 st,
3498 5764 3554 5820 5.

2994 4980 3006 5015 :
3070 4960 3160 5016 Va:
3199 4962 3290 5030 qui
3340 4960 3558 5025 dicitis,
