4064 6274
585 298 726 362 1243

1975 294 2358 356 ΛΙΜΜΞΝΒᾹ.

3751 301 3909 363 12ὶὶ

580 409 864 478 correptis,
918 409 1191 478 laerymas
1241 410 1609 464 cfl‘undemus.
1667 409 1781 476 Igni
1840 408 1985 461 enim
2021 425 2165 461 sem-
2203 413 2244 464 Α
2277 408 2492 462 reddam
2517 413 2557 464 ¹.
2586 411 2772 465 Virmn
2833 421 3012 466 autem
3047 413 3374 482 sanguinnm
3413 413 3587 465 David
3626 427 3763 466 ειιιιι
3797 431 3912 466 νο-

580 503 798 570 piterno
859 503 1357 570 haptizabimini",
1391 503 1481 570 qui
1521 512 1792 556 terrenam
1837 511 1890 556 et
1917 516 2165 554 crassam

585 596 868 648 materiam
900 605 1158 664 tanquam
1193 595 1374 649 fenum
1419 596 1678 659 comedit,
1719 607 1775 648 ut
1807 594 1962 649 lsaire
1988 595 2169 648 verbis

586 698 734 748 utar,
755 687 859 738 hoc
897 695 998 748 est,
1027 689 1232 741 crassis
1263 696 1316 740 et
1357 687 1616 742 obscenis
1643 687 1890 756 corporis
1919 687 2171 754 volupta-

589 779 734 832 tibus
797 780 1095 834 servientes
1141 779 1341 844 exurit,
1413 789 1576 849 atque
1648 780 1899 834 homines
1950 788 2171 849 peccato

588 870 734 924 leves
777 881 830 923 et
867 870 1052 924 aridos
1082 872 1151 923 ita
1174 871 1478 931 excruciat,
1512 882 1570 940 ut
1615 879 1799 924 tamen
1839 887 1945 924 non
1997 872 2169 924 absu-

589 970 718 1014 mat.
763 960 1233 1026 Quemadmodum
1292 963 1438 1016 enim
1505 962 1557 1014 in
1619 963 1719 1015 hac
1752 964 1858 1015 vita
1912 962 2170 1015 Christus

591 1053 838 1106 homines
869 1053 1154 1106 sanctitate
1185 1052 1380 1121 dignos
1422 1053 1474 1104 in
1507 1051 1712 1122 Spiritu
1759 1055 2037 1122 baptizat,
2096 1053 2168 1105 ita

587 1144 838 1212 inlignos
879 1148 944 1196 ad
993 1145 1168 1214 ignem
1207 1146 1547 1209 transmittit,
1609 1147 1820 1199 alienos
1861 1145 2110 1199 videlicet
2138 1163 2167 1201 a

585 1235 734 1288 bono
787 1236 1002 1303 spiritui
1053 1237 1196 1290 malo
1232 1239 1476 1291 tradens.
1509 1237 1680 1291 Porro
1725 1253 1818 1306 per
1867 1238 2006 1307 ignis
2069 1239 2166 1292 lia-

587 1325 850 1392 ptismnm
907 1341 1137 1379 examen
1200 1342 1604 1397 censuramque
1686 1328 1914 1381 extremi
1971 1327 2167 1397 judicii

587 1418 862 1487 intelligit,
890 1419 1041 1485 juxta
1081 1419 1130 1474 id
1159 1421 1300 1488 quod
1325 1421 1400 1474 ait
1447 1419 1774 1486 Apostolus:
1813 1417 2170 1489 Uniuscnjus-

583 1527 682 1580 que
733 1528 885 1580 opus,
929 1513 1085 1580 quale
1140 1523 1239 1577 est,
1280 1514 1416 1582 ignis
1469 1512 1794 1581 probabit”.
1826 1511 1888 1564 Et
1933 1529 2166 1567 rursus:

593 1602 710 1655 Dies
741 1605 877 1656 enim
901 1605 1217 1666 declarabit,
1248 1607 1375 1674 quia
1406 1607 1456 1657 in
1488 1606 1604 1673 igne
1636 1604 1949 1657 revelabitur
1983 1607 2022 1658 '.
2059 1604 2168 1660 Nos

588 1703 767 1745 autent
803 1692 950 1746 Isaia:
1005 1695 1236 1748 consilio
1270 1711 1584 1765 pareamus,
1645 1695 1712 1748 ad
1757 1697 1902 1748 hunc
1946 1695 2166 1750 modum

2271 513 2361 555 cat
2386 503 2426 566 ³,
2453 503 2546 571 qui
2585 504 2715 556 vitio
2755 504 2903 557 onini
2941 514 2994 556 et
3025 506 3230 558 scelere
3261 515 3561 568 coepertus
3598 515 3715 556 est.
3753 507 3909 557 Per-

2273 592 2470 646 fectum
2503 595 2646 645 enim
2681 593 2777 646 viri
2821 594 3043 647 nomine
3091 594 3384 664 appellavit
3432 612 3447 647 :
3494 597 3911 662 quemadmo-

2269 681 2398 736 dum
2443 691 2496 735 et
2538 683 2732 738 Paulus
2782 701 2794 737 :
2832 683 3113 752 Quousque
3152 684 3524 750 perveniamus
3577 686 3636 737 in
3707 685 3905 736 eiram

2268 775 2618 844 perfectum‘.
2649 774 2766 829 Jam
2797 791 2925 829 vero
2948 775 3184 830 hominis
3213 791 3381 829 causa
3403 776 3594 828 omnis
3617 777 3904 829 doctrina

2270 868 2394 921 data
2427 878 2530 932 est,
2562 879 2667 921 tam
2701 867 2893 936 legalis
2946 883 3110 935 quam
3138 868 3476 936 evangeliea,
3497 878 3682 936 atque
3722 885 3906 920 triane

2273 960 2613 1030 mysterium,
2647 971 2698 1013 et
2730 959 2908 1012 onmis
2936 960 3142 1014 Christi
3173 961 3336 1023 actio,
3361 972 3412 1013 et
3443 960 3658 1014 festum
3723 975 3904 1013 onum

2278 1053 2536 1122 mystiras
2589 1052 2832 1105 rationes
2892 1051 3122 1104 habens.
3161 1050 3477 1121 Purgetnini
3534 1053 3746 1121 igitur,
3815 1062 3880 1105 ut

2269 1145 2412 1212 quod
2445 1145 2514 1197 ait
2557 1143 2772 1203 Paulus,
2806 1143 2924 1195 silis
2959 1151 3213 1211 tauquam
3239 1143 3538 1194 luminaria
3567 1143 3625 1193 in
3656 1144 3902 1202 mundo,

2270 1235 2478 1288 verbum
2529 1237 2647 1288 vita:
2688 1235 3004 1288 sustinentes
3037 1237 3076 1286 ⁵.
3135 1233 3271 1286 Nam
3309 1234 3496 1286 lumen
3543 1234 3898 1301 huiusmodi

2269 1327 2563 1398 quamdam
2600 1327 2708 1379 vim
2761 1325 2945 1390 habet,
2983 1335 3040 1378 ut
3067 1340 3163 1379 eos
3199 1325 3292 1394 qui
3346 1325 3400 1377 in
3435 1327 3700 1379 tenebris
3742 1327 3901 1378 velut

2269 1420 2502 1475 emortui
2543 1429 2672 1472 sunt
2707 1416 2775 1470 ad
2811 1419 2978 1471 vitam
3009 1417 3228 1472 excitet.
3261 1416 3334 1469 lla
3365 1419 3480 1478 fiet,
3517 1425 3584 1470 ut
3618 1418 3679 1470 in
3715 1421 3899 1470 altera

2271 1510 2470 1566 s:eculo
2537 1507 2823 1563 Trinitatis
2873 1508 3087 1578 fulgore
3147 1507 3361 1577 plenius
3424 1508 3897 1570 collustremini,

2270 1601 2428 1670 cujus
2461 1617 2629 1655 unum
2693 1609 2858 1668 atque
2903 1598 3156 1653 eumdem
3203 1599 3555 1667 splendorem
3603 1613 3636 1650 a
3703 1601 3896 1651 tribus

2273 1691 2672 1746 uniusdeitatis
2713 1690 2962 1759 personis
3018 1689 3344 1741 endcantem
3411 1703 3567 1740 nunc
3618 1688 3899 1755 suscepi-

587 1785 857 1852 hmrentis
893 1805 904 1838 :
939 1784 1239 1848 Lavamini,
1271 1763 1463 1840 mundi
1514 1796 1718 1840 estote:
1756 1797 1806 1840 et
1864 1789 1912 1840 si
1972 1788 2167 1856 fuerint
2205 1763 2243 1815 Β
2278 1785 2378 1839 stis
2413 1785 2510 1837 :in
2553 1787 2672 1853 ipso
2703 1783 2926 1837 Christo
2961 1781 3190 1836 Domino
3232 1787 3450 1842 nostro,
3477 1781 3572 1834 cui
3611 1780 3801 1850 gloria
3841 1789 3898 1833 et

586 1888 798 1945 peccata
829 1891 997 1931 vestra
1043 1888 1099 1930 ut
1150 1879 1484 1941 vermiculus,
1520 1880 1688 1932 instar
1735 1880 1868 1932 nivis
1907 1895 1967 1932 ea
2017 1879 2168 1932 deal-

587 1966 718 2020 babo
746 1985 763 2020 :
795 1968 840 2020 si
873 1980 1046 2021 autent
1095 1979 1150 2022 ut
1185 1971 1478 2032 coccinum,
1534 1971 1708 2022 instar
1743 1969 1882 2022 lana:
1938 1968 2174 2026 candida

2280 1877 2569 1946 imperium
2605 1876 2662 1930 in
2691 1875 2884 1932 saecula
2925 1874 3274 1930 saeculorum.
3306 1871 3510 1925 Amen.

1623 2381 1750 2471 IN
1833 2349 2556 2471 OBATIONEM
2634 2376 2839 2464 XL.

2203 2595 2274 2610 —

1123 2735 1631 2792 ARGUMENTUM.

663 2848 788 2901 lla'c
827 2847 999 2900 oratio
1035 2848 1149 2899 acri
1186 2858 1234 2899 et
1269 2848 1551 2901 vehementi
1577 2846 1938 2915 disputatione
1991 2843 2166 2912 bapti-

585 2957 757 2993 smum
795 2955 1126 3008 nequaquam
1156 2939 1508 3008 diﬂ‘erendum
1538 2955 1599 2990 ac
1628 2937 2020 3008 prorogandam
2052 2951 2164 2988 esse

583 3028 933 3080 demonstrat.
988 3029 1065 3080 Ac
1103 3044 1220 3082 cum
1277 3028 1590 3095 pracedemi
1661 3026 1866 3097 quidem
1927 3026 2240 3094 orationec

585 3122 829 3186 rolurret,
889 3137 1068 3174 verum
1116 3123 1364 3190 temporis
1407 3120 1656 3174 brevitate
1707 3129 1865 3190 atque
1917 3117 2168 3187 angustia

585 3214 783 3281 factum
813 3223 985 3277 est,ut
1026 3215 1090 3266 ab
1126 3230 1187 3266 ea
1218 3215 1597 3282 distinguatur.

936 3348 1212 3404 ΝΙΕΕΤίΕ
1251 3346 1828 3402 COMMENTARIUS.

656 3466 771 3519 Col.
793 3465 894 3520 559
909 3465 965 3518 Β.
985 3462 1248 3528 Quoniam
1265 3461 1376 3514 heri
1395 3461 1746 3526 splendidum,
1771 3469 1878 3514 etc.
1904 3459 2169 3515 llesterno

586 3561 693 3618 die.
729 3558 922 3626 inquit,
979 3556 1271 3609 Luminum
1314 3555 1511 3607 festum
1545 3553 1972 3608 celebravimus.
2018 3553 2167 3607 Cun-

550 3681 556 3686 ~
589 3650 844 3705 veniebat
872 3645 1015 3701 enim
1047 3646 1118 3698 ob
1176 3645 1404 3697 salutem
1461 3651 1702 3697 nostram
1738 3644 1936 3712 gaudio
1965 3643 2166 3708 efferri,

584 3755 816 3808 eamque
849 3737 1146 3794 Celebrare.
1175 3736 1343 3806 quue
1383 3737 1555 3789 multo
1585 3736 1798 3805 arquius
1825 3744 1968 3800 erat,
2003 3751 2168 3805 quam

587 3832 734 3900 quod
777 3830 1036 3885 mortales
1071 3828 1221 3882 carni
1274 3827 1441 3882 dediti
1487 3827 1668 3881 facere
1726 3827 1926 3892 solent,
1991 3827 2083 3897 qni
2115 3834 2171 3881 ct

583 3925 838 3992 γενέθλια
865 3924 1161 3987 celebrant,
1199 3921 1249 3976 id
1279 3932 1383 3984 est,
1421 3921 1562 3975 diem
1593 3936 1705 3991 quo
1737 3922 1791 3976 in
1823 3923 1998 3977 lucem
2037 3921 2171 3976 editi

586 4023 736 4075 sunt,
767 4025 818 4068 et
851 4015 1122 4083 γαμήλια,
1183 4014 1286 4068 hoc
1314 4021 1416 4076 cst,
1447 4029 1572 4067 eum
1625 4014 1768 4068 diem
1829 4027 1937 4083 quo
1978 4013 2169 4066 matri-

589 4106 833 4160 monium
867 4115 1281 4165 eontraxerunt,
1307 4115 1362 4159 et
1387 4106 1789 4177 ‘ovonas‘rﬁpta,
1824 4108 2044 4176 quando
2069 4121 2172 4159 no-

589 4211 712 4248 uen
765 4196 898 4265 ipsis
953 4194 1270 4264 impositum
1310 4207 1413 4257 est,
1480 4205 1533 4249 et
1585 4195 1914 4263 κουρόσυνα,
1951 4201 2172 4266 quando

583 4293 816 4344 decursa
857 4295 912 4342 ct
967 4295 1156 4342 exacta
1187 4287 1578 4352 adolescentia,
1636 4287 1691 4340 in
1727 4286 1991 4356 juvenum
2020 4292 2173 4345 ordi-

2274 2733 2423 2790 tione
2449 2729 2875 2803 consumimus),
2903 2739 3020 2785 tum
3067 2746 3133 2786 ne
3174 2729 3460 2785 fastidium
3500 2743 3555 2787 et
3617 2737 3870 2786 sanum-

2273 2833 2380 2880 tem
2445 2823 2719 2878 sermonis
2775 2823 3065 2892 prolixitas
3130 2833 3368 2892 pareret.
3426 2822 3668 2893 Semper
3729 2828 3869 2878 υιιῐιιι

2272 2924 2579 2984 suspectam
2635 2915 2810 2970 hahco
2865 2915 3197 2980 satietatem,
3253 2915 3402 2969 velut
3454 2919 3751 2969 nmlestam
3809 2936 3870 2969 ac

2274 3009 2415 3063 tredii
2467 3009 2705 3078 plenam,
2743 3008 3014 3076 rebusque
3058 3008 3316 3061 omnibus
3356 3011 3639 3076 prtia-luris
3676 3012 3872 3066 adver-

2271 3109 2509 3168 santem,
2546 3111 2710 3171 atque
2761 3116 2824 3155 ea
2857 3115 2979 3170 quae
3014 3100 3158 3154 dicta
3195 3111 3346 3165 sunt,
3381 3101 3712 3169 infrugifera
3744 3106 3869 3156 red-

2270 3195 2510 3251 dentem.
2563 3193 2700 3248 Nam
2736 3211 2860 3250 cum
2911 3209 2976 3248 ea
3013 3195 3084 3249 sit
3141 3194 3336 3263 animi,
3361 3195 3740 3257 imbecillitas,
3805 3207 3871 3249 ut

2271 3288 2458 3342 omnia
2510 3288 2676 3341 simul
2722 3287 3013 3355 complecti
3072 3295 3239 3354 atque
3292 3288 3538 3356 arripere
3590 3299 3866 3354 nt‘tlllt‘al,

2273 3379 2412 3433 idem
2445 3377 2670 3432 omnino
2713 3377 2788 3430 illi
2843 3377 3062 3438 accidit,
3092 3377 3240 3445 quod
3275 3379 3475 3438 ventri.
3501 3379 3590 3446 qni
3630 3388 3866 3447 propter

2273 3471 2617 3525 immodicam
2679 3471 2984 3524 satietatem
3051 3471 3407 3524 transmissos
3466 3471 3624 3525 cibos
3657 3486 3864 3524 conro-

2272 3577 2440 3631 quere
2467 3577 2576 3616 non
2606 3571 2801 3631 potest.
2827 3559 3109 3629 Oportebit
3140 3570 3318 3614 autem
3348 3577 3407 3616 ea
3437 3578 3561 3629 quae
3619 3577 3647 3615 a
3704 3567 3867 3618 nobis

2273 3652 2552 3716 dicentur,
2597 3661 2808 3706 attento
2866 3651 3054 3704 animo
3088 3653 3269 3704 audire
3315 3667 3331 3704 :
3393 3653 3867 3722 quandoquidem

2274 3744 2377 3798 hoc
2397 3759 2620 3814 quoque
2660 3743 2968 3812 splendoris
3015 3758 3143 3812 pars
3172 3751 3270 3806 est,
3301 3743 3549 3796 nimirum
3581 3745 3874 3813 baptismi

2275 3835 2380 3890 vim
2437 3844 2491 3890 et
2525 3833 2840 3889 facultatem
2879 3833 3051 3902 probe
3107 3833 3374 3903 cegnitam
3407 3842 3462 3886 et
3517 3835 3869 3902 explicatam

2274 3928 2498 3983 habere.

2340 4016 2459 4073 Col.
2492 4018 2596 4074 559
2641 4016 2706 4074 C.
2740 4019 2949 4088 Triplex
2997 4020 3298 4073 nativitatis
3366 4033 3526 4086 genus
3580 4021 3856 4086 agnoscit,

2271 4119 2376 4162 etc.
2413 4108 2573 4170 Tres,
2603 4109 2803 4178 inquit,
2862 4110 3184 4165 nativitates
3213 4119 3363 4162 reeta
3397 4118 3451 4162 et
3480 4108 3858 4162 ecclesiastira

2274 4201 2521 4255 doctrina
2559 4203 2884 4271 profitetur:
2945 4203 3174 4271 primam
3225 4215 3576 4270 corpoream,
3626 4215 3724 4268 qua
3761 4198 3852 4250 a’ii

2273 4307 2339 4346 ex
2411 4293 2534 4347 aliis
2584 4293 2896 4359 nascimur;
2956 4297 3251 4348 secundam
3306 4292 3853 4361 baptismi;tertiam

585 4400 709 4438 nem
743 4383 968 4451 ascripti
997 4389 1146 4446 sunt,
1191 4388 1287 4434 aut
1319 4379 1542 4450 quando
1575 4381 1809 4448 primum
1842 4381 1979 4452 ipsis
2011 4398 2166 4439 coma
2206 4379 2246 4432 Ι)
2278 4387 2721 4441 ι·εευιτθι·ιὶι›ιιίε.
2762 4387 2837 4440 Ac
2883 4401 3151 4456 corporea
3209 4388 3429 4454 qnidem
3477 4392 3745 4437 nocturna
3777 4393 3861 4434 est

587 4480 642 4530 in
701 4476 1040 4545 superﬂuum
1096 4489 1423 4530 excrescens
1479 4482 1697 4530 attonsa
1746 4486 1864 4542 est,
1897 4487 1955 4532 et
1990 4495 2176 4533 κατοι-

587 4571 750 4623 κέσια
797 4570 882 4625 vel
919 4567 1272 4624 habitationis
1323 4565 1608 4633 encaenia,
1657 4570 1880 4638 quando
1937 4571 2171 4639 primum

585 4670 790 4714 terram
822 4661 1115 4728 quamdam
1173 4667 1268 4714 aut
1329 4659 1556 4714 domum
1612 4661 1981 4718 incoluerunt.
2047 4663 2176 4720 Haec

590 4765 755 4820 porro
788 4750 970 4802 omnia
1003 4751 1199 4818 ἐτήσια
1233 4750 1669 4815 celebrabantur,
1709 4751 1762 4805 id
1795 4763 1901 4817 est,
1941 4763 2178 4821 quotan-

590 4840 697 4894 nis.
734 4838 987 4893 Nonnulli
1019 4851 1200 4894 autem
1236 4843 1452 4910 ἐτήσια,
1500 4843 1842 4908 consulatus,
1877 4854 1972 4898 aut
2019 4847 2164 4902 mili-

588 4933 724 4986 taris
781 4930 1143 4999 prtefecturaa,
1185 4941 1282 4984 aut
1334 4935 1477 4988 alius
1507 4935 1791 5002 cujusdam
1851 4938 2166 5007 hujnsmodi

586 5023 942 5092 magistratus
995 5021 1256 5091 praeludia
1306 5034 1358 5076 et
1406 5023 1656 5078 tirocinia
1709 5025 2164 5099 interpretantur,

584 5115 860 5169 autetiam
892 5113 1000 5168 diei
1035 5114 1200 5180 illius,
1235 5130 1345 5184 quo
1385 5116 1679 5186 quisquam
1736 5123 2032 5176 niaximum
2071 5139 2165 5194 pe-

588 5207 822 5260 riculum
857 5205 1066 5276 effugit.
1106 5205 1278 5261 llodie
1324 5209 1391 5262 de
1450 5209 1723 5277 baptismo
1777 5213 2161 5271 disseremus:

583 5299 801 5354 etiamsi
837 5300 955 5353 heri
994 5315 1093 5356 nos
1121 5299 1298 5354 oratio
1319 5301 1385 5355 de
1417 5315 1484 5356 eo
1513 5301 1757 5358 instituta
1789 5305 2164 5374 praeterfluit,

586 5401 702 5446 tum
730 5393 858 5462 quia
891 5403 1106 5462 tempus
1157 5403 1374 5460 urgeret
1435 5392 1616 5464 (feSIis
1655 5395 1800 5449 enim
1826 5396 2020 5452 diebus
2055 5413 2172 5452 ma-

587 5486 789 5539 ximam
838 5485 1100 5556 temporis
1151 5493 1358 5555 partem
1420 5485 1474 5540 in
1533 5485 1875 5543 Psalmorum
1916 5489 2169 5552 cantilla-

654 5663 698 5693 "
726 5663 827 5717 lsa.
861 5664 1132 5749 guttvr:
1162 5736 1179 5749 ‘
1289 5663 1331 5749 1.
1374 5663 1500 5717 Cor.
1549 5679 1630 5724 Ill,
1667 5665 1756 5749 [ξ.
1833 5667 1848 5699 ¹
1883 5667 2014 5724 ibid.
2043 5745 2045 5749 ι
2093 5673 2111 5702 ²
2145 5670 2248 5727 lsa.

582 5734 716 5800 lipp.
751 5751 811 5790 ll.
860 5733 942 5790 l5.
1001 5737 1083 5790 lb'.
1162 5736 1180 5766 ‘
1209 5735 1353 5790 l‘sal.
1384 5751 1644 5797 αλιι-ιιι.
1681 5736 1762 5792 l6.

2273 4479 2446 4548 (propr
2463 4478 2512 4532 ie
2535 4479 2680 4531 enim
2707 4493 3041 4547 congressus
3066 4479 3283 4532 venerei
3336 4487 3576 4546 tempus,
3616 4490 3720 4528 nox
3753 4485 3856 4537 est,

2274 4579 2494 4639 propter
2531 4571 2872 4624 honestatem
2933 4578 2988 4623 et
3022 4569 3440 4632 verecundiam)
3480 4577 3648 4634 atque
3692 4567 3860 4618 etiam

2274 4675 2454 4725 serva,
2492 4662 2693 4731 quippe
2735 4677 2899 4730 quam
2945 4661 3189 4716 libidinis
3239 4659 3464 4714 allectus
3517 4660 3863 4726 auSpicetur,

2275 4771 2338 4810 ex
2371 4754 2672 4823 voluptatis
2705 4755 2851 4808 enim
2891 4768 3080 4808 amore
3143 4751 3551 4806 matrimonium
3605 4751 3868 4802 emitr-abi

2275 4845 2436 4900 solet.
2484 4844 2750 4914 Baptismi
2781 4853 2968 4898 autem
3031 4843 3312 4904 nativitas,
3341 4842 3533 4895 diurna
3573 4855 3603 4892 a
3660 4839 3870 4893 Davide

2271 4940 2515 4994 dicitur:
2567 4937 2688 4991 Dies
2749 4938 2921 5002 enim,
2985 4934 3186 5004 inquit,
3247 4933 3702 5004 formabuntur';
3749 4935 3872 4986 sive

2273 5030 2401 5100 quia
2435 5030 2633 5083 diurno
2669 5039 2918 5098 tempore
2954 5039 3012 5083 ut
3045 5029 3341 5098 plurimum
3375 5026 3684 5093 baptismus
3710 5028 3873 5079 cele-

2277 5121 2488 5186 bretur,
2515 5121 2630 5176 sive
2659 5129 2881 5190 propter
2927 5122 3283 5176 excellentem
3318 5119 3572 5189 baptismi
3602 5119 3874 5186 splendo-

2277 5229 2389 5268 rem
2443 5227 2495 5271 ct
2548 5214 2859 5283 puritatem.
2890 5213 2964 5270 Ea
2997 5229 3162 5283 porro
3204 5228 3311 5266 non
3370 5212 3532 5264 modo
3561 5226 3590 5263 a
3631 5211 3875 5264 libidine

2276 5321 2411 5376 pura
2445 5316 2498 5360 et
2557 5306 2726 5360 libera
2767 5315 2852 5361 est
2907 5324 2922 5360 :
2977 5307 3072 5362 sed
3127 5307 3358 5360 vitiosos
3402 5305 3566 5360 etiam
3626 5303 3872 5360 allectus

2273 5401 2506 5452 omnino
2547 5400 2688 5454 delet
2715 5411 2882 5468 atque
2925 5399 3261 5470 exstinguit;
3294 5407 3350 5453 et
3393 5397 3871 5464 quemadmodum

2269 5490 2621 5548 circumcisio
2664 5495 2991 5564 superfluam
3043 5493 3274 5548 membri
3320 5490 3575 5563 genitalis
3641 5503 3869 5559 partem

2284 5687 2322 5737 ι,
2382 5669 2466 5738 l6,
2511 5671 2594 5728 l8.
2671 5672 2690 5704 ³
2726 5673 2869 5728 Psal.
2907 5673 3031 5739 v,7.
3111 5671 3129 5702 ³
3159 5669 3357 5740 Ephes.
3392 5685 3469 5737 tv,
3507 5669 3594 5724 l3.
3672 5667 3694 5698 '
3727 5668 3869 5725 Phi-
