4048 6278
331 346 470 408 1255

329 462 696 518 abscindebal.
726 481 738 515 :

329 555 466 610 cisio
493 569 556 609 ea
595 568 759 623 quam
790 553 1091 622 baptismus
1129 555 1305 622 aﬂ‘ert,
1337 572 1442 613 non
1491 573 1707 612 omnem
1749 557 1899 611 volu-

333 653 554 715 ptatem,
593 644 686 697 sed
717 645 1044 713 superﬂuam
1103 636 1314 702 tantum
1340 649 1674 719 minimeque
1710 664 1901 704 neces-

333 736 532 791 sariam
576 743 814 790 truncat.
865 735 1223 794 Circumcidit
1269 741 1412 794 enim
1478 757 1638 795 omne
1686 742 1818 796 illud
1871 757 1902 795 a

329 826 617 880 nativitate
645 835 987 882 contractum
1024 831 1288 896 velamen,
1345 834 1448 888 hoc
1481 845 1584 900 est,
1613 837 1904 904 perturba-

331 929 414 972 tos
449 919 615 972 anitni
669 928 869 986 motus,
931 937 994 977 ac
1055 924 1338 994 caliginem
1401 928 1468 980 ah
1525 928 1606 983 eis
1650 929 1902 992 oﬂusam,

334 1011 530 1063 anima:
593 1013 811 1066 oculum
873 1013 1032 1069 nubis
1091 1014 1263 1069 instar
1335 1017 1717 1073 obduceutem.
1766 1020 1900 1075 Nam

332 1111 637 1168 peccatum,
689 1118 718 1155 a
790 1105 982 1172 primis
1036 1107 1352 1174 parentibus
1403 1124 1498 1177 per
1546 1111 1786 1164 mandati
1817 1112 1902 1164 di-

331 1193 442 1246 vini
473 1193 820 1247 violationem
853 1196 1173 1262 admissum,
1223 1214 1505 1254 veneream
1560 1203 1905 1271 conjunctio-

332 1302 454 1340 nem
489 1288 725 1352 advexit,
766 1299 929 1357 atque
955 1304 1016 1342 ea
1053 1307 1243 1346 rursus
1277 1292 1344 1346 ad
1379 1293 1622 1373 ipsorum
1652 1305 1901 1362 posteros

335 1378 581 1432 nonnihil
639 1377 881 1433 sordium
919 1390 972 1434 et
1024 1381 1421 1450 inquinamenti
1479 1400 1662 1439 secum
1719 1386 1901 1440 traxit.

334 1466 658 1536 Quanquam
712 1468 857 1522 enim
925 1470 1332 1526 matrimonium
1376 1472 1471 1527 Dei
1529 1474 1904 1529 benedictione

336 1559 656 1614 honorabile
717 1559 918 1614 factum
970 1563 1112 1624 est",
1153 1574 1371 1634 propter
1425 1565 1720 1620 liberorum
1777 1583 1905 1632 pro-

334 1650 686 1715 creationem,
756 1662 949 1707 natura
1004 1665 1182 1708 tamen
1233 1671 1261 1708 a
1325 1668 1548 1725 peccato
1597 1658 1772 1713 ﬂuxit.
1834 1658 1901 1712 In

1337 346 1656 408 NICETAS
1695 345 1774 403 IN
1815 341 2037 403 ORAT.
2080 340 2180 401 XL
2223 341 2281 402 S.
2325 342 2556 404 GREG.

777 461 841 516 ad
872 462 1121 517 eumdem
1145 478 1358 532 quoque
1407 464 1628 519 modum
1660 465 1896 517 circum-
1921 461 1971 516 Α
1997 468 2330 514 exerentem.
2367 459 2502 514 Nam
2531 457 2817 525 inspiratio
2849 457 2962 515 illa.
2987 471 3107 526 quae
3133 457 3394 525 apostolis
3433 473 3569 512 cou-

336 1739 563 1804 peccatis
616 1739 782 1803 enim,
833 1741 1032 1810 inquit,
1082 1747 1317 1812 concepit
1373 1761 1452 1799 me
1509 1755 1679 1800 mater
1721 1748 1898 1803 mea'.
1930 1782 1978 1841 Β

339 1825 590 1894 Figuram
645 1844 808 1899 porro
846 1831 1106 1901 baptismi
1141 1835 1487 1890 circumcisio
1515 1838 1675 1906 gerit.
1701 1838 1904 1904 Quem-

339 1917 628 1972 admodum
695 1921 841 1974 enim
906 1922 1044 1985 illa.
1110 1940 1232 1990 quae
1285 1930 1500 1995 generis
1555 1930 1902 1985 Abrahamici

338 2009 550 2077 signum
598 2019 738 2076 erat,
772 2027 881 2067 non
918 2023 1123 2082 partem
1182 2018 1428 2087 corporis
1463 2020 1676 2085 utilem,
1715 2036 1902 2076 verum

338 2112 745 2157 excrementum
807 2105 994 2160 inutile
1055 2109 1370 2177 amputabat
1432 2112 1684 2166 :eodem
1741 2115 1904 2168 modo

339 2203 724 2249 sacrosanctus
782 2195 1104 2266 baptismns,
1137 2201 1231 2269 qui
1267 2200 1697 2257 Christianorum
1719 2205 1904 2274 signa-

340 2284 522 2337 culum
550 2295 651 2351 est,
673 2301 920 2342 crassum
957 2297 1011 2344 et
1059 2291 1330 2346 carnalem
1364 2293 1733 2362 improharum
1759 2299 1906 2368 cogi-

299 2399 314 2404 -
343 2376 606 2430 laliontlm
639 2377 887 2434 aﬂ'ectum
920 2390 975 2435 et
1005 2392 1286 2452 peccatqu
1319 2385 1610 2440 exscindit.
1650 2387 1770 2441 Non
1802 2390 1904 2443 du-

341 2463 490 2516 bium
518 2474 800 2521 estautem
855 2469 984 2537 quin
1018 2482 1301 2539 peccatum
1351 2474 1906 2544 sitconcupiscentize

339 2567 771 2621 excrementum,
802 2575 866 2614 ac
916 2576 1020 2616 nou
1065 2565 1348 2618 commoda
1402 2567 1646 2634 quaedam
1677 2576 1731 2621 et
1755 2569 1907 2624 utilis

339 2646 626 2714 cupiditas.
697 2649 804 2706 Nec
857 2653 1000 2706 enim
1062 2653 1176 2707 fieri
1236 2663 1448 2723 potest,
1503 2665 1560 2710 ut
1613 2658 1902 2729 quisquam

343 2738 488 2791 nulla
537 2741 762 2795 omnino
816 2744 1110 2812 cupiditate
1179 2753 1451 2816 tangatur,
1493 2759 1587 2804 aut
1644 2750 1714 2805 ab
1759 2755 1905 2807 omni

341 2828 630 2896 voluptatis
685 2847 848 2886 sensu
899 2836 969 2888 sit
1023 2835 1296 2890 immunis.
1357 2837 1624 2894 Caeterum
1659 2841 1904 2897 inutilem

339 2917 686 2984 cupiditatem
742 2937 805 2976 ac
859 2923 1210 2994 voluptatem,
1258 2926 1310 2980 id
1342 2935 1446 2993 est,
1484 2940 1789 2998 peccatum,
1827 2950 1908 2989 re-

339 3018 489 3061 secat
534 3010 858 3078 baptismus,
911 3029 976 3070 ac
1020 3031 1120 3072 nos
1167 3019 1236 3073 ab
1280 3019 1588 3079 infidelibus
1645 3030 1902 3088 secernit,

3436 339 3570 400 1256

2005 552 2144 620 tigit,
2177 567 2284 605 non
2317 553 2504 613 vitam,
2540 550 2633 605 sed
2673 551 2910 603 divinam
2950 549 3178 618 gratiam
3213 549 3344 615 ipsis
3368 550 3566 602 attulit.

2001 646 2070 699 At
2097 658 2226 698 vero
2255 643 2508 699 Christus
2541 642 2796 711 baptismi
2830 641 3160 696 nativitatem
3195 642 3570 694 incarnatione

2003 750 2102 792 sua
2134 743 2200 799 et
2236 736 2511 804 baptismo
2547 735 2946 789 cohonestavit.
2999 733 3266 786 Czrterum
3317 734 3569 786 incarna-

2004 828 2206 882 tionem
2261 843 2368 881 non
2427 842 2549 881 cum
2616 841 2879 895 eorporea
2946 825 3251 887 nativitate,
3309 827 3400 878 sed
3446 840 3566 878 cum

2006 919 2280 989 baptismo
2311 919 2516 974 idcirco
2561 917 2966 986 conjunximus,
2998 918 3254 988 quoniam
3287 916 3570 977 Dominus,

2005 1013 2318 1082 priusquam
2373 1026 2594 1065 carnem
2658 1019 2980 1072 assumeret,
3050 1024 3368 1077 corpoream
3423 1007 3568 1059 illam

2007 1103 2214 1156 hooore
2246 1101 2444 1166 aﬂ‘ecit,
2475 1115 2584 1170 quo
2617 1110 2860 1170 tempore
2903 1100 3293 1170 iutelligentem
3329 1098 3568 1150 aninmn

2007 1191 2314 1260 inspiravit,
2370 1192 2473 1245 hoc
2503 1201 2608 1255 est,
2651 1207 2776 1246 cum
2821 1192 3095 1244 hominem
3154 1191 3221 1244 ad
3279 1189 3568 1257 imaginem

2009 1285 2102 1338 Dei
2130 1284 2390 1339 condidit.
2438 1284 2632 1338 Postea
2681 1291 2861 1337 autem
2900 1284 3216 1336 incarnatus
3265 1296 3330 1334 ac
3373 1297 3570 1335 set-uu-

2007 1376 2135 1429 dum
2177 1390 2395 1429 carnem
2450 1373 2722 1443 baptismo
2759 1375 2958 1426 tinctus
2991 1373 3192 1442 (neque
3221 1372 3364 1424 enim
3416 1371 3572 1423 aliter

2006 1482 2316 1537 quamcum
2369 1481 2532 1519 carne
2579 1465 2842 1532 baptizari
2900 1463 3186 1532 licuisset),
3241 1462 3572 1530 baptismum

2007 1570 2225 1628 quoque
2286 1554 2493 1608 honore
2537 1563 2592 1607 et
2644 1553 2814 1623 gloria
2874 1550 3196 1605 cumulavit.
3245 1550 3377 1602 Illud
3427 1549 3570 1601 enim

2006 1663 2136 1702 vero
2189 1646 2490 1707 sciendum,
2520 1645 2664 1713 quod
2711 1645 2763 1697 in
2807 1658 3068 1710 corporea
3098 1655 3312 1710 quoque
3352 1655 3576 1708 geneta-

2010 1739 2174 1801 tione,
2209 1753 2330 1808 quae
2387 1752 2572 1791 revera
2621 1751 2728 1790 una
2776 1745 2879 1801 est,
2928 1735 3113 1788 animo
3141 1742 3195 1786 et
3245 1731 3575 1802 cogitatione

2007 1832 2307 1884 dividentes
2334 1829 2387 1883 in
2433 1829 2840 1896 inspirationem
2887 1835 2941 1880 et
2975 1826 3305 1880 creationem
3349 1841 3362 1877 :
3399 1838 3574 1891 quan-

2006 1922 2294 1992 doquidem
2329 1931 2384 1974 et
2408 1920 2600 1988 duplex
2621 1928 2725 1981 est,
2755 1927 3016 1985 quantum
3051 1917 3114 1970 ad
3145 1915 3575 1984 generationem,

2007 2014 2260 2066 humana-
2296 2020 2506 2064 natura:
2532 2010 2694 2072 ratio,
2727 2009 2893 2063 altera
2929 2008 3136 2062 scilicet
3166 2009 3382 2069 auiuue,
3407 2004 3576 2057 altera

2007 2105 2271 2174 corporis.
2307 2104 2502 2157 Anima
2543 2102 2742 2155 etenim
2790 2099 3046 2153 ineffabili
3103 2099 3263 2152 modo
3297 2114 3360 2150 ex
3404 2097 3578 2164 inspi-

2007 2196 2223 2250 ratione
2257 2194 2440 2248 divina
2471 2193 2792 2263 producitur
2826 2209 2840 2244 :
2871 2206 3070 2260 corpus
3115 2199 3296 2244 autem
3333 2205 3397 2242 ex
3449 2187 3577 2242 sub-

2003 2287 2221 2356 jacente
2255 2284 2477 2337 tnateria
2505 2293 2742 2336 creatur.
2777 2279 2898 2335 Jam
2924 2297 3050 2334 vero
3078 2278 3332 2334 Christus
3361 2279 3574 2331 tertiam

2007 2377 2341 2431 nativitatem
2383 2375 2600 2429 ornavit
2667 2383 2831 2442 atque
2885 2368 3199 2436 illustravit,
3253 2387 3376 2426 cum
3461 2371 3578 2437 ipse

2008 2469 2219 2538 primus
2251 2482 2280 2520 a
2328 2476 2498 2519 morte
2529 2465 2595 2518 ad
2650 2465 2818 2518 vitam
2869 2464 3140 2518 excitatus
3173 2471 3276 2524 est,
3315 2477 3424 2515 non
3465 2462 3575 2528 jam

2008 2559 2242 2628 amplius
2283 2556 2603 2610 moriturus.
2638 2558 2814 2623 Atque
2843 2568 2907 2606 ea
2953 2555 3019 2604 de
3047 2565 3210 2605 causa
3250 2549 3578 2620 primogeni-

2010 2658 2121 2703 tum
2154 2648 2331 2717 ipsum
2384 2646 2522 2699 inter
2575 2643 2778 2697 multos
2830 2643 3028 2696 fratres
3063 2641 3127 2702 “,
3163 2649 3215 2694 et
3247 2638 3579 2707 primogeni-

2011 2749 2122 2794 tum
2173 2753 2240 2794 ex
2288 2737 2519 2791 mortuis
2539 2737 2582 2769 ’⁵
2622 2734 2825 2788 Paulus
2860 2730 3202 2795 nominavit;
3257 2730 3411 2794 illud,
3448 2729 3575 2796 quia

2011 2830 2474 2900 regenerationem
2505 2842 2624 2881 eam
2659 2836 2712 2880 et
2746 2825 3120 2892 adoptionetn,
3148 2837 3272 2891 quae
3305 2821 3580 2889 baptismo

2009 2930 2380 2991 comparatur,
2443 2919 2762 2987 auspicatus
2843 2925 2927 2971 est
2992 2915 3222 2983 (primus
3275 2913 3419 2966 enim
3484 2927 3580 2980 per

2011 3029 2207 3083 aquam
2257 3022 2310 3066 et
2334 3011 2594 3080 Spiritum
2627 3021 2876 3064 sanetum
2924 3007 3238 3076 baptizatus
3267 3013 3371 3068 est,
3403 3019 3579 3071 eoque

341 3110 502 3168 atque
533 3105 597 3154 ad
627 3121 920 3172 supernam
953 3109 1116 3162 vitam
1147 3119 1201 3164 et
1264 3114 1561 3181 angelicam
1618 3131 1905 3174 conversa-

2011 3105 2230 3160 nomine
2265 3103 2660 3173 primogenitus
2705 3100 2884 3154 factus
2929 3108 3013 3154 est
3058 3099 3199 3152 inter
3231 3096 3430 3150 multos
3466 3095 3578 3148 fra-

343 3193 567 3259 tionem,
595 3210 624 3248 a
659 3211 764 3265 qua
804 3213 976 3265 genus
1004 3209 1250 3255 nostrum
1278 3204 1497 3269 excidit,
1534 3221 1633 3261 nos
1666 3221 1907 3264 revocat.

344 3282 525 3338 Tertia
585 3301 712 3342 vero
777 3289 1054 3355 nativitas,
1131 3293 1389 3348 nimirmn
1463 3299 1905 3364 resurrectionis,

344 3373 701 3433 formidabilis
743 3389 847 3444 est,
911 3392 1130 3450 pr0pter
1164 3387 1504 3439 tremendum
1565 3403 1630 3441 ac
1683 3393 1908 3444 terroris

343 3467 560 3535 plenum
610 3468 872 3538 judicium
923 3481 1084 3542 atque
1132 3475 1293 3528 etiam
1330 3475 1526 3530 brevis.
1582 3477 1700 3531 Fiet
1763 3481 1906 3532 enim

343 3560 398 3612 in
429 3572 706 3626 momento,
764 3563 819 3615 in
869 3564 976 3616 ictu
1017 3567 1182 3628 oculi,
1212 3569 1697 3635 quemadmodum,
1735 3571 1912 3640 inquit

344 3653 639 3720 Apostolus
653 3654 694 3718 ³,
726 3664 800 3718 et,
819 3665 877 3708 ut
906 3665 988 3709 est
1009 3657 1149 3723 apud
1192 3657 1665 3717 Ecclesiasticum:
1695 3667 1914 3718 Omnem

345 3749 645 3794 creaturam
693 3742 916 3795 adducet
951 3744 1086 3797 Deus
1118 3746 1187 3798 ad
1223 3745 1489 3813 judicium
1511 3749 1575 3812 ¹⁰,
1602 3758 1766 3819 atque
1803 3771 1914 3806 om-

346 3849 432 3886 nes
461 3837 712 3888 cistemur
743 3835 812 3888 ad
836 3836 1374 3904 tribunalCltritti“,
1404 3855 1696 3910 rerumque
1722 3843 1776 3897 in
1811 3845 1914 3900 hac

351 3925 455 3978 vita
477 3937 748 3993 gestarum
795 3929 1058 3983 rationem
1095 3930 1406 3996 reddemus,
1443 3932 1560 3987 sive
1605 3937 1788 3990 carnis
1813 3952 1914 3991 cu-

351 4019 602 4087 piditates
636 4022 807 4075 secuti
835 4022 1128 4085 fuerimus,
1161 4023 1274 4076 sive
1295 4025 1474 4078 anima
1507 4033 1694 4080 nostra
1729 4031 1913 4084 carnis

347 4111 734 4179 cupiditatibus
784 4115 1032 4182 superior
1108 4117 1398 4179 exstiterit,
1467 4132 1698 4186 eamque
1760 4119 1912 4174 lutmi

346 4213 686 4270 vergentem,
716 4219 782 4257 ac
827 4221 886 4259 se
915 4221 1019 4259 una
1052 4207 1359 4276 deprimere
1417 4219 1706 4263 conantem
1743 4210 1912 4266 simul

349 4297 402 4348 in
434 4297 606 4349 altum
643 4299 890 4362 traxerit,
927 4299 1291 4368 baptismique
1348 4300 1674 4355 beneficium
1709 4318 1916 4370 nequa-

346 4400 511 4453 quam
576 4390 992 4455 contempserit,
1053 4406 1241 4444 vcrum
1307 4406 1530 4446 summo
1586 4393 1798 4448 honore
1847 4410 1910 4450 ac

348 4478 656 4532 reverentia
687 4481 942 4535 coluerit.
973 4479 1082 4537 Has
1123 4491 1231 4538 tres
1274 4484 1588 4540 nativitates
1638 4486 1692 4540 in
1729 4489 1910 4556 seipso

345 4566 596 4624 Christus
628 4571 835 4626 honore
891 4571 1094 4632 aﬂ‘ecit.
1135 4590 1455 4643 corpoream
1507 4577 1778 4644 videlicet,
1819 4595 1914 4649 per

348 4661 581 4726 primam
629 4663 774 4716 illam
843 4672 898 4717 et
949 4664 1166 4718 vitalem
1215 4667 1530 4734 animatque
1589 4667 1912 4724 effectricem

347 4757 778 4823 inspirationem,
827 4773 948 4826 quae
1013 4759 1180 4814 semel
1226 4760 1282 4814 in
1325 4760 1590 4813 Adamum
1671 4761 1916 4817 immissa

346 4844 663 4917 (Insuﬂlavit
708 4851 845 4902 enim
877 4852 929 4903 in
960 4851 1150 4919 faciem
1175 4850 1288 4913 eius
1321 4851 1647 4919 spiraculum
1679 4852 1817 4913 vitta,
1861 4865 1914 4906 et

350 4938 521 5002 [actus
551 4950 628 4994 est
664 4942 815 4995 homo
841 4944 896 4996 in
933 4945 1165 4996 animum
1201 4944 1448 4997 viventem
1474 4942 1563 5011 “),
1597 4944 1649 4996 in
1716 4959 1907 4998 omnes

349 5046 568 5098 quoque
628 5033 696 5085 ab
737 5050 805 5087 eo
856 5034 1166 5103 progenitos
1199 5035 1389 5089 efﬁcax
1441 5047 1544 5088 est.
1605 5035 1683 5088 Ac
1731 5037 1904 5104 prima

349 5123 566 5188 quidem
611 5125 724 5178 hzcc
783 5125 1070 5194 inspiratio
1117 5127 1335 5188 dicitur,
1375 5128 1586 5180 ratione
1629 5127 1906 5194 pos-terio-

349 5214 452 5274 τῖε,
476 5231 582 5282 qua
625 5218 876 5272 Christus
903 5219 956 5271 in
995 5220 1273 5287 apostolos
1325 5218 1619 5273 insuﬂlavit
1643 5234 1708 5272 ac
1736 5219 1909 5271 dixit:

351 5310 582 5376 Accipite
622 5310 878 5378 Spiritum
917 5314 1239 5366 sanctum".
1283 5313 1468 5366 Vitalis
1529 5321 1733 5373 autem,
1788 5312 1912 5379 quia

351 5402 517 5454 vitam
548 5402 850 5471 inSpiratit.
909 5403 1107 5456 Factus
1138 5413 1214 5457 est
1256 5405 1424 5470 enim,
1447 5403 1643 5472 inquit,
1675 5401 1827 5454 homo
1863 5403 1914 5454 iu

350 5491 583 5544 animam
642 5495 907 5558 virentem,
951 5495 1000 5548 id
1050 5504 1151 5558 est,
1211 5505 1456 5563 agentem
1491 5509 1556 5547 ac
1605 5493 1709 5545 vim
1765 5505 1916 5544 suam

337 5729 342 5733 η
424 5675 440 5698 ⁷
481 5670 637 5726 llebr.
678 5689 788 5734 xm,
823 5672 874 5726 4.

359 5743 397 5773 ⁸³
437 5741 715 5809 Juan.‘xx,
771 5745 840 5794 :22!

776 5779 860 5794 “de

1426 5668 1482 5720 Ἰ
1513 5669 1635 5723 Cor.
1670 5685 1756 5727 xv,
1794 5668 1881 5720 59..

1372 5740 1438 5770 (ἶδῆ
1545 5740 1585 5769 μ
1618 5740 1744 5772 1“,.1η
1785 5761 1790 5768 .

983 5673 1002 5701 δ
1023 5670 1163 5723 Psal.
1193 5685 1244 5732 1.,
1271 5669 1321 5722 7.

943 5743 983 5771 ¹¹ι
1028 5742 1157 5782 lim"
1224 5756 1249 5791 γ’

1869 5754 1878 5768 .
1949 5737 2004 5764 90

1996 5667 2037 5696 ¹⁰
2277 5678 2372 5724 xu,
2410 5661 2491 5752 l'i,

2108 5736 2288 5758 εει..

2013 3209 2122 3252 tres
2160 3211 2312 3259 suos,
2349 3197 2440 3262 qui
2475 3193 2722 3248 videlicet
2745 3209 2838 3262 per
2868 3192 3196 3261 baptismum
3240 3205 3270 3242 a
3306 3189 3415 3243 Deo
3442 3189 3580 3243 ado-

2011 3290 2140 3359 ptati
2207 3298 2356 3351 sunt,
2388 3288 2457 3340 ab
2507 3301 2680 3354 coque
2723 3294 3043 3355 potestatem
3082 3290 3458 3352 iacccperunt,
3521 3291 3580 3334 ut

2013 3382 2103 3435 lilii
2135 3380 2227 3435 Dei
2262 3380 2471 3447 fiant“)
2500 3395 2516 3446 ;
2556 3380 2678 3442 hoc,
2708 3379 2836 3448 quia
2896 3377 3151 3447 primitiae
3193 3376 3577 3429 dormientium

2012 3473 2191 3528 factus
2237 3481 2322 3526 est
2341 3473 2401 3536 ι’,
2427 3487 2491 3524 ac
2524 3471 2730 3538 primus
2774 3486 2840 3524 ex
2893 3479 3083 3522 ventre
3122 3466 3281 3521 inferi
3307 3467 3581 3520 redivivus

2011 3566 2079 3621 ad
2110 3565 2570 3618 immortalitatem
2603 3571 2656 3615 et
2679 3562 3060 3630 sempiternam
3093 3559 3258 3612 vitam
3280 3573 3374 3626 per
3395 3573 3583 3611 resur-

2012 3657 2308 3712 rectionem
2339 3655 2537 3723 erupit,
2584 3653 3012 3724 mortalibusque
3045 3651 3299 3707 omnihus
3331 3650 3471 3703 viam
3512 3649 3578 3704 ad

2013 3767 2132 3806 eam
2179 3747 2426 3802 munivit.

2082 3840 2199 3895 Col.
2229 3837 2332 3892 562
2362 3837 2422 3890 Β.
2458 3836 2532 3890 De
2560 3838 2767 3890 duabus
2809 3835 3018 3906 quidem
3048 3831 3434 3892 uativitatibus,
3487 3831 3582 3883 hac

2012 3940 2112 3992 est,
2144 3930 2206 3982 de
2227 3931 2400 3996 prima
2433 3937 2484 3980 et
2537 3929 2754 3990 ultima,
2792 3942 2898 3979 non
2935 3933 3013 3978 est
3072 3939 3208 3977 nunc
3243 3921 3579 3990 disputandi,

2012 4033 2117 4078 etc.
2153 4022 2290 4075 Cum
2313 4021 2506 4088 triplex
2541 4020 2630 4083 sit,
2679 4018 2876 4087 inquit,
2927 4015 3228 4069 nativitatis
3251 4028 3444 4083 genus,
3471 4011 3581 4080 pti-

2014 4129 2162 4167 mum
2199 4127 2546 4180 corporeum,
2601 4113 2830 4163 alterum
2885 4107 3165 4176 baptismi,
3215 4107 3436 4160 tertium
3497 4121 3582 4158 rc-

2013 4203 2372 4259 surrcctionis
2399 4201 2657 4269 (primum
2699 4201 2842 4253 enim
2898 4198 3199 4261 nascimur,
3236 4195 3430 4250 deinde
3484 4195 3581 4246 ba-

2012 4295 2306 4366 ptizamur,
2334 4302 2608 4360 postremo
2648 4290 3030 4360 resurgimus),
3063 4303 3206 4340 nunc
3259 4287 3326 4340 de
3380 4285 3580 4349 media,

2015 4389 2118 4442 hoc
2168 4394 2273 4448 est,
2325 4383 2574 4454 baptismi
2657 4382 2940 4435 nativitate
3023 4378 3399 4432 disserendum
3459 4385 3578 4429 est:

1965 4453 2135 4548 )qnae
2167 4453 2540 4546 quidemicum
2568 4471 2896 4528 illuminatio
2933 4470 3138 4524 idcirco
3161 4473 3401 4528 vocetur,
3435 4466 3580 4534 quod

2010 4572 2245 4625 animam
2270 4568 2520 4625 illustret.
2553 4564 2750 4618 merito
2772 4577 2986 4630 quoque
3029 4560 3200 4628 ipsius
3230 4559 3344 4611 dies
3373 4573 3584 4626 cogno-

2014 4673 2254 4717 mentum
2282 4660 2349 4712 ah
2378 4673 2439 4712 ea
2464 4657 2654 4721 traxit,
2693 4670 2755 4708 ac
2789 4655 3014 4723 proinde.
3048 4652 3277 4704 Lumina
3337 4651 3582 4720 appella-

2014 4770 2122 4808 tur.
2164 4753 2476 4821 Baptismus
2518 4750 2701 4819 igitur,
2736 4755 2794 4800 ut
2831 4745 3077 4816 pluribus
3107 4761 3230 4798 eum
3262 4743 3582 4813 descriptiu-

2018 4847 2178 4899 nibus
2207 4858 2492 4903 exornem,
2549 4838 2806 4908 splendor
2837 4849 2922 4891 est
2987 4835 3319 4895 animorum,
3380 4832 3501 4883 vita:
3531 4830 3595 4882 in.

2018 4936 2213 4989 melius
2263 4932 2492 4986 tnutatio
2531 4929 2810 4999 (nimirum
2869 4927 3160 4995 petulanlis
3204 4932 3258 4978 ct
3303 4923 3594 4976 dissoluta:-

2015 5030 2140 5081 vitte
2173 5027 2238 5080 ad
2285 5040 2527 5094 gravem,
2559 5022 2871 5089 Christique
2897 5019 3030 5088 jugo
3063 5016 3386 5086 subjectum)
3429 5015 3584 5066 iulir-

2013 5118 2219 5172 mitatis
2267 5127 2464 5171 nostrae
2522 5115 2922 5182 adjumcntum.
2975 5108 3243 5174 Quoniam
3297 5107 3442 5159 enim
3497 5121 3583 5156 ne.-

2013 5227 2287 5280 quaquam
2357 5211 2563 5263 ferreos
2609 5215 2662 5258 et
2745 5203 3056 5266 indomitos,
3129 5199 3224 5253 sed
3290 5196 3596 5250 mutabiles

2015 5305 2285 5373 atquein
2363 5310 2650 5368 utramque
2727 5306 2931 5364 partem
3008 5293 3215 5346 ﬂexiles
3281 5306 3386 5343 nos
3443 5288 3595 5341 Deus

2016 5395 2268 5459 creavit,
2351 5394 2472 5447 ideo
2559 5391 2728 5444 multa
2820 5401 3039 5457 quoque
3117 5383 3276 5437 nobis
3380 5380 3585 5432 auxilia

2020 5487 2281 5559 praahuit,
2334 5486 2386 5538 in
2439 5499 2670 5553 quorum
2731 5496 2958 5536 numero
3008 5475 3308 5544 baptismus
3362 5486 3590 5540 quoque.-

2602 5661 2640 5690 “
2673 5659 2830 5711 Rom.
2869 5672 2978 5718 xw,
3005 5653 3090 5706 10.
3197 5652 3237 5684 ¹²
3266 5650 3398 5706 Gen.
3438 5667 3498 5711 tt,
3531 5648 3584 5700 7.

2985 5725 3072 5778 ma.

2183 5733 2288 5764 ι..
2443 5733 2501 5755 ιι
2604 5729 2766 5758 μιν»
