4048 6278
623 312 760 374 1'21‘7

1997 315 2381 376 ADDENDA.

3692 321 3792 384 iQiS

617 441 726 492 est,
758 427 850 496 qui
885 427 1128 497 quidem,
1165 440 1218 484 ut
1255 429 1394 485 Petri
1429 430 1609 486 verbis
1635 439 1778 495 utar,
1809 444 1917 484 non
1945 432 2188 486 sordium
2218 435 2267 491 Α
2293 439 2348 482 et
2405 428 2898 496 coagmentationis
2951 435 3154 484 nostrae
3204 427 3255 481 in
3313 428 3582 484 meliorem
3636 442 3792 488 statum

619 519 801 572 carnis
835 519 1105 587 depositio
1149 529 1252 582 est,
1292 521 1385 576 sed
1429 522 1782 576 conscientia:
1823 522 1979 576 benae
2020 523 2186 576 inter-

619 611 830 678 rogatio
861 610 927 662 ad
964 609 1128 664 Deum
1158 612 1219 664 ¹⁸.
1264 611 1584 682 Interrogati
1616 614 1761 668 enim
1813 616 1864 668 in
1900 616 2186 684 baptismo,

620 698 900 764 quomodo
963 714 1086 753 sese
1154 700 1354 756 habeat
1411 703 1746 757 conscientia
1808 715 1995 758 nostra
2059 721 2187 774 erga

623 791 813 852 Deum,
845 798 898 844 et
925 807 1087 857 qualn
1128 793 1178 844 in
1227 809 1350 846 eum
1391 795 1548 848 iidem
1602 796 1920 859 habeamus,
1955 812 2186 865 restion-

621 881 813 935 demus
847 897 946 935 nos
985 883 1160 952 ipsius
1196 886 1439 952 partibus
1470 885 1716 954 adiungi,
1755 897 1936 956 atque,
1973 898 2031 941 ut
2081 903 2186 942 uno

621 973 784 1025 verbo
837 975 1056 1037 dicam,
1120 976 1238 1029 ﬁdei
1301 977 1554 1046 Symbola
1620 979 1958 1048 proﬁtemur.
2023 979 2186 1034 Juxta

619 1062 953 1133 Thcologum
1007 1075 1185 1120 autem
1237 1069 1420 1121 carnis
1459 1070 1691 1138 abjeetio
1733 1080 1817 1124 est
1862 1071 2184 1140 baptismus,

623 1156 723 1208 hoc
765 1166 848 1209 est
885 1159 1122 1211 carnalis
1169 1159 1395 1213 amatus
1443 1171 1495 1213 et
1525 1162 1842 1223 voluntatis,
1887 1175 1981 1214 aut
2020 1163 2182 1216 ctiam

621 1249 792 1316 ipsius
831 1251 1011 1304 carnis
1045 1253 1377 1320 contemptio
1413 1252 1624 1319 (Carnis
1651 1255 1821 1316 enim,
1864 1255 2034 1322 inquit
2073 1255 2182 1317 ille,

616 1352 799 1388 curam
828 1355 890 1390 ne
921 1338 1149 1406 feceritis
1183 1341 1236 1392 in
1269 1344 1701 1407 concupiscentiis
1751 1346 1932 1398 vestris
1968 1344 2056 1414 ‘9),
2091 1353 2186 1398 aut

623 1429 793 1482 animi
831 1440 1096 1498 quantum
1141 1433 1206 1485 ad
1256 1434 1596 1490 turbulentos
1649 1447 1828 1490 motus
1870 1438 1922 1489 in
1965 1453 2181 1490 crucem

618 1519 854 1574 sullixio.
911 1520 1046 1576 Nam
1095 1524 1187 1594 qui
1234 1541 1452 1580 carnem
1513 1528 1836 1591 contemnit,
1901 1530 1945 1583 is
1996 1531 2186 1599 utique

619 1614 861 1667 animam
907 1615 1222 1683 comitatur,
1283 1619 1538 1672 nimirum
1589 1621 1970 1676 auctoritatem
2018 1633 2183 1690 atque

621 1705 908 1773 imperium
943 1709 994 1760 in
1033 1709 1179 1762 illam
1215 1711 1342 1766 huic
1375 1711 1642 1768 tribuens.
1679 1712 1992 1781 Baptismus
2025 1713 2179 1768 Verbi

620 1799 983 1867 participatio,
1012 1803 1096 1855 vel
1124 1803 1252 1871 quia
1290 1805 1508 1858 verbum
1548 1818 1601 1861 et
1629 1806 1904 1862 Christum
1940 1823 2034 1875 per
2059 1822 2182 1862 eum
2221 1782 2242 1834 ί

620 1890 918 1958 sequimur,
953 1893 1036 1946 vel
1067 1894 1193 1963 quia
1230 1896 1491 1952 doctrinae
1531 1909 1584 1952 et
1613 1898 1853 1953 scientiae
1885 1899 2183 1968 participes

619 1980 896 2034 eilitimur.
939 1982 1284 2039 Cet‘datiores
1330 1988 1472 2040 enim
1511 1997 1560 2042 ct
1597 1989 1980 2058 prudentiores
2021 2005 2084 2043 ex
2118 2004 2186 2044 eo

618 2070 919 2134 reddimttr,
987 2074 1183 2129 divinae
1228 2078 1492 2132 doctrinae
1547 2089 1600 2133 et
1657 2081 1842 2148 gratia:
1893 2081 2186 2150 participes

619 2159 767 2214 fat-ti.
838 2163 1103 2234 Figmenti
1171 2169 1514 2226 instauratio.
1584 2171 1868 2227 Recreatio
1927 2172 2071 2226 enim
2133 2182 2187 2226 et

618 2255 899 2308 renovatio
943 2266 1025 2312 est
1073 2257 1309 2312 hominis
1339 2275 1366 2313 a
1415 2270 1638 2328 peccato
1698 2263 1984 2326 confracti,
2021 2273 2184 2332 atque

617 2344 685 2398 ad
748 2347 945 2400 veteris
1022 2348 1276 2416 imaginis
1343 2351 1660 2419 dignitatem
1719 2353 2062 2407 reformatio.
2120 2353 2185 2407 Et

619 2437 1078 2503 quemadmodum
1111 2434 1346 2495 tenebrae
1378 2442 1514 2498 lucis
1561 2459 1787 2498 accessu
1820 2445 2182 2511 depelluntur,

620 2536 673 2581 et
706 2529 882 2597 caligo
916 2531 1154 2585 candore
1188 2533 1477 2600 superfuso
1517 2535 1584 2589 de
1612 2536 1790 2589 medio
1822 2536 2030 2590 tollitur
2065 2555 2078 2590 :
2113 2539 2183 2593 ita

620 2629 669 2671 et
705 2634 799 2686 per
844 2621 1146 2687 spiritualis
1181 2624 1318 2678 lucis
1363 2625 1556 2679 animae
1591 2627 1809 2680 oculum
1859 2629 2187 2686 illustrantis

617 2712 1020 2778 p'rceptiouem
1055 2716 1290 2770 teuehrze
1329 2731 1450 2770 eum
1483 2717 1842 2775 obseurantcs
1877 2719 2186 2776 discutiun-

623 2809 730 2862 tur,
765 2817 829 2856 ac
862 2814 1017 2857 vetus
1053 2805 1212 2858 homo
1244 2808 1469 2872 iustitiae
1507 2810 1762 2878 operibus
1787 2822 2086 2868 exornatus
2117 2814 2185 2867 ad

620 2893 794 2947 atatis
815 2893 1002 2948 ﬂorem
1032 2897 1191 2951 redit.
1220 2897 1528 2968 Baptismus
1554 2903 1862 2957 vehiculum
1894 2905 1961 2958 ad
1991 2905 2181 2960 Deum.

621 2983 722 3036 νυν
765 3002 887 3039 eum
927 2989 1069 3041 enim
1116 2991 1258 3044 Vtrittl
1292 3008 1386 3062 per
1437 2996 1638 3048 scalam
1688 2997 1754 3050 ad
1792 2997 1955 3051 Deum
2002 2998 2186 3052 evehi-

2291 522 2604 581 conversio,
2661 531 2716 575 ct
2762 523 2929 576 totius
2989 536 3180 576 massae
3229 530 3284 575 et
3330 527 3706 590 temperamenti
3753 529 3792 580 iu

2292 617 2488 670 melius
2557 632 2621 670 ac
2673 615 2968 685 perfectius
3025 616 3309 669 immutata
3366 616 3536 677 ratio,
3592 617 3794 672 nimirum

2291 706 2473 758 anima
2512 703 2577 757 ad
2613 703 2838 757 meliora
2867 711 3211 771 properante,
3259 717 3487 769 corpore
3510 712 3668 756 autem
3700 707 3798 758 sub-

2289 807 2577 865 sequente,
2623 810 2721 849 nec
2753 795 2806 848 in
2847 795 3122 848 diversum
3166 794 3391 847 nitente.
3429 794 3626 863 Quippe
3654 796 3796 860 homo,

2289 888 2471 942 anima
2501 895 2555 941 et
2581 901 2808 955 corpore
2835 896 3119 950 constans,
3149 900 3242 954 per
3284 885 3604 953 baptismum
3637 889 3798 939 sancti-

2289 978 2504 1033 ﬁcatur.
2546 979 2622 1031 Ac.
2662 991 2729 1031 ne
2761 976 2942 1030 cinnia
2973 990 3420 1032 commemorem.
3450 989 3565 1044 qua:
3593 975 3798 1043 baptismi

2288 1071 2461 1138 gratia
2517 1069 2800 1136 pollicetur
2861 1075 2915 1120 et
2979 1066 3245 1136 porrigit,
3307 1067 3412 1119 hoc
3463 1065 3683 1122 onmium
3732 1067 3798 1118 lbi

2289 1163 2678 1216 beneﬁciorum
2712 1160 3226 1229 prrcstantissimum
3255 1168 3363 1212 est.
3393 1157 3458 1212 Ut
3481 1159 3616 1210 enim
3649 1159 3798 1210 intima

2287 1256 2456 1308 divini
2501 1253 2684 1322 templi
2731 1268 2881 1322 pars.
2935 1251 3138 1305 Sancta
3187 1261 3501 1304 sanctorum
3548 1249 3799 1307 dicebatur,

2287 1348 2434 1399 velut
2483 1345 2753 1398 uberioris
2799 1342 3106 1397 sanctitatis
3135 1343 3449 1409 particeps;
3489 1351 3539 1393 et
3587 1339 3800 1408 mysticus

2290 1438 2603 1492 Salomonis
2629 1437 2866 1500 libellus,
2898 1437 3124 1490 Cantica
3156 1438 3495 1489 canticorum
3531 1435 3798 1502 appellatur,

2287 1529 2434 1581 velut
2473 1528 2688 1582 czeteris
2730 1529 3074 1597 pra-stantior
3120 1539 3285 1595 atque
3335 1525 3799 1591 insigniorzeodem

2288 1637 2503 1691 quoque
2556 1621 2718 1675 modo
2760 1621 3066 1689 baptismus
3113 1628 3338 1688 propter
3381 1617 3621 1671 eximiam
3671 1617 3801 1683 ipsius

2287 1715 2606 1781 dignitatem
2659 1712 2999 1767 llluminatio
3050 1719 3325 1775 vocatur,
3379 1725 3488 1764 non
3538 1710 3666 1778 quod
3712 1708 3800 1759 alia

2291 1823 2510 1875 quoque
2557 1805 2828 1873 spiritales
2860 1805 3046 1872 gratiae
3079 1801 3425 1856 illuminandi
3465 1800 3565 1852 vim
3607 1814 3697 1851 nea
3731 1799 3800 1850 ha-

2293 1899 2472 1961 beant,
2525 1897 2620 1951 sed
2665 1895 2791 1964 quia
2834 1894 2938 1949 illis
2987 1893 3282 1948 sanctitate
3331 1899 3559 1959 prastat,
3589 1904 3646 1942 ae
3687 1885 3800 1941 solus

2288 2005 2479 2042 clunes
2514 1987 2702 2044 sordes
2737 1985 2931 2046 abluit,
2965 1983 3334 2052 mortalesque
3367 1982 3603 2042 illustrat,
3635 1994 3688 2031 ac
3714 1977 3796 2029 Deo

2287 2082 2527 2148 adoptat,
2554 2077 2880 2146 Christoque
2909 2075 3212 2144 conjungit.

2356 2171 2476 2226 Col.
2504 2171 2608 2225 562
2635 2169 2697 2223 C.
2743 2167 3205 2234 Quemadmodum
3237 2176 3416 2219 autem
3447 2164 3686 2224 Christus,
3713 2172 3794 2216 ctc.

2291 2263 2758 2330 Quemadmodum
2811 2259 3063 2313 Christus
3102 2259 3360 2328 baptismi
3400 2259 3616 2312 donator
3655 2257 3797 2308 multis

2293 2355 2608 2408 nominibus
2659 2352 2961 2422 appellatur
3011 2351 3451 2419 (vocaturcnim
3497 2347 3661 2407 Filius,
3693 2361 3793 2410 (Illo-

2289 2447 2434 2499 niam
2490 2445 2723 2498 essentia
2771 2443 2910 2495 idem
2963 2458 3085 2496 cum
3129 2443 3294 2496 Patre
3343 2451 3468 2505 est;
3513 2438 3794 2508 Unigenitus.

2288 2538 2416 2606 quia
2454 2536 2716 2604 singulari
2768 2534 2928 2589 modo
2967 2535 3177 2602 genitus
3211 2541 3320 2597 est,
3369 2543 3423 2586 et
3465 2547 3563 2584 non
3622 2538 3672 2583 ut
3704 2543 3794 2582 cor—

2288 2643 2457 2698 Ροηις
2511 2625 2769 2690 Verbum,
2807 2637 3028 2695 propter
3069 2625 3479 2694 generationem
3509 2619 3793 2690 perpessione

2290 2719 2438 2772 omni
2476 2726 2792 2780 vacantem;
2838 2716 3135 2786 Sapientia,
3177 2724 3241 2769 ut
3271 2715 3452 2769 omnia
3491 2712 3680 2782 cognita
3721 2710 3791 2761 lia-

2291 2811 2464 2875 bcns;
2511 2808 2744 2871 Veritas,
2781 2819 2840 2862 ut
2886 2818 3078 2862 natttra
3127 2824 3328 2870 unum,
3380 2822 3444 2860 ac
3483 2819 3581 2858 non
3631 2801 3789 2857 multa;

2294 2902 2429 2963 Lux,
2465 2913 2522 2954 ut
2571 2901 2876 2955 animarum
2933 2899 3232 2968 splendor;
3268 2897 3501 2957 Justitia,
3551 2903 3602 2948 ut
3629 2888 3786 2962 praemii

2293 3008 2358 3048 ae
2393 3009 2564 3060 pmum
2598 3008 2697 3058 pro
2743 2994 3009 3061 cujusque
3057 2993 3255 3046 merito
3305 2991 3636 3050 distributor;
3681 2982 3787 3036 San-

618 3093 760 3131 mur.
789 3077 890 3132 Per
916 3095 1039 3134 eum
1076 3081 1296 3152 insuper
1331 3100 1452 3138 cum
1496 3087 1715 3142 Christo
1752 3089 2182 3158 peregrinantur.
2209 3110 2254 3172 ρ
2293 3087 2570 3146 ctiﬁcatio.
2607 3097 2665 3140 ιιι
2691 3086 2935 3154 put-itas;
2969 3083 3317 3152 Redemptio,
3353 3093 3410 3136 ut
3443 3097 3533 3134 nos
3566 3095 3592 3132 a
3617 3083 3788 3172 peceato

619 3168 734 3224 Una
769 3172 912 3224 enim
963 3190 1085 3226 eum
1132 3191 1194 3228 eo
1229 3193 1321 3244 per
1361 3178 1686 3246 baptismum
1718 3181 1986 3234 morimur
2019 3191 2184 3250 atque

619 3255 989 3312 inhumamur.
1035 3259 1132 3315 llic
1162 3263 1282 3317 ﬁdei
1326 3265 1714 3319 adminiculum
1763 3283 1828 3321 ac
1877 3271 2180 3323 subsidium

616 3353 718 3400 est.
777 3346 894 3401 Duo
937 3350 1136 3419 quippe
1183 3351 1377 3406 salutis
1439 3355 1584 3409 modi
1638 3365 1767 3409 sunt
1813 3357 1954 3411 inter
2005 3375 2062 3412 se
2112 3359 2181 3411 ita

617 3440 867 3497 connexi.
921 3450 980 3493 ut
1030 3443 1180 3495 nulla
1221 3445 1432 3498 ratione
1477 3447 1718 3514 separari
1748 3458 1970 3514 queant.
2026 3450 2184 3506 Fides

615 3529 759 3581 enim
804 3545 900 3598 per
941 3531 1270 3600 baptismum
1321 3537 1614 3603 perﬁcitur,
1663 3541 2015 3607 numerisque
2067 3541 2183 3597 suis

616 3622 881 3677 omnibus
914 3624 1237 3680 absolvitur.
1284 3627 1587 3694 Baptimnus
1619 3641 1801 3686 autem
1836 3633 1954 3688 ﬁdei
1988 3634 2182 3688 funda-

617 3722 803 3766 mento
853 3715 1059 3778 nititur,
1110 3733 1172 3771 ac
1215 3721 1468 3787 praecedit
1519 3721 1740 3791 quidem
1790 3724 2063 3780 confessio
2113 3725 2181 3780 ad

617 3804 848 3858 Salutem
885 3821 985 3862 nos
1033 3808 1384 3865 introdncmts
1415 3830 1430 3866 :
1463 3814 1818 3882 subsequitur
1862 3826 2044 3871 autem
2090 3819 2184 3872 ha-

620 3895 876 3960 ptismus,
909 3896 1031 3951 ﬁdei
1057 3915 1340 3954 assensum
1370 3903 1528 3958 nobis
1548 3905 1866 3974 obsignans.
1893 3906 2027 3962 Nam
2055 3925 2180 3964 eum

619 3985 977 4051 baptizamur,
1019 4001 1172 4044 certo
1213 4005 1262 4046 et
1295 3993 1572 4049 luculento
1598 4009 1918 4060 argumento
1947 4014 2046 4055 nos
2079 4001 2183 4056 ﬁde

616 4075 874 4141 praeditos
917 4093 1042 4132 esse
1082 4083 1492 4138 conﬁrmamus.
1533 4083 1632 4139 llic
1667 4089 1864 4142 mentis
1897 4089 2178 4157 perfectio.

617 4167 770 4222 Mens
807 4169 950 4223 enim
982 4181 1202 4238 peccato
1239 4190 1588 4245 progressum
1642 4179 1816 4247 ipsius
1855 4181 2183 4250 impediente

614 4257 766 4313 rudis
822 4267 984 4329 atque
1051 4261 1368 4334 imperfecta
1424 4271 1677 4324 manebat
1738 4290 1752 4326 :
1800 4289 1944 4328 nunc
1997 4285 2181 4330 autem

615 4351 846 4405 naturali
879 4368 1168 4424 progressu
1199 4365 1253 4411 et
1281 4357 1618 4422 incremento
1644 4374 1860 4432 recepto
1888 4365 2180 4433 perfectio-

2287 3181 2537 3233 detcntos
2577 3179 2628 3230 in
2680 3178 2982 3232 libertatem
3027 3191 3328 3240 asserens;
3385 3168 3708 3228 Ιὶιπειιιιυυιιον
3743 3172 3786 3212 ιιι

2288 3285 2390 3324 nos
2440 3279 2718 3324 emortuos
2763 3268 2834 3322 ad
2885 3268 3048 3322 vitam
3103 3281 3404 3328 revocans;
3449 3262 3586 3326 Ovis,
3635 3270 3681 3311 ut
3724 3254 3785 3306 vi-

2287 3365 2481 3426 ctima;
2512 3365 2718 3433 Agnus,
2753 3370 2812 3417 ut
2845 3361 3164 3431 perfectus;
3207 3351 3478 3419 Pontifex,
3501 3365 3555 3408 ut
3579 3349 3784 3407 concilia-

2288 3466 2371 3507 tor
2401 3463 2452 3508 et
2482 3457 2808 3522 pet-ductor;
2843 3453 3009 3523 Ignis,
3041 3463 3097 3505 ιιι
3136 3451 3310 3504 levem
3352 3447 3608 3502 materiam
3643 3455 3785 3509 repuro

2286 3561 2454 3612 gans;
2487 3543 2798 3608 Gladius,ut
2831 3544 3030 3597 bonum
3066 3557 3094 3594 a
3131 3542 3278 3594 malo
3305 3541 3570 3600 dividens;
3592 3533 3782 3587 Ventila-

2291 3642 2466 3704 brum,
2499 3650 2558 3693 ut
2592 3654 2776 3694 aream
2806 3653 3078 3708 purgans;
3115 3635 3364 3699 Securis,
3395 3643 3450 3688 ut
3488 3623 3784 3697 improbitatis

2288 3733 2496 3787 radices
2530 3729 2838 3799 excideris),
2887 3730 3076 3784 eodem
3115 3729 3283 3783 modo
3310 3737 3362 3780 et
3395 3725 3578 3781 Christi
3610 3721 3784 3774 donum,

2285 3825 2338 3878 id
2376 3833 2460 3879 est
2497 3823 2824 3892 baptismus,
2873 3821 3020 3874 varie
3067 3835 3131 3874 ac
3184 3818 3552 3888 multipliciter
3592 3819 3783 3865 vocatur,

2284 3913 2746 3984 quemadmodum
2781 3922 2836 3966 et
2861 3913 3034 3965 Scala:
3065 3913 3362 3981 paedagogo
3393 3910 3466 3979 (8)
3497 3908 3680 3998 placet:
3701 3898 3782 3998 sive

2283 4024 2348 4063 ex
2375 4008 2515 4061 miro
2542 4006 2778 4075 quodam
2815 4004 3035 4068 aﬂ‘ectu,
3071 4005 3173 4056 hoc
3197 4014 3308 4062 est.
3338 4019 3400 4055 ex
3431 3997 3630 4084 profuso
3655 3997 3782 4090 antu“

2284 4100 2485 4171 gaudio
2530 4100 2587 4153 id
2629 4099 2788 4152 nobis
2839 4094 3118 4156 acciderit,
3172 4106 3230 4148 ut
3265 4095 3472 4148 diversa
3505 4090 3584 4186 illi.
3613 4092 3780 4186 nonulla

2285 4194 2634 4261 imponamus
2665 4207 2678 4242 :
2711 4188 2828 4243 sive
2872 4202 2973 4256 pro
3030 4186 3417 4255 multiplicium
3455 4175 3677 4246 baptismi
3713 4172 3780 4223 be-

2285 4285 2600 4338 neﬁciorum
2649 4283 2860 4336 ratione
2898 4279 3045 4334 varia
3072 4295 3294 4348 quoque
3323 4278 3370 4332 ei
3402 4275 3604 4329 nomina
3629 4267 3779 4322 tributa

2287 4375 2509 4440 fuerint,
2553 4391 2664 4428 uno
2698 4389 2919 4444 quoque
2965 4373 3216 4426 videlicet
3259 4369 3510 4426 beneﬁcio
3535 4359 3778 4434 appositum

613 4457 738 4494 nem
781 4459 934 4497 suam
984 4447 1297 4516 assequitur
1349 4465 1414 4505 ac
1455 4452 1740 4508 deiformis
1783 4456 2038 4510 ellicitur.
2080 4451 2211 4512 ΙΙὶιεΞ

2210 4441 2335 4521 Det
2392 4483 2693 4534 congruum
2754 4481 2952 4519 nomen
3001 4453 3370 4533 procreante.‘
3403 4461 3620 4514 Primum
3669 4445 3776 4501 enim

613 4531 784 4586 clavis
820 4535 970 4600 regni
1008 4537 1267 4601 cwlestis,
1329 4539 1460 4594 illud
1498 4541 1744 4596 videlicet
1785 4543 1851 4596 iis
1877 4545 1968 4612 qui
2005 4545 2181 4610 bapti-

611 4624 714 4675 smi
749 4626 907 4693 aquis
940 4627 1221 4697 tinguntur
1273 4633 1543 4698 aperiens.
1587 4632 1685 4688 llic
1723 4635 1846 4687 vitae
1876 4647 2178 4690 commuta-

611 4713 709 4778 tio,
735 4730 1010 4784 corporea:
1032 4721 1243 4775 scilicet
1270 4732 1320 4775 ct
1343 4721 1624 4791 ﬂagitiosae
1653 4726 1719 4780 ad
1750 4727 2086 4794 spiritualem
2121 4740 2175 4784 et

608 4803 876 4858 divinam.
928 4807 1026 4862 llic
1071 4813 1351 4866 servitutis
1390 4815 1691 4881 abrogatio,
1750 4832 1814 4869 ac
1850 4832 1946 4885 pro
1993 4821 2173 4874 servili

608 4892 937 4960 dejectione.
978 4897 1134 4964 plena
1164 4912 1215 4952 et
1253 4903 1428 4954 soluta
1457 4904 1700 4960 libertas.
1735 4905 1838 4960 Per
1865 4923 1988 4961 eum
2031 4911 2176 4965 enim

612 4985 848 5039 ﬁliorum
880 4987 1230 5055 adoptionem
1260 4992 1555 5061 recipimus
1588 5013 1601 5048 :
1630 5013 1692 5050 ac
1718 4999 1947 5065 proinde
1979 5001 2179 5058 clamat

608 5075 811 5132 Paulus
843 5096 856 5134 :
886 5078 1027 5149 Ergo
1051 5099 1152 5134 non
1176 5083 1292 5151 jam
1319 5101 1371 5138 es
1401 5101 1600 5150 servus,
1630 5091 1716 5141 sed
1743 5091 1888 5158 [ilius
1913 5106 1932 5143 :
1960 5095 2099 5163 quod
2127 5094 2176 5149 si

526 5205 531 5217 .
607 5174 776 5238 ﬁlius,
806 5185 855 5226 et
882 5176 1047 5229 lieres
1082 5176 1174 5230 Dei
1203 5178 1268 5232 '°.
1305 5178 1403 5235 Hic
1435 5181 1774 5240 vinculorum
1811 5188 2032 5254 solutio,
2071 5191 2174 5246 hoc

523 5294 525 5331 μ
604 5274 710 5330 est,
747 5266 1037 5322 atl‘ectuum
1077 5271 1244 5324 animi
1276 5281 1324 5326 et
1360 5277 1584 5342 peccati.
1626 5275 1723 5331 llic
1752 5283 2173 5349 compositionis

677 5466 766 5519 ¹⁸1
802 5467 945 5522 Pctr.
981 5485 1061 5530 ιιι,
1102 5469 1192 5524 21.
1271 5472 1312 5509 ¹⁹
1341 5473 1492 5529 Rom.
1531 5490 1647 5545 xui,
1686 5480 1769 5534 Η.

2281 4572 2404 4610 eum
2470 4559 2673 4611 denum
2711 4561 3028 4616 vocamus,
3079 4555 3206 4623 quia
3268 4554 3422 4607 nobis
3477 4546 3610 4602 nullo
3667 4548 3779 4633 Ρτ¹¹ξ³

2280 4647 2469 4702 labore
2506 4656 2763 4715 suscepto
2807 4661 2870 4700 ac
2900 4661 3126 4699 munere
3160 4646 3343 4698 oblato
3391 4641 3550 4711 gratis
3585 4636 3777 4699 imperu-

2283 4748 2390 4791 tur.
2447 4736 2648 4790 Deinde
2699 4737 3054 4803 baptismum,
3108 4735 3237 4803 quia
3283 4741 3551 4803 peceatum
3590 4724 3634 4776 io
3671 4726 3777 4783 a‘l‘"

2282 4828 2564 4897 sepelitur.
2602 4825 2755 4880 Tunc
2787 4827 3097 4880 unctionem
3129 4842 3254 4880 cum
3279 4825 3502 4884 Joanne,
3533 4827 3584 4872 ut
3609 4818 3777 4906 sigilli”

2279 4929 2334 4973 et
2369 4920 2601 4988 regium.
2651 4917 2979 4973 Sacerdotes
3029 4921 3174 4972 enim
3215 4928 3271 4971 et
3299 4931 3446 4986 reges
3473 4913 3612 4982 juxta
3653 4899 3777 4954 Μυειε

2275 5011 2446 5080 legem
2484 5011 2846 5080 ungebantur.
2880 5009 3340 5065 Illuminationem
3378 5020 3520 5067 vero,
3551 5008 3602 5055 ul
3635 4992 3767 5062 SP'c"'

2274 5102 2502 5164 ἀυτοιη,
2563 5111 2617 5156 Cl
2671 5103 2798 5171 quia
2843 5117 2940 5172 per
2990 5117 3116 5158 eum
3165 5113 3404 5158 Sanctam
3461 5097 3590 5150 illam
3639 5089 3774 5138 lucem

2273 5194 2572 5257 intuemur,
2607 5202 2768 5264 atque
2801 5194 2867 5247 ad
2911 5193 3156 5249 divinum
3199 5208 3393 5248 numen
3445 5174 3772 5276 inspiciendum

2273 5287 2553 5341 oculorum
2593 5287 2710 5342 acie
2754 5286 3047 5356 pollemus.
3099 5287 3298 5342 Adbazc
3333 5266 3710 5338 immortalitatis
3735 5265 3772 5312 cl

1847 5481 1892 5511 “
1916 5480 2092 5536 Galat.
2125 5497 2198 5551 tv,
2233 5483 2286 5540 7.

675 5648 1067 5739 (Siudn'attnem'
1113 5653 1412 5739 (ἶιιιιιξιειιιιι
1483 5657 1761 5729 intelligit,
1825 5660 2161 5717 celeberrimi
2226 5665 2365 5734 apud
2423 5666 2640 5726 Graecos
2676 5671 2916 5729 nominis
2987 5672 3203 5736 virum,
3254 5665 3344 5739 qui
3383 5657 3617 5720 eximium
3647 5638 3746 5702 13W

603 5719 712 5774 lant
749 5720 919 5777 Scala:
951 5725 1104 5780 titulo
1137 5725 1323 5781 edidit.
