  <div class='ocr_page' id='page_1' title='image "/cluster/home/n/w/nwhite01/storage/ocr_20150623/127/mdp.39015038085968/100.png"; bbox 0 0 4048 6278; ppageno 0'>
   <div class='ocr_carea' id='block_1_1' title="bbox 346 326 487 394">
    <p class='ocr_par' dir='ltr' id='par_1_1' title="bbox 346 326 487 394">
     <span class='ocr_line' id='line_1_1' title="bbox 346 326 487 394; baseline 0 0"><span class='ocrx_word' id='word_1_1' title='bbox 346 326 487 394; x_wconf 66' lang='grc'><strong>1219</strong></span> 
     </span>
    </p>
   </div>
   <div class='ocr_carea' id='block_1_2' title="bbox 1336 326 2542 415">
    <p class='ocr_par' dir='ltr' id='par_1_2' title="bbox 1336 326 2542 415">
     <span class='ocr_line' id='line_1_2' title="bbox 1336 326 2542 415; baseline 0.013 -16"><span class='ocrx_word' id='word_1_2' title='bbox 1336 337 1655 403; x_wconf 82' lang='lat' dir='ltr'><strong>NlCETAS</strong></span> <span class='ocrx_word' id='word_1_3' title='bbox 1694 346 1776 406; x_wconf 85' lang='lat' dir='ltr'><strong>IN</strong></span> <span class='ocrx_word' id='word_1_4' title='bbox 1813 346 2035 409; x_wconf 66' lang='lat' dir='ltr'><strong>eam.</strong></span> <span class='ocrx_word' id='word_1_5' title='bbox 2076 350 2174 409; x_wconf 74' lang='lat' dir='ltr'><strong>x1.</strong></span> <span class='ocrx_word' id='word_1_6' title='bbox 2213 351 2277 415; x_wconf 92' lang='lat' dir='ltr'><strong>s.</strong></span> <span class='ocrx_word' id='word_1_7' title='bbox 2315 326 2542 415; x_wconf 50' lang='grc' dir='ltr'><strong>(άπερ.</strong></span> 
     </span>
    </p>
   </div>
   <div class='ocr_carea' id='block_1_3' title="bbox 344 436 3579 542">
    <p class='ocr_par' dir='ltr' id='par_1_3' title="bbox 344 436 3579 542">
     <span class='ocr_line' id='line_1_3' title="bbox 344 436 3579 542; baseline 0.011 -50"><span class='ocrx_word' id='word_1_8' title='bbox 344 436 778 511; x_wconf 72' lang='lat' dir='ltr'><strong>incorruptionis</strong></span> <span class='ocrx_word' id='word_1_9' title='bbox 836 444 1238 520; x_wconf 81' lang='lat' dir='ltr'><strong>indumentum,</strong></span> <span class='ocrx_word' id='word_1_10' title='bbox 1279 452 1441 523; x_wconf 63' lang='lat' dir='ltr'><strong>juxta</strong></span> <span class='ocrx_word' id='word_1_11' title='bbox 1480 440 2183 516; x_wconf 83' lang='lat' dir='ltr'><strong>ConstitutionesAetiam</strong></span> <span class='ocrx_word' id='word_1_12' title='bbox 2234 462 2301 516; x_wconf 90' lang='lat' dir='ltr'><strong>ad</strong></span> <span class='ocrx_word' id='word_1_13' title='bbox 2362 476 2663 533; x_wconf 84' lang='lat' dir='ltr'><strong>perpaucos</strong></span> <span class='ocrx_word' id='word_1_14' title='bbox 2722 465 2994 532; x_wconf 77' lang='lat' dir='ltr'><strong>homines,</strong></span> <span class='ocrx_word' id='word_1_15' title='bbox 3057 483 3152 524; x_wconf 88' lang='lat' dir='ltr'><strong>eos</strong></span> <span class='ocrx_word' id='word_1_16' title='bbox 3215 484 3431 538; x_wconf 77' lang='lat' dir='ltr'><strong>nempe,</strong></span> <span class='ocrx_word' id='word_1_17' title='bbox 3486 474 3579 542; x_wconf 90' lang='lat' dir='ltr'><strong>qui</strong></span> 
     </span>
    </p>
   </div>
   <div class='ocr_carea' id='block_1_4' title="bbox 341 533 1905 617">
    <p class='ocr_par' dir='ltr' id='par_1_4' title="bbox 341 533 1905 617">
     <span class='ocr_line' id='line_1_4' title="bbox 341 533 1905 617; baseline 0.011 -31"><span class='ocrx_word' id='word_1_18' title='bbox 341 533 691 601; x_wconf 83' lang='lat' dir='ltr'><strong>apostolicas,</strong></span> <span class='ocrx_word' id='word_1_19' title='bbox 718 546 774 588; x_wconf 92' lang='lat' dir='ltr'><strong>ut</strong></span> <span class='ocrx_word' id='word_1_20' title='bbox 806 536 1045 593; x_wconf 65' lang='lat' dir='ltr'><strong>infamiae</strong></span> <span class='ocrx_word' id='word_1_21' title='bbox 1071 550 1126 595; x_wconf 90' lang='lat' dir='ltr'><strong>et</strong></span> <span class='ocrx_word' id='word_1_22' title='bbox 1164 542 1379 598; x_wconf 82' lang='lat' dir='ltr'><strong>decoris</strong></span> <span class='ocrx_word' id='word_1_23' title='bbox 1412 546 1851 617; x_wconf 82' lang='lat' dir='ltr'><strong>integumentum</strong></span> <span class='ocrx_word' id='word_1_24' title='bbox 1891 567 1905 603; x_wconf 89' lang='lat'><strong>:</strong></span> 
     </span>
    </p>
   </div>
   <div class='ocr_carea' id='block_1_5' title="bbox 341 626 1908 697">
    <p class='ocr_par' dir='ltr' id='par_1_5' title="bbox 341 626 1908 697">
     <span class='ocr_line' id='line_1_5' title="bbox 341 626 1908 697; baseline 0.012 -18"><span class='ocrx_word' id='word_1_25' title='bbox 341 626 557 679; x_wconf 87' lang='lat' dir='ltr'><strong>obtecta</strong></span> <span class='ocrx_word' id='word_1_26' title='bbox 595 627 740 681; x_wconf 89' lang='lat' dir='ltr'><strong>enim</strong></span> <span class='ocrx_word' id='word_1_27' title='bbox 781 629 1122 697; x_wconf 86' lang='lat' dir='ltr'><strong>turpitudine</strong></span> <span class='ocrx_word' id='word_1_28' title='bbox 1166 643 1220 689; x_wconf 91' lang='lat' dir='ltr'><strong>ct</strong></span> <span class='ocrx_word' id='word_1_29' title='bbox 1254 634 1478 693; x_wconf 79' lang='lat' dir='ltr'><strong>infamia</strong></span> <span class='ocrx_word' id='word_1_30' title='bbox 1521 655 1623 695; x_wconf 89' lang='lat' dir='ltr'><strong>nos</strong></span> <span class='ocrx_word' id='word_1_31' title='bbox 1655 642 1908 697; x_wconf 74' lang='lat' dir='ltr'><strong>incorru-</strong></span> 
     </span>
    </p>
   </div>
   <div class='ocr_carea' id='block_1_6' title="bbox 346 716 1911 795">
    <p class='ocr_par' dir='ltr' id='par_1_6' title="bbox 346 716 1911 795">
     <span class='ocr_line' id='line_1_6' title="bbox 346 716 1911 795; baseline 0.015 -28"><span class='ocrx_word' id='word_1_32' title='bbox 346 716 532 785; x_wconf 86' lang='lat' dir='ltr'><strong>ptione</strong></span> <span class='ocrx_word' id='word_1_33' title='bbox 555 726 608 771; x_wconf 92' lang='lat' dir='ltr'><strong>et</strong></span> <span class='ocrx_word' id='word_1_34' title='bbox 634 718 1041 778; x_wconf 74' lang='lat' dir='ltr'><strong>immortalitate</strong></span> <span class='ocrx_word' id='word_1_35' title='bbox 1069 730 1359 795; x_wconf 85' lang='lat' dir='ltr'><strong>convestit,</strong></span> <span class='ocrx_word' id='word_1_36' title='bbox 1386 731 1625 788; x_wconf 90' lang='lat' dir='ltr'><strong>animam</strong></span> <span class='ocrx_word' id='word_1_37' title='bbox 1652 734 1911 790; x_wconf 75' lang='lat' dir='ltr'><strong>videlicet</strong></span> 
     </span>
    </p>
   </div>
   <div class='ocr_carea' id='block_1_7' title="bbox 350 805 1907 894">
    <p class='ocr_par' dir='ltr' id='par_1_7' title="bbox 350 805 1907 894">
     <span class='ocr_line' id='line_1_7' title="bbox 350 805 1907 894; baseline 0.016 -39"><span class='ocrx_word' id='word_1_38' title='bbox 350 819 381 857; x_wconf 92' lang='lat' dir='ltr'><strong>a</strong></span> <span class='ocrx_word' id='word_1_39' title='bbox 425 805 630 870; x_wconf 90' lang='lat' dir='ltr'><strong>peccati</strong></span> <span class='ocrx_word' id='word_1_40' title='bbox 676 810 1006 878; x_wconf 80' lang='lat' dir='ltr'><strong>corruptela,</strong></span> <span class='ocrx_word' id='word_1_41' title='bbox 1038 822 1097 867; x_wconf 91' lang='lat' dir='ltr'><strong>ut</strong></span> <span class='ocrx_word' id='word_1_42' title='bbox 1126 814 1277 882; x_wconf 88' lang='lat' dir='ltr'><strong>olim,</strong></span> <span class='ocrx_word' id='word_1_43' title='bbox 1323 833 1513 887; x_wconf 90' lang='lat' dir='ltr'><strong>puram</strong></span> <span class='ocrx_word' id='word_1_44' title='bbox 1545 830 1600 876; x_wconf 92' lang='lat' dir='ltr'><strong>et</strong></span> <span class='ocrx_word' id='word_1_45' title='bbox 1640 824 1907 894; x_wconf 79' lang='lat' dir='ltr'><strong>integrant</strong></span> 
     </span>
    </p>
   </div>
   <div class='ocr_carea' id='block_1_8' title="bbox 342 895 1903 982">
    <p class='ocr_par' dir='ltr' id='par_1_8' title="bbox 342 895 1903 982">
     <span class='ocr_line' id='line_1_8' title="bbox 342 895 1903 982; baseline 0.015 -36"><span class='ocrx_word' id='word_1_46' title='bbox 342 895 595 950; x_wconf 82' lang='lat' dir='ltr'><strong>reddens.</strong></span> <span class='ocrx_word' id='word_1_47' title='bbox 628 895 932 954; x_wconf 82' lang='lat' dir='ltr'><strong>Lavacrum</strong></span> <span class='ocrx_word' id='word_1_48' title='bbox 968 907 1418 973; x_wconf 76' lang='lat' dir='ltr'><strong>regenerationis,</strong></span> <span class='ocrx_word' id='word_1_49' title='bbox 1450 911 1576 977; x_wconf 85' lang='lat' dir='ltr'><strong>quia</strong></span> <span class='ocrx_word' id='word_1_50' title='bbox 1615 928 1712 982; x_wconf 88' lang='lat' dir='ltr'><strong>per</strong></span> <span class='ocrx_word' id='word_1_51' title='bbox 1754 930 1903 979; x_wconf 89' lang='lat' dir='ltr'><strong>eum,</strong></span> 
     </span>
    </p>
   </div>
   <div class='ocr_carea' id='block_1_9' title="bbox 338 987 1901 1068">
    <p class='ocr_par' dir='ltr' id='par_1_9' title="bbox 338 987 1901 1068">
     <span class='ocr_line' id='line_1_9' title="bbox 338 987 1901 1068; baseline 0.014 -31"><span class='ocrx_word' id='word_1_52' title='bbox 338 995 421 1041; x_wconf 83' lang='lat' dir='ltr'><strong>est</strong></span> <span class='ocrx_word' id='word_1_53' title='bbox 453 988 591 1055; x_wconf 87' lang='lat' dir='ltr'><strong>apud</strong></span> <span class='ocrx_word' id='word_1_54' title='bbox 629 987 879 1054; x_wconf 81' lang='lat' dir='ltr'><strong>Paulum,</strong></span> <span class='ocrx_word' id='word_1_55' title='bbox 910 1006 1131 1063; x_wconf 73' lang='lat' dir='ltr'><strong>peccata</strong></span> <span class='ocrx_word' id='word_1_56' title='bbox 1166 997 1486 1068; x_wconf 86' lang='lat' dir='ltr'><strong>projieimus</strong></span> <span class='ocrx_word' id='word_1_57' title='bbox 1531 1013 1586 1056; x_wconf 89' lang='lat' dir='ltr'><strong>et</strong></span> <span class='ocrx_word' id='word_1_58' title='bbox 1644 1004 1901 1060; x_wconf 86' lang='lat' dir='ltr'><strong>eluimus.</strong></span> 
     </span>
    </p>
   </div>
   <div class='ocr_carea' id='block_1_10' title="bbox 340 1076 1899 1165">
    <p class='ocr_par' dir='ltr' id='par_1_10' title="bbox 340 1076 1899 1165">
     <span class='ocr_line' id='line_1_10' title="bbox 340 1076 1899 1165; baseline 0.013 -35"><span class='ocrx_word' id='word_1_59' title='bbox 340 1076 588 1147; x_wconf 81' lang='lat' dir='ltr'><strong>Sigillum</strong></span> <span class='ocrx_word' id='word_1_60' title='bbox 643 1081 884 1153; x_wconf 82' lang='lat' dir='ltr'><strong>insuper,</strong></span> <span class='ocrx_word' id='word_1_61' title='bbox 939 1087 1197 1154; x_wconf 89' lang='lat' dir='ltr'><strong>quoniam</strong></span> <span class='ocrx_word' id='word_1_62' title='bbox 1247 1105 1342 1160; x_wconf 90' lang='lat' dir='ltr'><strong>per</strong></span> <span class='ocrx_word' id='word_1_63' title='bbox 1399 1107 1525 1146; x_wconf 92' lang='lat' dir='ltr'><strong>cum</strong></span> <span class='ocrx_word' id='word_1_64' title='bbox 1577 1095 1899 1165; x_wconf 81' lang='lat' dir='ltr'><strong>consignati,</strong></span> 
     </span>
    </p>
   </div>
   <div class='ocr_carea' id='block_1_11' title="bbox 340 1170 1906 1255">
    <p class='ocr_par' dir='ltr' id='par_1_11' title="bbox 340 1170 1906 1255">
     <span class='ocr_line' id='line_1_11' title="bbox 340 1170 1906 1255; baseline 0.013 -33"><span class='ocrx_word' id='word_1_65' title='bbox 340 1170 626 1239; x_wconf 81' lang='lat' dir='ltr'><strong>cujusnam</strong></span> <span class='ocrx_word' id='word_1_66' title='bbox 661 1171 869 1227; x_wconf 90' lang='lat' dir='ltr'><strong>domini</strong></span> <span class='ocrx_word' id='word_1_67' title='bbox 919 1190 1136 1243; x_wconf 91' lang='lat' dir='ltr'><strong>sumus,</strong></span> <span class='ocrx_word' id='word_1_68' title='bbox 1183 1182 1591 1250; x_wconf 86' lang='lat' dir='ltr'><strong>eognoscimur,</strong></span> <span class='ocrx_word' id='word_1_69' title='bbox 1637 1195 1800 1255; x_wconf 85' lang='lat' dir='ltr'><strong>atque</strong></span> <span class='ocrx_word' id='word_1_70' title='bbox 1839 1189 1906 1242; x_wconf 87' lang='lat' dir='ltr'><strong>ab</strong></span> 
     </span>
    </p>
   </div>
   <div class='ocr_carea' id='block_1_12' title="bbox 340 1262 1904 1350">
    <p class='ocr_par' dir='ltr' id='par_1_12' title="bbox 340 1262 1904 1350">
     <span class='ocr_line' id='line_1_12' title="bbox 340 1262 1904 1350; baseline 0.012 -35"><span class='ocrx_word' id='word_1_71' title='bbox 340 1262 555 1317; x_wconf 89' lang='lat' dir='ltr'><strong>insidiis</strong></span> <span class='ocrx_word' id='word_1_72' title='bbox 584 1264 683 1319; x_wconf 90' lang='lat' dir='ltr'><strong>tuti</strong></span> <span class='ocrx_word' id='word_1_73' title='bbox 721 1281 1129 1324; x_wconf 83' lang='lat' dir='ltr'><strong>conservantur.</strong></span> <span class='ocrx_word' id='word_1_74' title='bbox 1149 1269 1298 1337; x_wconf 87' lang='lat' dir='ltr'><strong>Quod</strong></span> <span class='ocrx_word' id='word_1_75' title='bbox 1336 1274 1482 1328; x_wconf 91' lang='lat' dir='ltr'><strong>enim</strong></span> <span class='ocrx_word' id='word_1_76' title='bbox 1520 1277 1697 1346; x_wconf 86' lang='lat' dir='ltr'><strong>sigillo</strong></span> <span class='ocrx_word' id='word_1_77' title='bbox 1720 1278 1904 1350; x_wconf 87' lang='lat' dir='ltr'><strong>aliquo</strong></span> 
     </span>
    </p>
   </div>
   <div class='ocr_carea' id='block_1_13' title="bbox 339 1356 1903 1438">
    <p class='ocr_par' dir='ltr' id='par_1_13' title="bbox 339 1356 1903 1438">
     <span class='ocr_line' id='line_1_13' title="bbox 339 1356 1903 1438; baseline 0.012 -32"><span class='ocrx_word' id='word_1_78' title='bbox 339 1364 582 1408; x_wconf 80' lang='lat' dir='ltr'><strong>notatum</strong></span> <span class='ocrx_word' id='word_1_79' title='bbox 606 1366 710 1422; x_wconf 90' lang='lat' dir='ltr'><strong>est,</strong></span> <span class='ocrx_word' id='word_1_80' title='bbox 732 1356 909 1412; x_wconf 90' lang='lat' dir='ltr'><strong>furum</strong></span> <span class='ocrx_word' id='word_1_81' title='bbox 939 1364 1275 1430; x_wconf 83' lang='lat' dir='ltr'><strong>aggressioni</strong></span> <span class='ocrx_word' id='word_1_82' title='bbox 1300 1366 1522 1423; x_wconf 91' lang='lat' dir='ltr'><strong>minime</strong></span> <span class='ocrx_word' id='word_1_83' title='bbox 1543 1379 1709 1438; x_wconf 78' lang='lat' dir='ltr'><strong>patet.</strong></span> <span class='ocrx_word' id='word_1_84' title='bbox 1734 1371 1903 1426; x_wconf 89' lang='lat' dir='ltr'><strong>Porro</strong></span> 
     </span>
    </p>
   </div>
   <div class='ocr_carea' id='block_1_14' title="bbox 340 1446 1903 1530">
    <p class='ocr_par' dir='ltr' id='par_1_14' title="bbox 340 1446 1903 1530">
     <span class='ocr_line' id='line_1_14' title="bbox 340 1446 1903 1530; baseline 0.013 -34"><span class='ocrx_word' id='word_1_85' title='bbox 340 1446 617 1500; x_wconf 82' lang='lat' dir='ltr'><strong>nominum</strong></span> <span class='ocrx_word' id='word_1_86' title='bbox 680 1452 1081 1505; x_wconf 85' lang='lat' dir='ltr'><strong>enumerationi</strong></span> <span class='ocrx_word' id='word_1_87' title='bbox 1157 1452 1510 1523; x_wconf 83' lang='lat' dir='ltr'><strong>Signaculum</strong></span> <span class='ocrx_word' id='word_1_88' title='bbox 1566 1472 1903 1530; x_wconf 88' lang='lat' dir='ltr'><strong>postremum</strong></span> 
     </span>
    </p>
   </div>
   <div class='ocr_carea' id='block_1_15' title="bbox 338 1534 1903 1623">
    <p class='ocr_par' dir='ltr' id='par_1_15' title="bbox 338 1534 1903 1623">
     <span class='ocr_line' id='line_1_15' title="bbox 338 1534 1903 1623; baseline 0.012 -34"><span class='ocrx_word' id='word_1_89' title='bbox 338 1534 738 1606; x_wconf 81' lang='lat' dir='ltr'><strong>imposuimus,</strong></span> <span class='ocrx_word' id='word_1_90' title='bbox 784 1541 935 1597; x_wconf 83' lang='lat' dir='ltr'><strong>velut</strong></span> <span class='ocrx_word' id='word_1_91' title='bbox 995 1558 1058 1597; x_wconf 86' lang='lat' dir='ltr'><strong>ea</strong></span> <span class='ocrx_word' id='word_1_92' title='bbox 1114 1546 1466 1616; x_wconf 81' lang='lat' dir='ltr'><strong>obsignantes</strong></span> <span class='ocrx_word' id='word_1_93' title='bbox 1522 1560 1687 1623; x_wconf 87' lang='lat' dir='ltr'><strong>atque</strong></span> <span class='ocrx_word' id='word_1_94' title='bbox 1740 1556 1903 1609; x_wconf 89' lang='lat' dir='ltr'><strong>obfir-</strong></span> 
     </span>
    </p>
   </div>
   <div class='ocr_carea' id='block_1_16' title="bbox 338 1626 1903 1697">
    <p class='ocr_par' dir='ltr' id='par_1_16' title="bbox 338 1626 1903 1697">
     <span class='ocr_line' id='line_1_16' title="bbox 338 1626 1903 1697; baseline 0.013 -22"><span class='ocrx_word' id='word_1_95' title='bbox 338 1633 569 1679; x_wconf 70' lang='lat' dir='ltr'><strong>mantes.</strong></span> <span class='ocrx_word' id='word_1_96' title='bbox 623 1626 761 1681; x_wconf 84' lang='lat' dir='ltr'><strong>Huic</strong></span> <span class='ocrx_word' id='word_1_97' title='bbox 812 1629 1154 1697; x_wconf 82' lang='lat' dir='ltr'><strong>gratulantur</strong></span> <span class='ocrx_word' id='word_1_98' title='bbox 1204 1634 1350 1688; x_wconf 70' lang='lat' dir='ltr'><strong>coeli.</strong></span> <span class='ocrx_word' id='word_1_99' title='bbox 1402 1633 1591 1691; x_wconf 86' lang='lat' dir='ltr'><strong>Liceat</strong></span> <span class='ocrx_word' id='word_1_100' title='bbox 1640 1641 1784 1694; x_wconf 90' lang='lat' dir='ltr'><strong>enim</strong></span> <span class='ocrx_word' id='word_1_101' title='bbox 1833 1642 1903 1695; x_wconf 89' lang='lat' dir='ltr'><strong>ad</strong></span> 
     </span>
    </p>
   </div>
   <div class='ocr_carea' id='block_1_17' title="bbox 338 1716 1901 1800">
    <p class='ocr_par' dir='ltr' id='par_1_17' title="bbox 338 1716 1901 1800">
     <span class='ocr_line' id='line_1_17' title="bbox 338 1716 1901 1800; baseline 0.017 -36"><span class='ocrx_word' id='word_1_102' title='bbox 338 1716 518 1797; x_wconf 76' lang='lat' dir='ltr'><strong>gaudii</strong></span> <span class='ocrx_word' id='word_1_103' title='bbox 589 1720 1118 1788; x_wconf 72' lang='lat' dir='ltr'><strong>amplificationem,</strong></span> <span class='ocrx_word' id='word_1_104' title='bbox 1168 1723 1413 1780; x_wconf 85' lang='lat' dir='ltr'><strong>laetitiam</strong></span> <span class='ocrx_word' id='word_1_105' title='bbox 1467 1744 1683 1800; x_wconf 89' lang='lat' dir='ltr'><strong>quoque</strong></span> <span class='ocrx_word' id='word_1_106' title='bbox 1738 1735 1901 1790; x_wconf 89' lang='lat' dir='ltr'><strong>rebus</strong></span> 
     </span>
    </p>
   </div>
   <div class='ocr_carea' id='block_1_18' title="bbox 2013 558 3585 632">
    <p class='ocr_par' dir='ltr' id='par_1_18' title="bbox 2013 558 3585 632">
     <span class='ocr_line' id='line_1_18' title="bbox 2013 558 3585 632; baseline 0.008 -28"><span class='ocrx_word' id='word_1_107' title='bbox 2013 563 2246 607; x_wconf 90' lang='lat' dir='ltr'><strong>mentem</strong></span> <span class='ocrx_word' id='word_1_108' title='bbox 2267 569 2331 609; x_wconf 90' lang='lat' dir='ltr'><strong>ac</strong></span> <span class='ocrx_word' id='word_1_109' title='bbox 2354 558 2614 611; x_wconf 88' lang='lat' dir='ltr'><strong>rationem</strong></span> <span class='ocrx_word' id='word_1_110' title='bbox 2640 559 3037 630; x_wconf 88' lang='lat' dir='ltr'><strong>perpurgarint.</strong></span> <span class='ocrx_word' id='word_1_111' title='bbox 3060 561 3138 614; x_wconf 91' lang='lat' dir='ltr'><strong>Ac</strong></span> <span class='ocrx_word' id='word_1_112' title='bbox 3154 560 3437 616; x_wconf 80' lang='lat' dir='ltr'><strong>Trinitatis</strong></span> <span class='ocrx_word' id='word_1_113' title='bbox 3456 578 3585 632; x_wconf 81' lang='lat' dir='ltr'><strong>pro-</strong></span> 
     </span>
    </p>
   </div>
   <div class='ocr_carea' id='block_1_19' title="bbox 2011 644 3576 722">
    <p class='ocr_par' dir='ltr' id='par_1_19' title="bbox 2011 644 3576 722">
     <span class='ocr_line' id='line_1_19' title="bbox 2011 644 3576 722; baseline 0.008 -29"><span class='ocrx_word' id='word_1_114' title='bbox 2011 644 2189 710; x_wconf 90' lang='lat' dir='ltr'><strong>prium</strong></span> <span class='ocrx_word' id='word_1_115' title='bbox 2239 655 2343 710; x_wconf 88' lang='lat' dir='ltr'><strong>est,</strong></span> <span class='ocrx_word' id='word_1_116' title='bbox 2394 657 2602 703; x_wconf 70' lang='lat' dir='ltr'><strong>natura:</strong></span> <span class='ocrx_word' id='word_1_117' title='bbox 2651 650 2910 705; x_wconf 88' lang='lat' dir='ltr'><strong>identilas</strong></span> <span class='ocrx_word' id='word_1_118' title='bbox 2959 662 3014 706; x_wconf 90' lang='lat' dir='ltr'><strong>et</strong></span> <span class='ocrx_word' id='word_1_119' title='bbox 3068 652 3357 707; x_wconf 74' lang='lat' dir='ltr'><strong>ineffabilis</strong></span> <span class='ocrx_word' id='word_1_120' title='bbox 3423 656 3576 722; x_wconf 86' lang='lat' dir='ltr'><strong>ttnio,</strong></span> 
     </span>
    </p>
   </div>
   <div class='ocr_carea' id='block_1_20' title="bbox 2009 739 3574 814">
    <p class='ocr_par' dir='ltr' id='par_1_20' title="bbox 2009 739 3574 814">
     <span class='ocr_line' id='line_1_20' title="bbox 2009 739 3574 814; baseline 0.01 -29"><span class='ocrx_word' id='word_1_121' title='bbox 2009 742 2175 802; x_wconf 89' lang='lat' dir='ltr'><strong>atque</strong></span> <span class='ocrx_word' id='word_1_122' title='bbox 2213 750 2317 790; x_wconf 91' lang='lat' dir='ltr'><strong>una</strong></span> <span class='ocrx_word' id='word_1_123' title='bbox 2345 746 2395 790; x_wconf 90' lang='lat' dir='ltr'><strong>et</strong></span> <span class='ocrx_word' id='word_1_124' title='bbox 2417 739 2608 792; x_wconf 85' lang='lat' dir='ltr'><strong>eadem</strong></span> <span class='ocrx_word' id='word_1_125' title='bbox 2638 742 2947 799; x_wconf 80' lang='lat' dir='ltr'><strong>exsilientis</strong></span> <span class='ocrx_word' id='word_1_126' title='bbox 2987 745 3292 812; x_wconf 89' lang='lat' dir='ltr'><strong>splendoris</strong></span> <span class='ocrx_word' id='word_1_127' title='bbox 3325 747 3574 814; x_wconf 87' lang='lat' dir='ltr'><strong>emissio,</strong></span> 
     </span>
    </p>
   </div>
   <div class='ocr_carea' id='block_1_21' title="bbox 2010 824 3579 904">
    <p class='ocr_par' dir='ltr' id='par_1_21' title="bbox 2010 824 3579 904">
     <span class='ocr_line' id='line_1_21' title="bbox 2010 824 3579 904; baseline 0.011 -28"><span class='ocrx_word' id='word_1_128' title='bbox 2010 824 2233 893; x_wconf 86' lang='lat' dir='ltr'><strong>perinde</strong></span> <span class='ocrx_word' id='word_1_129' title='bbox 2256 842 2319 881; x_wconf 91' lang='lat' dir='ltr'><strong>ac</strong></span> <span class='ocrx_word' id='word_1_130' title='bbox 2346 829 2391 882; x_wconf 90' lang='lat' dir='ltr'><strong>si</strong></span> <span class='ocrx_word' id='word_1_131' title='bbox 2431 828 2525 898; x_wconf 90' lang='lat' dir='ltr'><strong>qui</strong></span> <span class='ocrx_word' id='word_1_132' title='bbox 2559 838 2670 885; x_wconf 90' lang='lat' dir='ltr'><strong>tres</strong></span> <span class='ocrx_word' id='word_1_133' title='bbox 2698 830 2845 887; x_wconf 85' lang='lat' dir='ltr'><strong>faces</strong></span> <span class='ocrx_word' id='word_1_134' title='bbox 2869 835 3019 888; x_wconf 89' lang='lat' dir='ltr'><strong>omni</strong></span> <span class='ocrx_word' id='word_1_135' title='bbox 3053 850 3120 889; x_wconf 79' lang='lat' dir='ltr'><strong>ex</strong></span> <span class='ocrx_word' id='word_1_136' title='bbox 3154 846 3306 904; x_wconf 87' lang='lat' dir='ltr'><strong>parte</strong></span> <span class='ocrx_word' id='word_1_137' title='bbox 3346 840 3486 890; x_wconf 88' lang='lat' dir='ltr'><strong>inter</strong></span> <span class='ocrx_word' id='word_1_138' title='bbox 3518 843 3579 893; x_wconf 73' lang='lat' dir='ltr'><strong>se</strong></span> 
     </span>
    </p>
   </div>
   <div class='ocr_carea' id='block_1_22' title="bbox 2008 915 3570 992">
    <p class='ocr_par' dir='ltr' id='par_1_22' title="bbox 2008 915 3570 992">
     <span class='ocr_line' id='line_1_22' title="bbox 2008 915 3570 992; baseline 0.01 -25"><span class='ocrx_word' id='word_1_139' title='bbox 2008 915 2244 982; x_wconf 69' lang='lat' dir='ltr'><strong>aequales</strong></span> <span class='ocrx_word' id='word_1_140' title='bbox 2289 917 2474 971; x_wconf 87' lang='lat' dir='ltr'><strong>animo</strong></span> <span class='ocrx_word' id='word_1_141' title='bbox 2522 919 2688 988; x_wconf 82' lang='lat' dir='ltr'><strong>ﬁngat</strong></span> <span class='ocrx_word' id='word_1_142' title='bbox 2718 922 2882 991; x_wconf 87' lang='lat' dir='ltr'><strong>(quod</strong></span> <span class='ocrx_word' id='word_1_143' title='bbox 2932 925 3150 992; x_wconf 88' lang='lat' dir='ltr'><strong>quidem</strong></span> <span class='ocrx_word' id='word_1_144' title='bbox 3216 925 3267 978; x_wconf 92' lang='lat' dir='ltr'><strong>in</strong></span> <span class='ocrx_word' id='word_1_145' title='bbox 3307 927 3372 979; x_wconf 90' lang='lat' dir='ltr'><strong>iis</strong></span> <span class='ocrx_word' id='word_1_146' title='bbox 3407 928 3570 982; x_wconf 85' lang='lat' dir='ltr'><strong>rebus</strong></span> 
     </span>
    </p>
   </div>
   <div class='ocr_carea' id='block_1_23' title="bbox 2009 1006 3579 1085">
    <p class='ocr_par' dir='ltr' id='par_1_23' title="bbox 2009 1006 3579 1085">
     <span class='ocr_line' id='line_1_23' title="bbox 2009 1006 3579 1085; baseline 0.01 -29"><span class='ocrx_word' id='word_1_147' title='bbox 2009 1019 2129 1073; x_wconf 68' lang='lat' dir='ltr'><strong>quae</strong></span> <span class='ocrx_word' id='word_1_148' title='bbox 2178 1006 2229 1059; x_wconf 87' lang='lat' dir='ltr'><strong>in</strong></span> <span class='ocrx_word' id='word_1_149' title='bbox 2269 1023 2488 1063; x_wconf 90' lang='lat' dir='ltr'><strong>scnsnm</strong></span> <span class='ocrx_word' id='word_1_150' title='bbox 2541 1012 2746 1065; x_wconf 74' lang='lat' dir='ltr'><strong>cazlunt</strong></span> <span class='ocrx_word' id='word_1_151' title='bbox 2795 1015 3017 1083; x_wconf 86' lang='lat' dir='ltr'><strong>reperiri</strong></span> <span class='ocrx_word' id='word_1_152' title='bbox 3072 1033 3175 1069; x_wconf 92' lang='lat' dir='ltr'><strong>non</strong></span> <span class='ocrx_word' id='word_1_153' title='bbox 3225 1019 3446 1085; x_wconf 87' lang='lat' dir='ltr'><strong>potest),</strong></span> <span class='ocrx_word' id='word_1_154' title='bbox 3491 1028 3579 1071; x_wconf 82' lang='lat' dir='ltr'><strong>at-</strong></span> 
     </span>
    </p>
   </div>
   <div class='ocr_carea' id='block_1_24' title="bbox 2007 1103 3574 1177">
    <p class='ocr_par' dir='ltr' id='par_1_24' title="bbox 2007 1103 3574 1177">
     <span class='ocr_line' id='line_1_24' title="bbox 2007 1103 3574 1177; baseline 0.01 -30"><span class='ocrx_word' id='word_1_155' title='bbox 2007 1111 2114 1165; x_wconf 89' lang='lat' dir='ltr'><strong>que</strong></span> <span class='ocrx_word' id='word_1_156' title='bbox 2178 1114 2343 1152; x_wconf 91' lang='lat' dir='ltr'><strong>unum</strong></span> <span class='ocrx_word' id='word_1_157' title='bbox 2398 1108 2451 1153; x_wconf 91' lang='lat' dir='ltr'><strong>et</strong></span> <span class='ocrx_word' id='word_1_158' title='bbox 2499 1103 2750 1158; x_wconf 89' lang='lat' dir='ltr'><strong>eumdem</strong></span> <span class='ocrx_word' id='word_1_159' title='bbox 2802 1103 3067 1175; x_wconf 81' lang='lat' dir='ltr'><strong>fulgorem</strong></span> <span class='ocrx_word' id='word_1_160' title='bbox 3130 1123 3283 1177; x_wconf 68' lang='lat' dir='ltr'><strong>aeque</strong></span> <span class='ocrx_word' id='word_1_161' title='bbox 3341 1116 3393 1163; x_wconf 90' lang='lat' dir='ltr'><strong>et</strong></span> <span class='ocrx_word' id='word_1_162' title='bbox 3437 1110 3574 1164; x_wconf 89' lang='lat' dir='ltr'><strong>citra</strong></span> 
     </span>
    </p>
   </div>
   <div class='ocr_carea' id='block_1_25' title="bbox 2007 1189 3576 1254">
    <p class='ocr_par' dir='ltr' id='par_1_25' title="bbox 2007 1189 3576 1254">
     <span class='ocr_line' id='line_1_25' title="bbox 2007 1189 3576 1254; baseline 0.008 -14"><span class='ocrx_word' id='word_1_163' title='bbox 2007 1189 2170 1241; x_wconf 82' lang='lat' dir='ltr'><strong>ullam</strong></span> <span class='ocrx_word' id='word_1_164' title='bbox 2204 1190 2528 1247; x_wconf 79' lang='lat' dir='ltr'><strong>divisionem</strong></span> <span class='ocrx_word' id='word_1_165' title='bbox 2585 1210 2614 1248; x_wconf 89' lang='lat' dir='ltr'><strong>a</strong></span> <span class='ocrx_word' id='word_1_166' title='bbox 2652 1197 2824 1249; x_wconf 88' lang='lat' dir='ltr'><strong>tribus</strong></span> <span class='ocrx_word' id='word_1_167' title='bbox 2859 1198 3200 1253; x_wconf 78' lang='lat' dir='ltr'><strong>exsilientem</strong></span> <span class='ocrx_word' id='word_1_168' title='bbox 3232 1210 3281 1253; x_wconf 91' lang='lat' dir='ltr'><strong>et</strong></span> <span class='ocrx_word' id='word_1_169' title='bbox 3319 1215 3576 1254; x_wconf 88' lang='lat' dir='ltr'><strong>emanau-</strong></span> 
     </span>
    </p>
   </div>
   <div class='ocr_carea' id='block_1_26' title="bbox 2007 1285 3572 1358">
    <p class='ocr_par' dir='ltr' id='par_1_26' title="bbox 2007 1285 3572 1358">
     <span class='ocr_line' id='line_1_26' title="bbox 2007 1285 3572 1358; baseline 0.008 -24"><span class='ocrx_word' id='word_1_170' title='bbox 2007 1292 2136 1336; x_wconf 88' lang='lat' dir='ltr'><strong>tem.</strong></span> <span class='ocrx_word' id='word_1_171' title='bbox 2202 1285 2440 1341; x_wconf 85' lang='lat' dir='ltr'><strong>Primum</strong></span> <span class='ocrx_word' id='word_1_172' title='bbox 2495 1287 2663 1358; x_wconf 84' lang='lat' dir='ltr'><strong>igitur</strong></span> <span class='ocrx_word' id='word_1_173' title='bbox 2718 1290 2896 1344; x_wconf 90' lang='lat' dir='ltr'><strong>lumen</strong></span> <span class='ocrx_word' id='word_1_174' title='bbox 2958 1291 3098 1346; x_wconf 86' lang='lat' dir='ltr'><strong>Deus</strong></span> <span class='ocrx_word' id='word_1_175' title='bbox 3155 1300 3278 1356; x_wconf 88' lang='lat' dir='ltr'><strong>est,</strong></span> <span class='ocrx_word' id='word_1_176' title='bbox 3335 1300 3393 1345; x_wconf 90' lang='lat' dir='ltr'><strong>ut</strong></span> <span class='ocrx_word' id='word_1_177' title='bbox 3453 1292 3572 1346; x_wconf 81' lang='lat' dir='ltr'><strong>exi-</strong></span> 
     </span>
    </p>
   </div>
   <div class='ocr_carea' id='block_1_27' title="bbox 2007 1368 3573 1448">
    <p class='ocr_par' dir='ltr' id='par_1_27' title="bbox 2007 1368 3573 1448">
     <span class='ocr_line' id='line_1_27' title="bbox 2007 1368 3573 1448; baseline 0.01 -26"><span class='ocrx_word' id='word_1_178' title='bbox 2007 1370 2176 1424; x_wconf 88' lang='lat' dir='ltr'><strong>mium</strong></span> <span class='ocrx_word' id='word_1_179' title='bbox 2222 1382 2384 1443; x_wconf 88' lang='lat' dir='ltr'><strong>atque</strong></span> <span class='ocrx_word' id='word_1_180' title='bbox 2437 1378 2686 1431; x_wconf 90' lang='lat' dir='ltr'><strong>omnium</strong></span> <span class='ocrx_word' id='word_1_181' title='bbox 2750 1379 3018 1432; x_wconf 90' lang='lat' dir='ltr'><strong>luminum</strong></span> <span class='ocrx_word' id='word_1_182' title='bbox 3062 1380 3428 1448; x_wconf 68' lang='lat' dir='ltr'><strong>principium;</strong></span> <span class='ocrx_word' id='word_1_183' title='bbox 3472 1368 3573 1437; x_wconf 5' lang='lat' dir='ltr'><strong>lse-</strong></span> 
     </span>
    </p>
   </div>
   <div class='ocr_carea' id='block_1_28' title="bbox 2005 1457 3571 1535">
    <p class='ocr_par' dir='ltr' id='par_1_28' title="bbox 2005 1457 3571 1535">
     <span class='ocr_line' id='line_1_28' title="bbox 2005 1457 3571 1535; baseline 0.009 -27"><span class='ocrx_word' id='word_1_184' title='bbox 2005 1457 2241 1511; x_wconf 88' lang='lat' dir='ltr'><strong>cundmu</strong></span> <span class='ocrx_word' id='word_1_185' title='bbox 2293 1471 2496 1527; x_wconf 89' lang='lat' dir='ltr'><strong>autem,</strong></span> <span class='ocrx_word' id='word_1_186' title='bbox 2530 1464 2730 1533; x_wconf 83' lang='lat' dir='ltr'><strong>angeli,</strong></span> <span class='ocrx_word' id='word_1_187' title='bbox 2788 1474 2846 1517; x_wconf 88' lang='lat' dir='ltr'><strong>ut</strong></span> <span class='ocrx_word' id='word_1_188' title='bbox 2891 1466 2986 1534; x_wconf 89' lang='lat' dir='ltr'><strong>qui</strong></span> <span class='ocrx_word' id='word_1_189' title='bbox 3037 1476 3161 1534; x_wconf 86' lang='lat' dir='ltr'><strong>post</strong></span> <span class='ocrx_word' id='word_1_190' title='bbox 3219 1469 3383 1521; x_wconf 91' lang='lat' dir='ltr'><strong>Deum</strong></span> <span class='ocrx_word' id='word_1_191' title='bbox 3438 1470 3571 1535; x_wconf 89' lang='lat' dir='ltr'><strong>sint,</strong></span> 
     </span>
    </p>
   </div>
   <div class='ocr_carea' id='block_1_29' title="bbox 2007 1548 3575 1626">
    <p class='ocr_par' dir='ltr' id='par_1_29' title="bbox 2007 1548 3575 1626">
     <span class='ocr_line' id='line_1_29' title="bbox 2007 1548 3575 1626; baseline 0.009 -28"><span class='ocrx_word' id='word_1_192' title='bbox 2007 1548 2222 1602; x_wconf 79' lang='lat' dir='ltr'><strong>tametsi</strong></span> <span class='ocrx_word' id='word_1_193' title='bbox 2273 1548 2396 1605; x_wconf 89' lang='lat' dir='ltr'><strong>aliis</strong></span> <span class='ocrx_word' id='word_1_194' title='bbox 2446 1552 2692 1620; x_wconf 76' lang='lat' dir='ltr'><strong>priores,</strong></span> <span class='ocrx_word' id='word_1_195' title='bbox 2750 1554 2924 1622; x_wconf 86' lang='lat' dir='ltr'><strong>ptima</strong></span> <span class='ocrx_word' id='word_1_196' title='bbox 2972 1555 3149 1609; x_wconf 83' lang='lat' dir='ltr'><strong>lucida</strong></span> <span class='ocrx_word' id='word_1_197' title='bbox 3203 1567 3394 1611; x_wconf 85' lang='lat' dir='ltr'><strong>natura</strong></span> <span class='ocrx_word' id='word_1_198' title='bbox 3453 1569 3575 1626; x_wconf 88' lang='lat' dir='ltr'><strong>post</strong></span> 
     </span>
    </p>
   </div>
   <div class='ocr_carea' id='block_1_30' title="bbox 2004 1637 3570 1714">
    <p class='ocr_par' dir='ltr' id='par_1_30' title="bbox 2004 1637 3570 1714">
     <span class='ocr_line' id='line_1_30' title="bbox 2004 1637 3570 1714; baseline 0.009 -26"><span class='ocrx_word' id='word_1_199' title='bbox 2004 1637 2256 1704; x_wconf 89' lang='lat' dir='ltr'><strong>primam,</strong></span> <span class='ocrx_word' id='word_1_200' title='bbox 2313 1641 2550 1695; x_wconf 89' lang='lat' dir='ltr'><strong>secunda</strong></span> <span class='ocrx_word' id='word_1_201' title='bbox 2586 1642 2813 1707; x_wconf 88' lang='lat' dir='ltr'><strong>lumina,</strong></span> <span class='ocrx_word' id='word_1_202' title='bbox 2851 1645 3096 1712; x_wconf 89' lang='lat' dir='ltr'><strong>primarii</strong></span> <span class='ocrx_word' id='word_1_203' title='bbox 3147 1646 3372 1702; x_wconf 85' lang='lat' dir='ltr'><strong>luminis</strong></span> <span class='ocrx_word' id='word_1_204' title='bbox 3414 1649 3570 1714; x_wconf 88' lang='lat' dir='ltr'><strong>radii,</strong></span> 
     </span>
    </p>
   </div>
   <div class='ocr_carea' id='block_1_31' title="bbox 2003 1729 3585 1815">
    <p class='ocr_par' dir='ltr' id='par_1_31' title="bbox 2003 1729 3585 1815">
     <span class='ocr_line' id='line_1_31' title="bbox 2003 1729 3585 1815; baseline 0.01 -33"><span class='ocrx_word' id='word_1_205' title='bbox 2003 1729 2247 1798; x_wconf 62' lang='lat' dir='ltr'><strong>aliosque.</strong></span> <span class='ocrx_word' id='word_1_206' title='bbox 2289 1732 2449 1800; x_wconf 82' lang='lat' dir='ltr'><strong>primi</strong></span> <span class='ocrx_word' id='word_1_207' title='bbox 2482 1735 2704 1788; x_wconf 86' lang='lat' dir='ltr'><strong>luminis</strong></span> <span class='ocrx_word' id='word_1_208' title='bbox 2736 1736 3148 1803; x_wconf 78' lang='lat' dir='ltr'><strong>iufluxionihus,</strong></span> <span class='ocrx_word' id='word_1_209' title='bbox 3181 1755 3243 1793; x_wconf 91' lang='lat' dir='ltr'><strong>ac</strong></span> <span class='ocrx_word' id='word_1_210' title='bbox 3271 1741 3419 1795; x_wconf 89' lang='lat' dir='ltr'><strong>velut</strong></span> <span class='ocrx_word' id='word_1_211' title='bbox 3449 1758 3585 1815; x_wconf 13' lang='lat' dir='ltr'><strong>sca-1</strong></span> 
     </span>
    </p>
   </div>
   <div class='ocr_carea' id='block_1_32' title="bbox 338 1804 3574 1901">
    <p class='ocr_par' dir='ltr' id='par_1_32' title="bbox 338 1804 3574 1901">
     <span class='ocr_line' id='line_1_32' title="bbox 338 1804 3574 1901; baseline 0.009 -41"><span class='ocrx_word' id='word_1_212' title='bbox 338 1804 591 1862; x_wconf 84' lang='lat' dir='ltr'><strong>inanimis</strong></span> <span class='ocrx_word' id='word_1_213' title='bbox 651 1810 912 1866; x_wconf 82' lang='lat' dir='ltr'><strong>tribuere.</strong></span> <span class='ocrx_word' id='word_1_214' title='bbox 987 1814 1096 1869; x_wconf 84' lang='lat' dir='ltr'><strong>Aut</strong></span> <span class='ocrx_word' id='word_1_215' title='bbox 1118 1854 1133 1878; x_wconf 88' lang='lat'><strong>,</strong></span> <span class='ocrx_word' id='word_1_216' title='bbox 1204 1816 1247 1870; x_wconf 90' lang='lat' dir='ltr'><strong>si</strong></span> <span class='ocrx_word' id='word_1_217' title='bbox 1310 1820 1482 1874; x_wconf 82' lang='lat' dir='ltr'><strong>mavis</strong></span> <span class='ocrx_word' id='word_1_218' title='bbox 1504 1860 1517 1880; x_wconf 90' lang='lat'><strong>,</strong></span> <span class='ocrx_word' id='word_1_219' title='bbox 1577 1838 1671 1890; x_wconf 91' lang='lat' dir='ltr'><strong>per</strong></span> <span class='ocrx_word' id='word_1_220' title='bbox 1736 1826 1903 1882; x_wconf 78' lang='lat' dir='ltr'><strong>rmlos</strong></span> <span class='ocrx_word' id='word_1_221' title='bbox 1936 1804 1977 1859; x_wconf 73' lang='grc' dir='ltr'><strong>Β</strong></span> <span class='ocrx_word' id='word_1_222' title='bbox 2009 1823 2241 1890; x_wconf 90' lang='lat' dir='ltr'><strong>turiginc</strong></span> <span class='ocrx_word' id='word_1_223' title='bbox 2270 1820 2669 1881; x_wconf 87' lang='lat' dir='ltr'><strong>collustranles.</strong></span> <span class='ocrx_word' id='word_1_224' title='bbox 2698 1826 2934 1898; x_wconf 78' lang='lat' dir='ltr'><strong>Angelos</strong></span> <span class='ocrx_word' id='word_1_225' title='bbox 2967 1845 3130 1900; x_wconf 87' lang='lat' dir='ltr'><strong>porro</strong></span> <span class='ocrx_word' id='word_1_226' title='bbox 3156 1831 3315 1901; x_wconf 86' lang='lat' dir='ltr'><strong>primi</strong></span> <span class='ocrx_word' id='word_1_227' title='bbox 3350 1835 3574 1889; x_wconf 88' lang='lat' dir='ltr'><strong>luminis</strong></span> 
     </span>
    </p>
   </div>
   <div class='ocr_carea' id='block_1_33' title="bbox 339 1899 1901 1984">
    <p class='ocr_par' dir='ltr' id='par_1_33' title="bbox 339 1899 1901 1984">
     <span class='ocr_line' id='line_1_33' title="bbox 339 1899 1901 1984; baseline 0.012 -35"><span class='ocrx_word' id='word_1_228' title='bbox 339 1899 733 1966; x_wconf 70' lang='lat' dir='ltr'><strong>synecdochiee</strong></span> <span class='ocrx_word' id='word_1_229' title='bbox 779 1903 1028 1957; x_wconf 71' lang='lat' dir='ltr'><strong>cmlestcs</strong></span> <span class='ocrx_word' id='word_1_230' title='bbox 1078 1907 1303 1975; x_wconf 90' lang='lat' dir='ltr'><strong>angelos</strong></span> <span class='ocrx_word' id='word_1_231' title='bbox 1349 1908 1604 1980; x_wconf 84' lang='lat' dir='ltr'><strong>intelligo,</strong></span> <span class='ocrx_word' id='word_1_232' title='bbox 1641 1912 1734 1982; x_wconf 89' lang='lat' dir='ltr'><strong>qui</strong></span> <span class='ocrx_word' id='word_1_233' title='bbox 1777 1931 1901 1984; x_wconf 87' lang='lat' dir='ltr'><strong>pro-</strong></span> 
     </span>
    </p>
   </div>
   <div class='ocr_carea' id='block_1_34' title="bbox 335 1989 1898 2074">
    <p class='ocr_par' dir='ltr' id='par_1_34' title="bbox 335 1989 1898 2074">
     <span class='ocr_line' id='line_1_34' title="bbox 335 1989 1898 2074; baseline 0.013 -36"><span class='ocrx_word' id='word_1_234' title='bbox 335 1999 454 2054; x_wconf 79' lang='lat' dir='ltr'><strong>pter</strong></span> <span class='ocrx_word' id='word_1_235' title='bbox 502 1989 785 2045; x_wconf 87' lang='lat' dir='ltr'><strong>hominum</strong></span> <span class='ocrx_word' id='word_1_236' title='bbox 840 1993 1070 2048; x_wconf 90' lang='lat' dir='ltr'><strong>salutem</strong></span> <span class='ocrx_word' id='word_1_237' title='bbox 1114 2011 1210 2065; x_wconf 91' lang='lat' dir='ltr'><strong>per</strong></span> <span class='ocrx_word' id='word_1_238' title='bbox 1236 1997 1566 2067; x_wconf 82' lang='lat' dir='ltr'><strong>baptismum</strong></span> <span class='ocrx_word' id='word_1_239' title='bbox 1620 2014 1898 2074; x_wconf 82' lang='lat' dir='ltr'><strong>acceptam</strong></span> 
     </span>
    </p>
   </div>
   <div class='ocr_carea' id='block_1_35' title="bbox 334 2078 1900 2155">
    <p class='ocr_par' dir='ltr' id='par_1_35' title="bbox 334 2078 1900 2155">
     <span class='ocr_line' id='line_1_35' title="bbox 334 2078 1900 2155; baseline 0.012 -24"><span class='ocrx_word' id='word_1_240' title='bbox 334 2078 532 2145; x_wconf 72' lang='lat' dir='ltr'><strong>gaudio</strong></span> <span class='ocrx_word' id='word_1_241' title='bbox 589 2083 889 2135; x_wconf 86' lang='lat' dir='ltr'><strong>ell&#39;eruntur</strong></span> <span class='ocrx_word' id='word_1_242' title='bbox 938 2083 1246 2155; x_wconf 83' lang='lat' dir='ltr'><strong>(Gaudium</strong></span> <span class='ocrx_word' id='word_1_243' title='bbox 1315 2091 1460 2143; x_wconf 88' lang='lat' dir='ltr'><strong>enim</strong></span> <span class='ocrx_word' id='word_1_244' title='bbox 1514 2101 1592 2145; x_wconf 78' lang='lat' dir='ltr'><strong>est</strong></span> <span class='ocrx_word' id='word_1_245' title='bbox 1665 2094 1722 2147; x_wconf 81' lang='lat' dir='ltr'><strong>in</strong></span> <span class='ocrx_word' id='word_1_246' title='bbox 1774 2097 1900 2151; x_wconf 76' lang='lat' dir='ltr'><strong>caelo</strong></span> 
     </span>
    </p>
   </div>
   <div class='ocr_carea' id='block_1_36' title="bbox 331 2161 1902 2254">
    <p class='ocr_par' dir='ltr' id='par_1_36' title="bbox 331 2161 1902 2254">
     <span class='ocr_line' id='line_1_36' title="bbox 331 2161 1902 2254; baseline 0.012 -34"><span class='ocrx_word' id='word_1_247' title='bbox 331 2185 489 2237; x_wconf 79' lang='lat' dir='ltr'><strong>super</strong></span> <span class='ocrx_word' id='word_1_248' title='bbox 521 2187 623 2224; x_wconf 86' lang='lat' dir='ltr'><strong>uno</strong></span> <span class='ocrx_word' id='word_1_249' title='bbox 656 2183 924 2241; x_wconf 75' lang='lat' dir='ltr'><strong>peccatore</strong></span> <span class='ocrx_word' id='word_1_250' title='bbox 945 2178 1306 2244; x_wconf 73' lang='lat' dir='ltr'><strong>paenitentiam</strong></span> <span class='ocrx_word' id='word_1_251' title='bbox 1342 2161 1526 2250; x_wconf 63' lang='lat' dir='ltr'><strong>rigente</strong></span> <span class='ocrx_word' id='word_1_252' title='bbox 1553 2182 1670 2254; x_wconf 72' lang='lat'><strong>’°‘),</strong></span> <span class='ocrx_word' id='word_1_253' title='bbox 1709 2200 1773 2240; x_wconf 86' lang='lat' dir='ltr'><strong>ac</strong></span> <span class='ocrx_word' id='word_1_254' title='bbox 1805 2187 1902 2241; x_wconf 83' lang='lat' dir='ltr'><strong>bn-</strong></span> 
     </span>
    </p>
   </div>
   <div class='ocr_carea' id='block_1_37' title="bbox 331 2261 1899 2341">
    <p class='ocr_par' dir='ltr' id='par_1_37' title="bbox 331 2261 1899 2341">
     <span class='ocr_line' id='line_1_37' title="bbox 331 2261 1899 2341; baseline 0.013 -28"><span class='ocrx_word' id='word_1_255' title='bbox 331 2261 518 2328; x_wconf 87' lang='lat' dir='ltr'><strong>ptismi</strong></span> <span class='ocrx_word' id='word_1_256' title='bbox 555 2262 1007 2321; x_wconf 83' lang='lat' dir='ltr'><strong>illuminationem</strong></span> <span class='ocrx_word' id='word_1_257' title='bbox 1045 2278 1263 2338; x_wconf 86' lang='lat' dir='ltr'><strong>propter</strong></span> <span class='ocrx_word' id='word_1_258' title='bbox 1314 2272 1624 2341; x_wconf 88' lang='lat' dir='ltr'><strong>splendoris</strong></span> <span class='ocrx_word' id='word_1_259' title='bbox 1670 2275 1899 2333; x_wconf 86' lang='lat' dir='ltr'><strong>affinita-</strong></span> 
     </span>
    </p>
   </div>
   <div class='ocr_carea' id='block_1_38' title="bbox 335 2350 1897 2433">
    <p class='ocr_par' dir='ltr' id='par_1_38' title="bbox 335 2350 1897 2433">
     <span class='ocr_line' id='line_1_38' title="bbox 335 2350 1897 2433; baseline 0.013 -32"><span class='ocrx_word' id='word_1_260' title='bbox 335 2354 442 2401; x_wconf 85' lang='lat' dir='ltr'><strong>tem</strong></span> <span class='ocrx_word' id='word_1_261' title='bbox 493 2350 789 2407; x_wconf 84' lang='lat' dir='ltr'><strong>celebrant.</strong></span> <span class='ocrx_word' id='word_1_262' title='bbox 832 2353 1044 2410; x_wconf 84' lang='lat' dir='ltr'><strong>Etenim</strong></span> <span class='ocrx_word' id='word_1_263' title='bbox 1092 2358 1181 2413; x_wconf 89' lang='lat' dir='ltr'><strong>hic</strong></span> <span class='ocrx_word' id='word_1_264' title='bbox 1212 2375 1433 2430; x_wconf 90' lang='lat' dir='ltr'><strong>quoque</strong></span> <span class='ocrx_word' id='word_1_265' title='bbox 1471 2367 1765 2433; x_wconf 67' lang='lat' dir='ltr'><strong>praeclarus</strong></span> <span class='ocrx_word' id='word_1_266' title='bbox 1813 2378 1897 2424; x_wconf 91' lang='lat' dir='ltr'><strong>est</strong></span> 
     </span>
    </p>
   </div>
   <div class='ocr_carea' id='block_1_39' title="bbox 330 2441 1900 2530">
    <p class='ocr_par' dir='ltr' id='par_1_39' title="bbox 330 2441 1900 2530">
     <span class='ocr_line' id='line_1_39' title="bbox 330 2441 1900 2530; baseline 0.014 -36"><span class='ocrx_word' id='word_1_267' title='bbox 330 2454 397 2495; x_wconf 85' lang='lat' dir='ltr'><strong>ac</strong></span> <span class='ocrx_word' id='word_1_268' title='bbox 437 2441 676 2508; x_wconf 83' lang='lat' dir='ltr'><strong>divinus,</strong></span> <span class='ocrx_word' id='word_1_269' title='bbox 715 2454 763 2499; x_wconf 91' lang='lat' dir='ltr'><strong>et</strong></span> <span class='ocrx_word' id='word_1_270' title='bbox 805 2447 1042 2503; x_wconf 75' lang='lat' dir='ltr'><strong>ccclesiis</strong></span> <span class='ocrx_word' id='word_1_271' title='bbox 1091 2448 1444 2508; x_wconf 82' lang='lat' dir='ltr'><strong>beatitudinis</strong></span> <span class='ocrx_word' id='word_1_272' title='bbox 1474 2457 1675 2527; x_wconf 82' lang='lat' dir='ltr'><strong>imago,</strong></span> <span class='ocrx_word' id='word_1_273' title='bbox 1713 2461 1900 2530; x_wconf 87' lang='lat' dir='ltr'><strong>splen-</strong></span> 
     </span>
    </p>
   </div>
   <div class='ocr_carea' id='block_1_40' title="bbox 327 2531 1894 2616">
    <p class='ocr_par' dir='ltr' id='par_1_40' title="bbox 327 2531 1894 2616">
     <span class='ocr_line' id='line_1_40' title="bbox 327 2531 1894 2616; baseline 0.015 -32"><span class='ocrx_word' id='word_1_274' title='bbox 327 2531 588 2601; x_wconf 87' lang='lat' dir='ltr'><strong>dorisque</strong></span> <span class='ocrx_word' id='word_1_275' title='bbox 624 2533 900 2601; x_wconf 78' lang='lat' dir='ltr'><strong>justorum</strong></span> <span class='ocrx_word' id='word_1_276' title='bbox 952 2546 1006 2593; x_wconf 90' lang='lat' dir='ltr'><strong>et</strong></span> <span class='ocrx_word' id='word_1_277' title='bbox 1035 2540 1156 2595; x_wconf 68' lang='lat' dir='ltr'><strong>vita:</strong></span> <span class='ocrx_word' id='word_1_278' title='bbox 1211 2543 1464 2600; x_wconf 72' lang='lat' dir='ltr'><strong>rediviva:</strong></span> <span class='ocrx_word' id='word_1_279' title='bbox 1511 2545 1705 2616; x_wconf 87' lang='lat' dir='ltr'><strong>figura.</strong></span> <span class='ocrx_word' id='word_1_280' title='bbox 1759 2551 1894 2608; x_wconf 84' lang='lat' dir='ltr'><strong>Nam</strong></span> 
     </span>
    </p>
   </div>
   <div class='ocr_carea' id='block_1_41' title="bbox 327 2625 1892 2712">
    <p class='ocr_par' dir='ltr' id='par_1_41' title="bbox 327 2625 1892 2712">
     <span class='ocr_line' id='line_1_41' title="bbox 327 2625 1892 2712; baseline 0.015 -38"><span class='ocrx_word' id='word_1_281' title='bbox 327 2637 644 2691; x_wconf 62' lang='lat' dir='ltr'><strong>qumazvum</strong></span> <span class='ocrx_word' id='word_1_282' title='bbox 681 2625 811 2680; x_wconf 89' lang='lat' dir='ltr'><strong>illud</strong></span> <span class='ocrx_word' id='word_1_283' title='bbox 861 2629 1163 2686; x_wconf 86' lang='lat' dir='ltr'><strong>secundum</strong></span> <span class='ocrx_word' id='word_1_284' title='bbox 1197 2644 1445 2690; x_wconf 86' lang='lat' dir='ltr'><strong>naturam</strong></span> <span class='ocrx_word' id='word_1_285' title='bbox 1499 2640 1679 2704; x_wconf 85' lang='lat' dir='ltr'><strong>habet,</strong></span> <span class='ocrx_word' id='word_1_286' title='bbox 1719 2658 1779 2697; x_wconf 88' lang='lat' dir='ltr'><strong>ea</strong></span> <span class='ocrx_word' id='word_1_287' title='bbox 1819 2644 1892 2712; x_wconf 92' lang='lat' dir='ltr'><strong>hi,</strong></span> 
     </span>
    </p>
   </div>
   <div class='ocr_carea' id='block_1_42' title="bbox 331 2716 1893 2804">
    <p class='ocr_par' dir='ltr' id='par_1_42' title="bbox 331 2716 1893 2804">
     <span class='ocr_line' id='line_1_42' title="bbox 331 2716 1893 2804; baseline 0.015 -36"><span class='ocrx_word' id='word_1_288' title='bbox 331 2716 423 2784; x_wconf 91' lang='lat' dir='ltr'><strong>qui</strong></span> <span class='ocrx_word' id='word_1_289' title='bbox 472 2716 755 2773; x_wconf 84' lang='lat' dir='ltr'><strong>salutifera</strong></span> <span class='ocrx_word' id='word_1_290' title='bbox 804 2735 945 2791; x_wconf 89' lang='lat' dir='ltr'><strong>aqua</strong></span> <span class='ocrx_word' id='word_1_291' title='bbox 1000 2723 1425 2796; x_wconf 85' lang='lat' dir='ltr'><strong>perfunduntur,</strong></span> <span class='ocrx_word' id='word_1_292' title='bbox 1489 2731 1893 2804; x_wconf 85' lang='lat' dir='ltr'><strong>anticipantes,</strong></span> 
     </span>
    </p>
   </div>
   <div class='ocr_carea' id='block_1_43' title="bbox 330 2806 1327 2886">
    <p class='ocr_par' dir='ltr' id='par_1_43' title="bbox 330 2806 1327 2886">
     <span class='ocr_line' id='line_1_43' title="bbox 330 2806 1327 2886; baseline 0.019 -29"><span class='ocrx_word' id='word_1_293' title='bbox 330 2806 513 2862; x_wconf 91' lang='lat' dir='ltr'><strong>animo</strong></span> <span class='ocrx_word' id='word_1_294' title='bbox 539 2819 593 2863; x_wconf 91' lang='lat' dir='ltr'><strong>et</strong></span> <span class='ocrx_word' id='word_1_295' title='bbox 627 2813 905 2869; x_wconf 85' lang='lat' dir='ltr'><strong>voluntate</strong></span> <span class='ocrx_word' id='word_1_296' title='bbox 934 2828 1327 2886; x_wconf 87' lang='lat' dir='ltr'><strong>assequuntur.</strong></span> 
     </span>
    </p>
   </div>
   <div class='ocr_carea' id='block_1_44' title="bbox 308 2898 1894 2976">
    <p class='ocr_par' dir='ltr' id='par_1_44' title="bbox 308 2898 1894 2976">
     <span class='ocr_line' id='line_1_44' title="bbox 308 2898 1894 2976; baseline 0.012 -22"><span class='ocrx_word' id='word_1_297' title='bbox 308 2947 318 2954; x_wconf 96' lang='lat'><strong>.</strong></span> <span class='ocrx_word' id='word_1_298' title='bbox 396 2898 513 2953; x_wconf 86' lang='lat' dir='ltr'><strong>Col.</strong></span> <span class='ocrx_word' id='word_1_299' title='bbox 551 2902 656 2957; x_wconf 72' lang='grc' dir='ltr'><strong>5ϋὸ</strong></span> <span class='ocrx_word' id='word_1_300' title='bbox 713 2902 775 2958; x_wconf 85' lang='grc' dir='ltr'><strong>Β.</strong></span> <span class='ocrx_word' id='word_1_301' title='bbox 815 2906 891 2958; x_wconf 82' lang='lat' dir='ltr'><strong>Ac</strong></span> <span class='ocrx_word' id='word_1_302' title='bbox 912 2908 1122 2976; x_wconf 83' lang='lat' dir='ltr'><strong>quidem</strong></span> <span class='ocrx_word' id='word_1_303' title='bbox 1169 2911 1310 2966; x_wconf 72' lang='lat' dir='ltr'><strong>Deus</strong></span> <span class='ocrx_word' id='word_1_304' title='bbox 1351 2929 1616 2970; x_wconf 75' lang='lat' dir='ltr'><strong>summum</strong></span> <span class='ocrx_word' id='word_1_305' title='bbox 1657 2927 1707 2970; x_wconf 81' lang='lat' dir='ltr'><strong>et</strong></span> <span class='ocrx_word' id='word_1_306' title='bbox 1746 2919 1894 2974; x_wconf 78' lang='lat' dir='ltr'><strong>inac-</strong></span> 
     </span>
    </p>
   </div>
   <div class='ocr_carea' id='block_1_45' title="bbox 328 2989 1890 3073">
    <p class='ocr_par' dir='ltr' id='par_1_45' title="bbox 328 2989 1890 3073">
     <span class='ocr_line' id='line_1_45' title="bbox 328 2989 1890 3073; baseline 0.015 -32"><span class='ocrx_word' id='word_1_307' title='bbox 328 2989 564 3045; x_wconf 74' lang='lat' dir='ltr'><strong>cessibite</strong></span> <span class='ocrx_word' id='word_1_308' title='bbox 593 2992 767 3047; x_wconf 85' lang='lat' dir='ltr'><strong>lumen</strong></span> <span class='ocrx_word' id='word_1_309' title='bbox 799 3006 898 3060; x_wconf 73' lang='lat' dir='ltr'><strong>est,</strong></span> <span class='ocrx_word' id='word_1_310' title='bbox 932 3007 1037 3053; x_wconf 87' lang='lat' dir='ltr'><strong>etc.</strong></span> <span class='ocrx_word' id='word_1_311' title='bbox 1083 2999 1223 3055; x_wconf 86' lang='lat' dir='ltr'><strong>Deus</strong></span> <span class='ocrx_word' id='word_1_312' title='bbox 1257 3003 1436 3059; x_wconf 88' lang='lat' dir='ltr'><strong>lumen</strong></span> <span class='ocrx_word' id='word_1_313' title='bbox 1481 3017 1586 3073; x_wconf 88' lang='lat' dir='ltr'><strong>est,</strong></span> <span class='ocrx_word' id='word_1_314' title='bbox 1616 3025 1890 3065; x_wconf 90' lang='lat' dir='ltr'><strong>summum</strong></span> 
     </span>
    </p>
   </div>
   <div class='ocr_carea' id='block_1_46' title="bbox 325 3082 1962 3190">
    <p class='ocr_par' dir='ltr' id='par_1_46' title="bbox 325 3082 1962 3190">
     <span class='ocr_line' id='line_1_46' title="bbox 325 3082 1962 3190; baseline 0.015 -56"><span class='ocrx_word' id='word_1_315' title='bbox 325 3082 570 3151; x_wconf 83' lang='lat' dir='ltr'><strong>quidem,</strong></span> <span class='ocrx_word' id='word_1_316' title='bbox 629 3094 688 3139; x_wconf 92' lang='lat' dir='ltr'><strong>ut</strong></span> <span class='ocrx_word' id='word_1_317' title='bbox 740 3089 991 3158; x_wconf 89' lang='lat' dir='ltr'><strong>principii</strong></span> <span class='ocrx_word' id='word_1_318' title='bbox 1033 3106 1225 3161; x_wconf 87' lang='lat' dir='ltr'><strong>expers</strong></span> <span class='ocrx_word' id='word_1_319' title='bbox 1273 3104 1328 3150; x_wconf 92' lang='lat' dir='ltr'><strong>et</strong></span> <span class='ocrx_word' id='word_1_320' title='bbox 1382 3098 1643 3167; x_wconf 91' lang='lat' dir='ltr'><strong>primum,</strong></span> <span class='ocrx_word' id='word_1_321' title='bbox 1697 3103 1780 3155; x_wconf 88' lang='lat' dir='ltr'><strong>vel</strong></span> <span class='ocrx_word' id='word_1_322' title='bbox 1836 3112 1962 3190; x_wconf 77' lang='lat' dir='ltr'><strong>utc</strong></span> 
     </span>
    </p>
   </div>
   <div class='ocr_carea' id='block_1_47' title="bbox 325 3176 1892 3259">
    <p class='ocr_par' dir='ltr' id='par_1_47' title="bbox 325 3176 1892 3259">
     <span class='ocr_line' id='line_1_47' title="bbox 325 3176 1892 3259; baseline 0.017 -35"><span class='ocrx_word' id='word_1_323' title='bbox 325 3176 662 3242; x_wconf 79' lang='lat' dir='ltr'><strong>pra-cellens,</strong></span> <span class='ocrx_word' id='word_1_324' title='bbox 710 3180 1075 3250; x_wconf 88' lang='lat' dir='ltr'><strong>omnibusque</strong></span> <span class='ocrx_word' id='word_1_325' title='bbox 1115 3185 1281 3241; x_wconf 82' lang='lat' dir='ltr'><strong>rebus</strong></span> <span class='ocrx_word' id='word_1_326' title='bbox 1311 3189 1602 3259; x_wconf 86' lang='lat' dir='ltr'><strong>superius;</strong></span> <span class='ocrx_word' id='word_1_327' title='bbox 1653 3192 1892 3249; x_wconf 78' lang='lat' dir='ltr'><strong>inacces—</strong></span> 
     </span>
    </p>
   </div>
   <div class='ocr_carea' id='block_1_48' title="bbox 328 3266 1888 3346">
    <p class='ocr_par' dir='ltr' id='par_1_48' title="bbox 328 3266 1888 3346">
     <span class='ocr_line' id='line_1_48' title="bbox 328 3266 1888 3346; baseline 0.014 -27"><span class='ocrx_word' id='word_1_328' title='bbox 328 3266 485 3320; x_wconf 86' lang='lat' dir='ltr'><strong>sibile</strong></span> <span class='ocrx_word' id='word_1_329' title='bbox 508 3278 709 3333; x_wconf 88' lang='lat' dir='ltr'><strong>autem,</strong></span> <span class='ocrx_word' id='word_1_330' title='bbox 746 3272 869 3339; x_wconf 87' lang='lat' dir='ltr'><strong>quia</strong></span> <span class='ocrx_word' id='word_1_331' title='bbox 895 3286 1113 3342; x_wconf 88' lang='lat' dir='ltr'><strong>propter</strong></span> <span class='ocrx_word' id='word_1_332' title='bbox 1141 3278 1447 3346; x_wconf 87' lang='lat' dir='ltr'><strong>splendoris</strong></span> <span class='ocrx_word' id='word_1_333' title='bbox 1481 3283 1888 3340; x_wconf 77' lang='lat' dir='ltr'><strong>exuberantiam</strong></span> 
     </span>
    </p>
   </div>
   <div class='ocr_carea' id='block_1_49' title="bbox 326 3360 1888 3447">
    <p class='ocr_par' dir='ltr' id='par_1_49' title="bbox 326 3360 1888 3447">
     <span class='ocr_line' id='line_1_49' title="bbox 326 3360 1888 3447; baseline 0.013 -36"><span class='ocrx_word' id='word_1_334' title='bbox 326 3373 357 3411; x_wconf 91' lang='lat' dir='ltr'><strong>a</strong></span> <span class='ocrx_word' id='word_1_335' title='bbox 399 3360 615 3415; x_wconf 85' lang='lat' dir='ltr'><strong>nemine</strong></span> <span class='ocrx_word' id='word_1_336' title='bbox 657 3362 888 3431; x_wconf 85' lang='lat' dir='ltr'><strong>perferri</strong></span> <span class='ocrx_word' id='word_1_337' title='bbox 943 3375 1139 3434; x_wconf 87' lang='lat' dir='ltr'><strong>potest.</strong></span> <span class='ocrx_word' id='word_1_338' title='bbox 1195 3368 1378 3440; x_wconf 85' lang='lat' dir='ltr'><strong>Neque</strong></span> <span class='ocrx_word' id='word_1_339' title='bbox 1421 3373 1566 3428; x_wconf 89' lang='lat' dir='ltr'><strong>enim</strong></span> <span class='ocrx_word' id='word_1_340' title='bbox 1600 3376 1888 3447; x_wconf 83' lang='lat' dir='ltr'><strong>quisquam</strong></span> 
     </span>
    </p>
   </div>
   <div class='ocr_carea' id='block_1_50' title="bbox 329 3451 1892 3536">
    <p class='ocr_par' dir='ltr' id='par_1_50' title="bbox 329 3451 1892 3536">
     <span class='ocr_line' id='line_1_50' title="bbox 329 3451 1892 3536; baseline 0.016 -36"><span class='ocrx_word' id='word_1_341' title='bbox 329 3461 432 3513; x_wconf 84' lang='lat' dir='ltr'><strong>cst,</strong></span> <span class='ocrx_word' id='word_1_342' title='bbox 465 3452 557 3520; x_wconf 89' lang='lat' dir='ltr'><strong>qui</strong></span> <span class='ocrx_word' id='word_1_343' title='bbox 604 3451 780 3523; x_wconf 88' lang='lat' dir='ltr'><strong>ipsum</strong></span> <span class='ocrx_word' id='word_1_344' title='bbox 827 3455 1047 3512; x_wconf 88' lang='lat' dir='ltr'><strong>intentis</strong></span> <span class='ocrx_word' id='word_1_345' title='bbox 1096 3460 1270 3516; x_wconf 85' lang='lat' dir='ltr'><strong>oculis</strong></span> <span class='ocrx_word' id='word_1_346' title='bbox 1300 3477 1524 3520; x_wconf 89' lang='lat' dir='ltr'><strong>cernere</strong></span> <span class='ocrx_word' id='word_1_347' title='bbox 1562 3477 1744 3536; x_wconf 88' lang='lat' dir='ltr'><strong>queat.</strong></span> <span class='ocrx_word' id='word_1_348' title='bbox 1774 3470 1892 3525; x_wconf 83' lang='lat' dir='ltr'><strong>Hoc</strong></span> 
     </span>
    </p>
   </div>
   <div class='ocr_carea' id='block_1_51' title="bbox 327 3540 1888 3623">
    <p class='ocr_par' dir='ltr' id='par_1_51' title="bbox 327 3540 1888 3623">
     <span class='ocr_line' id='line_1_51' title="bbox 327 3540 1888 3623; baseline 0.014 -30"><span class='ocrx_word' id='word_1_349' title='bbox 327 3540 508 3596; x_wconf 89' lang='lat' dir='ltr'><strong>lumen</strong></span> <span class='ocrx_word' id='word_1_350' title='bbox 542 3546 686 3597; x_wconf 88' lang='lat' dir='ltr'><strong>nulla</strong></span> <span class='ocrx_word' id='word_1_351' title='bbox 719 3547 967 3602; x_wconf 91' lang='lat' dir='ltr'><strong>oratione</strong></span> <span class='ocrx_word' id='word_1_352' title='bbox 995 3552 1224 3619; x_wconf 80' lang='lat' dir='ltr'><strong>exprimi</strong></span> <span class='ocrx_word' id='word_1_353' title='bbox 1255 3563 1455 3623; x_wconf 89' lang='lat' dir='ltr'><strong>potest,</strong></span> <span class='ocrx_word' id='word_1_354' title='bbox 1502 3558 1675 3613; x_wconf 89' lang='lat' dir='ltr'><strong>multo</strong></span> <span class='ocrx_word' id='word_1_355' title='bbox 1706 3569 1888 3615; x_wconf 90' lang='lat' dir='ltr'><strong>autem</strong></span> 
     </span>
    </p>
   </div>
   <div class='ocr_carea' id='block_1_52' title="bbox 326 3633 1891 3712">
    <p class='ocr_par' dir='ltr' id='par_1_52' title="bbox 326 3633 1891 3712">
     <span class='ocr_line' id='line_1_52' title="bbox 326 3633 1891 3712; baseline 0.015 -29"><span class='ocrx_word' id='word_1_356' title='bbox 326 3633 508 3687; x_wconf 89' lang='lat' dir='ltr'><strong>minus</strong></span> <span class='ocrx_word' id='word_1_357' title='bbox 536 3635 722 3690; x_wconf 88' lang='lat' dir='ltr'><strong>animo</strong></span> <span class='ocrx_word' id='word_1_358' title='bbox 768 3637 1016 3710; x_wconf 83' lang='lat' dir='ltr'><strong>intelligi.</strong></span> <span class='ocrx_word' id='word_1_359' title='bbox 1050 3640 1237 3712; x_wconf 79' lang='lat' dir='ltr'><strong>Neque</strong></span> <span class='ocrx_word' id='word_1_360' title='bbox 1266 3644 1411 3699; x_wconf 88' lang='lat' dir='ltr'><strong>enim</strong></span> <span class='ocrx_word' id='word_1_361' title='bbox 1442 3647 1678 3703; x_wconf 87' lang='lat' dir='ltr'><strong>humana</strong></span> <span class='ocrx_word' id='word_1_362' title='bbox 1712 3663 1891 3706; x_wconf 84' lang='lat' dir='ltr'><strong>mente</strong></span> 
     </span>
    </p>
   </div>
   <div class='ocr_carea' id='block_1_53' title="bbox 325 3721 1890 3811">
    <p class='ocr_par' dir='ltr' id='par_1_53' title="bbox 325 3721 1890 3811">
     <span class='ocr_line' id='line_1_53' title="bbox 325 3721 1890 3811; baseline 0.013 -35"><span class='ocrx_word' id='word_1_363' title='bbox 325 3721 470 3778; x_wconf 89' lang='lat' dir='ltr'><strong>Deus</strong></span> <span class='ocrx_word' id='word_1_364' title='bbox 500 3728 700 3798; x_wconf 89' lang='lat' dir='ltr'><strong>percipi</strong></span> <span class='ocrx_word' id='word_1_365' title='bbox 752 3738 949 3798; x_wconf 87' lang='lat' dir='ltr'><strong>potest,</strong></span> <span class='ocrx_word' id='word_1_366' title='bbox 992 3747 1096 3788; x_wconf 87' lang='lat' dir='ltr'><strong>nec</strong></span> <span class='ocrx_word' id='word_1_367' title='bbox 1150 3734 1272 3804; x_wconf 78' lang='lat' dir='ltr'><strong>ejus</strong></span> <span class='ocrx_word' id='word_1_368' title='bbox 1329 3738 1644 3805; x_wconf 82' lang='lat' dir='ltr'><strong>magnitudo</strong></span> <span class='ocrx_word' id='word_1_369' title='bbox 1681 3744 1890 3811; x_wconf 86' lang='lat' dir='ltr'><strong>cogita-</strong></span> 
     </span>
    </p>
   </div>
   <div class='ocr_carea' id='block_1_54' title="bbox 326 3816 1889 3893">
    <p class='ocr_par' dir='ltr' id='par_1_54' title="bbox 326 3816 1889 3893">
     <span class='ocr_line' id='line_1_54' title="bbox 326 3816 1889 3893; baseline 0.013 -25"><span class='ocrx_word' id='word_1_370' title='bbox 326 3816 473 3872; x_wconf 88' lang='lat' dir='ltr'><strong>tione</strong></span> <span class='ocrx_word' id='word_1_371' title='bbox 519 3823 922 3891; x_wconf 81' lang='lat' dir='ltr'><strong>comprehendi.</strong></span> <span class='ocrx_word' id='word_1_372' title='bbox 964 3825 1106 3890; x_wconf 82' lang='lat' dir='ltr'><strong>Quin</strong></span> <span class='ocrx_word' id='word_1_373' title='bbox 1167 3826 1330 3882; x_wconf 81' lang='lat' dir='ltr'><strong>etiam</strong></span> <span class='ocrx_word' id='word_1_374' title='bbox 1392 3829 1525 3893; x_wconf 90' lang='lat' dir='ltr'><strong>ille,</strong></span> <span class='ocrx_word' id='word_1_375' title='bbox 1582 3831 1630 3887; x_wconf 91' lang='lat' dir='ltr'><strong>si</strong></span> <span class='ocrx_word' id='word_1_376' title='bbox 1679 3832 1889 3889; x_wconf 85' lang='lat' dir='ltr'><strong>Platoni</strong></span> 
     </span>
    </p>
   </div>
   <div class='ocr_carea' id='block_1_55' title="bbox 326 3910 1889 3991">
    <p class='ocr_par' dir='ltr' id='par_1_55' title="bbox 326 3910 1889 3991">
     <span class='ocr_line' id='line_1_55' title="bbox 326 3910 1889 3991; baseline 0.012 -30"><span class='ocrx_word' id='word_1_377' title='bbox 326 3910 623 3976; x_wconf 86' lang='lat' dir='ltr'><strong>credimus,</strong></span> <span class='ocrx_word' id='word_1_378' title='bbox 667 3916 768 3969; x_wconf 87' lang='lat' dir='ltr'><strong>hoc</strong></span> <span class='ocrx_word' id='word_1_379' title='bbox 807 3927 890 3970; x_wconf 86' lang='lat' dir='ltr'><strong>est</strong></span> <span class='ocrx_word' id='word_1_380' title='bbox 919 3916 971 3969; x_wconf 92' lang='lat' dir='ltr'><strong>in</strong></span> <span class='ocrx_word' id='word_1_381' title='bbox 1024 3918 1482 3989; x_wconf 87' lang='lat' dir='ltr'><strong>intelligibilibus,</strong></span> <span class='ocrx_word' id='word_1_382' title='bbox 1519 3923 1665 3991; x_wconf 91' lang='lat' dir='ltr'><strong>quod</strong></span> <span class='ocrx_word' id='word_1_383' title='bbox 1713 3926 1793 3979; x_wconf 87' lang='lat' dir='ltr'><strong>sol</strong></span> <span class='ocrx_word' id='word_1_384' title='bbox 1834 3928 1889 3980; x_wconf 92' lang='lat' dir='ltr'><strong>iu</strong></span> 
     </span>
    </p>
   </div>
   <div class='ocr_carea' id='block_1_56' title="bbox 329 4001 1892 4079">
    <p class='ocr_par' dir='ltr' id='par_1_56' title="bbox 329 4001 1892 4079">
     <span class='ocr_line' id='line_1_56' title="bbox 329 4001 1892 4079; baseline 0.012 -25"><span class='ocrx_word' id='word_1_385' title='bbox 329 4001 397 4055; x_wconf 91' lang='lat' dir='ltr'><strong>iis</strong></span> <span class='ocrx_word' id='word_1_386' title='bbox 431 4018 551 4072; x_wconf 68' lang='lat' dir='ltr'><strong>quae</strong></span> <span class='ocrx_word' id='word_1_387' title='bbox 577 4020 796 4060; x_wconf 71' lang='lat' dir='ltr'><strong>sensum</strong></span> <span class='ocrx_word' id='word_1_388' title='bbox 826 4018 1062 4064; x_wconf 82' lang='lat' dir='ltr'><strong>movent.</strong></span> <span class='ocrx_word' id='word_1_389' title='bbox 1096 4008 1163 4064; x_wconf 89' lang='lat' dir='ltr'><strong>Ut</strong></span> <span class='ocrx_word' id='word_1_390' title='bbox 1187 4011 1331 4064; x_wconf 81' lang='lat' dir='ltr'><strong>enim</strong></span> <span class='ocrx_word' id='word_1_391' title='bbox 1356 4011 1445 4067; x_wconf 92' lang='lat' dir='ltr'><strong>hic</strong></span> <span class='ocrx_word' id='word_1_392' title='bbox 1470 4014 1665 4079; x_wconf 88' lang='lat' dir='ltr'><strong>oculis,</strong></span> <span class='ocrx_word' id='word_1_393' title='bbox 1705 4015 1775 4069; x_wconf 91' lang='lat' dir='ltr'><strong>ita</strong></span> <span class='ocrx_word' id='word_1_394' title='bbox 1802 4018 1892 4073; x_wconf 92' lang='lat' dir='ltr'><strong>ille</strong></span> 
     </span>
    </p>
   </div>
   <div class='ocr_carea' id='block_1_57' title="bbox 326 4093 1894 4176">
    <p class='ocr_par' dir='ltr' id='par_1_57' title="bbox 326 4093 1894 4176">
     <span class='ocr_line' id='line_1_57' title="bbox 326 4093 1894 4176; baseline 0.01 -31"><span class='ocrx_word' id='word_1_395' title='bbox 326 4093 491 4147; x_wconf 89' lang='lat' dir='ltr'><strong>menti</strong></span> <span class='ocrx_word' id='word_1_396' title='bbox 518 4094 692 4149; x_wconf 83' lang='lat' dir='ltr'><strong>lucem</strong></span> <span class='ocrx_word' id='word_1_397' title='bbox 746 4095 937 4166; x_wconf 62' lang='lat' dir='ltr'><strong>affert;</strong></span> <span class='ocrx_word' id='word_1_398' title='bbox 976 4114 1274 4171; x_wconf 82' lang='lat' dir='ltr'><strong>rursusque</strong></span> <span class='ocrx_word' id='word_1_399' title='bbox 1309 4111 1369 4155; x_wconf 87' lang='grc' dir='ltr'><strong>ιιι</strong></span> <span class='ocrx_word' id='word_1_400' title='bbox 1417 4102 1505 4157; x_wconf 91' lang='lat' dir='ltr'><strong>hic</strong></span> <span class='ocrx_word' id='word_1_401' title='bbox 1534 4107 1719 4158; x_wconf 84' lang='lat' dir='ltr'><strong>omnia</strong></span> <span class='ocrx_word' id='word_1_402' title='bbox 1769 4121 1894 4176; x_wconf 61' lang='lat' dir='ltr'><strong>qua:</strong></span> 
     </span>
    </p>
   </div>
   <div class='ocr_carea' id='block_1_58' title="bbox 325 4189 1887 4265">
    <p class='ocr_par' dir='ltr' id='par_1_58' title="bbox 325 4189 1887 4265">
     <span class='ocr_line' id='line_1_58' title="bbox 325 4189 1887 4265; baseline 0.012 -28"><span class='ocrx_word' id='word_1_403' title='bbox 325 4197 545 4252; x_wconf 88' lang='lat' dir='ltr'><strong>aspectu</strong></span> <span class='ocrx_word' id='word_1_404' title='bbox 593 4189 925 4254; x_wconf 85' lang='lat' dir='ltr'><strong>sentiuntur,</strong></span> <span class='ocrx_word' id='word_1_405' title='bbox 982 4192 1057 4246; x_wconf 92' lang='lat' dir='ltr'><strong>ita</strong></span> <span class='ocrx_word' id='word_1_406' title='bbox 1093 4192 1184 4247; x_wconf 88' lang='lat' dir='ltr'><strong>ille</strong></span> <span class='ocrx_word' id='word_1_407' title='bbox 1233 4194 1418 4249; x_wconf 89' lang='lat' dir='ltr'><strong>omnia</strong></span> <span class='ocrx_word' id='word_1_408' title='bbox 1468 4211 1588 4265; x_wconf 68' lang='lat' dir='ltr'><strong>quae</strong></span> <span class='ocrx_word' id='word_1_409' title='bbox 1615 4198 1798 4254; x_wconf 87' lang='lat' dir='ltr'><strong>animo</strong></span> <span class='ocrx_word' id='word_1_410' title='bbox 1832 4211 1887 4256; x_wconf 90' lang='lat' dir='ltr'><strong>et</strong></span> 
     </span>
    </p>
   </div>
   <div class='ocr_carea' id='block_1_59' title="bbox 323 4275 1889 4349">
    <p class='ocr_par' dir='ltr' id='par_1_59' title="bbox 323 4275 1889 4349">
     <span class='ocr_line' id='line_1_59' title="bbox 323 4275 1889 4349; baseline 0.01 -24"><span class='ocrx_word' id='word_1_411' title='bbox 323 4275 535 4329; x_wconf 84' lang='lat' dir='ltr'><strong>ratione</strong></span> <span class='ocrx_word' id='word_1_412' title='bbox 561 4276 932 4347; x_wconf 86' lang='lat' dir='ltr'><strong>intelliguntur</strong></span> <span class='ocrx_word' id='word_1_413' title='bbox 967 4281 1374 4349; x_wconf 87' lang='lat' dir='ltr'><strong>pulchritudine</strong></span> <span class='ocrx_word' id='word_1_414' title='bbox 1400 4283 1697 4338; x_wconf 88' lang='lat' dir='ltr'><strong>antecellit.</strong></span> <span class='ocrx_word' id='word_1_415' title='bbox 1726 4284 1889 4342; x_wconf 81' lang='lat' dir='ltr'><strong>Scala</strong></span> 
     </span>
    </p>
   </div>
   <div class='ocr_carea' id='block_1_60' title="bbox 325 4368 1891 4447">
    <p class='ocr_par' dir='ltr' id='par_1_60' title="bbox 325 4368 1891 4447">
     <span class='ocr_line' id='line_1_60' title="bbox 325 4368 1891 4447; baseline 0.008 -28"><span class='ocrx_word' id='word_1_416' title='bbox 325 4384 490 4436; x_wconf 86' lang='lat' dir='ltr'><strong>porro</strong></span> <span class='ocrx_word' id='word_1_417' title='bbox 529 4380 693 4437; x_wconf 86' lang='lat' dir='ltr'><strong>atque</strong></span> <span class='ocrx_word' id='word_1_418' title='bbox 723 4384 989 4426; x_wconf 83' lang='lat' dir='ltr'><strong>ascensus</strong></span> <span class='ocrx_word' id='word_1_419' title='bbox 1018 4372 1084 4425; x_wconf 89' lang='lat' dir='ltr'><strong>ad</strong></span> <span class='ocrx_word' id='word_1_420' title='bbox 1119 4370 1260 4427; x_wconf 86' lang='lat' dir='ltr'><strong>hanc</strong></span> <span class='ocrx_word' id='word_1_421' title='bbox 1285 4374 1654 4442; x_wconf 87' lang='lat' dir='ltr'><strong>cognitionem</strong></span> <span class='ocrx_word' id='word_1_422' title='bbox 1702 4368 1891 4447; x_wconf 84' lang='lat' dir='ltr'><strong>hujus-</strong></span> 
     </span>
    </p>
   </div>
   <div class='ocr_carea' id='block_1_61' title="bbox 2005 1915 3568 1990">
    <p class='ocr_par' dir='ltr' id='par_1_61' title="bbox 2005 1915 3568 1990">
     <span class='ocr_line' id='line_1_61' title="bbox 2005 1915 3568 1990; baseline 0.008 -24"><span class='ocrx_word' id='word_1_423' title='bbox 2005 1915 2179 1967; x_wconf 90' lang='lat' dir='ltr'><strong>rivum</strong></span> <span class='ocrx_word' id='word_1_424' title='bbox 2233 1925 2285 1970; x_wconf 89' lang='lat' dir='ltr'><strong>et</strong></span> <span class='ocrx_word' id='word_1_425' title='bbox 2316 1917 2792 1986; x_wconf 84' lang='lat' dir='ltr'><strong>participationem</strong></span> <span class='ocrx_word' id='word_1_426' title='bbox 2841 1923 3075 1990; x_wconf 86' lang='lat' dir='ltr'><strong>appello,</strong></span> <span class='ocrx_word' id='word_1_427' title='bbox 3114 1939 3221 1976; x_wconf 87' lang='lat' dir='ltr'><strong>non</strong></span> <span class='ocrx_word' id='word_1_428' title='bbox 3261 1926 3568 1978; x_wconf 89' lang='lat' dir='ltr'><strong>secundum</strong></span> 
     </span>
    </p>
   </div>
   <div class='ocr_carea' id='block_1_62' title="bbox 2003 2008 3570 2079">
    <p class='ocr_par' dir='ltr' id='par_1_62' title="bbox 2003 2008 3570 2079">
     <span class='ocr_line' id='line_1_62' title="bbox 2003 2008 3570 2079; baseline 0.003 -21"><span class='ocrx_word' id='word_1_429' title='bbox 2003 2014 2279 2070; x_wconf 90' lang='lat' dir='ltr'><strong>naturam,</strong></span> <span class='ocrx_word' id='word_1_430' title='bbox 2308 2020 2499 2059; x_wconf 84' lang='lat' dir='ltr'><strong>verum</strong></span> <span class='ocrx_word' id='word_1_431' title='bbox 2531 2009 2831 2061; x_wconf 89' lang='lat' dir='ltr'><strong>secundum</strong></span> <span class='ocrx_word' id='word_1_432' title='bbox 2874 2008 3219 2077; x_wconf 82' lang='lat' dir='ltr'><strong>splendorem</strong></span> <span class='ocrx_word' id='word_1_433' title='bbox 3248 2020 3410 2079; x_wconf 90' lang='lat' dir='ltr'><strong>atque</strong></span> <span class='ocrx_word' id='word_1_434' title='bbox 3442 2010 3570 2064; x_wconf 87' lang='lat' dir='ltr'><strong>illu-</strong></span> 
     </span>
    </p>
   </div>
   <div class='ocr_carea' id='block_1_63' title="bbox 2002 2092 3566 2173">
    <p class='ocr_par' dir='ltr' id='par_1_63' title="bbox 2002 2092 3566 2173">
     <span class='ocr_line' id='line_1_63' title="bbox 2002 2092 3566 2173; baseline 0.005 -24"><span class='ocrx_word' id='word_1_435' title='bbox 2002 2092 2357 2152; x_wconf 86' lang='lat' dir='ltr'><strong>minationem</strong></span> <span class='ocrx_word' id='word_1_436' title='bbox 2413 2113 2444 2151; x_wconf 88' lang='lat' dir='ltr'><strong>a</strong></span> <span class='ocrx_word' id='word_1_437' title='bbox 2495 2096 2609 2152; x_wconf 91' lang='lat' dir='ltr'><strong>Deo</strong></span> <span class='ocrx_word' id='word_1_438' title='bbox 2661 2100 3015 2167; x_wconf 84' lang='lat' dir='ltr'><strong>profluentem</strong></span> <span class='ocrx_word' id='word_1_439' title='bbox 3049 2119 3061 2154; x_wconf 91' lang='lat'><strong>:</strong></span> <span class='ocrx_word' id='word_1_440' title='bbox 3094 2102 3268 2155; x_wconf 87' lang='lat' dir='ltr'><strong>rivmn</strong></span> <span class='ocrx_word' id='word_1_441' title='bbox 3324 2103 3566 2173; x_wconf 88' lang='lat' dir='ltr'><strong>quidem,</strong></span> 
     </span>
    </p>
   </div>
   <div class='ocr_carea' id='block_1_64' title="bbox 1999 2188 3567 2264">
    <p class='ocr_par' dir='ltr' id='par_1_64' title="bbox 1999 2188 3567 2264">
     <span class='ocr_line' id='line_1_64' title="bbox 1999 2188 3567 2264; baseline 0.004 -22"><span class='ocrx_word' id='word_1_442' title='bbox 1999 2189 2127 2257; x_wconf 85' lang='lat' dir='ltr'><strong>quia</strong></span> <span class='ocrx_word' id='word_1_443' title='bbox 2166 2206 2232 2243; x_wconf 79' lang='lat' dir='ltr'><strong>ex</strong></span> <span class='ocrx_word' id='word_1_444' title='bbox 2264 2188 2374 2243; x_wconf 90' lang='lat' dir='ltr'><strong>Deo</strong></span> <span class='ocrx_word' id='word_1_445' title='bbox 2418 2189 2506 2243; x_wconf 81' lang='lat' dir='ltr'><strong>lux</strong></span> <span class='ocrx_word' id='word_1_446' title='bbox 2547 2190 2678 2260; x_wconf 89' lang='lat' dir='ltr'><strong>ipsis</strong></span> <span class='ocrx_word' id='word_1_447' title='bbox 2716 2190 3046 2254; x_wconf 85' lang='lat' dir='ltr'><strong>infunditur,</strong></span> <span class='ocrx_word' id='word_1_448' title='bbox 3094 2195 3567 2264; x_wconf 84' lang='lat' dir='ltr'><strong>participationem</strong></span> 
     </span>
    </p>
   </div>
   <div class='ocr_carea' id='block_1_65' title="bbox 2000 2279 3566 2355">
    <p class='ocr_par' dir='ltr' id='par_1_65' title="bbox 2000 2279 3566 2355">
     <span class='ocr_line' id='line_1_65' title="bbox 2000 2279 3566 2355; baseline 0.006 -24"><span class='ocrx_word' id='word_1_449' title='bbox 2000 2289 2207 2346; x_wconf 86' lang='lat' dir='ltr'><strong>autem,</strong></span> <span class='ocrx_word' id='word_1_450' title='bbox 2240 2281 2370 2349; x_wconf 90' lang='lat' dir='ltr'><strong>quia</strong></span> <span class='ocrx_word' id='word_1_451' title='bbox 2406 2279 2720 2349; x_wconf 71' lang='lat' dir='ltr'><strong>huiusmodi</strong></span> <span class='ocrx_word' id='word_1_452' title='bbox 2760 2284 3019 2352; x_wconf 86' lang='lat' dir='ltr'><strong>splendor</strong></span> <span class='ocrx_word' id='word_1_453' title='bbox 3062 2285 3192 2354; x_wconf 89' lang='lat' dir='ltr'><strong>ipsis</strong></span> <span class='ocrx_word' id='word_1_454' title='bbox 3234 2286 3566 2355; x_wconf 88' lang='lat' dir='ltr'><strong>impertitur.</strong></span> 
     </span>
    </p>
   </div>
   <div class='ocr_carea' id='block_1_66' title="bbox 1999 2374 3568 2448">
    <p class='ocr_par' dir='ltr' id='par_1_66' title="bbox 1999 2374 3568 2448">
     <span class='ocr_line' id='line_1_66' title="bbox 1999 2374 3568 2448; baseline 0.004 -23"><span class='ocrx_word' id='word_1_455' title='bbox 1999 2375 2074 2428; x_wconf 87' lang='lat' dir='ltr'><strong>Ac</strong></span> <span class='ocrx_word' id='word_1_456' title='bbox 2101 2374 2221 2428; x_wconf 90' lang='lat' dir='ltr'><strong>vide</strong></span> <span class='ocrx_word' id='word_1_457' title='bbox 2243 2375 2707 2444; x_wconf 88' lang='lat' dir='ltr'><strong>quemadmodum</strong></span> <span class='ocrx_word' id='word_1_458' title='bbox 2740 2375 2793 2429; x_wconf 91' lang='lat' dir='ltr'><strong>in</strong></span> <span class='ocrx_word' id='word_1_459' title='bbox 2825 2378 3033 2446; x_wconf 84' lang='lat' dir='ltr'><strong>angelis</strong></span> <span class='ocrx_word' id='word_1_460' title='bbox 3073 2394 3289 2448; x_wconf 88' lang='lat' dir='ltr'><strong>quoque</strong></span> <span class='ocrx_word' id='word_1_461' title='bbox 3322 2389 3568 2433; x_wconf 83' lang='lat' dir='ltr'><strong>contem-</strong></span> 
     </span>
    </p>
   </div>
   <div class='ocr_carea' id='block_1_67' title="bbox 1996 2463 3564 2533">
    <p class='ocr_par' dir='ltr' id='par_1_67' title="bbox 1996 2463 3564 2533">
     <span class='ocr_line' id='line_1_67' title="bbox 1996 2463 3564 2533; baseline 0.004 -18"><span class='ocrx_word' id='word_1_462' title='bbox 1996 2463 2166 2533; x_wconf 83' lang='lat' dir='ltr'><strong>platio</strong></span> <span class='ocrx_word' id='word_1_463' title='bbox 2221 2473 2276 2518; x_wconf 91' lang='lat' dir='ltr'><strong>et</strong></span> <span class='ocrx_word' id='word_1_464' title='bbox 2336 2465 2480 2519; x_wconf 89' lang='lat' dir='ltr'><strong>actio</strong></span> <span class='ocrx_word' id='word_1_465' title='bbox 2521 2466 2751 2519; x_wconf 85' lang='lat' dir='ltr'><strong>eluceat.</strong></span> <span class='ocrx_word' id='word_1_466' title='bbox 2811 2464 3007 2522; x_wconf 82' lang='lat' dir='ltr'><strong>Mentis</strong></span> <span class='ocrx_word' id='word_1_467' title='bbox 3062 2469 3208 2523; x_wconf 87' lang='lat' dir='ltr'><strong>enim</strong></span> <span class='ocrx_word' id='word_1_468' title='bbox 3270 2471 3336 2523; x_wconf 89' lang='lat' dir='ltr'><strong>ad</strong></span> <span class='ocrx_word' id='word_1_469' title='bbox 3395 2471 3564 2523; x_wconf 88' lang='lat' dir='ltr'><strong>Deum</strong></span> 
     </span>
    </p>
   </div>
   <div class='ocr_carea' id='block_1_68' title="bbox 1998 2546 3565 2622">
    <p class='ocr_par' dir='ltr' id='par_1_68' title="bbox 1998 2546 3565 2622">
     <span class='ocr_line' id='line_1_68' title="bbox 1998 2546 3565 2622; baseline 0.003 -20"><span class='ocrx_word' id='word_1_470' title='bbox 1998 2546 2278 2602; x_wconf 87' lang='lat' dir='ltr'><strong>subvectio</strong></span> <span class='ocrx_word' id='word_1_471' title='bbox 2326 2561 2392 2599; x_wconf 87' lang='lat' dir='ltr'><strong>ac</strong></span> <span class='ocrx_word' id='word_1_472' title='bbox 2437 2546 2638 2601; x_wconf 80' lang='lat' dir='ltr'><strong>deflxio</strong></span> <span class='ocrx_word' id='word_1_473' title='bbox 2688 2550 3081 2617; x_wconf 89' lang='lat' dir='ltr'><strong>contemplatio</strong></span> <span class='ocrx_word' id='word_1_474' title='bbox 3132 2561 3238 2616; x_wconf 89' lang='lat' dir='ltr'><strong>est,</strong></span> <span class='ocrx_word' id='word_1_475' title='bbox 3276 2566 3372 2620; x_wconf 88' lang='lat' dir='ltr'><strong>per</strong></span> <span class='ocrx_word' id='word_1_476' title='bbox 3403 2568 3565 2622; x_wconf 80' lang='lat' dir='ltr'><strong>quant</strong></span> 
     </span>
    </p>
   </div>
   <div class='ocr_carea' id='block_1_69' title="bbox 1997 2630 3568 2711">
    <p class='ocr_par' dir='ltr' id='par_1_69' title="bbox 1997 2630 3568 2711">
     <span class='ocr_line' id='line_1_69' title="bbox 1997 2630 3568 2711; baseline 0.004 -19"><span class='ocrx_word' id='word_1_477' title='bbox 1997 2643 2063 2693; x_wconf 90' lang='lat' dir='ltr'><strong>ad</strong></span> <span class='ocrx_word' id='word_1_478' title='bbox 2101 2637 2268 2693; x_wconf 91' lang='lat' dir='ltr'><strong>Deum</strong></span> <span class='ocrx_word' id='word_1_479' title='bbox 2300 2637 2641 2695; x_wconf 70' lang='lat' dir='ltr'><strong>efferuntur:</strong></span> <span class='ocrx_word' id='word_1_480' title='bbox 2670 2630 3033 2694; x_wconf 81' lang='lat' dir='ltr'><strong>ministerium</strong></span> <span class='ocrx_word' id='word_1_481' title='bbox 3064 2657 3191 2695; x_wconf 88' lang='lat' dir='ltr'><strong>vero</strong></span> <span class='ocrx_word' id='word_1_482' title='bbox 3221 2652 3382 2711; x_wconf 86' lang='lat' dir='ltr'><strong>atque</strong></span> <span class='ocrx_word' id='word_1_483' title='bbox 3409 2643 3568 2699; x_wconf 85' lang='lat' dir='ltr'><strong>obse—</strong></span> 
     </span>
    </p>
   </div>
   <div class='ocr_carea' id='block_1_70' title="bbox 1997 2731 3566 2803">
    <p class='ocr_par' dir='ltr' id='par_1_70' title="bbox 1997 2731 3566 2803">
     <span class='ocr_line' id='line_1_70' title="bbox 1997 2731 3566 2803; baseline 0.003 -18"><span class='ocrx_word' id='word_1_484' title='bbox 1997 2733 2184 2802; x_wconf 90' lang='lat' dir='ltr'><strong>quium</strong></span> <span class='ocrx_word' id='word_1_485' title='bbox 2219 2731 2364 2787; x_wconf 89' lang='lat' dir='ltr'><strong>aetio</strong></span> <span class='ocrx_word' id='word_1_486' title='bbox 2402 2741 2506 2796; x_wconf 91' lang='lat' dir='ltr'><strong>est,</strong></span> <span class='ocrx_word' id='word_1_487' title='bbox 2537 2748 2633 2801; x_wconf 91' lang='lat' dir='ltr'><strong>per</strong></span> <span class='ocrx_word' id='word_1_488' title='bbox 2671 2747 2834 2800; x_wconf 89' lang='lat' dir='ltr'><strong>quem</strong></span> <span class='ocrx_word' id='word_1_489' title='bbox 2871 2734 3068 2787; x_wconf 64' lang='lat' dir='ltr'><strong>divinae</strong></span> <span class='ocrx_word' id='word_1_490' title='bbox 3099 2733 3284 2803; x_wconf 73' lang='lat' dir='ltr'><strong>glorize</strong></span> <span class='ocrx_word' id='word_1_491' title='bbox 3316 2735 3566 2789; x_wconf 87' lang='lat' dir='ltr'><strong>celebra-</strong></span> 
     </span>
    </p>
   </div>
   <div class='ocr_carea' id='block_1_71' title="bbox 1995 2825 3565 2894">
    <p class='ocr_par' dir='ltr' id='par_1_71' title="bbox 1995 2825 3565 2894">
     <span class='ocr_line' id='line_1_71' title="bbox 1995 2825 3565 2894; baseline 0.003 -14"><span class='ocrx_word' id='word_1_492' title='bbox 1995 2825 2150 2891; x_wconf 87' lang='lat' dir='ltr'><strong>tioni,</strong></span> <span class='ocrx_word' id='word_1_493' title='bbox 2194 2825 2428 2894; x_wconf 88' lang='lat' dir='ltr'><strong>aliisque</strong></span> <span class='ocrx_word' id='word_1_494' title='bbox 2470 2826 2794 2879; x_wconf 88' lang='lat' dir='ltr'><strong>muneribus</strong></span> <span class='ocrx_word' id='word_1_495' title='bbox 2846 2839 2900 2879; x_wconf 88' lang='lat' dir='ltr'><strong>et</strong></span> <span class='ocrx_word' id='word_1_496' title='bbox 2947 2825 3138 2880; x_wconf 82' lang='lat' dir='ltr'><strong>officiis</strong></span> <span class='ocrx_word' id='word_1_497' title='bbox 3189 2828 3565 2886; x_wconf 86' lang='lat' dir='ltr'><strong>subserviunt.</strong></span> 
     </span>
    </p>
   </div>
   <div class='ocr_carea' id='block_1_72' title="bbox 1996 2916 3567 2985">
    <p class='ocr_par' dir='ltr' id='par_1_72' title="bbox 1996 2916 3567 2985">
     <span class='ocr_line' id='line_1_72' title="bbox 1996 2916 3567 2985; baseline 0.002 -14"><span class='ocrx_word' id='word_1_498' title='bbox 1996 2916 2264 2985; x_wconf 85' lang='lat' dir='ltr'><strong>Quoniam</strong></span> <span class='ocrx_word' id='word_1_499' title='bbox 2292 2926 2475 2971; x_wconf 86' lang='lat' dir='ltr'><strong>autem</strong></span> <span class='ocrx_word' id='word_1_500' title='bbox 2504 2916 2558 2970; x_wconf 91' lang='lat' dir='ltr'><strong>in</strong></span> <span class='ocrx_word' id='word_1_501' title='bbox 2590 2918 2911 2972; x_wconf 73' lang='lat' dir='ltr'><strong>ccelestibus</strong></span> <span class='ocrx_word' id='word_1_502' title='bbox 2934 2918 3260 2973; x_wconf 87' lang='lat' dir='ltr'><strong>hierarchiis</strong></span> <span class='ocrx_word' id='word_1_503' title='bbox 3292 2920 3567 2974; x_wconf 85' lang='lat' dir='ltr'><strong>illumina-</strong></span> 
     </span>
    </p>
   </div>
   <div class='ocr_carea' id='block_1_73' title="bbox 1997 3003 3563 3076">
    <p class='ocr_par' dir='ltr' id='par_1_73' title="bbox 1997 3003 3563 3076">
     <span class='ocr_line' id='line_1_73' title="bbox 1997 3003 3563 3076; baseline 0.004 -19"><span class='ocrx_word' id='word_1_504' title='bbox 1997 3004 2202 3057; x_wconf 90' lang='lat' dir='ltr'><strong>tionum</strong></span> <span class='ocrx_word' id='word_1_505' title='bbox 2234 3003 2576 3058; x_wconf 85' lang='lat' dir='ltr'><strong>diversitates</strong></span> <span class='ocrx_word' id='word_1_506' title='bbox 2617 3005 2914 3067; x_wconf 82' lang='lat' dir='ltr'><strong>exsistunt,</strong></span> <span class='ocrx_word' id='word_1_507' title='bbox 2954 3022 3060 3059; x_wconf 92' lang='lat' dir='ltr'><strong>non</strong></span> <span class='ocrx_word' id='word_1_508' title='bbox 3092 3022 3155 3060; x_wconf 83' lang='lat' dir='ltr'><strong>ex</strong></span> <span class='ocrx_word' id='word_1_509' title='bbox 3189 3009 3469 3076; x_wconf 86' lang='lat' dir='ltr'><strong>proposito</strong></span> <span class='ocrx_word' id='word_1_510' title='bbox 3509 3018 3563 3064; x_wconf 87' lang='lat' dir='ltr'><strong>et</strong></span> 
     </span>
    </p>
   </div>
   <div class='ocr_carea' id='block_1_74' title="bbox 1996 3093 3560 3165">
    <p class='ocr_par' dir='ltr' id='par_1_74' title="bbox 1996 3093 3560 3165">
     <span class='ocr_line' id='line_1_74' title="bbox 1996 3093 3560 3165; baseline 0.002 -18"><span class='ocrx_word' id='word_1_511' title='bbox 1996 3093 2297 3157; x_wconf 83' lang='lat' dir='ltr'><strong>voluntate,</strong></span> <span class='ocrx_word' id='word_1_512' title='bbox 2337 3094 2430 3147; x_wconf 88' lang='lat' dir='ltr'><strong>sed</strong></span> <span class='ocrx_word' id='word_1_513' title='bbox 2463 3108 2530 3146; x_wconf 78' lang='lat' dir='ltr'><strong>ex</strong></span> <span class='ocrx_word' id='word_1_514' title='bbox 2556 3102 2773 3159; x_wconf 88' lang='lat' dir='ltr'><strong>natura,</strong></span> <span class='ocrx_word' id='word_1_515' title='bbox 2802 3105 2965 3165; x_wconf 90' lang='lat' dir='ltr'><strong>atque</strong></span> <span class='ocrx_word' id='word_1_516' title='bbox 2997 3096 3086 3148; x_wconf 89' lang='lat' dir='ltr'><strong>alii</strong></span> <span class='ocrx_word' id='word_1_517' title='bbox 3119 3094 3358 3150; x_wconf 79' lang='lat' dir='ltr'><strong>divinam</strong></span> <span class='ocrx_word' id='word_1_518' title='bbox 3386 3099 3560 3151; x_wconf 87' lang='lat' dir='ltr'><strong>lucem</strong></span> 
     </span>
    </p>
   </div>
   <div class='ocr_carea' id='block_1_75' title="bbox 1999 3181 3562 3253">
    <p class='ocr_par' dir='ltr' id='par_1_75' title="bbox 1999 3181 3562 3253">
     <span class='ocr_line' id='line_1_75' title="bbox 1999 3181 3562 3253; baseline 0.003 -18"><span class='ocrx_word' id='word_1_519' title='bbox 1999 3185 2168 3252; x_wconf 83' lang='lat' dir='ltr'><strong>magis</strong></span> <span class='ocrx_word' id='word_1_520' title='bbox 2206 3181 2494 3247; x_wconf 88' lang='lat' dir='ltr'><strong>complecti</strong></span> <span class='ocrx_word' id='word_1_521' title='bbox 2538 3197 2603 3238; x_wconf 87' lang='lat' dir='ltr'><strong>ac</strong></span> <span class='ocrx_word' id='word_1_522' title='bbox 2661 3183 2899 3238; x_wconf 86' lang='lat' dir='ltr'><strong>retinere</strong></span> <span class='ocrx_word' id='word_1_523' title='bbox 2950 3193 3207 3253; x_wconf 89' lang='lat' dir='ltr'><strong>possunt,</strong></span> <span class='ocrx_word' id='word_1_524' title='bbox 3238 3184 3327 3238; x_wconf 89' lang='lat' dir='ltr'><strong>alii</strong></span> <span class='ocrx_word' id='word_1_525' title='bbox 3378 3186 3562 3240; x_wconf 91' lang='lat' dir='ltr'><strong>minus</strong></span> 
     </span>
    </p>
   </div>
   <div class='ocr_carea' id='block_1_76' title="bbox 1994 3274 3558 3348">
    <p class='ocr_par' dir='ltr' id='par_1_76' title="bbox 1994 3274 3558 3348">
     <span class='ocr_line' id='line_1_76' title="bbox 1994 3274 3558 3348; baseline 0.003 -19"><span class='ocrx_word' id='word_1_526' title='bbox 1994 3274 2152 3345; x_wconf 85' lang='lat' dir='ltr'><strong>(adeo</strong></span> <span class='ocrx_word' id='word_1_527' title='bbox 2207 3286 2266 3329; x_wconf 93' lang='lat' dir='ltr'><strong>ut</strong></span> <span class='ocrx_word' id='word_1_528' title='bbox 2307 3275 2383 3329; x_wconf 89' lang='lat' dir='ltr'><strong>illi</strong></span> <span class='ocrx_word' id='word_1_529' title='bbox 2432 3276 2770 3340; x_wconf 86' lang='lat' dir='ltr'><strong>immediate,</strong></span> <span class='ocrx_word' id='word_1_530' title='bbox 2815 3276 2995 3345; x_wconf 88' lang='lat' dir='ltr'><strong>quoad</strong></span> <span class='ocrx_word' id='word_1_531' title='bbox 3049 3277 3167 3341; x_wconf 89' lang='lat' dir='ltr'><strong>ejus</strong></span> <span class='ocrx_word' id='word_1_532' title='bbox 3201 3277 3316 3332; x_wconf 85' lang='lat' dir='ltr'><strong>fieri</strong></span> <span class='ocrx_word' id='word_1_533' title='bbox 3358 3288 3558 3348; x_wconf 87' lang='lat' dir='ltr'><strong>potest.</strong></span> 
     </span>
    </p>
   </div>
   <div class='ocr_carea' id='block_1_77' title="bbox 1992 3367 3556 3438">
    <p class='ocr_par' dir='ltr' id='par_1_77' title="bbox 1992 3367 3556 3438">
     <span class='ocr_line' id='line_1_77' title="bbox 1992 3367 3556 3438; baseline 0.001 -17"><span class='ocrx_word' id='word_1_534' title='bbox 1992 3382 2117 3421; x_wconf 90' lang='lat' dir='ltr'><strong>cum</strong></span> <span class='ocrx_word' id='word_1_535' title='bbox 2175 3380 2241 3420; x_wconf 91' lang='lat' dir='ltr'><strong>eo</strong></span> <span class='ocrx_word' id='word_1_536' title='bbox 2293 3376 2618 3431; x_wconf 87' lang='lat' dir='ltr'><strong>versentur,</strong></span> <span class='ocrx_word' id='word_1_537' title='bbox 2670 3367 2723 3421; x_wconf 89' lang='lat' dir='ltr'><strong>hi</strong></span> <span class='ocrx_word' id='word_1_538' title='bbox 2787 3378 2968 3422; x_wconf 88' lang='lat' dir='ltr'><strong>autem</strong></span> <span class='ocrx_word' id='word_1_539' title='bbox 3019 3369 3319 3436; x_wconf 88' lang='lat' dir='ltr'><strong>primorum</strong></span> <span class='ocrx_word' id='word_1_540' title='bbox 3393 3384 3556 3438; x_wconf 83' lang='lat' dir='ltr'><strong>Opera</strong></span> 
     </span>
    </p>
   </div>
   <div class='ocr_carea' id='block_1_78' title="bbox 1993 3457 3562 3524">
    <p class='ocr_par' dir='ltr' id='par_1_78' title="bbox 1993 3457 3562 3524">
     <span class='ocr_line' id='line_1_78' title="bbox 1993 3457 3562 3524; baseline 0.001 -12"><span class='ocrx_word' id='word_1_541' title='bbox 1993 3457 2403 3524; x_wconf 71' lang='lat' dir='ltr'><strong>collustrantur,</strong></span> <span class='ocrx_word' id='word_1_542' title='bbox 2444 3459 2516 3512; x_wconf 90' lang='lat' dir='ltr'><strong>ita</strong></span> <span class='ocrx_word' id='word_1_543' title='bbox 2558 3458 2817 3511; x_wconf 88' lang='lat' dir='ltr'><strong>nimirum</strong></span> <span class='ocrx_word' id='word_1_544' title='bbox 2857 3459 2925 3513; x_wconf 91' lang='lat' dir='ltr'><strong>ab</strong></span> <span class='ocrx_word' id='word_1_545' title='bbox 2952 3457 3073 3511; x_wconf 88' lang='lat' dir='ltr'><strong>aliis</strong></span> <span class='ocrx_word' id='word_1_546' title='bbox 3108 3459 3173 3512; x_wconf 91' lang='lat' dir='ltr'><strong>ad</strong></span> <span class='ocrx_word' id='word_1_547' title='bbox 3207 3460 3344 3513; x_wconf 90' lang='lat' dir='ltr'><strong>alios</strong></span> <span class='ocrx_word' id='word_1_548' title='bbox 3388 3470 3562 3514; x_wconf 73' lang='lat' dir='ltr'><strong>trans-</strong></span> 
     </span>
    </p>
   </div>
   <div class='ocr_carea' id='block_1_79' title="bbox 1993 3550 3559 3621">
    <p class='ocr_par' dir='ltr' id='par_1_79' title="bbox 1993 3550 3559 3621">
     <span class='ocr_line' id='line_1_79' title="bbox 1993 3550 3559 3621; baseline -0.001 -16"><span class='ocrx_word' id='word_1_549' title='bbox 1993 3552 2160 3606; x_wconf 87' lang='lat' dir='ltr'><strong>missa</strong></span> <span class='ocrx_word' id='word_1_550' title='bbox 2194 3561 2249 3606; x_wconf 93' lang='lat' dir='ltr'><strong>et</strong></span> <span class='ocrx_word' id='word_1_551' title='bbox 2276 3551 2499 3621; x_wconf 85' lang='lat' dir='ltr'><strong>trajecta</strong></span> <span class='ocrx_word' id='word_1_552' title='bbox 2528 3550 2946 3614; x_wconf 88' lang='lat' dir='ltr'><strong>illuminatione,</strong></span> <span class='ocrx_word' id='word_1_553' title='bbox 2982 3565 3012 3604; x_wconf 91' lang='lat' dir='ltr'><strong>a</strong></span> <span class='ocrx_word' id='word_1_554' title='bbox 3049 3552 3244 3619; x_wconf 88' lang='lat' dir='ltr'><strong>primis</strong></span> <span class='ocrx_word' id='word_1_555' title='bbox 3281 3568 3455 3621; x_wconf 84' lang='lat' dir='ltr'><strong>usque</strong></span> <span class='ocrx_word' id='word_1_556' title='bbox 3494 3555 3559 3606; x_wconf 89' lang='lat' dir='ltr'><strong>ad</strong></span> 
     </span>
    </p>
   </div>
   <div class='ocr_carea' id='block_1_80' title="bbox 1993 3641 3562 3711">
    <p class='ocr_par' dir='ltr' id='par_1_80' title="bbox 1993 3641 3562 3711">
     <span class='ocr_line' id='line_1_80' title="bbox 1993 3641 3562 3711; baseline 0 -16"><span class='ocrx_word' id='word_1_557' title='bbox 1993 3645 2315 3709; x_wconf 83' lang='lat' dir='ltr'><strong>extremos),</strong></span> <span class='ocrx_word' id='word_1_558' title='bbox 2360 3641 2624 3695; x_wconf 86' lang='lat' dir='ltr'><strong>addubito</strong></span> <span class='ocrx_word' id='word_1_559' title='bbox 2656 3650 2817 3711; x_wconf 83' lang='lat' dir='ltr'><strong>atque</strong></span> <span class='ocrx_word' id='word_1_560' title='bbox 2849 3643 3091 3699; x_wconf 82' lang='lat' dir='ltr'><strong>incertus</strong></span> <span class='ocrx_word' id='word_1_561' title='bbox 3143 3657 3266 3696; x_wconf 89' lang='lat' dir='ltr'><strong>sum</strong></span> <span class='ocrx_word' id='word_1_562' title='bbox 3312 3643 3442 3711; x_wconf 88' lang='lat' dir='ltr'><strong>quid</strong></span> <span class='ocrx_word' id='word_1_563' title='bbox 3475 3644 3562 3696; x_wconf 90' lang='lat' dir='ltr'><strong>di-</strong></span> 
     </span>
    </p>
   </div>
   <div class='ocr_carea' id='block_1_81' title="bbox 1992 3733 3560 3804">
    <p class='ocr_par' dir='ltr' id='par_1_81' title="bbox 1992 3733 3560 3804">
     <span class='ocr_line' id='line_1_81' title="bbox 1992 3733 3560 3804; baseline 0.001 -16"><span class='ocrx_word' id='word_1_564' title='bbox 1992 3748 2136 3795; x_wconf 86' lang='lat' dir='ltr'><strong>cam,</strong></span> <span class='ocrx_word' id='word_1_565' title='bbox 2191 3749 2260 3787; x_wconf 89' lang='lat' dir='ltr'><strong>an</strong></span> <span class='ocrx_word' id='word_1_566' title='bbox 2309 3734 2521 3789; x_wconf 88' lang='lat' dir='ltr'><strong>scilicet</strong></span> <span class='ocrx_word' id='word_1_567' title='bbox 2564 3749 2665 3804; x_wconf 91' lang='lat' dir='ltr'><strong>pro</strong></span> <span class='ocrx_word' id='word_1_568' title='bbox 2720 3733 2913 3788; x_wconf 88' lang='lat' dir='ltr'><strong>classis</strong></span> <span class='ocrx_word' id='word_1_569' title='bbox 2966 3743 3019 3787; x_wconf 91' lang='lat' dir='ltr'><strong>et</strong></span> <span class='ocrx_word' id='word_1_570' title='bbox 3064 3733 3314 3789; x_wconf 86' lang='lat' dir='ltr'><strong>stationis</strong></span> <span class='ocrx_word' id='word_1_571' title='bbox 3366 3734 3560 3789; x_wconf 85' lang='lat' dir='ltr'><strong>ordine</strong></span> 
     </span>
    </p>
   </div>
   <div class='ocr_carea' id='block_1_82' title="bbox 1993 3821 3558 3892">
    <p class='ocr_par' dir='ltr' id='par_1_82' title="bbox 1993 3821 3558 3892">
     <span class='ocr_line' id='line_1_82' title="bbox 1993 3821 3558 3892; baseline 0.001 -17"><span class='ocrx_word' id='word_1_572' title='bbox 1993 3821 2445 3877; x_wconf 88' lang='lat' dir='ltr'><strong>illuminationem</strong></span> <span class='ocrx_word' id='word_1_573' title='bbox 2489 3823 2782 3892; x_wconf 85' lang='lat' dir='ltr'><strong>accipiant,</strong></span> <span class='ocrx_word' id='word_1_574' title='bbox 2815 3837 2883 3876; x_wconf 89' lang='lat' dir='ltr'><strong>an</strong></span> <span class='ocrx_word' id='word_1_575' title='bbox 2928 3832 3113 3877; x_wconf 90' lang='lat' dir='ltr'><strong>contra</strong></span> <span class='ocrx_word' id='word_1_576' title='bbox 3148 3837 3246 3891; x_wconf 93' lang='lat' dir='ltr'><strong>pro</strong></span> <span class='ocrx_word' id='word_1_577' title='bbox 3282 3823 3558 3876; x_wconf 90' lang='lat' dir='ltr'><strong>illumina-</strong></span> 
     </span>
    </p>
   </div>
   <div class='ocr_carea' id='block_1_83' title="bbox 1994 3912 3559 3970">
    <p class='ocr_par' dir='ltr' id='par_1_83' title="bbox 1994 3912 3559 3970">
     <span class='ocr_line' id='line_1_83' title="bbox 1994 3912 3559 3970; baseline 0.001 -3"><span class='ocrx_word' id='word_1_578' title='bbox 1994 3913 2158 3968; x_wconf 88' lang='lat' dir='ltr'><strong>tionis</strong></span> <span class='ocrx_word' id='word_1_579' title='bbox 2208 3912 2372 3967; x_wconf 90' lang='lat' dir='ltr'><strong>modo</strong></span> <span class='ocrx_word' id='word_1_580' title='bbox 2418 3915 2663 3968; x_wconf 86' lang='lat' dir='ltr'><strong>ordinem</strong></span> <span class='ocrx_word' id='word_1_581' title='bbox 2721 3929 2881 3969; x_wconf 88' lang='lat' dir='ltr'><strong>suum</strong></span> <span class='ocrx_word' id='word_1_582' title='bbox 2936 3914 3194 3968; x_wconf 90' lang='lat' dir='ltr'><strong>habeant.</strong></span> <span class='ocrx_word' id='word_1_583' title='bbox 3240 3912 3352 3969; x_wconf 83' lang='lat' dir='ltr'><strong>Hoc</strong></span> <span class='ocrx_word' id='word_1_584' title='bbox 3410 3924 3559 3970; x_wconf 89' lang='lat' dir='ltr'><strong>certe</strong></span> 
     </span>
    </p>
   </div>
   <div class='ocr_carea' id='block_1_84' title="bbox 1991 4004 3559 4075">
    <p class='ocr_par' dir='ltr' id='par_1_84' title="bbox 1991 4004 3559 4075">
     <span class='ocr_line' id='line_1_84' title="bbox 1991 4004 3559 4075; baseline -0.001 -15"><span class='ocrx_word' id='word_1_585' title='bbox 1991 4006 2138 4067; x_wconf 89' lang='lat' dir='ltr'><strong>dico.</strong></span> <span class='ocrx_word' id='word_1_586' title='bbox 2180 4007 2432 4060; x_wconf 74' lang='lat' dir='ltr'><strong>cmlestes</strong></span> <span class='ocrx_word' id='word_1_587' title='bbox 2481 4014 2534 4060; x_wconf 90' lang='lat' dir='ltr'><strong>et</strong></span> <span class='ocrx_word' id='word_1_588' title='bbox 2575 4007 2760 4060; x_wconf 88' lang='lat' dir='ltr'><strong>beatas</strong></span> <span class='ocrx_word' id='word_1_589' title='bbox 2808 4014 3042 4069; x_wconf 88' lang='lat' dir='ltr'><strong>mentes,</strong></span> <span class='ocrx_word' id='word_1_590' title='bbox 3098 4013 3379 4075; x_wconf 85' lang='lat' dir='ltr'><strong>propterea</strong></span> <span class='ocrx_word' id='word_1_591' title='bbox 3410 4004 3559 4075; x_wconf 90' lang='lat' dir='ltr'><strong>quod</strong></span> 
     </span>
    </p>
   </div>
   <div class='ocr_carea' id='block_1_85' title="bbox 1990 4095 3559 4167">
    <p class='ocr_par' dir='ltr' id='par_1_85' title="bbox 1990 4095 3559 4167">
     <span class='ocr_line' id='line_1_85' title="bbox 1990 4095 3559 4167; baseline -0.001 -16"><span class='ocrx_word' id='word_1_592' title='bbox 1990 4095 2103 4151; x_wconf 90' lang='lat' dir='ltr'><strong>Deo</strong></span> <span class='ocrx_word' id='word_1_593' title='bbox 2153 4097 2472 4167; x_wconf 75' lang='lat' dir='ltr'><strong>propinqua:</strong></span> <span class='ocrx_word' id='word_1_594' title='bbox 2539 4096 2649 4151; x_wconf 88' lang='lat' dir='ltr'><strong>sint</strong></span> <span class='ocrx_word' id='word_1_595' title='bbox 2719 4097 3019 4167; x_wconf 80' lang='lat' dir='ltr'><strong>primaeque</strong></span> <span class='ocrx_word' id='word_1_596' title='bbox 3082 4096 3316 4164; x_wconf 91' lang='lat' dir='ltr'><strong>primum</strong></span> <span class='ocrx_word' id='word_1_597' title='bbox 3373 4096 3559 4151; x_wconf 88' lang='lat' dir='ltr'><strong>lumen</strong></span> 
     </span>
    </p>
   </div>
   <div class='ocr_carea' id='block_1_86' title="bbox 1992 4186 3562 4257">
    <p class='ocr_par' dir='ltr' id='par_1_86' title="bbox 1992 4186 3562 4257">
     <span class='ocr_line' id='line_1_86' title="bbox 1992 4186 3562 4257; baseline -0.002 -15"><span class='ocrx_word' id='word_1_598' title='bbox 1992 4188 2270 4248; x_wconf 90' lang='lat' dir='ltr'><strong>hauriant,</strong></span> <span class='ocrx_word' id='word_1_599' title='bbox 2305 4202 2370 4242; x_wconf 90' lang='lat' dir='ltr'><strong>ac</strong></span> <span class='ocrx_word' id='word_1_600' title='bbox 2410 4187 2761 4257; x_wconf 80' lang='lat' dir='ltr'><strong>purissimum</strong></span> <span class='ocrx_word' id='word_1_601' title='bbox 2811 4188 2960 4242; x_wconf 91' lang='lat' dir='ltr'><strong>illine</strong></span> <span class='ocrx_word' id='word_1_602' title='bbox 3007 4187 3355 4256; x_wconf 78' lang='lat' dir='ltr'><strong>splendorem</strong></span> <span class='ocrx_word' id='word_1_603' title='bbox 3416 4186 3562 4240; x_wconf 87' lang='lat' dir='ltr'><strong>acci—</strong></span> 
     </span>
    </p>
   </div>
   <div class='ocr_carea' id='block_1_87' title="bbox 1989 4276 3560 4350">
    <p class='ocr_par' dir='ltr' id='par_1_87' title="bbox 1989 4276 3560 4350">
     <span class='ocr_line' id='line_1_87' title="bbox 1989 4276 3560 4350; baseline -0.002 -17"><span class='ocrx_word' id='word_1_604' title='bbox 1989 4280 2162 4350; x_wconf 89' lang='lat' dir='ltr'><strong>piant,</strong></span> <span class='ocrx_word' id='word_1_605' title='bbox 2200 4280 2421 4333; x_wconf 86' lang='lat' dir='ltr'><strong>uberius</strong></span> <span class='ocrx_word' id='word_1_606' title='bbox 2463 4294 2680 4349; x_wconf 88' lang='lat' dir='ltr'><strong>quoque</strong></span> <span class='ocrx_word' id='word_1_607' title='bbox 2721 4277 2953 4334; x_wconf 85' lang='lat' dir='ltr'><strong>fortasse</strong></span> <span class='ocrx_word' id='word_1_608' title='bbox 3001 4286 3056 4331; x_wconf 90' lang='lat' dir='ltr'><strong>et</strong></span> <span class='ocrx_word' id='word_1_609' title='bbox 3098 4276 3376 4345; x_wconf 90' lang='lat' dir='ltr'><strong>c0piosius</strong></span> <span class='ocrx_word' id='word_1_610' title='bbox 3431 4277 3560 4330; x_wconf 87' lang='lat' dir='ltr'><strong>illu-</strong></span> 
     </span>
    </p>
   </div>
   <div class='ocr_carea' id='block_1_88' title="bbox 1990 4368 3579 4453">
    <p class='ocr_par' dir='ltr' id='par_1_88' title="bbox 1990 4368 3579 4453">
     <span class='ocr_line' id='line_1_88' title="bbox 1990 4368 3579 4453; baseline -0.003 -26"><span class='ocrx_word' id='word_1_611' title='bbox 1990 4372 2151 4427; x_wconf 86' lang='lat' dir='ltr'><strong>strari</strong></span> <span class='ocrx_word' id='word_1_612' title='bbox 2186 4389 2200 4425; x_wconf 87' lang='lat'><strong>:</strong></span> <span class='ocrx_word' id='word_1_613' title='bbox 2227 4371 2473 4440; x_wconf 84' lang='lat' dir='ltr'><strong>aliosque</strong></span> <span class='ocrx_word' id='word_1_614' title='bbox 2507 4372 2613 4425; x_wconf 90' lang='lat' dir='ltr'><strong>alio</strong></span> <span class='ocrx_word' id='word_1_615' title='bbox 2641 4371 2799 4423; x_wconf 82' lang='lat' dir='ltr'><strong>modo</strong></span> <span class='ocrx_word' id='word_1_616' title='bbox 2839 4385 2935 4439; x_wconf 91' lang='lat' dir='ltr'><strong>pro</strong></span> <span class='ocrx_word' id='word_1_617' title='bbox 2978 4368 3249 4438; x_wconf 85' lang='lat' dir='ltr'><strong>cujusque</strong></span> <span class='ocrx_word' id='word_1_618' title='bbox 3280 4377 3473 4422; x_wconf 81' lang='lat' dir='ltr'><strong>natura</strong></span> <span class='ocrx_word' id='word_1_619' title='bbox 3504 4377 3579 4453; x_wconf 11' lang='lat' dir='ltr'><strong>et}</strong></span> 
     </span>
    </p>
   </div>
   <div class='ocr_carea' id='block_1_89' title="bbox 321 4459 3579 4547">
    <p class='ocr_par' dir='ltr' id='par_1_89' title="bbox 321 4459 3579 4547">
     <span class='ocr_line' id='line_1_89' title="bbox 321 4459 3579 4547; baseline 0.002 -44"><span class='ocrx_word' id='word_1_620' title='bbox 321 4460 467 4515; x_wconf 83' lang='lat' dir='ltr'><strong>modi</strong></span> <span class='ocrx_word' id='word_1_621' title='bbox 503 4477 626 4517; x_wconf 76' lang='lat' dir='ltr'><strong>esse</strong></span> <span class='ocrx_word' id='word_1_622' title='bbox 655 4471 835 4533; x_wconf 69' lang='lat' dir='ltr'><strong>queat,</strong></span> <span class='ocrx_word' id='word_1_623' title='bbox 866 4464 1124 4533; x_wconf 71' lang='lat' dir='ltr'><strong>Purgalio</strong></span> <span class='ocrx_word' id='word_1_624' title='bbox 1163 4466 1307 4521; x_wconf 79' lang='lat' dir='ltr'><strong>enim</strong></span> <span class='ocrx_word' id='word_1_625' title='bbox 1339 4467 1405 4522; x_wconf 82' lang='lat' dir='ltr'><strong>ad</strong></span> <span class='ocrx_word' id='word_1_626' title='bbox 1439 4468 1883 4539; x_wconf 72' lang='lat' dir='ltr'><strong>imaginationem</strong></span> <span class='ocrx_word' id='word_1_627' title='bbox 1920 4459 1966 4516; x_wconf 79' lang='lat' dir='ltr'><strong>D</strong></span> <span class='ocrx_word' id='word_1_628' title='bbox 1992 4464 2183 4518; x_wconf 89' lang='lat' dir='ltr'><strong>ordine</strong></span> <span class='ocrx_word' id='word_1_629' title='bbox 2231 4462 2551 4517; x_wconf 76' lang='lat' dir='ltr'><strong>illuminari.</strong></span> <span class='ocrx_word' id='word_1_630' title='bbox 2589 4461 2830 4517; x_wconf 82' lang='lat' dir='ltr'><strong>Tertium</strong></span> <span class='ocrx_word' id='word_1_631' title='bbox 2887 4461 3068 4515; x_wconf 90' lang='lat' dir='ltr'><strong>lumen</strong></span> <span class='ocrx_word' id='word_1_632' title='bbox 3117 4461 3281 4513; x_wconf 85' lang='lat' dir='ltr'><strong>ltomo</strong></span> <span class='ocrx_word' id='word_1_633' title='bbox 3322 4467 3427 4522; x_wconf 91' lang='lat' dir='ltr'><strong>cst,</strong></span> <span class='ocrx_word' id='word_1_634' title='bbox 3461 4460 3579 4547; x_wconf 36' lang='lat' dir='ltr'><strong>qui.</strong></span> 
     </span>
    </p>
   </div>
   <div class='ocr_carea' id='block_1_90' title="bbox 321 4551 1883 4624">
    <p class='ocr_par' dir='ltr' id='par_1_90' title="bbox 321 4551 1883 4624">
     <span class='ocr_line' id='line_1_90' title="bbox 321 4551 1883 4624; baseline 0.007 -20"><span class='ocrx_word' id='word_1_635' title='bbox 321 4551 597 4620; x_wconf 85' lang='lat' dir='ltr'><strong>animique</strong></span> <span class='ocrx_word' id='word_1_636' title='bbox 646 4553 911 4608; x_wconf 90' lang='lat' dir='ltr'><strong>visionem</strong></span> <span class='ocrx_word' id='word_1_637' title='bbox 963 4555 1248 4624; x_wconf 86' lang='lat' dir='ltr'><strong>subvehit,</strong></span> <span class='ocrx_word' id='word_1_638' title='bbox 1290 4557 1395 4612; x_wconf 89' lang='lat' dir='ltr'><strong>hoc</strong></span> <span class='ocrx_word' id='word_1_639' title='bbox 1441 4568 1559 4624; x_wconf 88' lang='lat' dir='ltr'><strong>est,</strong></span> <span class='ocrx_word' id='word_1_640' title='bbox 1612 4561 1755 4615; x_wconf 90' lang='lat' dir='ltr'><strong>actio</strong></span> <span class='ocrx_word' id='word_1_641' title='bbox 1817 4563 1883 4615; x_wconf 88' lang='lat' dir='ltr'><strong>ad</strong></span> 
     </span>
    </p>
   </div>
   <div class='ocr_carea' id='block_1_91' title="bbox 321 4645 1884 4719">
    <p class='ocr_par' dir='ltr' id='par_1_91' title="bbox 321 4645 1884 4719">
     <span class='ocr_line' id='line_1_91' title="bbox 321 4645 1884 4719; baseline 0.008 -22"><span class='ocrx_word' id='word_1_642' title='bbox 321 4645 865 4716; x_wconf 85' lang='lat' dir='ltr'><strong>contemplationem,</strong></span> <span class='ocrx_word' id='word_1_643' title='bbox 908 4649 1228 4719; x_wconf 88' lang='lat' dir='ltr'><strong>imaginatio</strong></span> <span class='ocrx_word' id='word_1_644' title='bbox 1265 4662 1462 4707; x_wconf 84' lang='lat' dir='ltr'><strong>autem</strong></span> <span class='ocrx_word' id='word_1_645' title='bbox 1521 4653 1587 4707; x_wconf 89' lang='lat' dir='ltr'><strong>ad</strong></span> <span class='ocrx_word' id='word_1_646' title='bbox 1642 4670 1884 4710; x_wconf 89' lang='lat' dir='ltr'><strong>amorem</strong></span> 
     </span>
    </p>
   </div>
   <div class='ocr_carea' id='block_1_92' title="bbox 319 4736 1884 4811">
    <p class='ocr_par' dir='ltr' id='par_1_92' title="bbox 319 4736 1884 4811">
     <span class='ocr_line' id='line_1_92' title="bbox 319 4736 1884 4811; baseline 0.01 -22"><span class='ocrx_word' id='word_1_647' title='bbox 319 4736 482 4804; x_wconf 86' lang='lat' dir='ltr'><strong>erigit</strong></span> <span class='ocrx_word' id='word_1_648' title='bbox 532 4747 751 4807; x_wconf 83' lang='lat' dir='ltr'><strong>prepter</strong></span> <span class='ocrx_word' id='word_1_649' title='bbox 808 4741 1137 4811; x_wconf 88' lang='lat' dir='ltr'><strong>voluptatem</strong></span> <span class='ocrx_word' id='word_1_650' title='bbox 1194 4742 1459 4801; x_wconf 89' lang='lat' dir='ltr'><strong>divinitus</strong></span> <span class='ocrx_word' id='word_1_651' title='bbox 1519 4761 1884 4804; x_wconf 85' lang='lat' dir='ltr'><strong>emanantem.</strong></span> 
     </span>
    </p>
   </div>
   <div class='ocr_carea' id='block_1_93' title="bbox 317 4827 1886 4907">
    <p class='ocr_par' dir='ltr' id='par_1_93' title="bbox 317 4827 1886 4907">
     <span class='ocr_line' id='line_1_93' title="bbox 317 4827 1886 4907; baseline 0.008 -27"><span class='ocrx_word' id='word_1_652' title='bbox 317 4827 489 4883; x_wconf 82' lang='lat' dir='ltr'><strong>Amor</strong></span> <span class='ocrx_word' id='word_1_653' title='bbox 516 4830 753 4900; x_wconf 87' lang='lat' dir='ltr'><strong>denique</strong></span> <span class='ocrx_word' id='word_1_654' title='bbox 793 4830 860 4886; x_wconf 92' lang='lat' dir='ltr'><strong>ad</strong></span> <span class='ocrx_word' id='word_1_655' title='bbox 899 4832 1336 4904; x_wconf 80' lang='lat' dir='ltr'><strong>intelligentiam,</strong></span> <span class='ocrx_word' id='word_1_656' title='bbox 1366 4850 1488 4905; x_wconf 61' lang='lat' dir='ltr'><strong>quae</strong></span> <span class='ocrx_word' id='word_1_657' title='bbox 1535 4837 1886 4907; x_wconf 84' lang='lat' dir='ltr'><strong>imaginatio-</strong></span> 
     </span>
    </p>
   </div>
   <div class='ocr_carea' id='block_1_94' title="bbox 320 4921 1882 4998">
    <p class='ocr_par' dir='ltr' id='par_1_94' title="bbox 320 4921 1882 4998">
     <span class='ocr_line' id='line_1_94' title="bbox 320 4921 1882 4998; baseline 0.008 -27"><span class='ocrx_word' id='word_1_658' title='bbox 320 4933 445 4975; x_wconf 87' lang='lat' dir='ltr'><strong>nem</strong></span> <span class='ocrx_word' id='word_1_659' title='bbox 482 4921 719 4989; x_wconf 82' lang='lat' dir='ltr'><strong>puritate</strong></span> <span class='ocrx_word' id='word_1_660' title='bbox 747 4931 798 4976; x_wconf 88' lang='lat' dir='ltr'><strong>et</strong></span> <span class='ocrx_word' id='word_1_661' title='bbox 832 4923 1218 4991; x_wconf 85' lang='lat' dir='ltr'><strong>perspicuitate</strong></span> <span class='ocrx_word' id='word_1_662' title='bbox 1256 4928 1551 4982; x_wconf 88' lang='lat' dir='ltr'><strong>antecedit.</strong></span> <span class='ocrx_word' id='word_1_663' title='bbox 1586 4928 1782 4998; x_wconf 83' lang='lat' dir='ltr'><strong>Atque,</strong></span> <span class='ocrx_word' id='word_1_664' title='bbox 1824 4937 1882 4983; x_wconf 92' lang='lat' dir='ltr'><strong>ut</strong></span> 
     </span>
    </p>
   </div>
   <div class='ocr_carea' id='block_1_95' title="bbox 318 5007 1879 5087">
    <p class='ocr_par' dir='ltr' id='par_1_95' title="bbox 318 5007 1879 5087">
     <span class='ocr_line' id='line_1_95' title="bbox 318 5007 1879 5087; baseline 0.007 -24"><span class='ocrx_word' id='word_1_665' title='bbox 318 5024 436 5065; x_wconf 86' lang='lat' dir='ltr'><strong>rem</strong></span> <span class='ocrx_word' id='word_1_666' title='bbox 487 5007 643 5067; x_wconf 72' lang='lat' dir='ltr'><strong>brevi</strong></span> <span class='ocrx_word' id='word_1_667' title='bbox 685 5013 1057 5082; x_wconf 88' lang='lat' dir='ltr'><strong>complectar,</strong></span> <span class='ocrx_word' id='word_1_668' title='bbox 1098 5025 1362 5085; x_wconf 91' lang='lat' dir='ltr'><strong>quantum</strong></span> <span class='ocrx_word' id='word_1_669' title='bbox 1419 5018 1653 5087; x_wconf 88' lang='lat' dir='ltr'><strong>quisque</strong></span> <span class='ocrx_word' id='word_1_670' title='bbox 1697 5028 1879 5085; x_wconf 87' lang='lat' dir='ltr'><strong>amat,</strong></span> 
     </span>
    </p>
   </div>
   <div class='ocr_carea' id='block_1_96' title="bbox 318 5105 1883 5179">
    <p class='ocr_par' dir='ltr' id='par_1_96' title="bbox 318 5105 1883 5179">
     <span class='ocr_line' id='line_1_96' title="bbox 318 5105 1883 5179; baseline 0.005 -23"><span class='ocrx_word' id='word_1_671' title='bbox 318 5109 534 5156; x_wconf 81' lang='lat' dir='ltr'><strong>tantum</strong></span> <span class='ocrx_word' id='word_1_672' title='bbox 585 5117 802 5172; x_wconf 89' lang='lat' dir='ltr'><strong>quoque</strong></span> <span class='ocrx_word' id='word_1_673' title='bbox 842 5105 1018 5160; x_wconf 88' lang='lat' dir='ltr'><strong>cernit</strong></span> <span class='ocrx_word' id='word_1_674' title='bbox 1066 5116 1232 5173; x_wconf 88' lang='lat' dir='ltr'><strong>atque</strong></span> <span class='ocrx_word' id='word_1_675' title='bbox 1279 5107 1529 5173; x_wconf 79' lang='lat' dir='ltr'><strong>intelligit</strong></span> <span class='ocrx_word' id='word_1_676' title='bbox 1572 5119 1883 5179; x_wconf 88' lang='lat' dir='ltr'><strong>:quantum</strong></span> 
     </span>
    </p>
   </div>
   <div class='ocr_carea' id='block_1_97' title="bbox 321 5194 1882 5270">
    <p class='ocr_par' dir='ltr' id='par_1_97' title="bbox 321 5194 1882 5270">
     <span class='ocr_line' id='line_1_97' title="bbox 321 5194 1882 5270; baseline 0.004 -24"><span class='ocrx_word' id='word_1_677' title='bbox 321 5209 518 5249; x_wconf 81' lang='lat' dir='ltr'><strong>rursus</strong></span> <span class='ocrx_word' id='word_1_678' title='bbox 560 5194 833 5265; x_wconf 81' lang='lat' dir='ltr'><strong>intelligit,</strong></span> <span class='ocrx_word' id='word_1_679' title='bbox 895 5205 1106 5260; x_wconf 79' lang='lat' dir='ltr'><strong>tantum</strong></span> <span class='ocrx_word' id='word_1_680' title='bbox 1163 5198 1327 5252; x_wconf 88' lang='lat' dir='ltr'><strong>etiam</strong></span> <span class='ocrx_word' id='word_1_681' title='bbox 1383 5208 1531 5252; x_wconf 90' lang='lat' dir='ltr'><strong>amat</strong></span> <span class='ocrx_word' id='word_1_682' title='bbox 1564 5216 1579 5252; x_wconf 88' lang='lat'><strong>:</strong></span> <span class='ocrx_word' id='word_1_683' title='bbox 1612 5211 1772 5270; x_wconf 88' lang='lat' dir='ltr'><strong>atque</strong></span> <span class='ocrx_word' id='word_1_684' title='bbox 1812 5203 1882 5254; x_wconf 89' lang='lat' dir='ltr'><strong>ita</strong></span> 
     </span>
    </p>
   </div>
   <div class='ocr_carea' id='block_1_98' title="bbox 322 5284 1885 5353">
    <p class='ocr_par' dir='ltr' id='par_1_98' title="bbox 322 5284 1885 5353">
     <span class='ocr_line' id='line_1_98' title="bbox 322 5284 1885 5353; baseline 0.006 -17"><span class='ocrx_word' id='word_1_685' title='bbox 322 5284 549 5353; x_wconf 87' lang='lat' dir='ltr'><strong>pulchre</strong></span> <span class='ocrx_word' id='word_1_686' title='bbox 592 5286 681 5341; x_wconf 89' lang='lat' dir='ltr'><strong>hic</strong></span> <span class='ocrx_word' id='word_1_687' title='bbox 730 5288 881 5342; x_wconf 90' lang='lat' dir='ltr'><strong>orbis</strong></span> <span class='ocrx_word' id='word_1_688' title='bbox 928 5286 1184 5341; x_wconf 85' lang='lat' dir='ltr'><strong>volvitur.</strong></span> <span class='ocrx_word' id='word_1_689' title='bbox 1226 5287 1468 5342; x_wconf 82' lang='lat' dir='ltr'><strong>Movetur</strong></span> <span class='ocrx_word' id='word_1_690' title='bbox 1511 5296 1691 5341; x_wconf 86' lang='lat' dir='ltr'><strong>autem</strong></span> <span class='ocrx_word' id='word_1_691' title='bbox 1743 5289 1885 5345; x_wconf 88' lang='lat' dir='ltr'><strong>Deus</strong></span> 
     </span>
    </p>
   </div>
   <div class='ocr_carea' id='block_1_99' title="bbox 324 5377 1884 5450">
    <p class='ocr_par' dir='ltr' id='par_1_99' title="bbox 324 5377 1884 5450">
     <span class='ocr_line' id='line_1_99' title="bbox 324 5377 1884 5450; baseline 0.001 -20"><span class='ocrx_word' id='word_1_692' title='bbox 324 5377 410 5430; x_wconf 90' lang='lat' dir='ltr'><strong>sui</strong></span> <span class='ocrx_word' id='word_1_693' title='bbox 454 5378 626 5447; x_wconf 91' lang='lat' dir='ltr'><strong>ipsius</strong></span> <span class='ocrx_word' id='word_1_694' title='bbox 665 5379 1144 5447; x_wconf 87' lang='lat' dir='ltr'><strong>contemplatione,</strong></span> <span class='ocrx_word' id='word_1_695' title='bbox 1175 5388 1336 5448; x_wconf 90' lang='lat' dir='ltr'><strong>atque</strong></span> <span class='ocrx_word' id='word_1_696' title='bbox 1366 5380 1483 5449; x_wconf 88' lang='lat' dir='ltr'><strong>ipse</strong></span> <span class='ocrx_word' id='word_1_697' title='bbox 1522 5393 1554 5433; x_wconf 87' lang='lat' dir='ltr'><strong>a</strong></span> <span class='ocrx_word' id='word_1_698' title='bbox 1595 5394 1655 5434; x_wconf 91' lang='lat' dir='ltr'><strong>se</strong></span> <span class='ocrx_word' id='word_1_699' title='bbox 1695 5383 1884 5450; x_wconf 87' lang='lat' dir='ltr'><strong>cogni-</strong></span> 
     </span>
    </p>
   </div>
   <div class='ocr_carea' id='block_1_100' title="bbox 324 5469 1887 5540">
    <p class='ocr_par' dir='ltr' id='par_1_100' title="bbox 324 5469 1887 5540">
     <span class='ocr_line' id='line_1_100' title="bbox 324 5469 1887 5540; baseline 0.004 -20"><span class='ocrx_word' id='word_1_700' title='bbox 324 5469 474 5523; x_wconf 85' lang='lat' dir='ltr'><strong>tione</strong></span> <span class='ocrx_word' id='word_1_701' title='bbox 504 5471 988 5540; x_wconf 87' lang='lat' dir='ltr'><strong>comprehenditur</strong></span> <span class='ocrx_word' id='word_1_702' title='bbox 1020 5487 1037 5527; x_wconf 86' lang='lat'><strong>:</strong></span> <span class='ocrx_word' id='word_1_703' title='bbox 1068 5470 1134 5524; x_wconf 89' lang='lat' dir='ltr'><strong>ad</strong></span> <span class='ocrx_word' id='word_1_704' title='bbox 1156 5479 1378 5525; x_wconf 83' lang='lat' dir='ltr'><strong>externa</strong></span> <span class='ocrx_word' id='word_1_705' title='bbox 1409 5485 1537 5525; x_wconf 88' lang='lat' dir='ltr'><strong>vero</strong></span> <span class='ocrx_word' id='word_1_706' title='bbox 1560 5486 1655 5540; x_wconf 91' lang='lat' dir='ltr'><strong>per</strong></span> <span class='ocrx_word' id='word_1_707' title='bbox 1686 5470 1887 5526; x_wconf 84' lang='lat' dir='ltr'><strong>illumi-</strong></span> 
     </span>
    </p>
   </div>
   <div class='ocr_carea' id='block_1_101' title="bbox 322 5559 1882 5632">
    <p class='ocr_par' dir='ltr' id='par_1_101' title="bbox 322 5559 1882 5632">
     <span class='ocr_line' id='line_1_101' title="bbox 322 5559 1882 5632; baseline 0.003 -21"><span class='ocrx_word' id='word_1_708' title='bbox 322 5559 603 5614; x_wconf 88' lang='lat' dir='ltr'><strong>nationem</strong></span> <span class='ocrx_word' id='word_1_709' title='bbox 628 5577 790 5631; x_wconf 89' lang='lat' dir='ltr'><strong>parce</strong></span> <span class='ocrx_word' id='word_1_710' title='bbox 813 5561 1136 5616; x_wconf 74' lang='lat' dir='ltr'><strong>diffunditur</strong></span> <span class='ocrx_word' id='word_1_711' title='bbox 1164 5578 1177 5612; x_wconf 91' lang='lat'><strong>:</strong></span> <span class='ocrx_word' id='word_1_712' title='bbox 1213 5577 1310 5616; x_wconf 88' lang='lat' dir='ltr'><strong>nec</strong></span> <span class='ocrx_word' id='word_1_713' title='bbox 1337 5570 1545 5615; x_wconf 87' lang='lat' dir='ltr'><strong>tantum</strong></span> <span class='ocrx_word' id='word_1_714' title='bbox 1579 5577 1763 5632; x_wconf 85' lang='lat' dir='ltr'><strong>parce,</strong></span> <span class='ocrx_word' id='word_1_715' title='bbox 1789 5563 1882 5617; x_wconf 88' lang='lat' dir='ltr'><strong>sed</strong></span> 
     </span>
    </p>
   </div>
   <div class='ocr_carea' id='block_1_102' title="bbox 392 5728 1368 5798">
    <p class='ocr_par' dir='ltr' id='par_1_102' title="bbox 392 5728 1368 5798">
     <span class='ocr_line' id='line_1_102' title="bbox 392 5728 1368 5798; baseline 0.009 -18"><span class='ocrx_word' id='word_1_716' title='bbox 392 5730 460 5762; x_wconf 74' lang='grc'><strong>’⁸⁸</strong></span> <span class='ocrx_word' id='word_1_717' title='bbox 484 5728 617 5786; x_wconf 84' lang='lat' dir='ltr'><strong>Luc.</strong></span> <span class='ocrx_word' id='word_1_718' title='bbox 652 5746 741 5798; x_wconf 79' lang='lat' dir='ltr'><strong>xv,</strong></span> <span class='ocrx_word' id='word_1_719' title='bbox 772 5734 823 5789; x_wconf 89' lang='lat'><strong>7.</strong></span> <span class='ocrx_word' id='word_1_720' title='bbox 898 5733 943 5765; x_wconf 79' lang='lat'>“</span> <span class='ocrx_word' id='word_1_721' title='bbox 966 5731 1158 5789; x_wconf 83' lang='lat' dir='ltr'><strong>Matth.</strong></span> <span class='ocrx_word' id='word_1_722' title='bbox 1187 5749 1237 5798; x_wconf 92' lang='lat' dir='ltr'><strong>v,</strong></span> <span class='ocrx_word' id='word_1_723' title='bbox 1282 5733 1368 5788; x_wconf 73' lang='grc'><strong>14.</strong></span> 
     </span>
    </p>
   </div>
   <div class='ocr_carea' id='block_1_103' title="bbox 1991 4549 3553 4629">
    <p class='ocr_par' dir='ltr' id='par_1_103' title="bbox 1991 4549 3553 4629">
     <span class='ocr_line' id='line_1_103' title="bbox 1991 4549 3553 4629; baseline -0.003 -22"><span class='ocrx_word' id='word_1_724' title='bbox 1991 4555 2158 4608; x_wconf 86' lang='lat' dir='ltr'><strong>etiam</strong></span> <span class='ocrx_word' id='word_1_725' title='bbox 2191 4554 2333 4621; x_wconf 88' lang='lat' dir='ltr'><strong>apud</strong></span> <span class='ocrx_word' id='word_1_726' title='bbox 2363 4554 2622 4622; x_wconf 87' lang='lat' dir='ltr'><strong>profanos</strong></span> <span class='ocrx_word' id='word_1_727' title='bbox 2645 4559 2901 4606; x_wconf 90' lang='lat' dir='ltr'><strong>auctores</strong></span> <span class='ocrx_word' id='word_1_728' title='bbox 2931 4550 3048 4619; x_wconf 81' lang='grc' dir='ltr'><strong>φῶς</strong></span> <span class='ocrx_word' id='word_1_729' title='bbox 3079 4549 3300 4629; x_wconf 84' lang='lat' dir='ltr'><strong>dicitur,</strong></span> <span class='ocrx_word' id='word_1_730' title='bbox 3333 4551 3403 4603; x_wconf 90' lang='lat' dir='ltr'><strong>ob</strong></span> <span class='ocrx_word' id='word_1_731' title='bbox 3434 4566 3553 4603; x_wconf 88' lang='lat' dir='ltr'><strong>eam</strong></span> 
     </span>
    </p>
   </div>
   <div class='ocr_carea' id='block_1_104' title="bbox 1987 4641 3554 4715">
    <p class='ocr_par' dir='ltr' id='par_1_104' title="bbox 1987 4641 3554 4715">
     <span class='ocr_line' id='line_1_104' title="bbox 1987 4641 3554 4715; baseline -0.003 -14"><span class='ocrx_word' id='word_1_732' title='bbox 1987 4644 2224 4702; x_wconf 88' lang='lat' dir='ltr'><strong>fortasse</strong></span> <span class='ocrx_word' id='word_1_733' title='bbox 2254 4660 2497 4709; x_wconf 84' lang='lat' dir='ltr'><strong>causam,</strong></span> <span class='ocrx_word' id='word_1_734' title='bbox 2529 4644 2656 4715; x_wconf 90' lang='lat' dir='ltr'><strong>quia</strong></span> <span class='ocrx_word' id='word_1_735' title='bbox 2689 4644 2901 4698; x_wconf 81' lang='lat' dir='ltr'><strong>ratione</strong></span> <span class='ocrx_word' id='word_1_736' title='bbox 2925 4642 3135 4713; x_wconf 83' lang='lat' dir='ltr'><strong>praediti</strong></span> <span class='ocrx_word' id='word_1_737' title='bbox 3170 4658 3381 4697; x_wconf 88' lang='lat' dir='ltr'><strong>sumus.</strong></span> <span class='ocrx_word' id='word_1_738' title='bbox 3419 4641 3554 4697; x_wconf 84' lang='lat' dir='ltr'><strong>Nam</strong></span> 
     </span>
    </p>
   </div>
   <div class='ocr_carea' id='block_1_105' title="bbox 1989 4735 3557 4808">
    <p class='ocr_par' dir='ltr' id='par_1_105' title="bbox 1989 4735 3557 4808">
     <span class='ocr_line' id='line_1_105' title="bbox 1989 4735 3557 4808; baseline -0.003 -15"><span class='ocrx_word' id='word_1_739' title='bbox 1989 4743 2135 4808; x_wconf 87' lang='lat' dir='ltr'><strong>quod</strong></span> <span class='ocrx_word' id='word_1_740' title='bbox 2168 4739 2360 4792; x_wconf 82' lang='lat' dir='ltr'><strong>oculus</strong></span> <span class='ocrx_word' id='word_1_741' title='bbox 2391 4737 2555 4792; x_wconf 91' lang='lat' dir='ltr'><strong>estin</strong></span> <span class='ocrx_word' id='word_1_742' title='bbox 2591 4751 2843 4805; x_wconf 90' lang='lat' dir='ltr'><strong>corpore,</strong></span> <span class='ocrx_word' id='word_1_743' title='bbox 2877 4736 2980 4790; x_wconf 87' lang='lat' dir='ltr'><strong>hoc</strong></span> <span class='ocrx_word' id='word_1_744' title='bbox 3010 4749 3165 4789; x_wconf 89' lang='lat' dir='ltr'><strong>mens</strong></span> <span class='ocrx_word' id='word_1_745' title='bbox 3205 4744 3257 4788; x_wconf 91' lang='lat' dir='ltr'><strong>et</strong></span> <span class='ocrx_word' id='word_1_746' title='bbox 3298 4735 3434 4789; x_wconf 86' lang='lat' dir='ltr'><strong>ratio</strong></span> <span class='ocrx_word' id='word_1_747' title='bbox 3473 4746 3557 4790; x_wconf 91' lang='lat' dir='ltr'><strong>est</strong></span> 
     </span>
    </p>
   </div>
   <div class='ocr_carea' id='block_1_106' title="bbox 1990 4824 3556 4898">
    <p class='ocr_par' dir='ltr' id='par_1_106' title="bbox 1990 4824 3556 4898">
     <span class='ocr_line' id='line_1_106' title="bbox 1990 4824 3556 4898; baseline -0.003 -15"><span class='ocrx_word' id='word_1_748' title='bbox 1990 4830 2044 4884; x_wconf 91' lang='lat' dir='ltr'><strong>in</strong></span> <span class='ocrx_word' id='word_1_749' title='bbox 2093 4830 2296 4893; x_wconf 88' lang='lat' dir='ltr'><strong>anima,</strong></span> <span class='ocrx_word' id='word_1_750' title='bbox 2347 4840 2531 4898; x_wconf 89' lang='lat' dir='ltr'><strong>utpote</strong></span> <span class='ocrx_word' id='word_1_751' title='bbox 2573 4843 2692 4882; x_wconf 91' lang='lat' dir='ltr'><strong>eam</strong></span> <span class='ocrx_word' id='word_1_752' title='bbox 2728 4827 2934 4881; x_wconf 91' lang='lat' dir='ltr'><strong>lumine</strong></span> <span class='ocrx_word' id='word_1_753' title='bbox 2984 4824 3333 4896; x_wconf 89' lang='lat' dir='ltr'><strong>perfundens.</strong></span> <span class='ocrx_word' id='word_1_754' title='bbox 3382 4827 3556 4894; x_wconf 84' lang='grc' dir='ltr'>Λόγον</span> 
     </span>
    </p>
   </div>
   <div class='ocr_carea' id='block_1_107' title="bbox 1987 4916 3555 4986">
    <p class='ocr_par' dir='ltr' id='par_1_107' title="bbox 1987 4916 3555 4986">
     <span class='ocr_line' id='line_1_107' title="bbox 1987 4916 3555 4986; baseline -0.004 -12"><span class='ocrx_word' id='word_1_755' title='bbox 1987 4920 2130 4974; x_wconf 83' lang='lat' dir='ltr'><strong>ettim</strong></span> <span class='ocrx_word' id='word_1_756' title='bbox 2162 4929 2382 4974; x_wconf 83' lang='lat' dir='ltr'><strong>mentem</strong></span> <span class='ocrx_word' id='word_1_757' title='bbox 2416 4931 2605 4986; x_wconf 80' lang='lat' dir='ltr'><strong>vocat;</strong></span> <span class='ocrx_word' id='word_1_758' title='bbox 2636 4919 2719 4973; x_wconf 85' lang='lat' dir='ltr'><strong>vel</strong></span> <span class='ocrx_word' id='word_1_759' title='bbox 2764 4919 2925 4972; x_wconf 85' lang='lat' dir='ltr'><strong>etiam</strong></span> <span class='ocrx_word' id='word_1_760' title='bbox 2961 4932 3057 4986; x_wconf 87' lang='lat' dir='ltr'><strong>per</strong></span> <span class='ocrx_word' id='word_1_761' title='bbox 3085 4916 3242 4983; x_wconf 79' lang='grc' dir='ltr'>λόγον</span> <span class='ocrx_word' id='word_1_762' title='bbox 3266 4932 3555 4970; x_wconf 82' lang='lat' dir='ltr'><strong>sermonem</strong></span> 
     </span>
    </p>
   </div>
   <div class='ocr_carea' id='block_1_108' title="bbox 1991 5008 3557 5081">
    <p class='ocr_par' dir='ltr' id='par_1_108' title="bbox 1991 5008 3557 5081">
     <span class='ocr_line' id='line_1_108' title="bbox 1991 5008 3557 5081; baseline -0.002 -18"><span class='ocrx_word' id='word_1_763' title='bbox 1991 5009 2267 5079; x_wconf 83' lang='lat' dir='ltr'><strong>intelligit.</strong></span> <span class='ocrx_word' id='word_1_764' title='bbox 2297 5008 2431 5065; x_wconf 87' lang='lat' dir='ltr'><strong>Nam</strong></span> <span class='ocrx_word' id='word_1_765' title='bbox 2465 5011 2554 5065; x_wconf 91' lang='lat' dir='ltr'><strong>hic</strong></span> <span class='ocrx_word' id='word_1_766' title='bbox 2587 5025 2804 5081; x_wconf 89' lang='lat' dir='ltr'><strong>quoque</strong></span> <span class='ocrx_word' id='word_1_767' title='bbox 2830 5009 3045 5064; x_wconf 89' lang='lat' dir='ltr'><strong>abditas</strong></span> <span class='ocrx_word' id='word_1_768' title='bbox 3080 5017 3243 5077; x_wconf 87' lang='lat' dir='ltr'><strong>atque</strong></span> <span class='ocrx_word' id='word_1_769' title='bbox 3271 5009 3557 5062; x_wconf 86' lang='lat' dir='ltr'><strong>abstrusas</strong></span> 
     </span>
    </p>
   </div>
   <div class='ocr_carea' id='block_1_109' title="bbox 1993 5095 3579 5169">
    <p class='ocr_par' dir='ltr' id='par_1_109' title="bbox 1993 5095 3579 5169">
     <span class='ocr_line' id='line_1_109' title="bbox 1993 5095 3579 5169; baseline 0.001 -19"><span class='ocrx_word' id='word_1_770' title='bbox 1993 5099 2285 5168; x_wconf 89' lang='lat' dir='ltr'><strong>animoque</strong></span> <span class='ocrx_word' id='word_1_771' title='bbox 2331 5101 2573 5157; x_wconf 85' lang='lat' dir='ltr'><strong>inclusas</strong></span> <span class='ocrx_word' id='word_1_772' title='bbox 2619 5101 2978 5169; x_wconf 86' lang='lat' dir='ltr'><strong>cogitationes</strong></span> <span class='ocrx_word' id='word_1_773' title='bbox 3021 5101 3075 5153; x_wconf 92' lang='lat' dir='ltr'><strong>in</strong></span> <span class='ocrx_word' id='word_1_774' title='bbox 3116 5099 3292 5153; x_wconf 89' lang='lat' dir='ltr'><strong>lucem</strong></span> <span class='ocrx_word' id='word_1_775' title='bbox 3323 5095 3579 5168; x_wconf 53' lang='lat' dir='ltr'><strong>profert;</strong></span> 
     </span>
    </p>
   </div>
   <div class='ocr_carea' id='block_1_110' title="bbox 1992 5191 3553 5266">
    <p class='ocr_par' dir='ltr' id='par_1_110' title="bbox 1992 5191 3553 5266">
     <span class='ocr_line' id='line_1_110' title="bbox 1992 5191 3553 5266; baseline -0.001 -19"><span class='ocrx_word' id='word_1_776' title='bbox 1992 5191 2111 5247; x_wconf 83' lang='lat' dir='ltr'><strong>Jam</strong></span> <span class='ocrx_word' id='word_1_777' title='bbox 2149 5195 2288 5247; x_wconf 90' lang='lat' dir='ltr'><strong>inter</strong></span> <span class='ocrx_word' id='word_1_778' title='bbox 2327 5195 2577 5249; x_wconf 89' lang='lat' dir='ltr'><strong>homines</strong></span> <span class='ocrx_word' id='word_1_779' title='bbox 2615 5210 2835 5264; x_wconf 90' lang='lat' dir='ltr'><strong>quoque</strong></span> <span class='ocrx_word' id='word_1_780' title='bbox 2873 5196 2910 5249; x_wconf 92' lang='lat' dir='ltr'><strong>ii</strong></span> <span class='ocrx_word' id='word_1_781' title='bbox 2947 5195 3040 5266; x_wconf 87' lang='lat' dir='ltr'><strong>qui</strong></span> <span class='ocrx_word' id='word_1_782' title='bbox 3071 5209 3166 5264; x_wconf 89' lang='lat' dir='ltr'><strong>per</strong></span> <span class='ocrx_word' id='word_1_783' title='bbox 3198 5194 3452 5248; x_wconf 88' lang='lat' dir='ltr'><strong>virtutem</strong></span> <span class='ocrx_word' id='word_1_784' title='bbox 3486 5192 3553 5246; x_wconf 86' lang='lat' dir='ltr'><strong>ad</strong></span> 
     </span>
    </p>
   </div>
   <div class='ocr_carea' id='block_1_111' title="bbox 1988 5285 3571 5361">
    <p class='ocr_par' dir='ltr' id='par_1_111' title="bbox 1988 5285 3571 5361">
     <span class='ocr_line' id='line_1_111' title="bbox 1988 5285 3571 5361; baseline -0.001 -23"><span class='ocrx_word' id='word_1_785' title='bbox 1988 5285 2158 5341; x_wconf 82' lang='lat' dir='ltr'><strong>Deum</strong></span> <span class='ocrx_word' id='word_1_786' title='bbox 2226 5286 2453 5356; x_wconf 90' lang='lat' dir='ltr'><strong>propius</strong></span> <span class='ocrx_word' id='word_1_787' title='bbox 2504 5285 2812 5352; x_wconf 90' lang='lat' dir='ltr'><strong>accedunt,</strong></span> <span class='ocrx_word' id='word_1_788' title='bbox 2876 5286 3058 5339; x_wconf 90' lang='lat' dir='ltr'><strong>lumen</strong></span> <span class='ocrx_word' id='word_1_789' title='bbox 3134 5285 3429 5346; x_wconf 90' lang='lat' dir='ltr'><strong>dicuntur,</strong></span> <span class='ocrx_word' id='word_1_790' title='bbox 3494 5292 3571 5361; x_wconf 82' lang='lat' dir='ltr'><strong>ut</strong></span> 
     </span>
    </p>
   </div>
   <div class='ocr_carea' id='block_1_112' title="bbox 1988 5373 3555 5433">
    <p class='ocr_par' dir='ltr' id='par_1_112' title="bbox 1988 5373 3555 5433">
     <span class='ocr_line' id='line_1_112' title="bbox 1988 5373 3555 5433; baseline -0.004 -2"><span class='ocrx_word' id='word_1_791' title='bbox 1988 5376 2283 5431; x_wconf 86' lang='lat' dir='ltr'><strong>deiformes</strong></span> <span class='ocrx_word' id='word_1_792' title='bbox 2308 5393 2373 5431; x_wconf 90' lang='lat' dir='ltr'><strong>ac</strong></span> <span class='ocrx_word' id='word_1_793' title='bbox 2403 5377 2493 5432; x_wconf 85' lang='lat' dir='ltr'><strong>Dei</strong></span> <span class='ocrx_word' id='word_1_794' title='bbox 2523 5377 2936 5433; x_wconf 84' lang='lat' dir='ltr'><strong>similitudinem</strong></span> <span class='ocrx_word' id='word_1_795' title='bbox 2961 5377 3196 5433; x_wconf 90' lang='lat' dir='ltr'><strong>assecuti</strong></span> <span class='ocrx_word' id='word_1_796' title='bbox 3223 5375 3366 5429; x_wconf 80' lang='lat' dir='ltr'><strong>velut</strong></span> <span class='ocrx_word' id='word_1_797' title='bbox 3390 5373 3555 5426; x_wconf 79' lang='lat' dir='ltr'><strong>disci-</strong></span> 
     </span>
    </p>
   </div>
   <div class='ocr_carea' id='block_1_113' title="bbox 1988 5464 3554 5540">
    <p class='ocr_par' dir='ltr' id='par_1_113' title="bbox 1988 5464 3554 5540">
     <span class='ocr_line' id='line_1_113' title="bbox 1988 5464 3554 5540; baseline -0.003 -17"><span class='ocrx_word' id='word_1_798' title='bbox 1988 5471 2126 5540; x_wconf 89' lang='lat' dir='ltr'><strong>puli,</strong></span> <span class='ocrx_word' id='word_1_799' title='bbox 2158 5469 2222 5523; x_wconf 90' lang='lat' dir='ltr'><strong>ad</strong></span> <span class='ocrx_word' id='word_1_800' title='bbox 2255 5485 2391 5539; x_wconf 91' lang='lat' dir='ltr'><strong>quos</strong></span> <span class='ocrx_word' id='word_1_801' title='bbox 2428 5470 2631 5524; x_wconf 82' lang='lat' dir='ltr'><strong>dictum</strong></span> <span class='ocrx_word' id='word_1_802' title='bbox 2684 5481 2765 5525; x_wconf 93' lang='lat' dir='ltr'><strong>cst</strong></span> <span class='ocrx_word' id='word_1_803' title='bbox 2794 5489 2806 5525; x_wconf 91' lang='lat'><strong>:</strong></span> <span class='ocrx_word' id='word_1_804' title='bbox 2851 5468 2954 5523; x_wconf 74' lang='lat' dir='ltr'><strong>Vos</strong></span> <span class='ocrx_word' id='word_1_805' title='bbox 2999 5469 3123 5522; x_wconf 85' lang='lat' dir='ltr'><strong>estis</strong></span> <span class='ocrx_word' id='word_1_806' title='bbox 3157 5468 3247 5520; x_wconf 73' lang='lat' dir='ltr'><strong>tum</strong></span> <span class='ocrx_word' id='word_1_807' title='bbox 3282 5464 3554 5519; x_wconf 79' lang='lat' dir='ltr'><strong>mundi“.</strong></span> 
     </span>
    </p>
   </div>
   <div class='ocr_carea' id='block_1_114' title="bbox 1987 5556 3573 5632">
    <p class='ocr_par' dir='ltr' id='par_1_114' title="bbox 1987 5556 3573 5632">
     <span class='ocr_line' id='line_1_114' title="bbox 1987 5556 3573 5632; baseline -0.006 -17"><span class='ocrx_word' id='word_1_808' title='bbox 1987 5562 2252 5616; x_wconf 72' lang='lat' dir='ltr'><strong>Caeterum</strong></span> <span class='ocrx_word' id='word_1_809' title='bbox 2291 5559 2434 5618; x_wconf 69' lang='lat' dir='ltr'><strong>Deus</strong></span> <span class='ocrx_word' id='word_1_810' title='bbox 2466 5563 2680 5632; x_wconf 90' lang='lat' dir='ltr'><strong>proprie</strong></span> <span class='ocrx_word' id='word_1_811' title='bbox 2729 5562 2819 5616; x_wconf 81' lang='lat' dir='ltr'><strong>lux</strong></span> <span class='ocrx_word' id='word_1_812' title='bbox 2879 5569 2996 5624; x_wconf 91' lang='lat' dir='ltr'><strong>est;</strong></span> <span class='ocrx_word' id='word_1_813' title='bbox 3052 5556 3225 5627; x_wconf 84' lang='lat' dir='ltr'><strong>angeli</strong></span> <span class='ocrx_word' id='word_1_814' title='bbox 3274 5566 3454 5609; x_wconf 88' lang='lat' dir='ltr'><strong>autem</strong></span> <span class='ocrx_word' id='word_1_815' title='bbox 3500 5556 3573 5607; x_wconf 65' lang='grc' dir='ltr'><em>ρι’</em></span> 
     </span>
    </p>
   </div>
   <div class='ocr_carea' id='block_1_115' title="bbox 3449 363 3679 430">
    <p class='ocr_par' dir='ltr' id='par_1_115' title="bbox 3449 363 3679 430">
     <span class='ocr_line' id='line_1_115' title="bbox 3449 363 3679 430; baseline 0.022 -4"><span class='ocrx_word' id='word_1_816' title='bbox 3449 363 3593 430; x_wconf 69' lang='grc' dir='ltr'><strong>ιξειο.</strong></span> <span class='ocrx_word' id='word_1_817' title='bbox 3672 396 3679 402; x_wconf 75' lang='lat'><strong><em>-</em></strong></span> 
     </span>
    </p>
   </div>
  </div>
