4048 6278
578 334 714 400 1251

1954 332 2338 398 ADDENDA.

3650 346 3756 404 13352

566 447 819 502 tioxiiincs
843 443 1157 516 improprie,
1182 442 1382 515 quippe
1398 457 1489 513 qui
1515 439 1818 498 secundum
1846 456 2141 512 supernam
2179 454 2215 505 Α
2252 443 2430 505 bebat,
2466 441 2677 496 interna
2731 442 2979 498 videlicet
3024 443 3264 498 Claritate
3316 445 3380 499 ad
3433 460 3541 500 eam
3584 465 3759 520 quoque

573 532 996 592 illustrationem
1050 536 1353 605 gratiazque
1412 534 1819 604 perceptionem
1879 533 1983 587 hoc
2034 531 2150 586 elli-

572 629 821 682 ciuntur.
873 628 1050 697 Atque
1098 627 1215 681 tunc
1261 624 1483 695 quidem
1537 625 1745 679 lumina
1800 633 2040 680 mentem
2096 641 2149 678 εν.

575 721 844 775 rationem
884 719 1102 773 habent.
1154 720 1249 772 Est
1287 729 1469 772 autem
1512 726 1568 771 et
1614 717 1760 770 aliud
1792 717 1974 770 lumen
2011 717 2148 769 alte-

571 812 690 866 rius
722 820 956 873 naturae,
996 810 1255 864 nimirum
1286 809 1497 862 ratione
1527 817 1690 877 alque
1724 808 1902 862 anima
1932 822 2147 872 carens,

574 917 672 972 per
717 902 862 971 quod
899 910 952 955 et
985 902 1300 971 primigena:
1325 900 1564 954 tenebrae
1591 898 1830 967 depulsae
1865 907 2013 960 sunt,
2045 899 2150 953 hoc

570 1005 680 1059 est,
729 993 798 1047 ad
846 1003 1062 1062 tempus
1107 991 1328 1062 fugatae,
1367 1002 1446 1055 et,
1488 999 1548 1044 ut
1582 990 1878 1046 dilucidius
1929 991 2146 1061 loquar,

576 1083 871 1138 intercisae.
904 1082 1052 1136 Luce
1083 1082 1231 1136 enim
1282 1079 1724 1135 substantialiter
1766 1089 1973 1143 creata,
2010 1091 2061 1135 et
2092 1080 2146 1134 in

574 1190 758 1230 rerum
809 1184 1060 1227 naturam
1113 1173 1397 1241 producta,
1449 1173 1514 1225 ad
1574 1180 1791 1240 tempus
1848 1171 2148 1226 intersema

566 1268 752 1336 caligo
786 1275 890 1319 est.
928 1264 1191 1319 Tenebrae
1235 1263 1379 1316 enim
1415 1263 1557 1318 caelo
1611 1273 1665 1317 et
1716 1273 1873 1317 terra:
1903 1277 2000 1332 per
2049 1264 2151 1316 ob-

569 1358 865 1428 jectionem
902 1356 1045 1410 velut
1088 1355 1475 1419 subsistentes,
1509 1356 1797 1409 recedente
1829 1369 2020 1408 rursus
2068 1354 2152 1406 lu-

576 1450 725 1505 mine
762 1450 1120 1515 s-ubeunt,.ac
1150 1448 1412 1518 deinceps
1454 1449 1693 1502 medium
1732 1458 1941 1517 tempus
1977 1447 2149 1500 inter-

573 1541 816 1611 cipiente
850 1540 939 1595 die
971 1541 1219 1601 redeunt,
1269 1554 1334 1594 ac
1381 1554 1476 1608 per
1504 1539 1680 1593 lucem
1726 1553 1940 1607 semper
1979 1538 2147 1590 inter-

572 1640 856 1692 secantur,
884 1631 1236 1701 vicissimque
1264 1631 1485 1684 cedunt.
1519 1629 1848 1700 Quanquam
1876 1639 2057 1684 autem
2090 1638 2146 1684 et

573 1723 669 1778 tux
733 1731 788 1777 et
842 1722 1087 1777 tenebrae
1132 1722 1450 1791 primigeme
1495 1720 1792 1785 dicantur,
1852 1730 2031 1775 tamen
2087 1721 2139 1775 id

2256 533 2549 599 transfusa,
2591 533 3051 603 quemadmodum
3081 542 3135 589 et
3169 535 3218 587 in
3246 532 3411 589 Exodi
3439 535 3568 589 libro
3596 556 3761 596 memo-

2254 625 2348 678 riae
2383 624 2662 695 proditum
2701 624 2864 679 est".
2917 625 3014 680 Ubi
3068 626 3174 680 hoc
3211 629 3370 680 etiam
3402 627 3616 683 habetur
3652 635 3761 702 quod

2254 715 2429 769 Moses
2460 715 2633 785 ignem
2667 716 2919 771 cernebat
2945 715 3139 771 rubum
3166 717 3601 788 adurentem,nec
3619 732 3760 780 tamen

2252 807 2532 862 adurendo
2562 818 2971 864 consumentem
3002 810 3069 874 ’⁸,
3107 819 3167 863 ut
3196 811 3402 865 scilicet
3458 827 3520 866 ex
3547 828 3622 876 eo,
3649 817 3761 885 quod

2251 897 2532 965 adurebat,
2570 898 2710 968 ignis
2747 908 2943 953 natura
2987 899 3356 955 declararetur
3387 915 3490 955 :ex
3523 917 3582 956 eo
3621 916 3760 958 autem

2251 992 2393 1061 q‘uod
2433 1008 2538 1046 non
2570 992 2920 1058 absumebat,
2953 994 3033 1047 vis
3063 993 3207 1047 illius
3226 1002 3279 1047 et
3303 994 3529 1063 potentia
3559 999 3766 1053 ostende-

2250 1094 2421 1146 retur,
2444 1086 2535 1154 qui
2589 1085 2694 1139 vim
2727 1086 2867 1156 ignis
2906 1085 3150 1141 frenabat
3178 1092 3231 1138 et
3264 1086 3649 1147 comprimebat.
3684 1089 3767 1144 llae

2255 1175 2417 1247 igitur
2477 1178 2687 1232 ratione
2742 1178 2963 1247 angelus
3006 1192 3223 1247 quoque
3270 1178 3444 1233 lumen
3482 1189 3578 1244 est,
3622 1190 3770 1250 utpote

2250 1266 2425 1337 ignis:
2452 1266 2557 1333 Qui
2588 1268 2737 1337 facit,
2774 1269 2967 1337 inquit,
2998 1268 3212 1338 angelos
3234 1287 3352 1323 suos
3382 1272 3604 1340 spiritus,
3633 1281 3674 1326 et
3696 1274 3771 1325 uii-

2248 1359 2439 1412 nistros
2470 1375 2593 1413 suos
2634 1361 2802 1429 ignem
2834 1362 3158 1414 urentem".
3193 1359 3475 1430 PrOprium
3507 1364 3634 1418 enim
3662 1365 3771 1435 ign's

2254 1450 2435 1503 lumen
2468 1459 2571 1505 est.
2626 1450 2768 1516 Quin
2818 1450 2999 1505 lumen
3029 1452 3195 1505 etiam
3219 1460 3356 1518 erat,
3387 1452 3436 1506 id
3467 1454 3600 1523 quod
3627 1455 3671 1507 in
3700 1474 3772 1508 t0-

2248 1532 2433 1590 lumna
2450 1538 2604 1606 ignis
2631 1537 2683 1591 in
2709 1538 2924 1592 deserto
2941 1536 3142 1593 Judzeis
3159 1540 3265 1594 iter
3288 1541 3770 1608 prannonstrabat“:

2251 1627 2319 1683 de
2345 1642 2454 1696 quo
2478 1637 2532 1682 et
2560 1628 2731 1682 David
2764 1628 2926 1682 verba
2960 1627 3190 1695 faciens,
3251 1629 3329 1683 ait
3362 1646 3376 1683 :
3411 1627 3664 1684 Deduzisti
3707 1648 3772 1685 eos

2248 1719 2303 1771 in
2326 1718 2457 1772 nube
2489 1720 2615 1782 diei,
2660 1727 2709 1772 et
2740 1729 2850 1773 tota
2881 1732 3032 1773 nocte
3068 1720 3122 1773 in
3152 1719 3534 1775 illuminatione
3577 1723 3693 1792 igtzis
3718 1723 3770 1779 ”.

575 1812 913 1867 discriminis
941 1822 1047 1878 est,
1079 1812 1224 1881 quod
1248 1812 1367 1877 lux,
1398 1822 1455 1866 ut
1480 1811 1914 1867 substantialiter
1944 1821 2144 1877 creata,
2178 1802 2218 1857 Β
2247 1806 2366 1862 1am
2411 1824 2539 1863 vero
2565 1823 2761 1880 quarto
2796 1809 3002 1881 Regum
3041 1811 3178 1865 libro
3205 1812 3450 1879 habetur,
3472 1813 3603 1882 quod
3623 1815 3772 1881 igneis

569 1904 651 1959 ita
699 1914 966 1960 vocatur:
1001 1906 1239 1960 tenebrae
1286 1912 1491 1970 autem,
1534 1913 1593 1959 ut
1645 1904 1956 1960 adventitiae
1994 1914 2049 1961 et
2090 1907 2144 1960 in

571 1994 880 2049 substantia
930 1997 1279 2053 exsistentes.
1329 1995 1518 2066 Caligo
1565 1996 1712 2050 enim
1748 1996 2006 2053 accidens
2040 2008 2145 2062 est.

570 2100 675 2139 nee
699 2087 998 2156 quidquam
1029 2087 1178 2142 aliud
1207 2102 1374 2158 quam
1402 2086 1628 2140 luminis
1654 2086 1908 2156 privatio.
1937 2087 2146 2144 Lumen

567 2186 753 2232 autem
788 2179 892 2234 hoc
925 2180 1045 2234 loco
1075 2180 1220 2244 dico,
1254 2179 1307 2234 id
1350 2178 1495 2248 quod
1543 2193 1651 2232 non
1680 2187 1810 2234 ante
1838 2195 1925 2234 res
1955 2194 2146 2235 omnes

570 2270 625 2323 in
678 2287 899 2325 sensum
958 2272 1215 2325 cadentes
1259 2270 1587 2340 productum
1635 2278 1740 2333 est,
1781 2286 1968 2325 verum
2021 2282 2147 2325 ante

568 2371 850 2418 creaturas
901 2377 996 2433 per
1048 2364 1227 2433 ipsum
1283 2362 1608 2432 conspicuas
1663 2372 1718 2416 et
1763 2361 2139 2432 aspectabiles.

568 2453 780 2509 Caelum
835 2455 981 2510 enim
1027 2463 1082 2509 et
1126 2463 1293 2520 terra,
1348 2469 1492 2524 aqua
1543 2461 1597 2507 ct
1640 2469 1757 2517 aer,
1806 2462 1884 2519 et,
1932 2461 1993 2508 ut
2034 2469 2144 2509 uno

571 2545 741 2597 verbo
772 2543 975 2607 dicam,
1007 2544 1191 2597 omnia
1234 2558 1354 2612 quae
1383 2558 1491 2597 non
1526 2558 1590 2598 ex
1625 2543 1944 2612 subjacente
1972 2553 2143 2599 mate-

571 2629 655 2682 ria
685 2640 867 2683 creata
921 2635 1050 2682 sunt
1078 2637 1205 2683 ante
1237 2629 1415 2683 lucem
1447 2630 1794 2694 exstiterunt,
1824 2644 1889 2685 ae
1915 2630 2144 2700 proinde

570 2735 672 2774 nec
700 2720 850 2774 cerni
875 2727 1147 2789 poterant,
1184 2730 1371 2789 utpote
1403 2721 1542 2775 locis
1574 2720 1843 2791 expertia.
1871 2719 2138 2786 Quoniam

567 2819 752 2865 autem
802 2812 1099 2866 orbiculari
1144 2811 1317 2880 ﬁgura
1369 2812 1567 2866 caelum
1621 2819 1726 2879 est,
1779 2827 1845 2875 ae
1887 2813 2140 2868 circulari

568 2914 716 2957 motu
760 2902 959 2969 fertur,
1011 2918 1118 2958 non
1167 2902 1407 2957 absurde
1449 2918 1515 2957 ac
1558 2902 1903 2958 dissentanee
1951 2918 2141 2960 assero

566 2994 748 3049 sidera
815 3011 1035 3065 quoque
1080 2995 1421 3051 circulariter
1486 2992 1640 3062 ferri,
1699 2995 1961 3052 universo
2018 2996 2138 3052 orbi

567 3086 747 3139 lucem
781 3097 833 3141 et
862 3088 1207 3156 splendorem
1247 3085 1550 3142 afferentia.

635 3178 752 3232 Col.
790 3179 893 3232 563
928 3179 988 3231 D.
1037 3179 1162 3233 Jam
1191 3180 1368 3233 lunten
1426 3180 1590 3233 etiam
1615 3188 1730 3233 erat
1793 3181 2139 3252 primigenum

564 3266 701 3321 illud
729 3270 1058 3335 mandatum,
1083 3279 1188 3325 etc.
1219 3268 1426 3323 Lumen
1465 3270 1627 3324 etiam
1659 3278 1779 3325 erat
1817 3273 2052 3341 primum
2083 3273 2142 3327 il—

561 3359 1025 3428 lmlprmcvptmn,
1059 3359 1200 3429 quod
1238 3359 1414 3428 primo
1460 3359 1663 3415 homini
1695 3362 1878 3416 datum
1904 3370 2008 3427 est,
2060 3373 2140 3416 ut-

561 3461 692 3518 pote
714 3452 1054 3521 splendorem
1086 3451 1374 3521 quemdam
1393 3450 1461 3505 ad
1490 3448 1670 3506 rerum
1696 3452 2137 3522 dijudicationem

561 3543 904 3610 impertiens,
931 3543 1088 3611 juxta
1125 3544 1173 3596 id
1203 3543 1348 3612 quod
1385 3558 1415 3597 a
1459 3543 1751 3600 Salomone
1778 3544 1982 3601 dictum
2009 3556 2092 3601 est
2123 3565 2138 3601 :

564 3631 807 3687 Lucerna
855 3645 905 3688 et
933 3636 1104 3687 lumen
1153 3636 1463 3690 mandatum
1498 3637 1624 3708 legis
1658 3650 1734 3693 est
1759 3641 1842 3707 ’²;
1889 3649 1945 3695 et
1985 3641 2139 3710 juxta

566 3724 696 3778 illud
752 3725 968 3779 Davidis
1011 3744 1024 3779 :
1065 3723 1308 3779 Lucerna
1332 3727 1551 3796 pedibus
1602 3728 1731 3782 meis
1780 3728 1866 3782 lea:
1919 3739 2033 3795 tua,
2089 3741 2139 3784 et

562 3818 739 3870 lumen
771 3817 971 3870 semitis
993 3819 1093 3870 mei
1117 3818 1197 3884 '3;
1238 3827 1403 3887 atque
1434 3818 1594 3873 etiam
1618 3819 1775 3890 juxta
1801 3820 1853 3875 id
1883 3823 2026 3891 quod
2056 3831 2140 3877 est

563 3905 705 3972 apud
744 3904 961 3968 Isaiam,
1004 3916 1268 3976 praecepta
1303 3906 1394 3962 Dei
1428 3910 1607 3964 lumen
1659 3920 1785 3965 snnt
1811 3912 1863 3964 in
1903 3922 2042 3967 terra
2067 3914 2134 3969 ".

563 3993 773 4048 Lumen
810 3994 977 4064 igitur
1022 4005 1139 4049 erat
1170 3998 1483 4052 mandatum
1539 3998 1657 4054 Dei.
1699 3999 1898 4055 Verum
1952 4002 2135 4057 furtim

562 4082 806 4152 irrepens
837 4084 1517 4155 atqueingrediensiuvida
1542 4093 1713 4161 caligo
1738 4093 1864 4164 (hoc
1880 4100 1990 4160 est,
2021 4094 2138 4148 dia-

561 4169 743 4243 bolus)
791 4173 988 4227 vitium
1034 4174 1293 4230 fabricata
1343 4187 1445 4233 est.
1496 4177 1682 4248 Neque
1735 4182 1879 4236 enim
1934 4184 2134 4237 malum

558 4262 862 4318 sobstantia
935 4266 1041 4320 ulla
1097 4281 1199 4334 est,
1244 4270 1339 4325 sed
1399 4271 1522 4325 boni
1564 4272 1840 4342 privatio:
1873 4274 2135 4344 quemad-

559 4353 783 4410 modum
819 4366 871 4410 et
910 4357 1146 4413 tenebrae
1170 4360 1396 4416 luminis
1419 4377 1686 4419 recessus.
1715 4362 1830 4419 Non
1863 4367 2006 4421 enim
2031 4367 2132 4420 alia

2254 1916 2451 1956 currus
2486 1902 2658 1958 Eliam
2695 1902 2749 1957 in
2790 1903 2986 1958 caelum
3024 1903 3255 1973 arripuit
3279 1903 3346 1970 ⁸⁸,
3373 1903 3611 1957 nimirum
3638 1904 3771 1974 signi-

2252 1991 2423 2047 ﬁcans
2451 1992 2585 2062 justi
2621 1994 2786 2062 hujus
2829 1992 2929 2047 viri
2957 1992 3313 2048 excellentem
3347 1991 3606 2057 virtutem,
3645 2001 3773 2061 atque

2251 2083 2484 2139 bnmana
2509 2084 2823 2140 conditione
2855 2083 3257 2140 sublimiorem.
3280 2083 3501 2154 Insuper
3533 2084 3658 2154 apud
3689 2082 3773 2137 Lu-

2248 2188 2368 2229 cam
2396 2177 2659 2246 scriptum
2687 2182 2793 2243 est,
2817 2175 2962 2246 quod
2993 2175 3083 2229 lux
3112 2185 3362 2243 pastores
3381 2174 3768 2240 circumfulserit,

2250 2267 2471 2336 quando
2505 2269 2689 2323 lumen
2727 2267 2990 2337 temporis
3033 2281 3256 2335 expers,
3289 2266 3343 2323 id
3367 2277 3470 2330 est,
3500 2266 3588 2321 Dei
3617 2265 3769 2327 Filius,

2251 2358 2533 2428 temporali
2585 2358 2801 2426 lumini,
2855 2359 2959 2413 hoc
3000 2367 3086 2413 est
3130 2358 3456 2413 humanitati
3504 2358 3771 2426 conjunctus

2248 2448 2417 2502 est“.
2479 2447 2546 2501 Et
2603 2464 2727 2503 cum
2768 2449 2995 2518 simplex
3045 2448 3214 2503 homo
3269 2450 3448 2503 lumen
3493 2449 3768 2511 nominetur,

2249 2538 2446 2592 nedum
2478 2538 2676 2593 eximia
2728 2547 2783 2594 et
2832 2539 3014 2593 divina
3066 2538 3270 2595 virtute
3320 2539 3770 2609 praedituszmulto

2248 2639 2395 2685 certe
2434 2632 2606 2704 magis
2649 2633 2834 2687 lumen
2869 2633 2959 2687 ille
2997 2633 3102 2688 dici
3134 2633 3317 2699 debet,
3357 2635 3447 2704 qui
3485 2634 3587 2688 Deo
3623 2633 3769 2686 unitus

2247 2731 2351 2786 est,
2386 2733 2545 2792 atque
2569 2725 2684 2793 ipsa
2719 2725 2918 2778 unione
2946 2725 3088 2779 Deus
3125 2724 3379 2780 eli‘ectus.
3429 2725 3615 2779 Adlnrc
3663 2723 3768 2777 llat-

2251 2814 2423 2866 tlnrus
2454 2813 2506 2866 in
2539 2813 2832 2884 Evangelio
2859 2814 3071 2869 docet”
3101 2815 3346 2869 divinam
3393 2817 3493 2869 vim
3528 2830 3587 2870 ac
3614 2824 3765 2884 poten-

2250 2901 2376 2955 tiam
2416 2903 2467 2955 in
2493 2902 2659 2957 stell:e
2691 2907 2856 2972 ligura
2892 2904 3076 2975 Magos
3105 2905 3158 2959 in
3185 2904 3459 2961 Bethleem
3485 2906 3691 2966 duxisse,
3721 2918 3767 2957 ac

2248 2990 2494 3045 satelliis
2521 3006 2671 3046 more
2705 2993 2963 3061 stipasse,
2993 2994 3096 3048 hoc
3119 3003 3227 3058 est,
3277 2995 3457 3049 servili
3495 2993 3639 3048 modo
3663 2992 3768 3046 sub-

2247 3080 2521 3144 serviisse,
2551 3091 2602 3135 et
2634 3081 2911 3136 Christum
2949 3082 3283 3148 honorasse,
3317 3071 3475 3154 quem
3513 3099 3602 3154 ego
3623 3083 3765 3137 lumen

2247 3172 2405 3228 nobis
2463 3173 2754 3228 sublimius
2788 3189 2946 3239 voco,
3010 3174 3231 3230 etiamsi
3288 3177 3562 3231 nobiscum
3615 3174 3763 3228 fuerit.

2243 3262 2385 3329 Quin
2440 3264 2622 3319 lumen
2675 3266 2971 3320 etiamerat
3016 3266 3110 3321 ille
3166 3266 3469 3324 divinitatis
3538 3266 3689 3336 fulgor
3724 3264 3763 3318 in

2243 3364 2428 3411 monte
2452 3356 2670 3412 Thabor
2701 3357 2877 3413 obiter
2894 3357 3220 3427 patefactus,
3257 3375 3415 3430 quem
3445 3374 3539 3415 nec
3563 3357 3765 3427 discipuli

2244 3446 2416 3503 firmis
2448 3449 2622 3504 oculis
2661 3449 2875 3504 obtueri
2913 3456 3184 3519 poterant,
3247 3461 3434 3522 utpote
3481 3461 3657 3506 tantam
3682 3449 3767 3503 vim

2244 3538 2554 3600 habentem.
2589 3549 2649 3593 ut
2679 3555 2777 3596 nec
2796 3541 3042 3611 perferri,
3074 3556 3171 3597 nec
3203 3546 3406 3611 audiri,
3454 3559 3549 3600 nec
3588 3549 3763 3612 aspectu

2241 3633 2440 3701 percipi
2478 3642 2660 3702 posset
2678 3633 2744 3689 ³⁸.
2785 3634 2988 3689 Lumen
3021 3638 3147 3689 item
3185 3638 3240 3692 id
3265 3649 3407 3704 erat,
3432 3639 3566 3710 quod
3583 3636 3765 3692 Paulum

2241 3723 2294 3777 in
2338 3724 2420 3778 via
2452 3725 2656 3780 lumine
2689 3726 3056 3793 circumfudit,
3100 3731 3551 3797 quemadmodum
3600 3730 3645 3783 in
3682 3727 3764 3780 Ao-

2241 3822 2395 3869 tuutn
2431 3815 2574 3870 libro
2616 3827 3079 3872 commemoratur
3099 3818 3167 3884 “,
3217 3821 3378 3890 cujus
3431 3821 3763 3877 exuberantem

2240 3909 2582 3978 splendorem
2619 3911 2869 3966 carnales
2887 3912 3032 3966 oculi
3056 3927 3167 3967 non
3202 3914 3441 3970 ferentes
3469 3916 3536 3968 ita
3558 3910 3763 3968 excaecati

2239 4009 2386 4061 sunt,
2414 4009 2471 4054 ut
2500 4000 2719 4055 interim
2745 4002 2942 4057 animae
2964 4003 3205 4058 tenebrae
3235 4005 3436 4076 fugata:
3463 4021 3524 4060 ac
3548 4005 3763 4060 discussa

2241 4089 2463 4145 fuerint.
2514 4091 2617 4146 Per
2650 4093 2752 4147 hoc
2791 4092 2971 4147 lumen
3024 4095 3268 4165 regnitio
3298 4097 3473 4152 omnis
3507 4106 3557 4151 et
3579 4092 3760 4150 scientia

2236 4183 2524 4254 detegitur,
2565 4199 2628 4238 ac
2657 4184 2798 4239 Deus
2830 4199 2955 4239 vere
2996 4186 3198 4241 animis
3252 4188 3453 4243 nostris
3502 4183 3759 4241 innotescit.

2237 4273 2442 4330 Lumen
2473 4286 2730 4344 prmterea
2754 4275 2968 4331 futurus
2987 4276 3268 4346 justorum
3299 4280 3570 4350 splendor.
3611 4274 3762 4344 Fulge

2237 4368 2365 4421 bunt
2415 4368 2559 4422 enim
2614 4369 2751 4422 sicut
2795 4367 2876 4421 sol
2906 4368 2973 4434 ³⁸,
3038 4375 3493 4439 quemadmodum
3530 4368 3759 4438 Scriptura

558 4456 642 4499 est
663 4447 792 4501 mali
824 4449 1156 4515 substantia,
1181 4467 1345 4520 quam
1369 4453 1583 4508 virtutis
1611 4455 1890 4510 abcessus.
1922 4455 2126 4511 Lumen
2163 4464 2203 4517 υ
2236 4460 2537 4530 pollicetur,
2556 4459 2651 4529 qui
2685 4460 2737 4513 in
2771 4459 2875 4516 hac
2892 4462 2997 4515 vita
3038 4461 3278 4516 animam
3304 4478 3334 4517 a
3373 4464 3611 4517 vitiorum
3637 4456 3761 4511 malis

558 4535 746 4588 itidem
776 4545 894 4590 erat
927 4539 1009 4591 lex
1047 4539 1270 4609 scripta,
1311 4552 1364 4595 et
1385 4540 1565 4596 lumen
1610 4544 1844 4614 typicum
1877 4560 1969 4599 seu
1999 4544 2135 4615 figu-

558 4624 818 4690 rativum,
864 4638 1050 4696 utpote
1121 4628 1400 4701 Evangelii
1449 4633 1728 4686 veritatem
1779 4634 2132 4700 adumbratis,

555 4735 789 4790 eamque
821 4722 967 4775 velut
1009 4738 1103 4791 per
1129 4733 1477 4779 transennam
1530 4726 1842 4791 ostendens,
1884 4743 1947 4782 ac
1994 4745 2132 4798 pra:-

557 4824 705 4866 terca
730 4828 825 4882 per
852 4829 1051 4881 agnum
1079 4817 1292 4885 aliaque
1321 4818 1611 4877 sacriﬁcia.
1660 4820 1882 4879 Christi,
1924 4822 2016 4890 qui
2052 4823 2135 4877 lu-

556 4918 679 4957 men
712 4919 967 4973 magnum
1001 4915 1104 4970 est,
1137 4921 1201 4960 ac
1233 4907 1437 4962 lumine
1469 4912 1617 4962 omni
1665 4910 1974 4975 sublimius,
2012 4929 2125 4984 my-

553 4996 781 5051 sterium
817 4998 1128 5065 designans.
1168 4998 1320 5063 Quod
1351 5009 1530 5053 autem
1565 5001 1744 5055 lumen
1787 5019 2003 5073 quoque
2039 5006 2125 5061 lex

554 5088 740 5156 fuerit,
768 5089 895 5142 hinc
926 5091 1209 5158 perspicue
1242 5090 1495 5161 colligere
1520 5092 1663 5146 licet.
1702 5093 1835 5148 Nam
1860 5112 1982 5148 cum
2009 5096 2124 5151 Mo-

556 5195 645 5234 ses
672 5196 792 5234 eam
815 5196 843 5233 a
879 5180 987 5235 Deo
1014 5183 1268 5237 dictatam
1316 5183 1536 5240 intentis
1577 5186 1749 5242 oculis
1773 5190 2123 5258 respexisset,

557 5267 867 5339 Christique
913 5272 1171 5339 mysteria
1215 5274 1576 5341 cognovisset,
1642 5276 1902 5344 majorem
1937 5276 2121 5331 animo

556 5374 613 5417 et
656 5372 838 5416 mente
869 5360 1170 5431 splendoris
1225 5365 1492 5433 concepit,
1544 5381 1607 5420 ac
1659 5383 1757 5436 pro
1809 5368 2119 5435 hujusmodi

555 5453 899 5523 Splendorem
927 5455 1084 5524 signo
1133 5462 1188 5509 et
1226 5468 1545 5525 argmnento
1570 5458 1721 5515 faciei
1752 5461 1979 5530 gloriam
2017 5461 2116 5516 ha-

620 5587 665 5617 "
697 5585 859 5640 Prov.
891 5604 962 5651 vi,
994 5589 1083 5642 25.
1160 5590 1208 5622 “
1235 5589 1376 5647 Psal.
1398 5608 1583 5652 cxvm.
1633 5595 1756 5649 105.

546 5671 662 5718 ciu,
686 5656 739 5712 4.
817 5657 861 5687 ’⁸
884 5657 1055 5712 Exod.
1092 5660 1313 5725 xm,2l.
1388 5666 1431 5694 "
1462 5664 1600 5719 l’sal.
1631 5667 1935 5727 Lxxvn,14.

548 5728 594 5759 ³³
614 5727 803 5783 Matth.
840 5741 971 5791 xvii,
1004 5728 1024 5780 l
1062 5744 1213 5798 seqq.
1293 5731 1336 5764 "‘
1364 5734 1483 5787 Act.
1518 5751 1590 5799 ix,
1624 5735 1676 5788 5.

1830 5597 1876 5629 ’⁸
1901 5596 2000 5650 lsa.
2045 5614 2104 5657 ll.
2141 5599 2195 5653 5.

2059 5669 2102 5698 ³ο
2127 5667 2194 5721 IV
2228 5668 2356 5739 Reg.
2383 5685 2444 5728 ll.
2478 5671 2565 5739 ll.

1755 5736 1800 5767 "
1829 5736 2016 5792 Matth.
2051 5752 2166 5803 xm,
2214 5740 2301 5794 45.

2233 4553 2522 4620 εχνίδιὶιιῑ,
2557 4567 2622 4606 ac
2655 4551 2946 4607 deiformes
2975 4552 3229 4621 appellati
3261 4552 3482 4620 fuerint,
3509 4552 3571 4606 de
3599 4548 3760 4618 quibus

2235 4643 2401 4697 David
2445 4646 2511 4699 ad
2542 4645 2686 4699 hunc
2715 4645 2937 4699 modum
2977 4645 3218 4715 loquitur
3244 4663 3258 4700 :
3292 4647 3433 4701 Deus
3460 4647 3591 4700 stetit
3620 4646 3666 4694 in
3690 4653 3761 4707 sy-

2233 4748 2438 4802 nagoga
2475 4733 2714 4799 deorum,
2763 4735 2818 4787 in
2852 4736 3022 4788 medio
3073 4745 3253 4789 autem
3291 4735 3415 4789 deos
3444 4732 3682 4804 diiudicat
3706 4726 3758 4790 ³⁸.

2234 4826 2337 4896 hoc
2370 4836 2472 4889 est,
2496 4827 2734 4882 cmlestis
2767 4829 2916 4897 regni
2944 4831 3259 4885 mansiones
3287 4831 3586 4898 gradusque
3609 4821 3758 4885 dittni'

2235 4927 2399 4971 latum
2438 4934 2535 4987 pro
2568 4919 2783 4975 virtutis
2813 4920 3022 4974 ratione
3056 4935 3121 4976 ac
3158 4922 3505 4992 proportione
3533 4919 3649 4988 ipsis
3672 4912 3761 4965 dis-

2236 5006 2445 5061 tribuit.
2506 5008 2788 5064 Postremo
2832 5018 3024 5079 praeter
3057 5010 3171 5065 haec
3200 5013 3388 5065 omnia
3436 5007 3670 5081 peculiari
3708 5015 3759 5055 ac

2232 5094 2447 5150 diverso
2500 5100 2660 5152 modo
2706 5100 2959 5170 baptismi
2992 5101 3325 5156 illuminatio
3351 5102 3524 5155 lumen
3555 5094 3757 5167 appella-

2231 5196 2341 5242 tur.
2377 5186 2453 5244 De
2484 5206 2592 5259 quo
2630 5192 2787 5247 nobis
2819 5193 3068 5248 instituta
3089 5202 3172 5248 est
3198 5195 3400 5261 oratio,
3434 5203 3485 5247 et
3514 5207 3543 5246 a
3567 5204 3663 5259 quo
3686 5200 3759 5238 sa-

2228 5280 2360 5334 lutis
2379 5292 2577 5335 nostra.-
2600 5284 2917 5353 mysterium
2947 5285 3278 5338 continetur.

2298 5370 2416 5425 Col.
2445 5371 2551 5426 566
2576 5371 2638 5426 B.
2672 5373 2930 5438 Quoniam
2977 5376 3116 5431 enim
3145 5377 3289 5428 omni
3332 5372 3528 5440 peccati
3559 5371 3661 5423 labe
3683 5380 3753 5417 ca-

2226 5476 2360 5527 rere,
2391 5459 2490 5515 Dei
2514 5472 2614 5529 est,
2640 5474 2747 5517 etc.
2784 5462 2927 5518 Nihil
2958 5466 3181 5520 omnino
3210 5480 3458 5535 peccare,
3494 5461 3577 5516 Dei
3610 5457 3752 5512 solius

2995 5605 3042 5638 “
3080 5603 3247 5661 Exod.
3305 5619 3386 5665 ιιι,
3436 5604 3491 5656 2.
3560 5590 3748 5665 "

2301 5600 2347 5631 ”
2377 5598 2550 5654 Exod.
2583 5616 2673 5663 xx,
2705 5603 2725 5654 l
2765 5617 2918 5673 seqq.
2995 5605 3042 5638 “
3080 5603 3247 5661 Exod.
3305 5619 3386 5665 ιιι,
3436 5604 3491 5656 2.
3560 5599 3602 5629 "
3628 5598 3745 5647 Psal.

2301 5685 2444 5737 13-“.
2480 5671 2565 5723 Η.
2668 5673 2709 5703 ⁸¹
2743 5671 2877 5727 Luc.
2916 5688 2976 5737 tt,
3019 5677 3072 5730 9.
3173 5676 3216 5707 ³³
3242 5674 3434 5728 Matth.
3477 5687 3548 5737 ιι,
3593 5668 3642 5727 9,
3674 5661 3745 5715 10-

2668 5673 2709 5703 ⁸³
2743 5671 2893 5727 Luc;
2916 5688 2976 5740 tt,
3019 5677 3072 5730 9.

2377 5741 2420 5772 ³⁸
2467 5738 2613 5796 Psal.
2647 5757 2828 5810 LXXXI,
2869 5745 2917 5798 l.
