4048 6278
281 381 416 445 1353

1276 383 1598 444 NICETAS
1639 385 1722 444 IN
1764 385 1988 445 ORAT.
2032 385 2131 444 XL
2173 386 2232 445 S.
2276 387 2511 450 GREG.

3387 390 3526 450 1954

275 509 385 559 est,
426 501 611 562 utpote
669 492 1050 554 immutabilis,
1102 495 1432 564 proprieque
1487 495 1754 564 simpliris
1803 506 1856 550 et
1887 504 1925 556 Α
1962 512 2082 549 nem
2119 499 2386 557 continet,
2428 514 2526 554 nec
2555 497 2841 569 superﬁcie
2867 506 3022 554 tenus
3055 513 3282 569 corpsra
3313 514 3526 570 purgat,
3569 543 3575 555 .

278 588 604 656 incorporei.
645 585 781 639 Vera
817 587 960 639 enim
988 595 1042 638 et
1094 585 1312 655 prOpria
1343 587 1661 657 simplicitas
1691 589 1855 642 dissi-

276 682 424 734 dinm
460 687 622 746 atque
659 678 1066 732 contentionem
1096 693 1202 732 non
1257 679 1513 732 admittit.
1547 679 1734 746 Angeli
1764 697 1858 732 au-

277 782 382 826 tem
409 771 832 839 haudquaquam
857 771 1083 823 omnino
1111 770 1474 825 immutabiles
1497 779 1647 836 sunt,
1669 787 1855 825 verum

276 877 326 917 et
378 864 504 917 boui
539 873 592 918 et
628 861 756 916 mali
791 877 1041 931 rapaces,
1093 871 1151 916 ut
1178 864 1271 931 qui
1314 864 1528 932 proprie
1585 864 1858 932 simplices

278 973 386 1010 mn
415 956 524 1010 sittt
554 973 568 1008 :
601 966 653 1009 at
678 956 724 1009 si
748 955 1032 1008 nobiseum
1065 955 1435 1018 conferantur,
1478 955 1542 1008 ad
1568 964 1766 1010 statum
1792 957 1859 1010 ab

274 1050 422 1102 oumi
464 1059 686 1116 peccato
741 1049 1036 1100 immunem
1095 1047 1342 1115 proxime
1377 1049 1662 1111 accedunt,
1713 1049 1860 1102 velut

280 1143 388 1194 lien
419 1142 490 1194 ita
528 1139 842 1209 propinqui,
881 1149 941 1193 ut
976 1139 1142 1194 aether
1167 1139 1234 1193 ad
1265 1142 1457 1194 soletn.
1519 1141 1587 1194 At
1613 1155 1714 1195 nos
1757 1141 1857 1194 levi

277 1242 427 1286 motu
463 1233 527 1285 ad
555 1233 742 1286 vitium
787 1232 1138 1300 impellimur,
1164 1243 1347 1301 utpote
1371 1232 1680 1300 cmupositi.
1700 1232 1859 1286 Com-

275 1324 475 1394 po~itio
503 1322 649 1376 enim
679 1321 894 1376 dissidii
931 1337 1096 1376 causa
1119 1331 1201 1375 est
1239 1341 1252 1376 :
1296 1322 1763 1392 qmmztoquidem,
1800 1330 1859 1375 ut

278 1427 508 1470 testatur
538 1415 828 1484 Apostolus
863 1431 876 1469 :
909 1413 1044 1469 Caro
1077 1415 1396 1482 concupiscit
1425 1417 1675 1466 adversus
1704 1413 1860 1481 spiri-

278 1520 411 1572 tum,
442 1509 663 1576 spiritus
703 1507 952 1560 adversus
981 1523 1233 1572 carnem;
1292 1517 1447 1577 atque
1486 1507 1594 1560 [nec
1633 1509 1770 1558 inter
1808 1522 1862 1559 se

280 1600 630 1652 adversantur
655 1598 720 1651 ³⁷.
760 1596 1024 1653 Vincente
1048 1599 1228 1667 itaque
1245 1614 1428 1662 carne,
1455 1607 1732 1667 peceatum
1765 1597 1860 1650 ad-

282 1692 535 1744 mittitur.
568 1689 838 1755 Quoniam
875 1691 1040 1760 igitur
1063 1687 1206 1744 Deus
1239 1705 1336 1745 nes
1363 1690 1502 1744 inter
1535 1690 1864 1756 magnitudi-

284 1799 410 1836 nem
437 1791 489 1835 ct
520 1783 879 1836 humilitatem
912 1782 1119 1837 medios
1149 1781 1450 1845 constituit,
1479 1799 1542 1837 ac
1573 1782 1860 1838 mutabiles

281 1876 482 1931 ereavit
519 1891 532 1926 :
566 1875 772 1929 idcirco
800 1877 960 1929 etiam
988 1875 1053 1931 ad
1087 1876 1274 1931 vitium
1312 1877 1475 1930 animi
1498 1876 1857 1931 destinatione

287 1976 502 2019 ruentes
533 1981 872 2035 nequaquam
924 1965 1191 2036 despexit,
1231 1983 1329 2021 nec
1378 1967 1560 2020 auxilii
1609 1977 1858 2035 expertes

285 2059 525 2127 reliquit,
569 2068 730 2128 atque
753 2057 806 2112 in
834 2073 899 2112 eo
945 2074 1128 2112 rerum
1164 2059 1475 2113 discrimine
1509 2059 1855 2124 constitutos,

285 2162 340 2206 ω
366 2151 660 2220 perieulum
688 2162 851 2213 esset,
879 2168 946 2205 ne
973 2167 1000 2204 a
1020 2151 1127 2206 Deo
1155 2167 1379 2221 prorsus
1404 2151 1857 2222 disjengeremur.

284 2242 488 2297 Verum
514 2243 962 2310 quemadmodum
997 2260 1116 2308 nos,
1138 2260 1260 2298 cum
1284 2247 1431 2314 prius
1453 2260 1559 2299 non
1590 2260 1856 2310 essemus,

286 2334 344 2386 in
383 2349 560 2385 rerum
614 2343 860 2387 naturam
905 2335 1162 2403 produxit
1201 2353 1215 2388 :
1253 2334 1329 2388 sie
1364 2346 1484 2404 post
1528 2338 1856 2388 creationem

286 2425 550 2493 dilapsos,
589 2425 638 2477 in
673 2425 952 2495 antiquum
991 2435 1190 2480 statum
1215 2441 1311 2495 per
1345 2429 1596 2494 Optimam
1631 2442 1694 2478 ac
1722 2443 1860 2495 prte-

286 2516 682 2570 stantissiinam
744 2517 995 2586 baptismi
1048 2516 1368 2570 edictionem
1419 2519 1860 2586 creationemque

289 2608 548 2668 restituit,
603 2623 726 2676 qua:
769 2610 984 2678 quidem
1025 2621 1083 2664 ut
1125 2609 1537 2663 infantibusae
1589 2625 1862 2680 corporea!

288 2699 465 2753 aetatis
501 2713 722 2751 Cursum
759 2700 1071 2754 ineuntibus
1098 2701 1436 2768 signaculum
1471 2710 1570 2760 est,
1613 2715 1708 2752 eos
1741 2715 1863 2768 per-

290 2787 478 2841 liciens
507 2797 667 2856 atque
695 2789 1001 2853 absolvens,
1057 2791 1464 2859 dominiumqne
1504 2791 1814 2859 signilieans
1844 2804 1858 2840 :

290 2878 362 2932 ita
393 2877 579 2948 iiS'qui
611 2888 766 2933 zetate
785 2880 994 2947 longius
1025 2882 1417 2950 proveltuntur,
1451 2899 1556 2934 non
1600 2882 1756 2934 modo
1791 2881 1865 2936 si-

287 2972 579 3041 gnaculum
631 2981 734 3035 est,
785 2974 877 3026 sed
927 2975 1088 3026 etiam
1144 2976 1334 3041 gratia,
1366 2975 1664 3043 praeteritas
1699 2989 1866 3028 noxas

287 3064 426 3130 ipsis
459 3064 758 3128 remittens,
785 3073 944 3133 at'pie
977 3066 1264 3134 imaginem
1291 3083 1317 3116 a
1347 3076 1565 3134 peccato
1587 3065 1866 3120 labefacut-

1961 604 2148 642 verum
2180 590 2416 643 animam
2447 603 2499 644 ct
2535 591 2828 661 penetralia
2857 592 2970 661 ipsa
3002 593 3204 660 expiat.
3233 591 3336 657 Qui
3364 594 3525 646 etiam
3567 584 3577 609 ἒ

1961 682 2150 749 prima:
2216 693 2418 736 nostra
2488 684 2788 737 nativitatis
2841 683 3102 737 auxilium
3156 693 3279 746 ρει,
3340 693 3529 753 utpote
3575 698 3580 729 ῖ

1959 789 2120 828 omne
2177 774 2304 828 illud
2371 777 2756 837 velamentum,
2789 777 2934 844 quod
2993 792 3021 828 a
3077 776 3362 830 nativitate
3391 791 3525 829 con-
3573 759 3581 795 ³

1961 863 2248 926 traximus,
2282 864 2630 921 abscindens.
2664 875 2718 918 et
2745 880 2807 918 ex
2843 866 3115 919 veteribus
3153 881 3322 919 novos
3351 866 3528 918 homi-

1959 972 2056 1010 nes
2090 953 2315 1018 faciens,
2357 967 2680 1010 vetustatem
2707 957 2958 1012 videlicet
2988 968 3151 1023 atque
3182 957 3526 1011 imbecillita-
3597 1013 3600 1020 ,

1962 1057 2066 1101 tem
2105 1059 2157 1101 et
2190 1047 2561 1101 inﬁrmitatem
2596 1064 2624 1100 a
2657 1061 2880 1118 peccatu
2915 1051 3206 1112 invectam,
3242 1065 3334 1117 per
3365 1063 3523 1118 quam

1959 1145 2266 1197 (lannonnm
2332 1144 2559 1213 imperio
2616 1153 2778 1212 caput
2838 1143 3335 1208 sulnnittebamus,
3395 1143 3525 1210 abji-

1959 1237 2166 1290 cientes
2217 1254 2232 1290 :
2283 1250 2508 1305 eosque,
2551 1236 2644 1306 qui
2693 1246 2816 1290 ante
2869 1237 3199 1306 baptismum
3252 1243 3534 1304 acceptum

1960 1325 2236 1380 deformes
2289 1336 2446 1380 erant
2495 1337 2549 1380 et
2583 1325 2819 1393 squalidi
2871 1341 2934 1378 ac
2993 1325 3196 1394 rugosi,
3233 1322 3529 1377 deiformcs

1961 1417 2216 1475 reddens,
2256 1417 2432 1484 prisca
2465 1416 2715 1469 videlicet
2746 1415 2980 1483 imagine
3008 1423 3247 1482 recepta.
3280 1414 3358 1466 Ae
3391 1411 3529 1464 fabri

1959 1507 2178 1577 quidem
2211 1509 2414 1570 aerarii,
2456 1515 2511 1559 et
2539 1507 2629 1572 qui
2659 1522 2724 1560 ex
2760 1507 2952 1573 argilla
2990 1519 3118 1558 vasa
3147 1503 3376 1570 flngnnt,
3405 1517 3531 1554 eum

1963 1598 2166 1668 aliquid
2201 1606 2475 1651 vetustate
2507 1597 2812 1651 obsoletum
2843 1610 3104 1649 renovare
3143 1594 3388 1662 cupiunt,
3423 1593 3536 1662 pri-

1963 1706 2110 1744 mum
2146 1689 2689 1759 illmlconfringunt,
2729 1705 2792 1743 ac
2822 1687 3017 1742 deinde
3053 1688 3247 1740 iterum
3274 1685 3534 1740 conflant.

1965 1782 2276 1852 Baptismus
2310 1789 2491 1834 autem
2531 1794 2629 1834 nos
2660 1781 2837 1833 denuo
2871 1777 3090 1840 coal'lat,
3125 1793 3232 1830 non
3271 1775 3378 1845 igni
3413 1789 3537 1827 sen—

1963 1878 2146 1940 sibili,
2204 1878 2297 1930 sed
2358 1875 2585 1944 spiritus
2639 1874 2854 1926 llatnma
2923 1871 3240 1939 spurcitiem
3313 1882 3535 1922 omnem

1962 1970 2273 2024 exentienIe
2308 1980 2470 2036 atque
2515 1966 2788 2022 abolente.
2845 1967 3089 2019 lienovat
3116 1964 3278 2017 etiam
3316 1977 3380 2016 ac
3410 1960 3536 2013 reti-

1962 2063 2056 2128 cit,
2088 2078 2194 2116 non
2233 2063 2463 2117 formant
2515 2076 2632 2114 eam
2677 2075 2836 2129 quam
2889 2057 3258 2113 renovandam
3307 2053 3536 2122 suscipit

1963 2155 2370 2219 comminuens,
2420 2168 2612 2206 verum
2656 2167 2774 2206 eam
2821 2167 2940 2220 quae
2969 2151 3182 2204 occulta
3211 2157 3264 2202 ct
3293 2150 3530 2202 abscon-

1961 2247 2071 2300 dita
2108 2254 2211 2299 est.
2269 2245 2409 2310 Quin
2459 2248 2663 2314 potius,
2725 2252 2784 2297 ut
2844 2243 3014 2312 magis
3065 2241 3285 2312 proprie
3333 2241 3536 2304 dicam,

1963 2352 2292 2390 renovantur
2345 2335 2550 2404 absque
2588 2335 2934 2394 conditione,
2989 2347 3299 2387 recreantur
3328 2331 3534 2398 absque

1963 2430 2428 2492 comminutione,
2519 2443 2778 2481 curamnr
2867 2428 3070 2494 absque
3145 2424 3256 2477 ullo
3327 2421 3537 2476 doloris

1963 2537 2150 2577 sensu.
2234 2519 2351 2574 Jam
2427 2535 2555 2572 vero
2619 2518 2665 2574 is
2727 2517 2820 2587 qui
2877 2516 3214 2584 baptizatur,
3283 2512 3539 2566 secundze

1964 2614 2090 2666 vitae
2164 2611 2516 2680 meliorisque
2583 2609 2796 2664 vivendi
2883 2608 3108 2661 rationis
3184 2613 3238 2658 et
3303 2603 3535 2656 instituti

1967 2715 2180 2776 pactum
2240 2720 2362 2759 cum
2422 2703 2530 2756 Deo
2585 2703 2706 2762 init,
2771 2700 2935 2770 priori
2977 2709 3031 2752 et
3089 2696 3368 2766 ﬂagitiosa:
3415 2694 3539 2747 vitae

1969 2800 2219 2852 nuntium
2255 2797 2557 2856 remittens,
2585 2795 2746 2862 eique
2773 2792 3032 2846 moriens.
3065 2789 3356 2854 Quocirca,
3381 2787 3536 2855 juxta

1971 2889 2285 2946 Salomonis
2333 2888 2644 2949 consilium,
2691 2885 2885 2938 timore
2933 2882 3317 2949 corripiantur,
3373 2889 3539 2945 atque

1969 2984 2116 3038 omni
2166 2980 2410 3036 custodia
2455 2993 2550 3031 cor
2593 2990 2837 3029 nostrum
2884 2987 3166 3026 servemus
3191 2971 3258 3029 ”,
3311 2985 3377 3021 ne
3408 2983 3534 3020 eum

1971 3077 2186 3146 propria
2239 3069 2564 3142 syngrapha,
2605 3083 2766 3136 quam
2819 3067 2870 3118 in
2925 3064 3274 3117 lideinostrze
3326 3059 3541 3112 confes-

285 3165 399 3210 tam
451 3159 782 3213 instaurans.
833 3158 963 3214 Nam
1010 3162 1053 3214 si
1105 3171 1450 3230 peccatorum
1498 3163 1725 3229 gratiam
1775 3177 1938 3237 perc
1973 3169 2126 3222 sione,
2170 3164 2520 3234 protulimus,
2571 3168 2876 3229 pugnantes
2923 3156 3279 3226 reperiantur.
3326 3151 3540 3206 Etenim

289 3248 621 3316 baptismum
683 3265 787 3303 non
849 3265 1340 3320 consequeremur,
1379 3253 1518 3303 haud
1567 3253 1728 3304 dubie
1773 3267 1868 3320 per

288 3349 572 3408 pet-catum
622 3339 674 3392 in
727 3341 1156 3408 tleSperationem
1195 3343 1620 3409 prolaberentur,
1662 3357 1724 3395 ac
1776 3357 1870 3411 per

289 3425 724 3494 desperationem
746 3445 775 3482 a
805 3430 1000 3484 virtute
1019 3431 1241 3484 οιιτηὶιιυ
1270 3433 1664 3497 excideretnus,
1687 3433 1870 3487 nobis-

291 3534 399 3588 que
435 3519 483 3572 id
509 3523 964 3591 accideret,quod
998 3544 1023 3574 a
1060 3524 1348 3577 Salomone
1368 3527 1588 3590 dicitur,
1642 3524 1867 3594 Impius,

292 3624 412 3659 tum
445 3610 496 3660 in
539 3610 796 3663 mulorum
838 3613 1160 3681 profundum
1198 3618 1390 3668 venerit
1421 3659 1430 3672 .
1482 3619 1765 3669 contemnit
1801 3619 1866 3672 "".

292 3699 457 3752 Nunc
508 3711 685 3753 autem
718 3744 732 3766 ,
782 3706 1242 3772 quemadmodum
1291 3708 1527 3762 viatores
1580 3708 1632 3760 in
1691 3709 1867 3762 diver-

295 3792 444 3844 sorio
479 3794 712 3860 quodam
743 3799 809 3847 ab
855 3795 1066 3850 itineris
1114 3797 1298 3851 labore
1336 3801 1585 3866 recreati,
1622 3803 1870 3871 pt'Opnsi-

301 3892 409 3934 tam
448 3885 590 3938 viam
631 3887 884 3940 alaeriori
939 3890 1124 3942 animo
1181 3892 1516 3944 emetiuntur
1575 3911 1586 3944 :
1650 3895 1720 3945 ita
1769 3909 1870 3947 nos

297 3991 518 4045 quoque
570 3979 707 4030 viam
767 3982 888 4034 vita:
931 3981 1364 4048 promptioribus
1417 3983 1614 4037 animis
1646 3983 1870 4037 confici-

298 4081 446 4120 mus.
484 4071 656 4138 Atque
705 4072 842 4126 hane
884 4073 990 4126 vim
1039 4074 1200 4128 aﬂ'ert
1253 4075 1578 4143 baptismus.
1615 4078 1690 4129 Ac
1726 4075 1870 4129 dilu-

298 4161 448 4212 vium
503 4163 722 4230 quidem
779 4163 934 4228 illud,
997 4181 1107 4235 quo
1170 4175 1411 4235 tempore
1470 4165 1582 4221 Noe
1620 4169 1869 4235 contigit,

304 4254 490 4306 orbem
521 4255 833 4308 universum
881 4259 1254 4312 internecione
1285 4261 1484 4315 delevit
1520 4280 1531 4315 :
1569 4262 1873 4331 baptismns

303 4356 486 4399 autem
522 4355 764 4413 peccata,
800 4348 1001 4416 quibus
1043 4351 1227 4405 obruti
1259 4361 1422 4422 atque
1452 4355 1715 4423 inquinati
1749 4371 1873 4407 era-

301 4452 451 4501 mus,
485 4440 717 4506 detergit
748 4455 811 4493 ac
844 4450 1057 4511 purgat.

1973 3259 2018 3312 si
2075 3267 2230 3326 paeta
2287 3269 2410 3309 cum
2479 3250 2790 3304 hominibus
2849 3248 2979 3301 inita
3027 3243 3541 3314 Deusjnteriectus

1971 3353 2282 3410 coullrmat,
2333 3354 2596 3415 quantum
2641 3342 2856 3395 tandem
2903 3339 3206 3409 periculum
3243 3337 3290 3389 ei
3328 3340 3540 3401 impen-

1971 3442 2100 3496 dere
2152 3437 2450 3510 putandum
2482 3443 2588 3500 est,
2637 3433 2730 3502 qui
2787 3429 3206 3485 conventionem
3263 3443 3384 3478 eum
3423 3431 3540 3491 ipso

1975 3533 2172 3588 factam
2224 3528 2560 3603 perfregerit,
2598 3526 2901 3595 salutisque
2947 3523 3150 3577 hedera
3190 3518 3394 3572 nefarie
3427 3518 3540 3570 vio-

1973 3627 2184 3685 laverit,
2215 3640 2277 3679 ac
2310 3634 2501 3692 printer
2531 3623 2635 3675 alia
2684 3621 2888 3675 scelera
2935 3617 3108 3684 ipsius
3136 3628 3355 3683 quoque
3386 3625 3543 3663 men~

1973 3718 2112 3771 daeii
2149 3717 2286 3784 apud
2332 3715 2498 3768 Deum
2542 3727 2670 3766 reus
2717 3719 3028 3781 peragatur,
3065 3706 3194 3776 quia
3229 3705 3385 3757 iidem
3439 3699 3540 3768 ipsi

1974 3812 2158 3863 datam
2195 3808 2484 3872 fefellerit;
2536 3806 2700 3874 idque
2731 3821 2854 3857 eum
2905 3802 3014 3872 jam
3053 3799 3234 3852 nullus
3269 3796 3408 3849 alius
3447 3794 3544 3845 ha-

1973 3903 2206 3970 ptismns
2238 3899 2498 3969 srpersit.
2526 3895 2858 3966 lmpossibile
2888 3903 2965 3948 est
2994 3891 3154 3952 enim,
3203 3889 3380 3957 inquit
3407 3885 3544 3938 Pau-

1976 3996 2079 4053 lus,
2113 4010 2197 4046 eos
2240 3994 2330 4062 qui
2375 3991 2535 4045 semel
2563 3999 2683 4044 sum
2720 3986 3032 4049 illuminati,
3080 3999 3266 4036 rursus
3299 3992 3546 4034 renovare

1975 4084 2043 4136 ad
2100 4083 2458 4152 pwnitentiam
2517 4081 2585 4136 ⁸ο.
2642 4079 2793 4134 Unus
2853 4093 3014 4148 porro
3075 4075 3384 4144 baptismus
3442 4079 3546 4133 est,

1978 4175 2417 4245 quandoquidem
2453 4187 2556 4225 una
2593 4181 2675 4226 est
2707 4186 2852 4224 mors
2884 4185 2981 4238 pro
3014 4167 3219 4221 mundo
3250 4170 3498 4225 suscepta
3532 4175 3545 4210 :

1977 4275 2138 4332 atque
2176 4277 2282 4315 una
2308 4277 2334 4314 a
2371 4260 2600 4314 mortuis
2646 4258 2995 4318 resurrectio,
3039 4270 3201 4323 quam
3243 4251 3549 4318 baptismus

1977 4355 2243 4423 designat.
2295 4352 2530 4405 Proinde
2576 4350 2829 4404 Christus
2865 4347 3122 4416 baptismi
3179 4344 3337 4397 nobis
3372 4341 3549 4394 fcedus

1981 4447 2180 4509 sanxit,
2217 4445 2408 4497 mortis
2439 4457 2502 4496 ac
2527 4442 2649 4494 vitae
2685 4441 2913 4509 figuram
2951 4438 3178 4498 habens,
3217 4450 3358 4503 aqua
3389 4431 3543 4485 nimi-

375 4529 493 4582 Col.
525 4530 717 4584 567A.
756 4530 1195 4602 Quandoquidem
1239 4545 1414 4588 autem
1458 4538 1659 4590 duabus
1702 4540 1874 4607 parti-
1911 4521 1952 4573 ι)
1985 4554 2102 4591 rum
2160 4536 2350 4590 mortis
2403 4533 2693 4602 imaginem
2757 4530 3092 4599 exprimente
3127 4528 3346 4598 (horum
3405 4524 3548 4578 enim

305 4621 422 4682 bus,
459 4621 553 4674 hoc
593 4633 690 4683 est,
743 4632 850 4676 etc.
908 4625 1361 4693 Quandoquidem
1428 4631 1760 4696 compositus
1819 4646 1881 4684 ac

306 4729 414 4766 non
449 4715 677 4784 simplex
713 4717 876 4771 homo
921 4726 1028 4782 est,
1083 4718 1288 4772 idcirco
1321 4719 1520 4789 duplici
1552 4732 1717 4790 atque
1747 4737 1882 4776 con-

301 4806 498 4876 juncto
550 4821 777 4878 cognata
823 4819 877 4864 et
932 4809 1131 4866 similia
1186 4814 1583 4866 medicamenta
1615 4814 1678 4867 ad
1711 4814 1883 4884 ipsius

307 4902 658 4954 curationem
703 4903 962 4956 attributa
1012 4913 1158 4966 sunt,
1185 4905 1400 4972 corpori
1438 4903 1694 4957 nimirum
1728 4920 1886 4972 aspe-

307 4993 488 5046 ctabili
548 5009 688 5062 aqua
747 4995 1067 5061 sensibilis,
1126 4995 1309 5049 animo
1373 5007 1553 5049 autem
1613 4997 1874 5052 invisibili

307 5086 536 5154 Spiritus
565 5087 848 5140 oculorum
879 5087 1130 5141 obtutum
1174 5087 1409 5157 fugiens,
1443 5089 1547 5156 qui
1578 5102 1674 5156 per
1715 5089 1874 5141 iidem

307 5188 558 5242 vocatus,
595 5179 850 5233 ineffabili
910 5181 1070 5234 modo
1114 5181 1346 5234 accedit.
1401 5179 1466 5232 Et
1493 5180 1707 5247 quidem
1737 5195 1876 5249 aqua

311 5270 652 5337 purgationis
687 5270 913 5339 liguraut
958 5271 1114 5340 gerit.
1149 5269 1408 5339 Purgatio
1433 5270 1600 5333 enim,
1637 5285 1755 5338 qum
1783 5283 1878 5339 per

311 5375 508 5426 aquam
545 5362 623 5425 lit,
665 5377 783 5415 eam
825 5377 946 5432 quae
977 5377 1070 5429 per
1096 5361 1346 5431 spiritum
1381 5367 1752 5430 comparatur,
1783 5359 1882 5412 de-

313 5451 513 5520 signat.
548 5453 617 5508 L‘t
647 5457 791 5507 enim
839 5469 1038 5522 corpus
1088 5454 1156 5507 ab
1183 5469 1346 5523 aqua,
1380 5455 1460 5508 sic
1491 5453 1670 5507 anima
1701 5468 1729 5505 a
1767 5451 1880 5522 spi-

314 5542 421 5595 ritu
477 5544 738 5599 lnstratur
769 5565 781 5598 :
840 5554 1001 5614 atque
1033 5545 1104 5598 ita
1149 5561 1235 5600 res
1268 5546 1318 5597 in
1348 5546 1538 5598 oculos
1574 5545 1773 5598 caelens
1804 5541 1879 5596 rei

317 5632 609 5690 invisibilis
635 5637 854 5707 signum
887 5646 990 5690 est.
1034 5637 1102 5688 At
1132 5637 1356 5705 spiritus
1387 5650 1570 5689 veram
1603 5632 1882 5702 purgatio-

390 5821 431 5852 "
481 5815 596 5873 Gal.
639 5834 686 5879 v,
718 5833 850 5880 xvn,
925 5816 969 5849 ³⁸
1004 5816 1161 5872 l‘rov.
1216 5831 1370 5879 xviii,
1405 5817 1457 5869 5.

1979 4632 2072 4699 qui
2110 4629 2458 4696 baptizantur
2508 4640 2739 4694 corpora
2788 4624 2840 4676 in
2876 4638 3016 4691 aqua
3082 4619 3242 4672 veluti
3277 4617 3536 4686 sepeliun-

1984 4723 2118 4790 tur),
2174 4720 2365 4788 Spiritu
2439 4727 2615 4770 autem
2667 4717 2789 4768 vine
2845 4715 3206 4767 arrhaboncm
3269 4710 3548 4762 all‘erenle.

1981 4815 2348 4880 Quamobrem
2406 4811 2550 4865 nulla
2616 4811 2782 4862 altera
2863 4816 3114 4875 superest
3169 4802 3550 4871 regeneratio,

1983 4920 2157 4972 neque
2212 4906 2263 4957 in
2314 4913 2546 4957 veterem
2599 4910 2800 4954 statum
2854 4898 3150 4958 restitutio,
3195 4895 3297 4948 hoc
3351 4902 3454 4954 cst,
3498 4893 3552 4944 in

1986 4994 2364 5062 purgationem
2400 4993 2569 5056 illam,
2615 5006 2776 5060 quam
2811 4985 3240 5058 regenerationis
3275 4985 3552 5038 lavacrum

1988 5085 2188 5138 attulit.
2223 5085 2544 5154 Quanquam
2583 5085 2725 5136 enim
2784 5083 3145 5150 laerymarum
3193 5091 3413 5146 quoque
3455 5075 3550 5126 ha-

1987 5175 2220 5243 ptismus
2272 5184 2375 5237 est,
2465 5173 2882 5240 baiulquaquam
2965 5183 3142 5224 tamen
3222 5169 3294 5221 ita
3361 5173 3552 5234 purgat

1990 5273 2046 5317 ut
2083 5265 2292 5332 primus
2325 5262 2644 5330 baptismus.
2689 5259 2756 5313 Ut
2792 5259 2933 5313 enim
2979 5262 3127 5314 varia
3176 5265 3304 5310 sunt
3334 5254 3554 5323 superni

1987 5354 2290 5424 Splendor-is
2318 5368 2532 5421 genera,
2565 5352 2645 5405 sic
2679 5361 2732 5405 et
2764 5353 3169 5420 purgationum.
3217 5347 3348 5400 Nam
3400 5347 3552 5414 juxta

1989 5460 2163 5499 meam
2219 5446 2389 5513 legem
2458 5459 2520 5498 ac
2574 5446 2920 5504 sententiam,
2968 5441 3393 5496 Novatianornm
3459 5435 3547 5487 dn-

1989 5538 2153 5608 gmati
2188 5538 2515 5606 Oppositam,
2578 5551 2720 5606 :rgre.
2765 5536 2980 5588 tandem
3032 5547 3126 5600 per
3183 5527 3554 5597 pomitentiam

1990 5629 2218 5683 cicatrix
2251 5628 2561 5691 obducitur,
2599 5623 3062 5696 quemadmodum
3099 5620 3240 5676 Deus
3276 5635 3371 5690 per
3405 5617 3549 5671 Jere-

1537 5816 1580 5847 ³⁶
1619 5815 1778 5868 Prov.
1834 5810 2021 5877 μυεῖ).
2097 5810 2141 5840 ⁸ο
2189 5807 2351 5864 llehr.
2387 5825 2460 5872 vi,
2517 5808 2569 5861 6.
