4064 6274
525 347 664 410 1255
1900 342 2130 400 ADDEi‘

2202 341 2280 398 lA.
3652 335 3807 399 1256

523 459 690 512 miam
727 453 968 524 loquitur
1022 468 1036 504 :
1109 451 1242 506 Ecce
1285 467 1377 520 ego
1407 451 1657 504 inducam
1703 451 1834 520 ipsis
1883 453 2176 513 cicatri-A
2203 448 2466 517 primum,
2508 442 2651 513 quod
2706 442 3092 514 suscipiendus
3141 444 3212 500 sit
3264 443 3613 515 baptismus;
3655 451 3806 502 alte-

517 552 596 603 cis
621 547 981 601 obductionem
1006 552 1055 596 et
1087 543 1361 605 medelam,
1397 553 1444 596 et
1477 543 1676 596 curabo
1699 559 1786 596 eos
1818 544 1886 596 “.
1921 546 2096 612 Atque
2202 555 2355 602 rnttt,
2407 537 2552 606 quod
2608 535 2828 600 statim;
2890 535 3108 588 tertium
3135 575 3152 598 ,
3203 537 3349 606 quod
3404 539 3571 592 nobis
3623 556 3805 609 opera

522 640 639 708 ipse
664 634 881 706 quidem
913 632 1199 688 cicatrices
1233 648 1453 702 quoque
1489 633 1634 702 ipsas
1667 632 1898 692 aboleri.
1925 647 1990 687 ac
2030 647 2099 687 ne
2201 631 2378 684 danda
2431 631 2526 694 sil,
2581 637 2640 682 ut
2689 628 2795 681 hoc
2839 628 3044 682 donum
3099 632 3168 682 ab
3215 631 3474 685 omnibus
3529 632 3807 686 sordibus

520 718 812 783 vulnerum
885 725 1106 794 quidem
1162 724 1452 792 vestigium
1498 724 1733 794 relinqui
1799 741 2096 795 cuperem,
2201 735 2400 789 purum
2439 731 2707 774 tueamur.
2768 718 3066 787 Postquam
3123 719 3286 788 igitur
3334 721 3404 776 de
3446 723 3615 775 tertio
3681 738 3812 788 qua:

521 818 965 890 quandoquidem
1019 827 1074 870 et
1127 816 1242 884 ipse
1296 816 1673 870 misericordia
1722 830 1861 884 opus
1897 818 2096 872 habeo.
2200 811 2431 865 dicenda
2465 811 2787 866 videbantur
2837 809 2993 872 dixit,
3045 824 3189 862 nunc
3219 809 3286 864 de
3317 824 3382 864 eo
3417 826 3652 880 quoque
3687 812 3811 865 dis-

525 913 727 966 \’erum
784 924 1040 979 ntagnum
1093 908 1448 962 Athanasium
1505 920 1844 964 asserentem
1907 910 2094 975 audio,

2208 907 2354 970 putat
2405 900 2550 968 quod
2599 901 2665 952 ad
2716 899 3048 967 baptismum
3119 903 3381 955 accedere
3428 915 3670 955 necesse
3709 902 3813 965 sit,

521 1015 647 1053 eum
678 999 770 1068 qui
811 998 878 1050 ad
914 997 1191 1051 meliorem
1232 993 1440 1064 frugem
1488 1011 1547 1050 se
1595 1000 1883 1066 receperit,
1923 1015 2099 1069 quau-
2202 1009 2266 1047 ac
2317 1007 2444 1046 cum
2499 990 2667 1045 Paulo
2707 991 2804 1054 ait,
2844 1005 2973 1044 cum
3026 990 3245 1046 Christo
3303 1009 3399 1060 per
3448 993 3815 1062 baptismum

522 1093 687 1159 quam
737 1089 897 1142 linem
965 1087 1223 1156 peccandi
1277 1087 1474 1152 faciat,
1517 1088 1726 1143 inustas
1761 1098 1942 1143 tamen
1979 1091 2100 1144 vul-
2201 1085 2552 1154 sepeliantur,
2589 1093 2646 1138 ut
2693 1096 2900 1138 etcum
2933 1097 2998 1136 eo
3029 1099 3401 1153 resurgamus.
3445 1089 3607 1156 Aqua
3646 1088 3812 1141 enim

525 1183 672 1236 neris
722 1181 1006 1235 cicatrices
1056 1181 1298 1234 habere:
1341 1196 1464 1235 eum
1507 1192 1688 1235 autent
1741 1183 1831 1251 qui
1862 1183 2100 1252 haptiza-
2203 1176 2398 1231 mortis
2457 1175 2746 1245 imaginem
2815 1174 3022 1242 refert,
3076 1191 3277 1245 corpus
3331 1178 3476 1232 velut
3531 1179 3818 1247 sepulcro

527 1284 612 1326 tur
643 1283 876 1327 veterem
936 1271 1210 1325 hominem
1247 1286 1448 1325 exuere
1480 1286 1544 1324 ac
1571 1275 1841 1337 renovari,
1865 1289 2099 1342 superne
2204 1267 2501 1337 accipiens.
2544 1265 2784 1335 Spiritus
2821 1276 3006 1321 autem
3059 1269 3325 1322 viviticam
3365 1271 3478 1322 vim
3511 1271 3818 1334 immittit,

526 1364 774 1417 videlicet
825 1378 919 1432 per
950 1362 1188 1432 Spiritus
1228 1363 1403 1416 sancti
1453 1365 1684 1432 gratiam
1724 1366 2094 1434 progenitum.
2205 1361 2420 1413 animas
2469 1369 2685 1412 DOSU‘aS
2737 1374 2766 1412 a
2824 1359 3034 1427 Ρθοοτιῑί
3091 1369 3263 1413 morle
3314 1362 3379 1413 ad
3422 1363 3677 1429 priorem
3729 1365 3817 1416 ri-

522 1453 792 1507 Czeterum
832 1463 890 1508 ut
917 1453 1200 1506 cicatrices
1241 1467 1458 1521 quoque
1484 1454 1630 1521 ipsas
1679 1454 1846 1507 deleri
1901 1469 2100 1509 conee-
2207 1459 2314 1504 tam
2367 1465 2659 1512 renovatis.
2710 1449 3125 1505 Desceudamus
3177 1462 3236 1506 ut
3281 1452 3538 1508 Christus
3598 1456 3657 1508 in
3718 1471 3818 1509 se-

524 1550 739 1610 damus,
789 1546 964 1599 satius
1012 1545 1201 1612 utique
1251 1542 1414 1598 luerit
1456 1544 1772 1598 dilIiciliilla
1804 1555 1858 1599 et
1902 1561 2101 1599 aerum-
2203 1542 2494 1612 pulcrum,
2558 1547 2631 1596 ita
2691 1558 2794 1597 nos
2854 1558 3074 1612 quoque
3132 1544 3185 1596 in
3251 1543 3587 1612 baptismum
3657 1563 3676 1599 :
3757 1557 3820 1600 ut

525 1653 659 1691 "osa
701 1638 1196 1706 purgatione,qu;n
1223 1637 1276 1690 in
1331 1637 1646 1707 pmniteutia
1681 1637 1970 1701 consistit,
2004 1653 2101 1691 ne-
2205 1633 2662 1702 quemadmodum
2716 1634 2804 1688 ille
2857 1649 2920 1687 ex
2979 1646 3318 1688 mortuorum
3377 1636 3667 1704 sepulcro,
3727 1639 3817 1692 sic

527 1745 805 1798 quaquam
834 1744 970 1798 opus
1005 1729 1224 1794 habere,
1258 1743 1442 1782 rerum
1473 1728 1527 1782 in
1563 1730 1736 1798 prima
1772 1730 2096 1794 consistere,
2137 1790 2171 1798 ’κ
2206 1737 2305 1776 nos
2353 1723 2516 1777 etiam
2552 1738 2582 1776 e
2620 1723 2830 1792 peccati
2884 1723 3093 1777 tumulo
3134 1740 3198 1778 ac
3234 1727 3468 1778 ntortuis
3523 1728 3816 1795 operibus

525 1836 649 1888 qua:
680 1819 898 1890 quidem
939 1820 1141 1874 laboris
1169 1835 1232 1873 ac
1277 1820 1539 1874 molestia:
1573 1835 1764 1887 expers
1801 1832 1905 1884 est,
1933 1833 2096 1890 atque
2137 1790 2174 1845 Β
2207 1813 2258 1866 in
2292 1813 2523 1867 sublime
2560 1812 2826 1868 feramur.
2878 1813 3186 1883 Baptismus
3233 1815 3502 1883 siquidem
3551 1833 3811 1887 operum

526 1913 736 1966 honore
792 1927 952 1981 pares
1001 1927 1097 1968 eos
1149 1913 1242 1981 qui
1316 1913 1380 1965 ad
1433 1913 1757 1981 baptismum
1827 1916 2096 1968 accedunt
2204 1906 2386 1959 carnis
2417 1906 2780 1974 abjectiouem
2814 1907 3064 1976 designat
3091 1916 3145 1960 et
3175 1907 3398 1971 indicat,
3430 1910 3812 1980 animamque

524 2004 687 2059 eliicit
716 2045 728 2066 ,
775 2014 961 2073 utpote
1017 2019 1137 2074 quae
1182 2020 1246 2058 ex
1305 2019 1462 2073 atquo
1517 2005 1815 2074 accipiatur
1842 2046 1857 2070 ,
1932 2017 2095 2076 atque
2205 2011 2235 2050 a
2277 1996 2529 2051 sordibus
2563 2006 2616 2050 et
2649 1997 2914 2067 spurcitie
2947 2013 3016 2051 ex
3061 2000 3295 2052 carnalis
3331 2000 3561 2055 ali'ectus
3603 2017 3812 2056 consa-

526 2094 738 2151 outnes'
775 2095 894 2149 sine
951 2096 1060 2150 ullo
1102 2097 1416 2150 discrimine
1457 2097 1670 2150 lustret.
1729 2096 2098 2162 Quemadmo-

2206 2090 2365 2160 gione
2394 2101 2697 2149 contracta,
2732 2091 2930 2145 lustrat
2963 2099 3018 2143 et
3045 2093 3252 2160 expiat.
3289 2092 3563 2157 Quoniam
3602 2107 3801 2149 autem

525 2186 656 2238 dum
687 2186 1180 2240 cnim'comntunis
1229 2195 1311 2241 est
1350 2187 1606 2241 omnibus
1646 2188 1792 2240 aeris
1837 2187 2092 2252 haustus,
2207 2181 2504 2252 haptismus
2561 2181 2889 2238 descensum
2942 2195 3105 2253 atque
3158 2200 3445 2238 ascensum
3496 2188 3804 2251 continet.

525 2293 589 2332 ac
646 2277 783 2330 lueis
831 2277 1079 2346 profusio
1125 2285 1179 2331 et
1210 2277 1488 2346 splendor,
1518 2286 1571 2330 et
1605 2287 1839 2346 quatuor
1861 2279 2096 2347 partium
2208 2274 2310 2329 hoc
2333 2276 2554 2343 insuper
2586 2274 2838 2344 adjiciam
2875 2291 2889 2329 :
2918 2274 3052 2329 Cum
3077 2290 3142 2328 eo
3170 2277 3558 2340 ascendamus,
3596 2296 3803 2348 qui-m-

525 2367 1104 2430 annivieissitudines,
1141 2376 1197 2423 et
1244 2383 1427 2421 reruut
1479 2377 1784 2422 crcatarum
1821 2379 2093 2438 aspectus.
2206 2368 2495 2422 admodum
2567 2366 2814 2420 videlicet
2865 2367 2954 2422 ille
3009 2367 3063 2420 in
3120 2368 3358 2432 emittm,
3415 2370 3487 2422 ita
3563 2387 3676 2426 nos
3741 2373 3798 2426 iu

527 2459 760 2529 ﬁdeique
787 2474 942 2528 aequa
974 2459 1194 2528 portio:
1240 2461 1428 2514 eodem
1469 2461 1628 2514 modo
1657 2459 1914 2528 baptismi
1965 2477 2097 2531 quo-
2207 2473 2326 2512 eam
2377 2458 2790 2520 sublimitatem,
2830 2460 2896 2512 ad
2937 2475 3099 2528 quam
3150 2462 3404 2529 provehit
3450 2462 3797 2532 baptismus.

525 2567 627 2620 que
655 2551 962 2604 communis
997 2559 1079 2604 est
1110 2551 1302 2619 gratia.
2209 2559 2264 2602 ut
2301 2548 2466 2602 simul
2498 2563 2712 2618 quoque
2743 2551 2912 2619 gloria
2944 2550 3246 2606 alliciantur
3271 2553 3390 2622 (per
3421 2554 3794 2623 adoptionem

595 2642 712 2696 Col.
744 2642 849 2695 570
877 2644 941 2698 Α.
972 2640 1139 2696 Grave
1172 2642 1308 2695 enim
1341 2653 1418 2695 est
1451 2643 1734 2712 facilioris,
1765 2653 1868 2699 etc.
1923 2644 2099 2700 Grave
2207 2639 2484 2708 scilicet),
2540 2657 2603 2695 ac
2657 2644 2808 2710 regni
2863 2643 3102 2697 caelestis
3162 2643 3404 2698 haeredcs
3457 2645 3799 2712 efﬁciantur,

525 2743 578 2787 et
611 2733 872 2787 miserum
919 2742 1003 2788 est
1045 2748 1140 2803 spe
1190 2734 1447 2788 secundae
1477 2736 1814 2805 purgationis
1840 2746 1962 2806 post
1999 2739 2088 2790 ha-
2207 2735 2667 2803 quuuadmodum
2723 2735 2810 2789 ille
2857 2737 3004 2791 sedis
3043 2737 3095 2790 in
3131 2737 3322 2792 dextra
3376 2736 3560 2793 Patris
3615 2742 3797 2798 [neres

527 2828 784 2894 ptismum
819 2828 1114 2897 inquinari,
1139 2843 1199 2882 ac
1227 2837 1412 2897 postea
1445 2829 1582 2882 dura
1615 2840 1666 2882 et
1699 2831 1892 2884 acerba
1925 2831 2100 2885 medi-
2207 2826 2385 2881 factus
2423 2837 2524 2880 est.

527 2921 650 2976 cina
697 2921 960 2989 indigere,
1012 2937 1075 2976 ac
1134 2923 1376 2990 projecta
1433 2922 1687 2991 baptismi
1717 2923 1920 2992 gratia,
1977 2937 2100 2992 quae
2280 2919 2413 2972 Ibid.
2470 2919 2530 2973 Si
2580 2928 2629 2974 te
2675 2918 2890 2973 luntim's
2937 2933 3239 2988 persecutor
3285 2933 3334 2977 et
3386 2933 3624 2980 tentatur
3673 2940 3794 2993 post

529 3014 926 3080 praeteritarum
982 3028 1250 3068 noxarum
1311 3013 1690 3068 remissionem
1745 3013 1930 3079 habet,
1971 3029 2099 3070 nos—
2209 3008 2550 3077 baptismum,
2599 3019 2703 3065 etc.
2741 3009 3048 3081 Theologus
3097 3015 3265 3081 probe
3298 3027 3650 3085 perspectum
3689 3021 3781 3072 ha-

527 3106 675 3174 ipsos
722 3108 1038 3160 excruciare
1077 3118 1239 3176 atque
1274 3105 1532 3176 alnigcrc,
1564 3115 1625 3159 ut
1656 3105 2094 3162 misericordiam
2127 3137 2171 3196 C
2210 3099 2361 3159 beus,
2399 3099 2690 3154 nonnullos
2727 3101 2849 3156 ideo
2893 3102 3223 3171 baptismum
3273 3105 3600 3174 detrectare,
3633 3112 3784 3177 quod

526 3214 556 3249 a
601 3195 705 3250 Deo
737 3212 1160 3266 consequantur,
1201 3212 1266 3250 ac
1309 3199 1434 3252 vitae
1467 3197 1867 3252 correctionem
1895 3196 2100 3251 adntis-
2133 3188 2171 3196 “
2210 3188 2386 3245 hoslis
2437 3190 2696 3260 impetum
2751 3204 2875 3260 post
2919 3194 3250 3262 baptismum
3307 3197 3781 3266 pertimescerent.

528 3289 605 3341 sis
633 3289 848 3358 llagitiis
876 3305 1061 3354 parum
1111 3291 1391 3344 exhibere,
1447 3289 1724 3356 Quantum
1753 3291 1901 3344 enim
1929 3291 2100 3360 [act-5-
2208 3280 2526 3350 hujusmodi
2575 3283 2824 3339 homines
2871 3285 2936 3337 ad
2979 3285 3123 3339 hunc
3180 3288 3404 3342 modum
3463 3290 3770 3358 alloquitur.

528 3392 741 3430 marum
786 3379 1198 3444 exhaurieutus,
1241 3387 1310 3432 ut
1357 3379 1411 3432 id
1462 3394 1564 3434 nos
1612 3379 1840 3448 perinde
1884 3379 2100 3446 lustret,
2209 3371 2265 3426 Si
2324 3383 2444 3443 post
2497 3373 2827 3443 baptismum
2886 3387 2938 3431 te
2990 3377 3246 3433 diabolus
3300 3380 3526 3435 adortus
3579 3380 3777 3444 fuerit.

528 3486 592 3524 ac
640 3471 792 3538 prius
852 3471 1174 3537 baptismus,
1230 3479 1284 3525 et
1345 3470 1754 3540 purgationem,
1796 3486 1959 3540 quam
2008 3485 2103 3540 per
2205 3464 2645 3535 quandoquidem
2701 3474 2756 3520 et
2806 3465 3083 3522 Christum
3142 3470 3507 3537 Oppugnavit,
3563 3482 3785 3539 propter

527 3562 768 3615 divinum
828 3562 1104 3615 lavacrum
1180 3572 1455 3630 acceptam
1515 3561 1842 3626 amisimus,
1884 3546 2098 3616 reddat!
2206 3571 2425 3610 carnem
2481 3573 2693 3612 merum
2751 3559 3028 3613 hominem
3083 3574 3209 3614 eum
3266 3575 3381 3614 esse
3431 3563 3791 3626 arbitratus.

528 3653 662 3719 Quis
715 3662 893 3707 autem
942 3653 1076 3707 satis
1125 3652 1367 3722 locuples
1414 3667 1646 3722 sponsor
1695 3652 1818 3716 erit,
1862 3651 1979 3706 fore
2045 3661 2104 3705 ttt
2205 3648 2467 3703 adversus
2521 3664 2646 3702 eum
2685 3649 2999 3704 sensibilem
3055 3664 3246 3718 aquam
3295 3650 3546 3713 obtende,
3602 3655 3792 3720 spiri-

531 3759 680 3798 utors
711 3743 1052 3798 curationem
1099 3753 1340 3796 nostram
1379 3751 1677 3812 exspectet,
1714 3755 1780 3796 ac
1825 3757 1931 3795 non
1977 3757 2100 3812 pec-
2205 3740 2368 3795 tualis
2424 3741 2585 3809 ignis,
2646 3741 2749 3796 hoc
2798 3752 2904 3804 est,
2958 3745 3169 3811 peccati
3220 3742 3619 3797 exstinctrieem
3677 3745 3787 3813 (id

530 3837 636 3888 cati
671 3850 790 3890 reos
832 3845 886 3889 et
953 3834 1287 3904 purgationis
1331 3833 1519 3887 debito
1581 3833 1906 3887 constrictos
1960 3832 2104 3901 judi-
2204 3833 2348 3903 quod
2395 3832 2704 3887 mirandum
2740 3833 2845 3903 est)
2895 3834 3054 3902 cujus
3087 3848 3189 3902 cpe
3221 3850 3282 3888 ac
3314 3834 3553 3889 subsidio
3598 3835 3792 3904 ignita

529 3930 673 3984 cium
701 3928 944 3981 divinum
995 3927 1280 3995 suscipiat,
1336 3926 1706 3996 gehennzeque
1764 3926 2100 3981 incendium.
2204 3927 2387 3982 omnia
2421 3927 2575 3997 pravi
2610 3925 2758 3981 illius
2793 3927 3023 3997 spiritus
3057 3928 3186 3993 tela,
3220 3927 3362 3984 sicut
3390 3927 3598 3984 Paulus
3630 3931 3790 3990 ait",

542 4017 629 4071 Tu
710 4017 983 4084 quidem,
1043 4017 1410 4087 spiritualium
1465 4019 1770 4086 plantarum
1831 4020 2100 4084 exeultor,
2201 4019 2638 4089 exstinguentur,
2709 4021 2899 4090 aqueis
2951 4019 3204 4075 videlicet
3257 4021 3467 4076 umbris
3517 4037 3548 4076 a
3620 4026 3790 4077 verbo

530 4109 817 4164 hominum
854 4109 1008 4178 juxta
1049 4109 1363 4179 parabolam
1425 4111 1791 4179 evangelicam
1817 4112 1861 4142 υ
1890 4111 2101 4174 orabis,
2205 4112 2390 4167 tinctis
2413 4126 2726 4181 compressa
2757 4121 2918 4181 atque
2946 4115 3224 4168 restincta.
3251 4115 3516 4184 Spiritum
3545 4132 3775 4184 oppone,

532 4211 590 4256 ut
624 4202 956 4272 inl'rugifera:
1005 4202 1154 4270 ﬁt‘lli,
1186 4202 1288 4255 hoc
1339 4211 1442 4266 est,
1493 4203 1693 4256 anima:
1747 4211 1849 4256 tute
1892 4211 2100 4271 parcat,
2205 4219 2480 4273 tuaguum,
2512 4204 2757 4274 inquam,
2792 4206 2940 4259 illum
2975 4216 3030 4259 et
3057 4208 3318 4270 validum,
3353 4222 3418 4260 ac
3451 4217 3680 4268 montes,
3716 4210 3769 4260 id

528 4309 760 4363 eantque
793 4309 896 4348 non
923 4294 1226 4358 exscindat,
1256 4308 1442 4348 verum
1479 4293 1571 4348 tibi
1602 4294 1886 4358 concedat,
1925 4303 2098 4359 utea,
2201 4306 2305 4361 est,
2351 4295 2624 4350 daemones
2663 4297 3073 4362 dissolvcutem,
3108 4299 3570 4368 quemadmodum
3618 4298 3772 4352 tertio

529 4402 652 4455 qua:
695 4386 761 4439 ad
816 4386 1104 4442 tollendam
1173 4387 1346 4457 ipsius
1404 4387 1740 4442 sterilitatem
1786 4387 2101 4456 adjumento
2205 4386 2410 4454 Regum
2465 4387 2603 4440 libro
2659 4387 2891 4442 habetur
2934 4387 3002 4446 “.
3059 4387 3113 4441 Si
3170 4390 3264 4442 tibi
3325 4389 3471 4444 fante
3525 4401 3779 4458 correpto

529 4494 651 4532 esse
683 4489 930 4548 pessum,
964 4480 1196 4550 iujicias,
1249 4479 1508 4533 nimirum
1539 4493 1660 4532 eam
1703 4479 2097 4533 correctionem
2131 4483 2176 4538 D
2210 4480 2490 4547 penuriam
2534 4489 2588 4532 et
2631 4481 3009 4535 necessitatem
3066 4481 3328 4536 insidiose
3381 4483 3668 4551 objecerit,
3722 4494 3782 4536 ut

533 4587 653 4637 quae
685 4573 736 4623 in
769 4573 973 4640 peccati
1011 4573 1377 4636 confessione,
1405 4581 1566 4642 atque
1593 4572 1645 4624 iu
1683 4582 1929 4642 apertum
1969 4587 2102 4641 pro-
2199 4570 2440 4636 Christo,
2482 4585 2546 4623 ac
2595 4572 2830 4638 petierit,
2882 4582 2942 4624 ut
2987 4571 3196 4640 lapides
3239 4573 3292 4625 in
3338 4589 3508 4642 panes
3555 4561 3786 4627 vertan-

536 4664 771 4717 ferendis
818 4680 923 4718 non
959 4659 1078 4721 Sine
1122 4668 1330 4734 pudore
1375 4666 1701 4721 criminibus
1733 4666 2007 4730 cousiStit,
2040 4680 2104 4717 ac
2203 4671 2290 4714 tur
2332 4661 2398 4722 ".
2433 4662 2520 4716 dic
2572 4678 2695 4716 cum
2751 4665 2919 4716 Paulo
2954 4682 2967 4716 :
2999 4663 3115 4717 Non
3173 4665 3367 4734 igttoro
3421 4667 3792 4734 cogitationes

532 4763 792 4824 praeterea
829 4757 1023 4808 anima:
1055 4757 1426 4820 alIlictionem,
1463 4756 1563 4809 hoc
1588 4765 1690 4816 est.
1715 4757 2101 4810 contritiouem
2203 4762 2346 4816 tuas,
2382 4766 2414 4804 ο
2448 4766 2632 4821 prave.
2684 4755 2777 4821 qui
2833 4753 2977 4806 aliud
3034 4754 3134 4817 vis,
3186 4757 3334 4809 aliud
3388 4757 3676 4824 prauendis
3712 4759 3791 4811 “.

532 4857 588 4900 et
621 4845 1002 4913 dejectionem,
1053 4846 1406 4915 corporisque
1437 4846 1875 4915 oppressionem,
1915 4845 1964 4898 id
1997 4856 2102 4912 est,
2201 4841 2458 4895 Praetexis
2511 4843 2890 4896 necessitatem
2935 4861 2948 4896 :
2987 4845 3068 4898 vis
3119 4856 3301 4900 autem
3351 4861 3438 4900 me
3485 4848 3623 4901 cibis
3678 4862 3787 4901 ex-

532 4937 762 5008 jojunia,
810 4937 1043 5006 vigilias,
1092 4948 1431 5004 caaterasque
1478 4936 1830 4990 .alIlictiones.
1900 4933 2098 4990 Verum
2207 4933 2342 5002 pleri
2398 4941 2451 4986 et
2507 4933 2866 5004 ingurgitari,
2919 4937 3288 5007 voluptatique
3343 4939 3648 5008 indulgere.
3703 4943 3788 4993 Ac

535 5038 780 5084 neertum
807 5038 913 5094 est,
947 5044 1014 5080 au
1050 5027 1192 5080 Deus
1229 5027 1542 5094 hujusmodi
1569 5025 1774 5078 homini
1799 5036 2005 5095 parcet,
2035 5042 2101 5080 ac
2208 5035 2492 5094 propterea
2525 5041 2634 5091 non
2663 5042 2878 5096 panem.
2907 5030 3000 5082 sed
3031 5044 3197 5096 panes
3229 5030 3343 5084 fieri
3375 5031 3572 5098 poscis.
3608 5029 3786 5093 Doce,

534 5138 640 5174 non
679 5137 801 5174 eum
825 5119 1129 5178 exscindet,
1156 5134 1222 5171 ne
1244 5121 1384 5172 alius
1409 5117 1676 5187 quispiant
1697 5132 1762 5171 ex
1788 5118 1958 5188 ipsius
1976 5134 2103 5187 erga
2208 5130 2329 5184 qua:
2359 5130 2466 5168 non
2501 5115 2714 5184 didicit,
2750 5117 2878 5185 quia
2908 5116 3000 5171 Dei
3032 5118 3210 5172 cultor
3241 5132 3324 5182 es,
3355 5134 3420 5172 ac
3451 5116 3653 5171 Christi
3692 5121 3788 5170 di-

531 5229 654 5267 cunt
685 5213 904 5266 lenitate
925 5221 980 5265 et
1003 5213 1259 5280 patientia
1288 5210 1614 5275 oll‘eudatur,
1637 5226 1701 5264 ac
1731 5211 1968 5265 deterior
1991 5211 2102 5275 fiat,
2203 5207 2468 5274 seipulus.
2512 5206 2643 5259 Nam
2687 5208 2828 5262 idem
2863 5224 3082 5278 quoque
3117 5211 3167 5262 in
3203 5209 3423 5264 Christo
3469 5211 3788 5278 ignorabat,

531 5305 650 5374 ejus
676 5304 924 5359 videlicet
969 5303 1456 5372 sceleraimpuuita
1486 5319 1708 5356 manere
1739 5302 2099 5370 conspiciens.
2202 5300 2345 5370 quod
2400 5299 2493 5353 Dei
2548 5299 2720 5355 Filius
2771 5312 2939 5358 esset.
2991 5303 3068 5356 Ac
3103 5301 3356 5357 Christus
3394 5305 3610 5372 quidem
3649 5319 3784 5356 cum

602 5397 720 5450 Col.
777 5397 883 5452 370
944 5398 1001 5452 Β.
1063 5394 1291 5448 Proinde
1345 5410 1462 5447 cum
1516 5393 1729 5448 Christo
1783 5411 1875 5462 per
1929 5393 2101 5460 bapti-
2201 5393 2270 5446 ab
2299 5409 2364 5446 eo
2397 5401 2718 5458 tentaretur,
2756 5394 2888 5449 illud
2923 5399 3175 5465 opposuit
3206 5412 3221 5448 :
3257 5394 3380 5448 Non
3412 5398 3465 5448 in
3493 5411 3629 5464 pane
3661 5397 3785 5448 solo

531 5506 724 5556 sutum,
765 5500 872 5546 etc.
921 5489 1056 5544 Tota
1106 5487 1206 5542 hac
1268 5487 1515 5543 oratione
1573 5487 1674 5540 tria
1727 5493 2050 5541 astruuutur
2085 5501 2098 5538 :
2202 5486 2319 5539 vivit
2363 5486 2534 5551 homo,
2568 5488 2657 5538 sed
2697 5488 2751 5540 in
2782 5490 2922 5541 omni
2963 5489 3133 5552 verba,
3165 5489 3302 5557 quod
3332 5489 3658 5556 procedits:
3692 5506 3787 5543 ore

601 5695 658 5820 εἱ
675 5691 877 5817 ilerem.
914 5711 1038 5759 xxx,
1072 5695 1159 5750 l7.
1239 5699 1283 5728 "
1317 5693 1448 5749 Luc.
1484 5706 1603 5758 xm,
1635 5691 1688 5744 8..
1758 5690 1803 5723 "
1835 5690 2029 5758 Ephcs.
2056 5705 2131 5755 Vl,
2167 5690 2245 5744 16.
2325 5689 2368 5721 ιι
2400 5688 2462 5743 lll
2497 5688 2626 5759 Reg.
2659 5707 2772 5756 xix,
2815 5693 2897 5746 ll.
2958 5693 3001 5725 ⁸⁸
3036 5691 3222 5747 Matth.
3273 5711 3344 5760 tv,
3373 5695 3428 5747 5.
3503 5693 3550 5724 “
3583 5692 3622 5746 ll
3651 5691 3766 5746 Cor

536 5782 599 5830 tt,
633 5782 721 5820 ιι.
