4064 6274
377 357 513 420 1257

1370 380 1688 444 NICETAS
1735 383 1812 443 ΙΝ
1854 385 2076 446 ORAT.
2119 386 2219 446 XL
2259 387 2318 446 S.
2364 389 2590 452 GREG.

3473 402 3610 468 1258

379 480 472 528 Dei
498 478 563 530 δ’.
600 475 679 532 Tu
731 496 858 535 vero
891 499 1102 554 oppone
1137 489 1372 548 Verbum
1427 495 1628 564 ipsum,
1662 506 1714 548 et
1750 493 1946 548 Filium
1987 499 2021 552 Α
2050 499 2274 553 omnino
2304 501 2639 568 sustulisset,
2673 505 2802 573 quid
2834 521 2968 577 Opus
2997 508 3206 576 fuisset,
3242 521 3296 566 ut
3324 513 3416 582 qui
3447 517 3617 572 semel

371 566 489 624 Dt'i.
539 570 697 636 cujus
731 571 845 627 haec
879 579 1039 632 verba
1078 591 1206 637 sunt
1239 602 1252 637 :
1285 584 1397 655 Ego
1437 603 1553 640 sum
1586 591 1741 656 panis
1774 592 1892 644 vita:
1925 607 1944 646 :

369 663 457 727 qui
490 664 625 713 venit
672 665 740 715 ad
791 683 885 724 me.
927 686 1028 724 non
1076 677 1286 740 esuriet,
1321 688 1369 730 et
1413 681 1503 748 qui
1544 681 1710 735 credit
1744 684 1799 736 in
1841 700 1941 749 me,

367 763 640 817 nunquam
687 754 849 808 sitiet.
901 756 1065 815 Panis
1111 767 1250 818 enim
1298 767 1396 821 Dei
1445 771 1534 824 ille
1579 783 1679 838 est,
1728 777 1819 844 qui
1849 776 1942 830 de-

365 843 567 896 scendit
616 844 680 898 de
727 849 877 914 enato,
927 863 974 904 et
1029 856 1120 908 dat
1172 860 1333 912 uitam
1367 865 1562 917 mundo
1613 865 1673 920 ¹⁸⁸.
1733 870 1791 922 Si
1846 886 1942 940 per

364 933 582 988 inanem
651 940 878 1008 gloriam
929 944 1023 998 tibi
1074 947 1300 1004 insidias
1345 956 1608 1010 struxerit
1665 959 1822 1029 (nam
1887 970 1942 1016 et

366 1022 588 1081 Christo
624 1029 852 1086 insidias
905 1038 1152 1107 tetendit)
1205 1057 1273 1094 ne
1322 1057 1418 1111 per
1468 1022 1776 1116 superbiam
1816 1066 1938 1106 cor-

363 1131 490 1170 ruas
522 1133 538 1170 :
570 1120 702 1187 quin
739 1123 922 1191 potius
954 1127 1008 1180 in
1052 1131 1226 1198 prima
1259 1136 1554 1193 tentatione
1584 1151 1806 1197 strenue
1837 1145 1933 1200 de-

359 1220 528 1263 certa.
554 1208 687 1266 Nam
716 1214 760 1268 si
795 1215 851 1270 in
879 1233 941 1273 ea
973 1228 1022 1274 te
1045 1223 1326 1280 cedentem
1358 1243 1421 1283 ac
1445 1229 1592 1285 dicto
1620 1235 1930 1291 audientem

357 1297 647 1366 invenerit,
690 1303 1109 1380 haudquaquam
1164 1315 1254 1371 hic
1305 1320 1571 1377 consistet
1603 1341 1617 1378 :
1654 1341 1843 1382 verum
1876 1338 1932 1384 et

355 1389 651 1444 secundum
685 1403 741 1447 et
771 1397 984 1452 tertiam
1023 1405 1376 1463 tentationem
1411 1419 1576 1482 atque
1609 1415 1744 1472 alias
1777 1419 1931 1474 dein-

354 1492 484 1545 ceps
518 1480 850 1546 admovebit,
884 1501 1070 1558 utpote
1129 1494 1444 1569 inexplebili
1486 1480 1799 1575 cupiditate
1830 1510 1930 1565 ﬂa-

353 1568 915 1634 grans.Lenocinatur
932 1583 1172 1650 quidem,
1195 1568 1356 1658 atque
1377 1568 1724 1663 objecti-boni
1750 1601 1931 1670 specie

352 1664 606 1725 tanquam
637 1661 889 1720 illecebra
914 1670 1149 1737 quadam
1177 1661 1456 1734 hominem
1477 1683 1679 1739 mulcet
1702 1703 1716 1738 :
1737 1661 1925 1746 verum

350 1747 454 1800 sub
483 1749 642 1804 ﬁnem
678 1752 732 1806 in
764 1757 967 1812 malum
1003 1769 1330 1836 prorumpit.
1365 1768 1492 1830 Haec
1521 1783 1606 1830 est
1636 1777 1780 1831 enim
1813 1780 1928 1836 dia-

350 1836 457 1890 boli
493 1844 767 1909 pugnandi
806 1848 968 1916 ratio,
1019 1868 1213 1925 nempe
1253 1869 1312 1912 ut
1353 1867 1454 1916 n’os
1502 1865 1734 1924 obscure
1764 1879 1927 1943 atque
1961 1839 2001 1894 Β

350 1931 566 1983 m-cnlte
599 1938 966 2003 aggrediatur.
1001 1945 1176 2012 Atque
1206 1950 1369 2005 etiam
1425 1953 1740 2025 Scripturas
1769 1931 1928 2020 callet

343 2015 621 2077 diabolus.
659 2022 796 2079 Hinc
848 2029 1014 2084 altera
1051 2035 1271 2102 quidem
1323 2055 1386 2094 ex
1442 2015 1593 2111 parte
1642 2063 1670 2101 a
1705 2049 1924 2108 Christo

343 2104 567 2170 dicitur,
621 2115 879 2183 scriptum
919 2129 1020 2185 est,
1083 2123 1223 2188 Quia
1251 2144 1354 2182 non
1384 2132 1438 2185 in
1472 2135 1584 2188 solo
1625 2154 1757 2206 pane
1795 2143 1924 2197 vivet

340 2195 499 2251 homo
522 2203 595 2267 ";
627 2205 791 2260 altera
821 2218 1002 2265 autem
1029 2229 1092 2268 ex
1122 2229 1272 2285 parte
1299 2220 1417 2289 ipso
1446 2225 1622 2290 hoste.
1655 2231 1918 2300 scriptum

341 2298 449 2350 est,
472 2290 614 2356 Quia
639 2298 838 2363 angelis
861 2303 971 2355 suis
997 2307 1268 2362 mandabit
1290 2313 1353 2365 de
1391 2324 1438 2368 te
1457 2315 1520 2368 δ’.
1545 2319 1632 2384 At,
1652 2336 1684 2373 ο
1706 2290 1921 2393 sapiens

343 2380 410 2433 ad
436 2382 909 2455 malefaciendum,
935 2394 1130 2450 dixerit
1150 2398 1415 2458 Jeremias
1433 2408 1477 2438 ”
1497 2409 1510 2461 Ξ
1533 2410 1576 2464 Ο
1598 2411 1711 2466 vitii
1729 2427 1922 2472 auctor

339 2480 396 2523 ct
417 2477 693 2545 magister,
715 2482 842 2548 quid
865 2485 954 2537 tibi
974 2488 1192 2553 accidit,
1212 2502 1268 2546 ut
1288 2493 1598 2552 Davidicum
1615 2501 1816 2558 dictum
1836 2505 1920 2560 iu-

337 2568 548 2631 tegrum
579 2583 682 2620 non
713 2572 1056 2638 produxeris,
1092 2593 1279 2634 verum
1317 2587 1461 2652 quod
1491 2591 1735 2658 sequitur
1788 2611 1920 2664 sup-

342 2656 609 2718 pressetis
641 2677 652 2711 :
683 2659 853 2726 Super
898 2667 1134 2734 aspidem
1173 2680 1222 2722 et
1286 2656 1592 2732 basiliscum
1639 2656 1915 2741 ambutalm

336 2749 385 2792 ct
408 2747 727 2801 conculcabo
751 2751 816 2814 ",
839 2763 891 2806 et
919 2756 1070 2822 juxta
1100 2758 1298 2816 Christi
1326 2768 1427 2818 mei
1453 2775 1802 2841 promissum,
1821 2794 1917 2846 po.

343 2838 593 2885 testatem
627 2837 889 2906 accipiam
936 2843 1182 2900 calcandi
1219 2865 1374 2918 super
1405 2870 1665 2924 serpentes
1690 2873 1738 2916 et
1770 2881 1914 2919 scor-

333 2922 537 2990 piones,
565 2938 612 2978 et
641 2944 841 2983 omnem
863 2937 1150 3000 potentiam
1176 2939 1376 2996 inimici
1395 2946 1460 2998 ⁸².
1480 2945 1633 3012 Quod
1651 2954 1694 3007 si
1723 2970 1914 3014 rursus

336 3021 391 3065 te
420 3028 514 3082 per
545 3019 827 3074 avaritiam
865 3024 1120 3095 frangere
1149 3045 1212 3084 ac
1243 3048 1500 3102 superare
1532 3041 1764 3100 adnixus
1796 3045 1913 3103 fue-

332 3105 428 3168 rit,
463 3115 625 3178 atque
656 3116 896 3170 ostensis
943 3133 1053 3174 uno
1094 3125 1355 3192 temporis

331 3199 588 3255 omnibus
630 3204 1003 3262 adorationem
1038 3226 1066 3264 a
1101 3222 1150 3267 te
1195 3219 1453 3284 exegerit,
1485 3236 1610 3277 eum
1661 3239 1718 3282 ut
1765 3245 1900 3299 pau-

330 3303 512 3355 perem
546 3306 862 3361 aspernare.
897 3298 1090 3354 Omnia
1125 3307 1268 3358 enim
1303 3307 1394 3362 Dei
1426 3323 1573 3377 sunt,
1611 3331 1710 3372 nec
1741 3298 1903 3389 quid-

327 3393 492 3446 quam
526 3382 723 3436 diaholi
772 3398 967 3455 praeter
999 3393 1212 3451 vitium.
1250 3398 1362 3467 Dic,
1396 3400 1674 3462 Christum
1707 3410 1896 3478 indui;

326 3469 404 3522 ait
437 3472 580 3524 enim
628 3476 918 3544 Apostolus
954 3499 966 3536 :
1005 3483 1270 3557 Quotquot
1299 3493 1352 3545 in
1381 3493 1593 3552 Christo
1641 3501 1901 3571 baptizati

321 3561 472 3624 estis,
504 3562 605 3616 hoc
631 3577 732 3630 est,
763 3582 1027 3643 quotquot
1054 3576 1210 3644 juxta
1240 3581 1439 3638 Christi
1473 3589 1580 3641 vim
1613 3607 1676 3645 ac
1702 3561 1894 3662 poten-

321 3651 475 3714 tiam,
509 3657 823 3713 ﬁrmissimo
851 3667 1104 3732 praesidio
1135 3671 1380 3728 homines
1408 3683 1891 3752 communientem,

317 3742 570 3799 induistis
602 3749 668 3810 ⁵³,
704 3753 782 3804 vel
817 3756 978 3808 etiam
1009 3774 1125 3811 eam
1160 3760 1362 3818 Christi
1397 3766 1624 3825 formam
1656 3786 1707 3828 et
1741 3780 1895 3832 simi-

314 3831 619 3900 litudinem,
673 3857 834 3909 quam
888 3844 1192 3914 baptismus
1244 3851 1550 3924 insculpsit.
1585 3861 1641 3914 In
1675 3865 1893 3923 Christo

315 3932 716 3982 transmutatus
769 3946 913 3995 sum,
966 3937 1068 3990 hoc
1117 3951 1222 4005 εει,
1277 3947 1716 4007 ttansformatus.
1769 3955 1890 4025 Ipse

312 4028 529 4084 quoque
587 4019 678 4072 Dei
718 4021 899 4092 imago
933 4040 1080 4091 sum,
1133 4047 1308 4101 neque
1348 4050 1376 4087 a
1426 4055 1658 4108 superna
1713 4047 1886 4115 gloria

310 4117 532 4175 propter
581 4113 892 4180 superbiam
950 4117 1128 4175 adhuc
1181 4126 1378 4188 excidi,
1426 4113 1883 4198 quemadmodum

313 4198 430 4264 tibi,
463 4200 707 4270 improbe
739 4206 986 4276 spiritus,
1021 4213 1237 4267 accidit.
1273 4210 1384 4272 Hac
1416 4223 1667 4280 oratione
1695 4228 1885 4284 adver-

309 4291 488 4345 sarius
535 4294 912 4364 proﬂigabitur
944 4317 1008 4357 ac
1038 4307 1387 4375 propelletur,
1425 4317 1880 4381 quemadmodum

309 4395 336 4431 a
365 4380 583 4438 Christo
618 4388 881 4454 primario
935 4394 1139 4448 lumine
1160 4436 1175 4461 ,
1217 4397 1290 4453 ita
1321 4403 1482 4456 etiam
1518 4406 1586 4460 ab
1619 4409 1702 4464 his
1731 4413 1819 4481 qui
1852 4429 1880 4468 a

2049 595 2264 660 purgati
2294 603 2498 660 essent,
2530 595 2724 650 iterum
2749 613 2811 654 ac
2837 601 3017 668 tertio,
3041 613 3203 672 atque
3229 604 3364 660 adeo
3391 608 3618 664 assidue

2047 687 2450 754 purgarentur?
2475 687 2634 744 Nunc
2661 705 2790 745 vero
2815 695 2956 761 quod
2988 695 3171 749 eadem
3205 713 3292 752 res
3321 698 3612 756 identidem

2045 777 2422 843 repetebatur,
2491 783 2864 849 purgationem
2927 801 3048 840 eam
3109 789 3490 857 particularem
3551 810 3617 849 ac

2048 863 2267 920 brevem
2302 877 2356 922 et
2388 869 2648 924 caducam
2690 873 2858 929 fuisse
2881 879 3166 946 perspicue
3197 884 3394 950 arguit,
3417 899 3612 953 quem-

2043 955 2331 1012 admodum
2364 969 2418 1014 et
2446 960 2616 1017 Paulo
2650 965 2844 1034 placet.

2112 1047 2230 1102 Col.
2273 1049 2371 1104 37l
2416 1051 2476 1106 B.
2519 1053 2870 1120 Baptizemur
2917 1060 3091 1128 ltodie,
3133 1078 3197 1115 ne
3245 1080 3362 1118 cras
3411 1067 3460 1119 vi
3507 1067 3612 1121 ali-

2039 1156 2180 1208 qua,
2236 1151 2342 1196 etc.
2395 1142 2460 1198 5‘.
2513 1143 2809 1216 Postquam
2866 1148 3176 1221 Theologus
3234 1157 3609 1225 superioribus

2039 1229 2222 1284 verbis
2258 1231 2322 1285 ad
2365 1232 2694 1302 baptismum
2724 1239 3130 1309 suscipiendum
3160 1259 3258 1300 nos
3287 1247 3609 1304 adhortatus

2037 1330 2158 1381 est,
2219 1336 2403 1388 nunc,
2460 1335 2517 1378 ut
2567 1327 2816 1383 celeriter
2871 1346 3090 1401 quoque
3147 1337 3250 1389 hoc
3303 1334 3606 1402 faciamus,

2035 1407 2314 1478 impellere
2362 1424 2609 1478 conatur,
2656 1418 2738 1473 his
2777 1421 2956 1476 verbis
2998 1435 3157 1479 utens
3202 1442 3218 1480 :
3258 1426 3606 1496 Baptizemur

2036 1500 2218 1566 hodie,
2248 1517 2318 1557 ne
2353 1507 2558 1571 crasvi
2596 1507 2774 1576 aliqua
2818 1511 3024 1580 majore
3061 1528 3345 1583 cogamur,
3381 1528 3606 1587 urgente

2034 1591 2239 1647 scilicet
2288 1595 2500 1657 morbo.
2557 1597 2634 1650 vel
2690 1592 3078 1668 alio'quodatn
3116 1604 3377 1672 periculo,
3408 1622 3472 1662 ac
3505 1624 3604 1663 nos

2034 1697 2132 1752 per
2177 1686 2285 1740 vim
2337 1687 2406 1741 ad
2459 1688 2792 1758 baptismum
2850 1696 3195 1760 pertrahente
3228 1715 3242 1752 :
3279 1706 3406 1755 tunc
3457 1703 3601 1756 etaim

2033 1791 2140 1832 non
2175 1788 2281 1831 tam
2314 1778 2622 1848 baptizatur
2651 1783 2942 1852 quispiam,
2979 1801 3140 1856 quam
3178 1789 3443 1846 violenter
3476 1807 3600 1860 pre-

2033 1864 2220 1920 mitur.
2249 1865 2564 1937 Baptismus
2598 1871 2916 1928 beneﬁcium
2948 1886 3050 1941 est,
3078 1878 3366 1934 criminum
3404 1883 3600 1938 remis-

2029 1955 2236 2024 sionem
2260 1958 2515 2014 aﬂercns.
2541 1959 2738 2029 Quare,
2759 1980 2864 2018 non
2889 1967 3111 2035 perinde
3131 1979 3291 2039 atque
3314 1972 3594 2042 injuriam,

2028 2049 2073 2104 si
2097 2049 2389 2105 confestim
2421 2052 2780 2122 baptizemnr,
2811 2062 3106 2128 accepturi,
3136 2064 3458 2120 beneﬁcium
3493 2068 3597 2122 hoc

2025 2140 2080 2192 in
2117 2140 2334 2211 longius
2368 2151 2580 2213 tempus
2614 2147 2949 2216 rejiciamus,
3003 2167 3176 2223 neque
3217 2166 3595 2237 exspectemus

2025 2231 2152 2284 dum
2194 2233 2343 2301 plura
2374 2247 2594 2304 peccata
2639 2243 3097 2310 congesserimus,
3131 2253 3192 2299 ut
3225 2231 3382 2316 plura
3433 2249 3592 2306 nobis

2021 2324 2420 2383 condouentur.
2473 2327 2585 2385 Nec
2630 2330 2908 2386 Christum
2958 2349 3350 2405 cauponemur,
3402 2340 3588 2396 diven-

2020 2414 2212 2472 dentes
2262 2417 2564 2485 Christum,
2623 2425 2726 2478 hoc
2777 2433 2879 2488 est,
2927 2425 3129 2484 Christi
3182 2431 3514 2500 baptismum
3571 2451 3586 2486 :

2019 2504 2165 2572 quod
2219 2507 2438 2574 quidem
2494 2511 2707 2578 accidit,
2747 2529 2870 2568 cum
2929 2531 3023 2583 per
3079 2519 3413 2588 voluptatum
3470 2522 3588 2580 ille-

2019 2596 2208 2651 cebras
2255 2612 2378 2652 eum
2415 2601 2730 2669 prodimus.
2767 2602 2878 2659 Nec
2913 2605 3190 2662 Christum
3225 2624 3586 2682 emercemur,

2017 2687 2122 2742 hoc
2157 2695 2259 2754 est,
2290 2688 2544 2759 baptismi
2595 2695 2824 2762 gratiam
2853 2697 2999 2751 velut
3030 2699 3202 2766 pretio
3232 2701 3582 2771 redimentes,

2016 2790 2249 2846 eamque
2278 2781 2452 2834 morbi
2477 2791 2570 2836 aut
2599 2783 2741 2838 alius
2772 2784 3055 2854 cujusdam
3087 2789 3315 2857 periculi
3345 2801 3587 2864 tempore

2018 2865 2367 2933 acquirentes
2397 2885 2412 2935 ;
2450 2870 2688 2940 κάπηλοι
2725 2873 2868 2926 enim
2899 2874 3155 2930 dicuntur
3180 2880 3270 2947 qui
3302 2882 3541 2938 vendunt
3567 2922 3582 2945 ,

2014 2954 2249 3026 ἔμποροι
2293 2967 2474 3013 autem
2551 2963 2643 3030 qui
2696 2971 2905 3018 emunt.
2963 2963 3290 3034 Timeamus,
3340 2986 3410 3027 ne
3452 2973 3580 3030 dum

2013 3046 2402 3115 redemptionis
2435 3063 2498 3105 ac
2531 3052 2702 3107 veniae
2738 3069 2833 3122 spe
2863 3056 3031 3111 multa
3070 3059 3196 3113 vitia
3233 3062 3392 3118 nobis
3425 3066 3581 3121 colli-

1406 3143 1682 3190 momento
1727 3143 1977 3226 regnisc
2015 3135 2213 3203 gimus,
2265 3137 2336 3192 ita
2386 3150 2669 3208 peccatum
2724 3159 3063 3215 aggeramus,
3106 3157 3166 3203 ut
3199 3154 3578 3212 remissionem

2009 3227 2226 3282 interim
2279 3246 2386 3286 non
2441 3248 2863 3305 consequamur.
2916 3236 3366 3313 Quandoquidem
3422 3253 3578 3308 navis

2006 3321 2269 3374 mercium
2349 3325 2565 3393 pondus
2628 3327 2812 3398 aliquo
2865 3347 3040 3402 usque
3114 3335 3302 3392 suffert
3362 3357 3377 3394 :
3434 3341 3576 3400 u'tra

2005 3412 2225 3467 modum
2255 3425 2432 3471 autem
2474 3431 2695 3475 onerata
2727 3422 3070 3492 deprimitur.
3100 3429 3364 3500 aquisque
3390 3433 3578 3490 obrui-

2004 3514 2112 3561 tur.
2169 3506 2493 3575 Caveamus,
2549 3527 2616 3567 ne
2664 3529 2786 3568 cum
2841 3517 3039 3573 similia
3095 3520 3186 3585 iis,
3224 3531 3386 3594 atque
3435 3527 3574 3583 adeo

2001 3597 2158 3652 venia
2193 3601 2402 3670 majora
2449 3611 2503 3656 et
2535 3607 2780 3673 graviora
2817 3607 3019 3678 ﬂagitia
3057 3619 3572 3687 perpetraverimus,

1998 3697 2291 3757 antequam
2350 3702 2599 3760 speratos
2655 3707 2847 3766 portus
2897 3705 3212 3771 conspicere
3266 3722 3570 3778 queamus,

1999 3777 2348 3845 naufragium
2386 3782 2673 3850 faciamus,
2705 3801 2767 3840 ac
2809 3801 2982 3844 morte
3015 3796 3263 3863 praerepti
3299 3797 3571 3868 baptismo

1997 3869 2309 3924 multemur.
2360 3873 2498 3938 Quid
2549 3886 2760 3947 tempus
2806 3881 2935 3934 illud
2989 3896 3292 3954 exspectas,
3349 3891 3402 3945 in
3458 3908 3567 3962 quo

1993 3975 2235 4028 persaepe
2286 3977 2355 4017 ne
2433 3965 2660 4021 rationis
2715 3971 2933 4039 quidem
2992 3976 3163 4044 ipsius
3219 3995 3441 4051 compos
3509 4001 3570 4040 cs

1995 4049 2173 4117 (multi
2202 4053 2346 4106 enim
2364 4069 2427 4108 ex
2457 4054 2622 4111 febris
2653 4069 2787 4114 testu
2823 4063 3090 4120 insaniam
3127 4078 3566 4144 contraxerunt),

1993 4143 2214 4208 quando
2242 4153 2294 4198 et
2325 4145 2506 4214 lingua
2549 4148 2717 4206 fracta
2749 4164 2802 4206 et
2831 4157 3110 4213 debilitata
3143 4171 3247 4227 est,
3285 4180 3383 4219 nec
3416 4143 3567 4220 salu-

1994 4233 2151 4287 tifera
2191 4237 2347 4289 verba
2403 4240 2651 4313 proloqui
2689 4253 2887 4311 potest,
2922 4262 3044 4301 cum
3082 4251 3206 4314 alia,
3259 4262 3370 4306 tum
3419 4257 3562 4324 quod

1990 4324 2204 4380 Satanae
2267 4331 2515 4385 nuntium
2580 4335 2847 4399 remittis,
2905 4348 2958 4392 et
3019 4339 3221 4395 Christi
3280 4346 3561 4401 ordinibus

1988 4417 2338 4487 adjungeris?
2368 4421 2437 4476 Ut
2467 4423 2601 4476 nihil
2633 4426 2851 4492 gravius
2879 4429 3078 4492 dicam,
3106 4432 3247 4486 velut
3279 4437 3422 4503 quod
3458 4452 3557 4492 nec

1747 4469 1761 4481 _
2158 4469 2329 4487 οων
2372 4469 2436 4476 --
2633 4469 2851 4492 0.-..--
2879 4469 3078 4492 ...νυ-η,
3279 4469 3422 4503 quau
3458 4469 3557 4492 ..τυ

305 4469 523 4528 Christo
546 4477 848 4534 collustratt
878 4482 1100 4539 fuerint.
1132 4487 1284 4544 Hanc
1314 4493 1544 4558 gratiam
1573 4496 1640 4551 iis
1667 4501 1878 4558 confert
1908 4495 1960 4555 D
1988 4507 2043 4560 in
2102 4509 2301 4562 ccelum
2340 4527 2534 4567 manus
2589 4515 2836 4571 attollere
2888 4528 3041 4587 potes
3064 4563 3077 4586 ,
3138 4537 3237 4578 nec
3293 4526 3343 4578 in
3397 4529 3557 4594 pedes

305 4561 604 4594 hauriam...
684 4571 772 4594 ..ηε
834 4572 1003 4594 :__z___
1061 4579 1213 4594 _,,,.-,
1697 4587 1731 4594 _

304 4561 629 4632 baptisntus,
682 4571 775 4637 qui
834 4572 1005 4640 ipsius
1053 4579 1282 4643 gratiam
1321 4595 1650 4649 agnoscunt.
1695 4587 1878 4660 Bapti-

305 4665 491 4704 zemnr
523 4656 707 4724 itaque
741 4671 796 4712 ut
833 4663 1114 4718 victoriam
1150 4668 1450 4727 referamus
1486 4690 1500 4729 :
1529 4681 1879 4753 quandoqui-

309 4742 425 4794 dem
459 4743 708 4801 Christus
744 4761 866 4818 post
905 4755 1240 4824 baptismum
1279 4742 1600 4821 tentatoreiu
1661 4742 1877 4839 posira-

303 4831 393 4894 vit,
444 4851 565 4890 cum
621 4847 728 4894 tres
781 4843 880 4911 ipsi
936 4849 1264 4906 teutationes
1315 4855 1675 4921 adhibuisset.
1732 4865 1872 4933 gula:

304 4926 528 4994 scilicet,
565 4931 744 4987 inanis
770 4935 976 5002 gloriae,
1008 4948 1060 4993 et
1090 4943 1350 5000 avaritiae.
1384 4945 1740 5022 Lustralium,
1773 4970 1868 5011 seu

305 5019 574 5086 baptismi,
609 5039 872 5093 aquarum
913 5032 1204 5102 participes
1254 5038 1450 5104 simus,
1502 5057 1622 5111 quae
1653 5019 1870 5114 quidem

305 5109 561 5178 legalibus
597 5117 1010 5186 purgationibus
1056 5128 1459 5193 praestantiores
1495 5109 1874 5209 suun-nempe

306 5201 560 5271 hyssopo,
587 5211 872 5277 sanguine,
901 5221 954 5266 et
979 5215 1161 5270 cinere
1191 5219 1394 5284 vitulus,
1428 5237 1548 5290 quae
1575 5243 1604 5279 a
1635 5241 1870 5294 mortuo,

301 5295 376 5345 vel
411 5295 646 5364 lcpruso,
681 5300 762 5354 vel
793 5303 899 5358 alia
929 5308 1160 5373 quadam
1199 5310 1514 5380 hujusmodi
1550 5333 1606 5372 re
1637 5321 1872 5387 pollutos

299 5395 343 5442 ct
407 5389 718 5458 inquinatos
793 5401 1154 5468 aspergebat,
1241 5420 1548 5476 corpusque
1609 5409 1870 5468 duntaxat

299 5484 577 5552 purgabat,
606 5482 768 5554 idque
795 5487 863 5542 ad
893 5489 1058 5545 breve
1091 5501 1325 5564 tempus.
1351 5496 1484 5553 Nam
1511 5500 1553 5554 si
1583 5514 1863 5571 peccatum

363 5684 404 5714 ⁸⁷
439 5685 626 5740 Matth.
663 5704 736 5752 tv,
767 5691 819 5744 «Ι.

299 5753 376 5808 19.
453 5758 498 5788 ⁵³
533 5758 711 5808 Galal-
738 5777 818 5808 ιιι-

898 5691 943 5722 ⁴¹
970 5691 1124 5748 Jnau.
1164 5712 1216 5750 Vl
1271 5697 1360 5759 53,
1403 5701 1491 5753 55.

453 5758 498 5788 ⁵³
533 5758 711 5814 Galat.
738 5777 819 5824 tu,
851 5763 940 5815 ‘27.
1018 5764 1065 5794 “
1105 5766 1263 5818 Ilebr.
1303 5758 1392 5831 νιι,
1426 5771 1516 5824 ‘27.

610 5855 862 5912 l‘ATttm.
931 5855 1045 5915 GR.
1097 5859 1242 5916 CXX
1263 5859 1399 5919 Vll.

1571 5702 1615 5766 ξ’
1650 5701 1792 5760 Psal.
1831 5722 1917 5774 xc,
1941 5709 2024 5765 ll.

1985 4613 2302 4668 exsurgere,
2361 4618 2460 4656 nec
2512 4605 2854 4662 adorationis
2905 4624 3068 4664 causa
3126 4615 3262 4681 genu
3319 4615 3554 4673 flectere.

1983 4687 2254 4754 Quocirca
2311 4694 2375 4746 ad
2437 4695 2807 4764 baptismum,
2871 4701 3014 4755 velut
3066 4705 3131 4756 ad
3191 4705 3553 4777 beneficium,

1979 4791 2238 4836 contento
2267 4793 2319 4837 et
2367 4786 2533 4840 citato
2583 4802 2742 4842 cursu
2786 4805 3035 4862 propera,
3071 4799 3310 4864 quandiu
3344 4813 3395 4853 et
3425 4816 3549 4855 cor-

1981 4887 2110 4938 pore
2155 4884 2210 4928 et
2260 4878 2444 4932 animo
2497 4880 2687 4942 vales,
2743 4897 2840 4937 nec
2892 4886 2946 4938 in
3000 4887 3229 4942 aliorum
3286 4901 3550 4959 potestate

1984 4963 2186 5018 bonum
2229 4977 2379 5022 tuum
2427 4971 2592 5024 situm
2643 4981 2746 5037 est,
2790 4973 2890 5030 hoc
2941 4985 3043 5043 est,
3094 4989 3446 5049 cognatorum
3494 4997 3550 5040 et

1985 5069 2184 5121 genere
2213 5059 2667 5129 propinquorum,
2696 5078 2882 5119 verum
2915 5067 2990 5120 lui
3024 5067 3194 5135 ipsius
3221 5083 3301 5124 rst
3335 5074 3544 5126 arbitrii

1983 5147 2084 5198 hoc
2118 5146 2462 5215 beneﬁcium,
2501 5152 2766 5208 hactenus
2801 5157 3024 5224 scilicet,
3061 5170 3118 5216 ut
3153 5164 3235 5218 vel
3285 5167 3543 5236 accipias,

1976 5235 2057 5286 vel
2123 5239 2401 5305 repudies.
2465 5242 2715 5306 Quandiu
2784 5246 2906 5302 ﬁdei
2970 5250 3222 5319 pietatem
3284 5260 3542 5327 consequi

1975 5335 2150 5393 potes,
2188 5329 2391 5383 nullam
2423 5332 2676 5389 videlicet
2702 5337 3098 5396 dubitationem
3132 5346 3326 5398 animis
3357 5364 3540 5403 eurum

1973 5419 2064 5486 qui
2127 5422 2326 5477 adsunt
2372 5424 2642 5493 injiciens,
2695 5429 3100 5501 baptismmune
3159 5441 3420 5504 senseris,
3475 5459 3539 5495 an

1969 5525 2093 5566 vero
2133 5513 2284 5568 nullo
2337 5529 2527 5571 eorum
2595 5513 3014 5592 qu:e'gerantur
3064 5543 3226 5580 sensu
3270 5532 3540 5598 iliilt'iilt'lb‘,

2103 5711 2148 5743 ⁸⁸
2177 5710 2376 5770 Jerem.
2413 5732 2484 5783 tv,
2518 5717 2607 5771 22.
2687 5719 2728 5747 “
2763 5721 2903 5773 Psal.
2944 5739 3026 5787 xc,
3085 5725 3168 5779 15.
3245 5729 3289 5758 ⁵³
3324 5726 3454 5782 Luc.
3485 5745 3538 5794 x,

3108 5884 3181 5943 40

1927 5954 1968 5964 Δ
