4064 6274
473 390 607 454 1259
1553 382 1558 388 ’
1920 383 1962 441 Α
1970 379 2298 444 ὒῡΕΝΠΑ.
3618 372 3643 431 Ι
3660 371 3793 433 Ξεθ

465 520 655 560 verum
704 516 748 555 c.
772 512 854 555 rto
908 509 1070 571 atque
1125 499 1437 554 indndnitato
1472 510 1597 551 eam
1639 494 1869 565 gratiam
1923 506 2050 562 pcr—
2081 496 2126 551 Δ
2155 506 2220 547 ac
2245 491 2533 546 sanitatem
2569 490 2726 561 quasi
2761 490 2866 543 lata
2903 488 3176 544 sententia
3208 488 3557 559 pronuntiat.
3593 490 3678 540 At
3722 499 3787 540 tu

466 593 675 663 cipiens
716 606 729 644 :
771 605 870 645 inec
911 589 1321 645 nniserationenn
1371 600 1597 639 movens
1648 594 1705 637 ut
1754 596 1919 635 sensu
1962 595 2070 647 ora,
2159 601 2228 642 ne
2273 586 2574 652 committe,
2607 593 2667 638 ut
2715 582 3028 653 huiusmodi
3081 581 3338 637 sudorenn
3391 595 3789 654 exspectans,

467 686 648 748 batus,
677 683 770 738 sed
803 680 1221 751 gratulationem
1254 686 1307 731 ct
1338 677 1577 741 laudem,
1613 684 1670 727 ul
1701 672 1920 727 cmlestc
1950 673 2053 725 lnoc
2160 678 2434 749 baptismo
2476 692 2681 731 moram
2717 675 3054 744 interponas,
3085 677 3287 746 quippe
3316 692 3444 731 cum
3491 675 3782 730 accidere

467 778 672 831 donum
716 774 885 843 probe
935 771 1203 827 sentiens.
1257 768 1510 835 Quanditn
1566 766 1917 835 perspicuum
1951 762 2060 816 tibi

2194 769 2357 835 ossit,
2391 779 2451 823 ut
2480 784 2580 839 pro
2608 782 2673 822 eo
2707 766 2922 821 letlnalis
2962 766 3131 820 sudor
3163 776 3217 820 te
3245 767 3536 837 corripiat,
3593 784 3783 836 quem

468 868 673 920 donum
705 876 790 920 εει
837 872 891 917 ει
922 873 1308 932 θροηιθυευῐηι
1343 874 1405 912 ac
1440 872 1545 910 ιιοη
1582 860 1634 909 ίη
1684 852 1851 908 dumo
1901 861 2051 916 ευηίο
2160 862 2471 933 egrediente
2498 861 2677 916 annima
2710 876 2909 928 corpus
2941 861 2993 913 in
3027 869 3273 914 extremo
3305 876 3514 933 angore
3547 861 3789 925 fnnnrtit,

468 958 562 1026 qui
604 968 655 1012 te
682 956 1061 1017 circumstant,
1092 967 1160 1007 an
1190 951 1284 1005 tibi
1318 958 1659 1020 perspectunnn
1686 960 1748 1000 ac
1772 945 2050 1019 cognitum

2194 955 2451 1011 nrmsetntis
2501 955 2622 1008 vitae
2669 958 2827 1008 linem
2877 952 3225 1008 clamantem.
3274 953 3419 1020 Quin
3472 957 3683 1025 porius
3726 965 3788 1010 te

469 1050 652 1112 fuerit,
694 1061 885 1102 necne.
923 1043 1058 1099 Nam
1092 1045 1137 1099 si
1167 1047 1270 1097 hoc
1302 1041 1627 1113 mysterium
1662 1039 1903 1094 senntiens
1931 1037 2058 1089 lneto
2164 1051 2341 1120 ipsum
2380 1048 2795 1111 couuniserare,
2831 1048 2927 1115 qui
2976 1045 3311 1102 inm-mimis
3355 1047 3563 1102 anima:
3610 1064 3790 1103 ροιη.

468 1150 632 1208 imlue
690 1137 849 1193 hilari
914 1138 1101 1192 animo
1165 1135 1496 1202 baptismum
1568 1129 1849 1201 suscipis.
1908 1137 2057 1181 cene
2167 1143 2523 1198 modissimus
2567 1156 2627 1194 es
2663 1139 2931 1194 nnnedicus.
2978 1137 3113 1193 Dum
3153 1140 3395 1194 secundo
3445 1147 3619 1195 ventu
3672 1155 3789 1193 na—

471 1231 727 1285 inntimum
767 1238 957 1297 pectus
988 1237 1153 1297 atque
1199 1226 1439 1279 annimam
1480 1224 1654 1293 gratia
1706 1220 1881 1291 tetigit
1920 1235 1934 1274 :
1969 1221 2054 1274 sin

2194 1236 2350 1305 ‘igas,
2410 1235 2531 1288 vita:
2592 1231 2986 1303 tranquiliitatc
3041 1247 3104 1286 ac
3162 1231 3474 1288 valetudine
3542 1233 3790 1302 integra

472 1329 650 1375 autem
690 1335 797 1374 non
855 1333 1181 1390 agnoscens,
1217 1318 1329 1386 jann
1385 1331 1487 1371 nec
1536 1314 1845 1384 baptisnnus
1883 1313 2060 1381 bapti—
2169 1324 2381 1388 fruens,
2436 1323 2690 1394 baptismi
2750 1321 3095 1394 naufragium
3157 1340 3169 1374 :
3233 1324 3375 1392 quod
3433 1335 3626 1378 morte
3690 1325 3789 1383 fit.

474 1426 627 1467 smus
649 1421 751 1475 est,
772 1427 962 1465 verum
995 1409 1238 1464 funebris
1273 1409 1539 1463 duntaxat
1570 1407 1816 1476 corporis
1851 1404 2057 1486 ablutio

2194 1418 2336 1483 inne;
2374 1417 2446 1471 ita
2483 1417 2595 1480 fiet,
2634 1425 2691 1470 ut
2720 1416 2870 1470 nullo
2909 1417 3072 1469 modo
3106 1414 3453 1486 naufragium
3497 1418 3789 1485 patiaris.

472 1504 723 1559 efﬁcitur.
775 1503 1028 1571 Quandiu
1081 1504 1226 1558 circa
1276 1510 1332 1556 te
1384 1502 1672 1572 propinqui
1722 1511 1776 1554 et
1825 1480 2059 1552 eons‘au-

2194 1508 2303 1563 iam
2333 1508 2378 1563 si
2414 1508 2684 1569 timueris,
2715 1505 2967 1578 profecto
2996 1506 3379 1576 baptizaberis.
3412 1505 3563 1561 Laate
3597 1518 3792 1577 atque

474 1597 655 1667 guinei
713 1597 984 1667 lacrynnas
1023 1611 1130 1649 non
1166 1595 1401 1648 fundunt
1452 1594 1644 1647 mortis
1701 1592 1927 1653 indices,
1977 1589 2059 1643 vel
2171 1597 2423 1652 hilariter
2452 1596 2759 1665 baptisnnus
2786 1595 3123 1660 celebretur,
3152 1596 3204 1648 iu
3236 1595 3469 1649 sannitate
3502 1596 3794 1650 videlicet

408 1760 409 1763 η
474 1690 641 1743 etiam
675 1690 854 1757 potius
905 1704 1000 1744 eas
1051 1688 1298 1743 inhibent
1347 1703 1411 1742 ac
1462 1688 1787 1765 reprimunt,
1823 1701 1890 1739 ne
1925 1695 1974 1740 te
2004 1685 2057 1738 in
2168 1696 2223 1744 et
2247 1687 2450 1758 gaudio
2481 1702 2510 1742 a
2544 1696 2597 1742 te
2630 1695 2941 1757 susceptus,
2976 1702 3085 1740 non
3121 1696 3302 1740 autem
3333 1684 3634 1751 deﬂeatur,
3667 1686 3791 1743 hoc

474 1782 779 1853 graviorem
829 1796 1121 1837 mmrorem
1157 1796 1221 1835 ac
1251 1780 1691 1852 desperationem
1740 1778 2059 1850 conjiciunt,
2173 1791 2278 1846 est,
2325 1796 2435 1835 non
2481 1780 2534 1833 inn
2580 1779 2771 1834 morbo
2817 1780 3100 1850 animique
3148 1794 3383 1835 moerere
3426 1779 3791 1850 accipiatur.

476 1871 624 1928 velut
654 1887 719 1928 ea
769 1888 828 1927 re
865 1881 1097 1927 mortenn
1154 1873 1251 1927 tibi
1304 1873 1594 1943 perspicue
1642 1871 2053 1927 denuntiantes.
2095 1856 2145 1919 Β
2173 1873 2283 1928 Nec
2336 1872 2593 1943 baptismi
2648 1872 2907 1926 talentum
2959 1873 3058 1928 abs
3103 1880 3153 1927 te
3197 1871 3527 1939 defodiatur,
3584 1875 3791 1943 primo

477 1962 729 2029 Quanndiu
768 1977 875 2017 non
929 1977 1073 2017 uxor
1100 1972 1156 2017 et
1187 1962 1345 2017 liberi
1392 1976 1619 2033 peregre
1661 1960 1952 2016 abeuntem
1997 1959 2062 2012 ad
2172 1979 2396 2037 quoque
2433 1971 2681 2033 tempore
2730 1963 2945 2018 scilicet
2998 1963 3268 2018 nnnorituro
3301 1981 3315 2016 :
3345 1978 3536 2018 verum
3595 1979 3791 2034 nego-

479 2069 598 2108 sese
644 2059 992 2120 convertunt,
1031 2055 1221 2110 ultima
1257 2056 1423 2108 verba
1471 2068 1537 2108 ex
1584 2061 1636 2108 te
1683 2051 1874 2107 audire
1904 2066 2068 2122 expe-
2175 2057 2407 2111 tiatione
2438 2064 2674 2123 crescat,
2724 2070 2824 2126 per
2865 2056 3031 2111 vitam
3067 2065 3190 2126 post
3232 2057 3567 2126 baptismum
3623 2070 3791 2116 recte

484 2154 680 2213 tentes,
731 2147 896 2217 idque
946 2154 1121 2202 morte
1170 2145 1471 2217 adurgente
1504 2157 1670 2215 atque
1704 2145 2065 2201 accelerannte.

479 2239 732 2304 Quandin
791 2254 897 2293 non
955 2246 1009 2293 te
1062 2254 1159 2308 per
1211 2237 1539 2307 imperitiam
1594 2236 1731 2290 fallit
1783 2236 2066 2299 medicus,

480 2331 824 2399 ingruentem
856 2340 1022 2399 atque
1050 2328 1188 2385 adeo
1229 2339 1501 2383 astantem
1539 2327 1650 2397 jam
1696 2339 1923 2383 mortem
1958 2342 2066 2380 nnon

482 2435 733 2485 cernens,
768 2436 959 2475 verunnn
1009 2421 1109 2475 tibi
1161 2421 1323 2475 horas
1358 2420 1482 2474 vita:
1530 2420 1791 2489 largiens,
1843 2418 2071 2488 perinde

484 2521 649 2582 atque
697 2526 865 2582 penes
917 2512 1095 2581 ipsum
1148 2511 1443 2566 arbitrium
1479 2525 1673 2567 earum
1726 2526 1792 2565 ac
1829 2520 2073 2580 petestas

483 2605 576 2658 sit.
606 2602 709 2668 Qui
741 2602 905 2656 etiam
958 2601 1126 2657 dubio
1153 2603 1350 2672 capitis
1381 2611 1517 2657 nnutu
1548 2602 1770 2657 dubiam
1805 2617 1870 2658 ac
1895 2603 2070 2657 ambi-

484 2692 794 2764 guam‘tibi
844 2692 1075 2746 salutem
1123 2690 1275 2757 facit,
1325 2706 1383 2748 ut
1425 2694 1526 2749 hac
1579 2702 1697 2749 arte
1749 2704 2070 2766 sequentem

486 2792 676 2855 postea
709 2782 1195 2853 reprehensionem
1231 2794 1394 2853 atque
1441 2786 1677 2840 inscitiae
1725 2787 1985 2855 probrum
2022 2796 2074 2840 et

489 2877 906 2932 insectationem
960 2875 1158 2946 fugiat,
1207 2886 1371 2947 atque
1405 2889 1532 2932 ante
1586 2889 1814 2933 nnortennn
1850 2876 2070 2950 quidem

490 2967 696 3022 recedit
725 2968 829 3039 (vel
866 2967 1230 3038 c0piosiorem
1282 2972 1590 3025 mercedem
1626 2985 1722 3040 per
1760 2969 2075 3040 lnujusnnodi

490 3076 765 3117 recessum
817 3076 1163 3131 exposcens,
1221 3063 1304 3117 vel
1359 3062 1680 3133 signiﬁcans
1732 3078 1791 3117 se
1844 3062 2074 3119 salutem

492 3163 639 3206 tnnannn
672 3167 771 3223 pro
792 3153 1079 3223 desperata
1112 3169 1177 3209 ac
1203 3154 1483 3225 deplorata
1516 3157 1737 3220 habere,
1761 3170 1825 3211 ac
1847 3155 2076 3226 proinde

2176 2166 2239 2205 ac
2265 2150 2525 2221 praeclare
2548 2148 2877 2204 institutam.
2900 2147 3044 2202 Inter
3069 2149 3403 2220 baptismqu
3424 2158 3482 2202 et
3505 2160 3777 2215 mortem.

2180 2243 2388 2313 aliquid
2438 2244 2699 2313 tennporis
2735 2242 3059 2306 intercedat,
3109 2250 3167 2295 ut
3200 2257 3308 2297 non
3357 2243 3526 2299 modo
3569 2260 3781 2301 sacra-

2182 2344 2423 2391 mentum
2466 2343 2521 2390 et
2551 2345 2902 2405 peccatorum
2949 2334 3353 2402 remissionem,
3385 2351 3553 2405 quam
3587 2338 3781 2407 bapti-

2181 2443 2334 2483 smus
2382 2426 2559 2495 aﬂ‘ert,
2611 2426 2814 2482 habeas
2858 2441 3096 2481 :verum
3145 2429 3309 2481 etiam
3355 2430 3676 2493 men-cedem
3712 2446 3781 2487 ac

2182 2521 2682 2576 remunerationem
2737 2519 3002 2591 accipias,
3052 2529 3111 2575 ut
3161 2519 3254 2590 qui
3308 2520 3533 2576 virtutis
3580 2526 3783 2578 studio

2183 2611 2522 2667 incubueris.
2589 2610 2725 2665 Nam
2786 2625 2969 2680 parvae
3028 2609 3250 2680 quidem
3309 2620 3474 2680 atque
3539 2612 3781 2682 abjeclz

2185 2705 2383 2760 anima}
2432 2704 2754 2775 praclarum
2812 2710 3076 2757 censetur
3127 2717 3346 2772 pinnam
3404 2703 3581 2759 solam
3637 2705 3783 2760 cﬂ’u-

2185 2810 2312 2868 gere
2347 2813 2360 2849 :
2392 2803 2449 2850 at
2479 2796 2571 2865 qui
2605 2794 2773 2849 animi
2806 2794 3187 2865 magnitudine
3223 2795 3487 2865 [traditus
3517 2805 3629 2861 est,
3664 2812 3782 2852 non

2184 2888 2348 2941 nnodo
2403 2887 2641 2943 salutem
2693 2894 2747 2941 et
2802 2887 3063 2952 veniam,
3123 2886 3217 2940 sed
3271 2885 3450 2956 majus
3503 2887 3777 2956 quidJam

2183 2979 2346 3035 etiam
2382 2978 2599 3051 quaerit,
2642 2976 2919 3033 cmlestem
2968 2991 3162 3047 nempe
3200 2976 3433 3047 gloriam
3477 2987 3534 3034 et
3581 2979 3775 3049 splen-

2185 3070 2370 3125 dorem
2382 3110 2396 3125 .

2257 3162 2373 3217 Col.
2404 3161 2508 3217 576
2529 3161 2591 3217 C.
2621 3165 2742 3216 Tres
2794 3160 2934 3215 enim
2967 3176 3146 3215 eorum
3189 3161 3282 3231 qui
3331 3162 3557 3216 salutem
3586 3179 3775 3216 conse-

492 3258 594 3299 nec
641 3246 834 3299 adesse
884 3246 1046 3318 velle)
1102 3258 1223 3316 post
1259 3256 1488 3301 nnortenn
1542 3256 1724 3301 autem
1772 3247 1840 3302 de
1890 3251 2079 3303 nnnorbo
2103 3213 2149 3276 C
2185 3265 2443 3329 quunzur,
2473 3266 2580 3311 etc.
2620 3252 2940 3326 Postremus
2988 3267 3178 3308 eorum
3201 3213 3309 3322 'qui
3346 3264 3541 3308 aeterna
3578 3254 3759 3308 salute

493 3338 757 3408 disputat,
786 3354 871 3405 ac,
906 3354 972 3393 ne
1012 3341 1147 3394 antis
1180 3354 1378 3407 expers
1425 3348 1477 3392 et
1527 3339 1753 3408 ignarus
1807 3340 2079 3404 videatur,

491 3444 692 3484 causas
721 3431 985 3499 quasdam
1022 3428 1248 3499 profert,
1287 3431 1501 3492 dicens,
1538 3431 1584 3483 si
1618 3431 1721 3483 lnoc
1757 3436 1921 3499 atque
1951 3431 2082 3484 illnnd

494 3521 717 3577 fecisset
763 3522 852 3576 lnic
881 3522 1067 3588 lnonuo,
1116 3521 1543 3591 haudquaquam
1570 3535 1601 3574 e
1628 3521 1735 3575 vita
1772 3523 2082 3592 nnigrasset.

502 3612 845 3684 Baptismunn
898 3614 1140 3683 suscipe,
1191 3613 1436 3683 qnnandiu
1490 3612 1720 3666 minime
1771 3613 1979 3666 circum
2035 3623 2086 3668 te

499 3715 766 3777 pugnant,
803 3709 849 3760 is
878 3706 972 3776 qui
1012 3718 1061 3759 te
1106 3705 1363 3783 baptismi
1403 3720 1545 3775 aqua
1581 3703 1791 3775 tingere
1822 3716 2000 3774 parat,
2035 3713 2088 3760 et

498 3801 593 3869 qui
648 3801 1009 3869 pecuniarum
1069 3807 1285 3852 tuarum
1342 3798 1515 3852 btet-cs
1570 3796 1787 3852 futurus
1836 3806 1940 3860 est,
1998 3798 2090 3850 ille

500 3872 762 3946 nimirum
812 3892 1060 3946 studiose
1104 3906 1295 3960 agens,
1334 3899 1498 3959 atque
1538 3889 1901 3953 contendens,
1937 3899 1995 3942 ut
2025 3904 2087 3942 ea

501 3999 623 4055 quae
658 3984 724 4037 ad
766 3985 888 4039 vita:
939 3989 1144 4038 exitum
1196 3983 1510 4037 necessaria
1549 3992 1698 4046 sunt,
1752 3981 2090 4051 suppeditet,

505 4077 608 4128 hoc
642 4088 745 4141 est,
781 4087 839 4128 ut
873 4086 923 4127 te
951 4074 1180 4130 salutari
1218 4090 1356 4143 aqua
1396 4077 1588 4144 tingat,
1640 4083 1695 4128 et
1744 4072 2088 4127 Donnninicnnm

505 4179 704 4234 corpus
735 4163 1014 4231 impertiat
1047 4180 1061 4218 :
1098 4163 1186 4217 hic
1217 4175 1433 4229 contra,
1468 4173 1526 4217 ut
1556 4171 1883 4217 testamento
1918 4162 2094 4217 haeres

506 4258 807 4312 scribatur.
837 4254 979 4322 Quid
1018 4267 1309 4326 exspectas
1339 4266 1395 4311 ut
1424 4256 1737 4326 baptismus
1771 4255 1866 4310 tibi
1901 4254 2090 4320 febris,

506 4361 599 4404 aut
631 4349 925 4419 periculosi
962 4350 1248 4420 tennporis,
1281 4363 1345 4404 ac
1375 4364 1484 4403 nnon
1538 4349 1722 4419 potius
1772 4348 2003 4403 rationis
2040 4358 2092 4403 et

505 4445 809 4512 prudentia:
858 4443 1153 4514 liberaeque
1204 4441 1504 4496 voluntatis
1558 4441 1823 4495 beneficio
1869 4454 2091 4509 compa-

2189 3350 2483 3410 donantur,
2518 3348 2742 3417 gradus,
2801 3358 3089 3399 servorum
3145 3351 3253 3407 est,
3284 3357 3414 3398 cum
3475 3344 3592 3412 quis
3626 3359 3757 3412 sup-

2186 3432 2477 3504 pliciorunn
2534 3443 2705 3498 metu,
2778 3432 2998 3487 virtutis
3067 3432 3311 3487 studium
3393 3433 3773 3503 amplectitur.

2188 3521 2403 3578 Medius
2454 3522 2921 3578 mercennariorum
2952 3561 2969 3586 ,
3045 3536 3172 3576 cum
3229 3521 3370 3592 quis,
3452 3522 3771 3579 futurorum

2193 3618 2462 3674 bonorum
2494 3617 2887 3688 pollicitatione
2912 3614 3153 3680 illectus,
3177 3615 3352 3685 probis
3387 3623 3555 3680 atque
3588 3615 3777 3671 bone-

2191 3714 2291 3768 stis
2337 3710 2648 3767 actionnibus
2679 3710 2921 3778 scipsum
2977 3708 3202 3765 addicit.
3256 3705 3483 3771 Primus,
3523 3706 3777 3775 aliisque

2191 3805 2405 3862 duobus
2463 3804 2837 3873 praestantior,
2900 3802 3141 3857 filiorum
3195 3814 3298 3866 est,
3331 3816 3451 3856 cum
3482 3801 3615 3870 quis
3666 3799 3779 3857 Dei

2191 3910 2381 3951 amore
2411 3893 2674 3967 ﬂagrans,
2707 3895 2964 3966 praeclare
2994 3895 3162 3950 vitam
3199 3893 3437 3949 instituit
3476 3912 3494 3947 ι
3520 3897 3781 3964 quando-

2191 3988 2409 4058 quidem
2440 3986 2606 4053 tilius,
2640 4000 2743 4041 nec
2782 3986 3079 4040 verborum
3118 3997 3290 4050 metu,
3337 4000 3439 4039 nec
3467 3986 3681 4055 praemii
3715 4001 3779 4041 ac

2193 4078 2463 4135 mercedis
2492 4092 2608 4148 spe,
2633 4077 2728 4132 sed
2752 4091 2939 4132 arnore
2970 4087 3183 4147 patrem
3212 4077 3347 4131 colit
3392 4087 3561 4147 atque
3594 4077 3779 4132 obser-

2197 4183 2304 4228 vat.
2337 4169 2601 4237 Quamvis
2633 4170 2778 4225 cnninn
2814 4168 2964 4223 nulla
2987 4168 3055 4222 ad
3095 4182 3222 4223 eum
3273 4168 3640 4222 observantia:
3660 4182 3765 4221 sua

2195 4276 2249 4322 et
2289 4264 2537 4334 obsequii
2569 4277 2782 4318 merces
2815 4261 3059 4317 reditura
3106 4260 3199 4325 sit,
3233 4261 3338 4315 hoc
3369 4260 3551 4330 ipsum
3594 4273 3761 4314 tamen

2199 4358 2469 4413 mercedis
2514 4356 2634 4410 loco
2667 4354 2839 4420 ducit,
2881 4353 3147 4408 ninnirum
3181 4369 3242 4407 ea
3275 4368 3402 4423 qua:
3441 4351 3583 4423 patri
3624 4359 3773 4422 grata

2196 4466 2247 4505 et
2285 4457 2505 4521 accepta
2532 4454 2682 4513 sunt,
2716 4446 2962 4516 exsequi.
2999 4442 3129 4500 Haec
3183 4457 3353 4514 porro
3394 4445 3503 4498 tria
3551 4458 3617 4497 ne
3652 4458 3781 4497 cou-

510 4536 694 4590 retur?
724 4537 866 4604 Quid
898 4548 1207 4607 eXSpectas,
1242 4547 1296 4590 ut
1328 4537 1398 4591 ab
1428 4536 1608 4591 annieo
1641 4547 1793 4592 certo
1824 4534 2091 4590 resciscas
2126 4565 2172 4620 ο
2203 4553 2530 4607 temnamus,
2584 4537 2742 4592 nobis
2777 4534 3080 4591 cavendunn
3142 4545 3249 4598 est,
3282 4533 3471 4605 plagas
3503 4532 3772 4597 videlicet,

508 4641 561 4683 te
586 4629 811 4699 jannjam
849 4634 1199 4697 moriturum,
1247 4632 1340 4701 qui
1393 4632 1637 4700 quidem,
1674 4640 1948 4700 quatennus
1996 4629 2091 4681 t‘bi

509 4723 768 4790 baptismi
801 4724 1160 4784 mentionem,
1190 4732 1248 4776 ut
1275 4724 1744 4793 perturbationem
1779 4724 2094 4787 allaturam,

510 4817 735 4886 i.:jicere
770 4827 1053 4888 gravatur,
1091 4817 1473 4872 insidiatorem
1507 4817 1601 4871 tibi
1636 4833 1692 4871 se
1725 4817 1950 4887 praebet,
1987 4832 2095 4869 non

510 4908 795 4963 amicum?
854 4911 1018 4963 Estne
1048 4910 1195 4963 cninn
1231 4911 1350 4978 ejus
1399 4913 1492 4978 qui
1550 4919 1721 4975 amat,
1775 4923 2094 4977 perennunem

510 5000 747 5054 amicum
775 5014 841 5055 ac
870 5003 989 5055 sine
1022 5000 1295 5070 baptisuno
1322 5000 1612 5057 abeuntem
1643 5000 1961 5071 negligere?
1988 5000 2099 5054 Cur

510 5093 681 5160 igitur
733 5082 963 5148 iiberann
1022 5100 1349 5163 potestatennn
1418 5109 1525 5148 nnonn
1585 5092 1848 5164 pra-fers,
1908 5109 2097 5150 verum

513 5185 716 5252 nnorbi,
771 5196 865 5239 aut
920 5186 1062 5242 alius
1112 5186 1397 5255 cujusdam
1456 5187 1675 5242 adversi
1728 5203 1933 5251 casus,
1989 5186 2096 5239 vim

512 5289 681 5348 atque
702 5279 1112 5348 oppressioncnnn
1139 5288 1457 5348 exspectas;
1486 5280 1618 5352 quid
1655 5279 1908 5335 en-iticum
1936 5277 2102 5331 sudo-

512 5387 661 5442 rem,L
701 5374 806 5428 lnoc
847 5384 931 5428 est
973 5373 1229 5428 sanitatis
1259 5383 1313 5429 et
1347 5374 1465 5427 \itne
1499 5373 1867 5444 praeuuutium
1906 5384 2101 5438 exspe-

513 5468 773 5522 ctandum
809 5479 969 5538 putas
1005 5487 1018 5523 2
1055 5476 1293 5536 quatuor
1328 5469 1473 5521 enim
1511 5473 1639 5521 sunt
1675 5464 1818 5535 apud
1861 5463 2105 5518 medicos

512 5559 631 5614 dies
673 5560 741 5613 de
789 5564 1110 5631 aegrotantis
1163 5559 1473 5615 valetudine
1520 5559 1792 5628 judicium
1842 5555 2101 5621 ferentes,

514 5659 773 5718 quartnns,
827 5650 1121 5718 septimus,
1177 5665 1361 5704 nonius
1424 5659 1479 5703 et
1535 5647 1879 5712 undecimus,
1942 5654 2107 5714 atque

514 5741 683 5794 etiann
733 5757 877 5811 saepe
924 5743 1169 5795 decimus
1218 5742 1413 5796 tertius
1458 5759 1474 5795 :
1526 5743 1579 5793 inn
1631 5755 1867 5809 quorum
1919 5738 2105 5806 aliquo

516 5834 686 5890 sudor
738 5834 963 5889 obortus
999 5834 1273 5900 morbum,
1325 5833 1556 5903 iudicat,
1612 5834 1713 5886 inoc
1761 5843 1863 5897 est,
1919 5829 2107 5898 solvit,

2199 4647 2253 4690 et
2304 4635 2632 4695 mercedem,
2691 4645 2755 4687 ac
2803 4614 2923 4694 Dei,
2973 4638 3238 4698 tanquam
3312 4626 3517 4691 Patris,
3571 4626 3781 4681 cultum

2200 4735 2365 4795 atque
2425 4723 2858 4780 observantiam.
2923 4721 3192 4791 Perquam
3255 4720 3403 4775 enim
3483 4719 3786 4774 absurdum

2202 4817 2391 4883 fuerit,
2443 4816 2488 4871 si
2545 4815 2768 4885 quidem
2819 4829 3015 4869 aurum
3072 4812 3289 4882 publice
3318 4820 3596 4881 erogatur,
3650 4809 3784 4862 illud

2203 4928 2312 4980 pra:
2371 4909 2496 4965 aliis
2552 4908 2872 4965 hominibus
2932 4921 3147 4976 rapere,
3197 4904 3538 4975 spirituaiem
3596 4912 3781 4956 autem

2203 5002 2519 5065 sanitatem,
2552 5016 2673 5069 qua:
2698 4999 2976 5067 baptismo
3004 5008 3379 5067 comparatur,
3432 4994 3487 5049 in
3538 4994 3783 5047 futurum

2204 5095 2431 5164 rejieere
2469 5110 2483 5147 :
2514 5102 2568 5147 et
2596 5107 2722 5147 eum
2773 5091 2932 5146 bilem
2983 5103 3247 5144 evomere
3295 5087 3547 5158 cupiens,
3583 5100 3787 5155 nequa.

2204 5202 2370 5260 quam
2393 5201 2515 5242 eam
2540 5201 2704 5254 prava
2731 5195 2783 5239 et
2819 5182 3090 5254 ﬂagitiosa
3127 5182 3305 5236 victus
3329 5178 3538 5233 ratione
3558 5192 3791 5246 augeas,

2206 5296 2397 5336 verunn
2453 5279 2698 5335 molestis
2739 5278 2921 5342 potius
2981 5275 3309 5330 humoribus
3341 5286 3543 5342 corpus
3581 5270 3789 5325 exhau-

2205 5373 2339 5437 rias,
2373 5373 2568 5424 animae
2620 5378 2802 5425 tamen
2857 5369 3237 5439 purgationem
3279 5368 3334 5423 in
3371 5367 3519 5422 aliud
3576 5375 3787 5432 tempus

2207 5475 2495 5519 reservare
2533 5475 2596 5514 ac
2663 5461 3078 5514 transmittere:
3134 5474 3373 5530 cumque
3420 5458 3466 5512 si
3505 5454 3782 5510 horninum

2212 5556 2479 5612 servitute
2524 5553 2875 5622 pretnereris,
2910 5568 2975 5608 ac
3005 5553 3226 5624 publico
3266 5550 3538 5623 praeconio
3566 5550 3786 5603 libertas

2212 5650 2386 5707 servis
2443 5649 2855 5711 decerneretur,
2920 5647 3055 5701 nilnil
3105 5661 3213 5701 non
3271 5645 3516 5699 facturus
3568 5644 3648 5697 sis
3684 5655 3788 5708 quo

2209 5754 2330 5796 eam
2359 5737 2697 5806 assequaris,
2728 5752 2794 5792 ea
2851 5748 3031 5791 tamen
3085 5753 3208 5791 esse
3240 5736 3518 5798 vecordia,
3572 5744 3629 5787 ut
3666 5747 3787 5787 cum

2212 5842 2264 5890 te
2284 5847 2399 5888 non
2433 5831 2746 5896 hominum,
2765 5832 2859 5887 sed
2885 5831 3092 5888 ueccati
3125 5845 3365 5890 servum,
3386 5828 3452 5884 ad
3489 5826 3791 5883 libertatem
