4064 6274
381 391 507 458 19.61

1308 395 1632 455 NICETAS
1680 395 1756 454 IN
1797 394 2023 453 OR.\T.
2123 394 2222 454 XL

2361 395 2423 454 S.
2462 392 2701 454 GREG.
3500 395 3634 460 12ἒέ

377 523 558 574 pta-('0
583 513 755 566 vocet,
811 504 1050 559 nondum
1109 503 1202 557 tibi
1261 505 1610 558 commodum
1666 515 1787 555 esse
1829 515 1952 554 eam
1986 504 2028 560 Α
2059 496 2344 566 perfusum
2389 498 2670 563 habueris,
2734 499 3193 570 quemadmodum
3223 503 3351 558 olim
3388 505 3638 564 Ηώς-τεο.

376 597 624 664 accipere
659 597 809 649 dicas
877 614 889 648 :
948 609 1202 664 cumque,
1259 605 1312 649 et
1363 604 1592 660 vestem,
1639 602 1694 647 et
1729 595 1950 648 domum

381 689 722 758 magniﬁcam
748 698 1070 742 etornatam
1103 687 1326 750 habeas,
1357 687 1679 758 egregieque
1717 685 1954 741 instruc-

374 791 514 842 tam,
541 781 773 850 teipsnm
813 787 994 834 tamen
1035 779 1196 832 vilem
1231 780 1544 850 nulliusque
1583 778 1738 850 pretii
1775 777 1952 832 homi-

376 889 500 927 nem
528 873 710 927 facere
752 889 765 926 :
804 887 1037 942 cumque
1069 874 1113 926 si
1152 872 1480 941 baptismus,
1532 881 1586 927 et
1625 871 1950 926 beneficium

374 981 441 1019 ex
474 979 540 1019 eo
596 979 850 1028 manans,
889 965 1064 1033 pretio
1120 977 1479 1030 quan'eretur,
1535 963 1700 1018 nullis
1731 965 1952 1018 omnino

374 1057 622 1127 pecuniis
654 1057 964 1126 pnrciturus
988 1058 1088 1121 sis,
1121 1073 1269 1112 nunc
1313 1068 1516 1121 tamen,
1553 1057 1680 1126 quia
1706 1065 1952 1125 prompta

373 1159 542 1218 atque
567 1147 725 1202 obvia
773 1156 826 1201 et
859 1157 1180 1216 exporrecta
1233 1150 1403 1216 gratia
1453 1146 1796 1216 proponitur,
1831 1161 1950 1199 eam

372 1253 600 1314 propter
656 1240 968 1294 facilitatem
1018 1239 1171 1294 nihili
1228 1239 1482 1310 pendere.
1535 1238 1828 1292 Enimvero
1884 1236 1952 1290 ad

373 1331 608 1385 salutem
674 1345 770 1398 per
834 1329 1169 1398 baptismum
1242 1329 1680 1399 consequendam
1743 1329 1952 1382 nullum

372 1432 590 1490 tempus
642 1421 880 1474 alienum
949 1422 1281 1474 censendum
1347 1429 1452 1486 est,
1510 1422 1952 1491 quandoquidem

375 1527 476 1566 nec
545 1511 718 1564 ullum
780 1519 1014 1580 tempus,
1073 1519 1292 1580 propter
1326 1515 1449 1566 vita:
1488 1512 1951 1576 incertitudinem,

375 1605 616 1659 alienum
644 1617 672 1656 a
702 1613 875 1658 morte
899 1615 1001 1658 est.
1034 1602 1168 1656 Ecce
1196 1619 1332 1657 nunc
1379 1612 1580 1673 tempus
1605 1602 1951 1674 acceptabile,

375 1694 556 1763 inquit
604 1696 900 1762 Apostolus
925 1694 992 1746 “.
1055 1692 1178 1749 llaec
1235 1705 1416 1749 autem
1471 1695 1762 1764 particula.
1799 1693 1954 1749 Nunc

375 1805 484 1843 non
517 1805 685 1844 unttm
759 1786 1034 1856 quoddam
1084 1795 1298 1856 tempus
1363 1787 1573 1852 delinit,
1629 1788 1723 1842 sed
1770 1788 1953 1840 omnia

373 1889 642 1948 tempora,
719 1889 885 1947 atque
958 1891 1406 1946 unumquemque
1477 1877 1646 1944 diem,
1705 1879 1950 1947 quatnliu

371 1973 536 2026 hodie
566 1983 810 2025 vocatur.
837 1971 912 2023 Ae
956 1984 1147 2024 rursus
1180 1969 1320 2024 idem
1347 1971 1640 2038 Apostolus
1665 1972 1948 2038 clamat",

373 2065 760 2132 Expergescere
773 2061 1100 2130 quidorntis,
1124 2069 1456 2128 etquantutn
1481 2060 1841 2124 advirtutem,
1865 2063 1955 2117 de-

369 2155 512 2212 sidia
531 2163 584 2210 et
608 2154 801 2208 inertia
825 2162 1089 2220 torpescts
1115 2169 1128 2205 :
1163 2163 1238 2214 et,
1265 2168 1488 2222 exsurge
1521 2171 1552 2206 α
1582 2155 1826 2218 mortuis,
1849 2156 1952 2210 hoc

370 2259 478 2313 est,
525 2264 555 2302 a
597 2231 800 2302 ltetidis
846 2245 1053 2316 peccati
1080 2245 1361 2315 operibus.
1395 2260 1459 2300 ac
1492 2261 1587 2315 per
1616 2247 1949 2316 baptismum

373 2340 662 2403 revivisce,
701 2349 864 2409 atque
888 2339 1224 2394 illuminare.
1247 2337 1704 2409 Quandoquidem
1739 2339 1826 2402 iis,
1857 2340 1952 2410 qni

372 2435 432 2491 in
461 2443 806 2503 peccatorum
840 2430 1078 2486 tenebris
1111 2445 1142 2485 a
1177 2442 1352 2486 morte
1400 2433 1809 2502 opprimuntur,
1840 2442 1953 2487 tre-

374 2524 568 2582 menda
597 2539 723 2594 spes
757 2537 822 2579 ac
875 2523 1109 2579 formido
1156 2534 1238 2579 est
1273 2524 1442 2579 futuri
1499 2524 1771 2594 supplicii.
1803 2523 1952 2578 Con-

369 2619 670 2675 ducibilius
717 2629 904 2673 autem
957 2617 1116 2672 nobis
1173 2616 1356 2682 fuerit,
1406 2617 1450 2671 si
1530 2633 1629 2674 nos
1686 2617 1953 2672 matutino

371 2710 629 2765 diabolus
661 2709 954 2763 incursans
989 2709 1246 2776 reperiat,
1299 2709 1401 2764 hoc
1444 2717 1548 2772 est,
1599 2710 1651 2762 in
1700 2709 1950 2777 baptismi

374 2805 496 2857 luce
529 2799 879 2855 exsistentes.

445 2891 702 2949 Col.575
745 2890 807 2947 Β.
870 2891 1022 2954 Sere,
1070 2909 1187 2946 cum
1238 2893 1450 2947 serendi
1519 2903 1720 2961 tempus
1766 2897 1948 2965 fuerit,

373 2993 484 3044 etc.
527 2985 664 3039 Aliis
697 2983 914 3054 quidem
967 2985 1131 3038 rebus
1171 2985 1275 3038 alia
1339 2996 1580 3054 tempora
1621 2988 1839 3055 propria
1897 2998 1952 3042 et
1987 3045 1991 3052 ,

370 3077 664 3135 commoda
699 3085 844 3130 sunt.
880 3075 1163 3130 Salomoni
1201 3077 1348 3130 enim
1385 3091 1503 3132 mos
1544 3079 1816 3147 gerendus
1844 3086 1949 3144 est,

373 3171 508 3227 utile
534 3168 824 3225 consilium
852 3167 1099 3222 aﬂerettti
1149 3183 1212 3222 ac
1242 3167 1443 3222 dicenti
1480 3184 1495 3222 :
1530 3167 1724 3224 Omnia
1751 3179 1950 3240 tempus

370 3277 527 3319 suum
559 3261 750 3314 habent
777 3259 844 3321 ⁸⁷,
871 3268 925 3312 ιιι
981 3257 1235 3326 baptismi
1295 3269 1508 3328 tempus
1551 3262 1808 3314 universa
1850 3261 1951 3316 ho-

369 3338 583 3410 minum
609 3353 718 3406 vita
744 3362 846 3406 est.
899 3352 1367 3418 Quemadmodum
1405 3355 1550 3406 enim
1579 3367 1806 3423 corpus,
1845 3353 1950 3408 nisi

373 3448 566 3518 spiret,
601 3446 781 3500 vivere
806 3461 914 3499 non
941 3453 1140 3513 potest,
1183 3446 1264 3498 sic
1298 3458 1396 3498 nec
1435 3445 1618 3498 anima
1651 3445 1953 3499 consistere

371 3553 539 3612 atque
567 3542 904 3606 conservari,
934 3540 1038 3594 nisi
1079 3539 1397 3594 Creatorem
1435 3553 1596 3594 suum
1630 3547 1949 3607 cognoscat.

373 3631 525 3699 Quod
580 3630 624 3686 si
686 3630 1017 3700 baptismum
1046 3644 1260 3698 semper
1307 3629 1593 3698 protrahas
1645 3631 1698 3698 (a
1731 3629 1950 3686 diabolo

371 3723 582 3778 scilicet
637 3721 882 3784 delusus,
923 3720 1009 3773 his
1066 3719 1246 3772 verbis
1300 3726 1486 3779 utente
1536 3735 1550 3771 :
1615 3715 1949 3772 Hodiernum

369 3814 512 3868 diem
547 3812 678 3866 mihi
711 3812 804 3874 da,
858 3809 1163 3864 crastinum
1222 3806 1485 3874 Domino;
1546 3810 1680 3863 mihi
1731 3821 1948 3864 aetatem

371 3907 437 3961 ad
477 3906 784 3971 voluptates
836 3901 1158 3972 proclivem,
1221 3900 1297 3954 illi
1359 3903 1585 3956 senilem
1629 3911 1683 3956 et
1731 3902 1949 3959 eti‘etam

370 4006 536 4065 atque
578 3984 848 4057 inutilem,
884 4006 1006 4045 cum
1029 3993 1140 4058 jam
1183 3991 1425 4046 membra
1467 4002 1521 4048 et
1567 4008 1767 4064 organa
1799 3995 1953 4049 elan-

373 4089 610 4158 guer’int,
647 4101 747 4139 nec
789 4085 900 4155 jam
935 4084 1104 4138 ullum
1128 4083 1213 4137 sui
1253 4099 1412 4136 usum
1454 4083 1696 4153 prtebere
1721 4087 1950 4155 queant)

373 4181 496 4234 vide
531 4193 598 4233 ne
657 4176 930 4247 ejusmodi
975 4174 1400 4244 pollicitationes
1436 4175 1628 4241 facias,
1661 4192 1784 4247 quae
1828 4179 1952 4232 vitte

371 4275 612 4345 spatium
645 4271 984 4342 longitudine
1027 4279 1306 4340 superent.
1341 4269 1486 4336 Quot
1527 4271 1670 4324 enim
1699 4271 1949 4326 homines

374 4362 633 4419 violentis
659 4363 879 4417 casibus
910 4361 1114 4430 abrepti
1139 4372 1289 4428 sunt,
1324 4375 1388 4416 ac
1418 4377 1484 4414 ne
1510 4374 1695 4415 vocem
1728 4359 1950 4430 quidem

373 4457 536 4510 ullam
568 4469 679 4525 pra:
705 4453 914 4510 doloris
936 4454 1307 4523 magnitudine
1336 4454 1581 4523 proferre
1613 4453 1950 4524 potuerunt?

2059 604 2180 643 rum
2223 601 2405 658 postes
2437 595 2704 662 sanguine
2719 593 2999 662 conspersi
3027 592 3317 660 finierint",
3349 609 3462 654 tum
3489 617 3634 668 vero,

2055 678 2219 735 etiam
2260 679 2306 735 si
2343 681 2610 745 dormias,
2643 693 2738 736 aut
2794 683 3010 749 sedeas,
3049 695 3144 739 aut
3176 687 3323 742 aliud
3357 692 3636 762 quidpiam

2054 771 2250 837 facias,
2284 787 2415 827 cura
2439 783 2491 827 et
2528 775 2897 831 sollicitudine
2952 776 3197 842 vacabis,
3228 794 3291 834 ea
3355 797 3414 838 re
3464 782 3638 840 frctus

2054 867 2197 934 quod
2229 866 2446 920 etiamsi
2477 868 2599 935 quis
2631 883 2794 922 casus
2817 869 2911 923 tibi
2945 873 3302 942 necopinanti
3340 875 3636 932 vittclint-m

2055 959 2318 1024 attulerit,
2378 974 2724 1030 nequaquam
2779 972 2960 1018 tamen
3026 966 3280 1036 baptismi
3359 983 3639 1040 sacraeque

2057 1050 2382 1103 initiationis
2405 1065 2601 1120 expers
2632 1052 2883 1110 abiturus
2934 1071 3015 1110 es.
3047 1057 3110 1110 Ει
3144 1059 3286 1126 quod
3316 1059 3392 1112 ait
3427 1060 3592 1115 David
3622 1081 3634 1114 :

2061 1138 2181 1193 Non
2238 1141 2446 1196 timebis
2497 1159 2530 1194 a
2571 1143 2762 1197 timore
2813 1155 3070 1200 nocturno
3095 1149 3160 1214 ”,
3216 1164 3244 1202 a
3293 1151 3638 1206 «immunibus

2059 1237 2278 1302 injecto,
2312 1247 2404 1291 aut
2440 1239 2602 1292 etiam
2635 1240 2814 1294 medio
2842 1256 2905 1296 ac
2956 1244 3115 1311 pleno
3167 1245 3255 1299 die
3287 1259 3485 1316 pnetcr
3518 1250 3638 1317 opi-

2056 1329 2276 1383 nionem
2333 1339 2387 1384 et
2418 1334 2887 1400 exspectationem
2938 1337 3242 1392 accidente.
3303 1339 3415 1394 lloc
3455 1351 3634 1395 autem

2057 1418 2390 1474 daemonium
2422 1423 2784 1478 meridianum
2813 1425 3033 1494 quidam
3061 1429 3266 1484 arediae
3287 1440 3342 1484 et
3374 1434 3638 1504 langoris,

2056 1512 2148 1564 alii
2188 1511 2554 1567 obscenarum
2615 1517 3033 1584 cogitationum,
3101 1520 3193 1574 alii
3247 1522 3486 1579 libidinis
3529 1528 3638 1580 dee-

2059 1617 2273 1658 nionem
2316 1603 2771 1675 interpretantur.
2801 1607 2933 1662 Nam
2973 1610 3025 1663 hi
3053 1627 3274 1682 quoque
3319 1624 3430 1670 tum
3464 1619 3640 1671 maxi-

2059 1709 2164 1758 me,
2221 1695 2640 1764 ingravescente
2678 1697 2927 1752 ciborutn
2981 1701 3140 1770 capia
3173 1712 3384 1769 ventre,
3428 1706 3639 1761 homini

2060 1785 2414 1842 insidiantur.
2447 1786 2784 1855 Baptismus,
2837 1798 2891 1842 ct
2936 1791 3143 1846 viventi
3181 1793 3278 1848 tibi
3315 1796 3639 1864 praeclarum

2060 1876 2241 1932 estad
2300 1878 2652 1934 securitatem
2705 1881 3019 1949 praesidium
3069 1889 3152 1952 (ttt
3202 1885 3347 1939 enim
3379 1886 3640 1943 thesauro

2061 1984 2169 2024 non
2206 1970 2516 2040 obsignato,
2573 1971 2832 2039 nulloque
2877 1975 3207 2030 emblemate
3251 1986 3438 2031 notato
3491 1978 3640 2033 fures
3710 1999 3712 2001 ’

2062 2059 2219 2118 facile
2244 2064 2552 2128 imminent,
2584 2079 2650 2116 ac
2699 2065 2888 2130 pecudi
2937 2067 3087 2121 nullo
3111 2069 3268 2135 signo
3299 2068 3494 2124 innstre
3523 2079 3640 2124 tuto

2059 2156 2314 2210 aclibcre
2337 2155 2566 2210 insidias
2595 2165 2818 2210 struunt
2857 2175 2869 2209 :
2904 2158 2986 2212 sic
3025 2173 3054 2212 e
3079 2161 3360 2214 contrario
3405 2161 3454 2216 id
3489 2162 3637 2232 quod

2059 2247 2408 2316 obsignatum
2465 2258 2568 2312 est,
2607 2262 2707 2301 nec
2761 2257 2964 2304 temere
3025 2250 3239 2306 insidiis
3271 2252 3495 2320 petitur,
3538 2268 3638 2308 nec

2059 2338 2220 2393 facile
2239 2339 2502 2408 capitur);
2536 2348 2592 2394 et
2613 2339 2659 2392 si
2689 2355 2752 2394 ex
2789 2339 2889 2394 hac
2911 2341 3019 2395 vita
3048 2343 3321 2408 discedas,
3354 2345 3632 2414 egregium

2060 2431 2337 2501 parentale
2369 2431 2462 2485 tibi
2498 2431 2624 2494 crit,
2651 2446 2714 2485 ac
2756 2439 2868 2485 tmn
2903 2433 3185 2488 sterilibus
3216 2445 3382 2504 atque
3423 2435 3638 2490 init-uc-

2061 2522 2236 2578 tuosis
2261 2523 2612 2577 libamiuibus
2633 2523 2708 2592 (9)
2744 2526 3091 2594 praestantius
3124 2527 3262 2592 (inec
3291 2543 3454 2596 porro
3486 2530 3635 2594 vino,

2059 2616 2253 2681 melle,
2317 2616 2455 2670 lacte
2493 2625 2551 2671 et
2601 2617 2722 2671 oleo
2782 2618 3130 2683 constabant,
3179 2633 3243 2673 ac
3295 2629 3634 2675 mortuorum

2059 2708 2332 2778 sepulcris
2385 2707 2455 2764 ab
2499 2709 2566 2763 iis
2615 2708 2706 2777 qui
2747 2709 3172 2780 propinquitatis
3231 2714 3639 2768 necessitudine

2060 2801 2182 2856 illos
2211 2800 2562 2870 attingebant,
2625 2799 3076 2872 infundebantnr)
3137 2811 3250 2856 tttm
3293 2815 3634 2858 maturartnn

2059 2890 2272 2962 frugum
2331 2891 2588 2959 primitiis
2644 2891 2864 2956 utilius,
2947 2907 3068 2962 qua:
3143 2894 3344 2948 mortui
3401 2897 3637 2950 mortuis

2059 2991 2340 3052 praestant,
2377 2985 2482 3037 hoc
2529 2991 2631 3046 est,
2664 2984 2730 3036 ad
2769 2983 3030 3038 virtutem
3061 2985 3258 3053 torpidi
3299 2996 3462 3056 atque
3487 2988 3636 3040 incr-

2061 3085 2167 3137 tes,
2187 3073 2414 3144 verique
2437 3073 2599 3129 ollicii
2655 3075 2853 3144 ignari,
2885 3072 3273 3132 consuetudini
3305 3080 3484 3135 stulta;
3514 3094 3633 3134 ser-

2058 3167 2290 3222 vientes.

2125 3259 2242 3314 Col.
2264 3259 2368 3314 378
2399 3258 2459 3314 C.
2482 3259 2673 3312 Omnia
2700 3258 2795 3312 tibi
2822 3271 3059 3329 pereant,
3093 3263 3270 3317 omnia
3287 3263 3632 3334 diripiantur,
3681 3247 3686 3250 I

2053 3361 2161 3408 etc.
2196 3351 2326 3406 Esto
2360 3365 2510 3417 sane,
2543 3351 2726 3406 omnia
2757 3364 2983 3421 pereant
3007 3368 3069 3407 ac
3097 3354 3456 3424 dissipentur,
3485 3359 3633 3426 quae.

2049 3456 2272 3510 cunque
2321 3440 2591 3496 versatilis
2629 3441 2790 3510 hujus
2823 3441 2944 3495 vitat
2997 3451 3124 3496 sunt
3165 3458 3229 3498 ac
3260 3453 3489 3500 terrenae
3510 3447 3630 3516 jac-

2053 3534 2279 3589 tationis
2324 3544 2378 3587 et
2410 3533 2732 3605 vertiginis,
2779 3548 2844 3588 ex
2904 3533 3026 3590 aliis
3079 3536 3313 3591 subinde
3371 3540 3438 3594 ad
3493 3539 3632 3596 alios

2052 3626 2416 3682 connneantia
2475 3642 2491 3679 :
2553 3634 2610 3679 tu
2662 3641 2793 3680 vero
2859 3626 2987 3682 hinc
3037 3628 3310 3684 excedens
3343 3629 3632 3702 diligenter

2053 3735 2206 3785 cave,
2226 3735 2294 3775 ne
2317 3718 2580 3789 praeclaro
2607 3719 2806 3774 viatico
2832 3735 2898 3776 ac
2925 3721 3156 3778 denario
3183 3736 3393 3778 careas.
3426 3722 3630 3780 Verum

2053 3811 2284 3866 fortasse
2307 3807 2536 3874 dixeris,
2567 3809 2823 3879 quoniam
2882 3811 3066 3867 nullus
3109 3812 3250 3867 alius
3284 3823 3452 3868 restat
3488 3813 3630 3884 bap-
3721 3820 3726 3822 '

2055 3900 2274 3961 tismns,
2329 3898 2542 3954 idcirco
2573 3900 2843 3970 baptizari
2869 3899 3084 3968 diﬂ’ero,
3114 3903 3258 3972 quod
3313 3919 3525 3971 verear,
3563 3923 3632 3962 ne

2053 4005 2176 4044 eum
2234 3988 2582 4044 lahel‘actem.
2630 3991 2792 4062 Atqui
2855 3993 3046 4048 eadem
3102 3997 3313 4051 ratione
3367 4013 3433 4052 ne
3473 3998 3630 4053 Chri-

2052 4081 2266 4136 stianus
2295 4081 2512 4151 quidem
2544 4081 2640 4138 tias
2672 4100 2685 4136 :
2721 4083 3157 4153 quandoquidem
3196 4088 3495 4155 periculurn
3523 4099 3629 4150 est,

2053 4188 2121 4229 ne
2152 4172 2291 4228 forte
2323 4181 2514 4228 exorta
2550 4175 2931 4242 persecutione
2950 4176 3158 4231 Christi
3193 4179 3349 4232 iidem
3383 4179 3624 4248 abjurcs.

2053 4263 2248 4318 Procul
2297 4264 2369 4319 sit
2423 4263 2527 4318 ista
2559 4264 2719 4320 ratio.
2768 4265 2957 4335 Neque
3003 4268 3150 4320 enim
3194 4269 3483 4338 quisquam
3521 4282 3624 4332 est.

2053 4358 2146 4426 qui
2173 4357 2313 4410 bona
2345 4356 2678 4426 repudianda
2710 4365 2764 4412 et
2801 4355 3096 4425 rejicienda
3125 4369 3299 4427 putet,
3330 4359 3474 4430 qttod
3515 4377 3626 4416 me-

2053 4459 2262 4505 tuatne
2300 4449 2366 4503 iis
2401 4449 2699 4518 aliquando
2746 4449 3032 4519 spolictur.
3080 4451 3158 4506 Ac
3199 4465 3345 4506 certe
3397 4452 3628 4509 Satanas

372 4546 526 4616 Saepe
553 4548 719 4602 etiam
773 4546 940 4617 (quod
1000 4545 1314 4601 levissimus
1360 4548 1466 4612 est)
1528 4545 1668 4599 mica
1727 4559 1834 4598 una
1887 4543 1942 4599 in
1971 4535 2022 4597 D
2049 4542 2302 4614 quamvis
2330 4541 2507 4612 caligo
2534 4543 2606 4597 sit
2632 4549 2900 4607 tamen,ut
2925 4557 3051 4598 cum
3076 4544 3337 4614 Apostolo
3364 4547 3626 4617 loquar",

370 4639 560 4694 fauces
614 4639 833 4707 oblique
882 4638 1192 4702 incurrens,
1251 4647 1414 4706 atque
1460 4636 1514 4689 in
1564 4645 1750 4705 guttur
1807 4636 1944 4690 inci-

369 4731 528 4793 dens,
571 4729 846 4783 hominem
880 4727 1170 4799 oppressit,
1207 4736 1302 4781 aut
1355 4727 1711 4796 pharmacum
1749 4726 1949 4780 intere-

370 4826 490 4887 mit,
538 4821 791 4877 consulto
848 4837 914 4876 ac
970 4821 1226 4876 meditato
1275 4829 1669 4891 temperatum,
1730 4828 1826 4874 aut
1877 4818 1944 4874 ad

370 4915 751 4985 ourgationem
797 4913 1018 4984 quidem
1048 4925 1102 4968 ct
1150 4914 1406 4980 salutem,
1455 4913 1791 4968 medicorum
1826 4910 1946 4982 Opi-

369 5007 534 5062 nione
563 5017 896 5076 porrectum,
935 5016 1192 5062 caeterum
1237 5016 1434 5060 eventu
1473 5007 1592 5076 ipso
1629 5004 1850 5061 exitiale
1880 5019 1947 5060 ac

367 5099 565 5153 letbale
603 5103 901 5154 inventum.
933 5099 1088 5166 Quod
1117 5100 1160 5153 si
1209 5109 1264 5154 tn
1323 5108 1696 5166 antevertens,
1734 5106 1789 5154 et
1817 5097 1941 5154 ani-

371 5206 514 5246 mam
569 5193 776 5262 Spiritu
835 5193 1253 5263 consignatam,
1305 5205 1359 5246 et
1405 5207 1609 5262 corpus
1662 5200 1942 5260 unguento

435 5349 482 5380 "
535 5346 574 5419 Il
609 5347 736 5402 Cor.
775 5365 846 5416 vt,
877 5349 932 5404 2.
1008 5349 1053 5381 ⁸⁸
1084 5348 1283 5419 Ephes.
1320 5364 1370 5413 v,
1423 5347 1508 5403 ll.

398 5434 478 5485 xt,
512 5418 596 5472 l4.

436 5532 513 5604 (9)
557 5532 913 5602 Infructuost's
969 5530 1333 5588 libaminibus.
1371 5533 1610 5604 ’Aydvgw
1645 5534 1809 5604 χοῶν,
1873 5537 1926 5592 in

362 5601 557 5658 codice
591 5601 831 5674 Reginae,
858 5609 913 5675 et
951 5605 1022 5656 ita
1063 5604 1191 5673 legit
1219 5604 1486 5675 interpres
1513 5601 1769 5670 Grmcus;
1795 5606 1928 5675 ἀγόσ

363 5691 470 5727 νων
500 5675 644 5728 enim
675 5668 928 5745 'exponit
975 5668 1266 5744 dudp'rrtov.
1306 5668 1434 5727 Mihi
1467 5685 1646 5730 tamen
1677 5668 1928 5744 aliquan-

362 5746 434 5798 do
493 5745 739 5813 frigidius
779 5744 1003 5798 videtur
1034 5746 1163 5815 hoc
1210 5746 1534 5812 epithetntn.
1587 5750 1666 5800 Ac
1707 5749 1932 5815 proinde

362 5829 486 5871 tneo
526 5815 732 5884 judicio
794 5814 1135 5871 commodius
1188 5817 1474 5884 legeretur,
1515 5814 1745 5886 ἀγώνων
1790 5821 1930 5886 χοῶν

1585 5348 1628 5378 ³⁷
1653 5346 1832 5403 Ecclc.
1865 5363 1948 5412 ιιι,

2055 4636 2108 4690 in
2141 4637 2392 4706 angelum
2419 4635 2560 4690 locis
2588 4635 3008 4708 transﬁguratur
3053 4646 3108 4691 et
3141 4653 3266 4692 cum
3307 4651 3494 4709 aperte
3527 4654 3627 4695 nos

2055 4726 2288 4798 dejicere
2326 4740 2392 4781 ac
2448 4733 2796 4797 prosternere
2850 4727 3057 4798 nequit,
3115 4729 3365 4784 obscuris
3411 4730 3628 4786 insidiis

2052 4819 2403 4889 aggreditur:
2439 4829 2649 4875 etcum
2697 4819 2874 4875 malus
2929 4821 3022 4886 sit,
3073 4819 3227 4891 probi
3279 4831 3462 4877 tamen
3492 4836 3625 4877 con-

2045 4911 2270 4967 sultoris
2287 4911 2522 4980 speciem
2547 4924 2659 4982 prae
2693 4926 2752 4966 se
2778 4910 2882 4966 l'ert
2921 4927 2935 4963 :
2966 4913 3432 4982 quemadmodum
3467 4923 3521 4969 et
3565 4915 3622 4968 in

2045 5003 2316 5073 baptismo
2346 5003 2541 5061 callide
2566 5017 2631 5058 ac
2663 5004 2988 5059 veteratorie
3014 5004 3162 5059 facit.
3191 5003 3411 5060 llostem
3442 5006 3623 5060 anim-

2043 5095 2269 5150 adverte
2322 5110 2490 5150 :non
2565 5095 2727 5150 audet
2811 5095 3119 5164 consulem,
3184 5107 3242 5151 ut
3291 5099 3533 5151 animum
3595 5115 3621 5149 ει

2046 5189 2158 5244 Deo
2209 5185 2428 5258 penitus
2486 5197 2705 5242 avertas
2769 5186 2962 5258 (probe
3023 5190 3223 5244 ctenim
3312 5193 3461 5246 novit
3523 5189 3622 5244 hoc

2021 5346 2071 5400 ι.
2177 5345 2225 5379 ³⁸
2252 5345 2426 5402 Exod.
2483 5361 2583 5414 ιιι,
2618 5346 2731 5404 7-8.
2829 5347 2874 5380 ³⁹
2897 5345 3041 5405 Psal.
3081 5363 3165 5415 xc,
3201 5349 3254 5404 5.
3330 5345 3444 5400 “ll
3492 5346 3616 5402 (ζον.

2036 5535 2456 5612 εὐσεϐέστερον,
2489 5549 2543 5592 ιιι
2571 5537 2626 5592 in
2650 5537 2996 5612 Hervagiano
3029 5534 3348 5602 exemplari.
3392 5529 3526 5612 ﬁam
3565 5532 3618 5586 itt

2039 5605 2325 5664 funeribus
2367 5624 2584 5678 quoque
2614 5605 3052 5664 clarissiinorum
3094 5611 3331 5659 virorum
3357 5605 3486 5678 olim
3522 5618 3585 5655 va

2041 5679 2120 5748 ria
2153 5672 2449 5732 certamina
2485 5672 2947 5748 proponebantur,
2976 5683 3034 5730 ut
3066 5683 3213 5748 patet
3267 5691 3328 5728 ex
3374 5672 3614 5727 llomero

2043 5747 2280 5802 Patrocli
2329 5745 2499 5802 funus
2541 5745 2904 5814 describente,
2947 5759 3001 5803 et
3051 5745 3117 5802 ex
3177 5745 3417 5802 Isocrate
3449 5755 3612 5796 \‘ltatll

2043 5817 2302 5888 [ἐπίδοι-ξε
2341 5821 2540 5875 litteris
2583 5819 2898 5873 mandante.
