4064 6274
499 345 638 413 1263

1943 352 2200 414 ADDEN
2214 353 2333 412 ΒΛ.

3633 340 3771 404 126i

494 466 826 523 Christianis
895 469 967 523 ita
1034 484 1196 539 gravo
1245 467 1357 522 fore
1439 475 1497 521 ttt
1543 481 1607 522 ne
1651 480 1813 521 aures
1857 466 2075 536 quidem
2107 475 2152 530 Α
2182 466 2350 531 abes;
2390 481 2456 522 nc
2495 466 2690 520 viatico
2735 479 2947 531 careas,
2981 479 3047 519 ne
3095 463 3191 518 tibi
3240 472 3427 533 pereat
3458 462 3774 518 amuletum

494 574 685 613 eorum
723 561 867 614 hunc
901 574 1218 614 sermonem
1252 558 1394 615 ferre
1425 568 1628 628 queant
1666 577 1681 616 :
1718 574 1908 614 verum
1943 558 2077 614 sub-

496 650 638 706 dolis
670 651 902 715 artibus,
942 651 1085 721 qttod
1119 652 1366 717 molitur,
1400 652 1506 706 alia
1552 651 1764 706 ratione
1816 650 2079 720 perlicere

497 742 701 807 studet,
758 741 967 810 tibique
1014 741 1346 811 persuadere
1409 752 1663 808 conatur,
1720 741 2077 811 baptismum,

497 841 722 903 propter
789 844 995 888 metum
1050 835 1285 902 scilicet,
1343 849 1407 890 ac
1454 834 1774 903 religiosum
1820 850 2077 904 pavorem

498 940 759 995 proroges
806 944 817 978 :
859 935 918 980 ut
973 941 1037 981 eo
1095 927 1214 996 ipso
1264 926 1412 997 quod
1464 943 1495 983 a
1544 928 1816 997 baptismo
1862 938 2081 998 propter

500 1027 699 1072 metum
727 1018 954 1088 refugis,
982 1019 1050 1073 ab
1079 1021 1183 1075 hoc
1231 1021 1377 1076 dono
1419 1035 1648 1091 prorsus
1671 1020 1915 1083 excidas,
1955 1029 2080 1075 ante

500 1110 827 1177 laptismum
874 1111 1128 1167 videlicet
1178 1123 1354 1167 morte
1389 1113 1667 1180 abreptus.
1700 1112 1777 1168 Ac
1824 1112 2078 1167 diabolus

498 1198 716 1261 quidem
748 1214 813 1254 ea
844 1209 1026 1255 mente
1073 1210 1159 1257 est
1202 1220 1215 1255 :
1276 1216 1376 1256 nec
1431 1218 1672 1271 unquam
1712 1202 1933 1257 malitia:
1966 1217 2081 1259 suae

507 1292 666 1343 tinem
692 1293 1010 1359 constituet,
1043 1293 1286 1363 quandiu
1316 1309 1417 1349 nos
1463 1304 1712 1349 terrenos
1744 1294 1810 1349 ad
1856 1296 2078 1365 angelo-

508 1400 627 1437 rum
663 1383 1007 1454 dignitatem,
1057 1401 1118 1440 ex
1155 1402 1261 1454 qua
1292 1387 1408 1456 ipse
1441 1386 1767 1443 deturbatus
1805 1404 1870 1443 ac
1901 1389 2081 1458 dejec-

500 1488 585 1530 tus
615 1486 720 1542 est,
741 1491 838 1546 per
875 1477 1136 1532 honestas
1174 1488 1228 1532 et
1274 1478 1553 1547 praeclarae
1582 1480 1703 1533 vita:
1742 1480 2083 1550 progressio-

503 1583 599 1620 nes
642 1583 932 1636 assurgere
979 1568 1199 1625 viderit.
1251 1571 1321 1623 At
1372 1581 1427 1624 tu
1479 1570 1568 1625 fac
1630 1570 1802 1639 ipsius
1847 1571 2081 1626 insidias

502 1662 745 1730 cogn‘tas
778 1660 1001 1716 habeas.
1056 1661 1268 1717 Etenim
1303 1663 1370 1716 ad
1411 1663 1725 1733 habentem,
1766 1674 1827 1718 ut
1862 1663 1953 1718 ille
1981 1665 2079 1730 ait,

502 1752 705 1805 invidia
756 1752 926 1820 serpit
981 1771 995 1807 :
1046 1769 1110 1807 ac
1164 1754 1230 1808 de
1289 1755 1453 1811 rebus
1516 1755 1772 1810 maximis
1805 1764 2079 1810 certamen

500 1844 729 1911 geritur.
763 1842 888 1915 llzcc
919 1853 1097 1898 autem
1127 1847 1292 1900 verba
1334 1863 1346 1899 :

504 1938 693 2003 serpit,
743 1934 1031 2004 Sophoclis
1093 1947 1223 1992 sunt
1266 1938 1320 1992 in
1368 1937 1553 2002 Aiacis
1619 1940 1902 2010 tragoedia.
1939 1940 2082 2006 Quid

502 2026 648 2079 cnim
683 2028 935 2096 baptismi
964 2029 1199 2098 puritate
1230 2029 1407 2099 majus
1431 2041 1479 2085 et
1513 2032 1916 2088 excellentius?
1943 2031 2082 2101 Pro:

506 2122 629 2173 inde
674 2136 782 2189 quo
818 2122 994 2191 major
1023 2123 1339 2188 thesaurus,
1373 2139 1440 2177 eo
1476 2125 1813 2192 accuratius,
1850 2126 2083 2195 diligen-

507 2214 722 2282 tiusque
774 2214 870 2268 tibi
922 2216 1315 2285 providendum
1369 2228 1476 2282 est,
1529 2232 1597 2272 ne
1625 2233 1749 2271 eum
1801 2228 2079 2287 acceptum

503 2303 744 2358 amittas.
784 2303 1054 2370 Quocirca
1090 2322 1158 2360 ne
1191 2307 1297 2359 vile
1324 2316 1378 2361 et
1408 2309 1870 2362 contemnendum
1907 2318 2077 2377 putes,

506 2393 717 2448 tidelcm
773 2410 837 2448 ac
895 2396 1042 2464 pium
1077 2397 1235 2452 ellici.
1288 2398 1420 2450 Nam
1457 2400 1548 2467 qui
1580 2398 1835 2469 baptismi
1887 2415 2083 2471 expers

502 2493 607 2546 est,
665 2486 789 2539 licet
844 2485 1120 2541 Christum
1180 2488 1284 2542 title
1335 2491 1752 2558 complectatur,
1840 2492 2081 2546 nondum

503 2581 684 2625 tamen
721 2573 863 2627 inter
894 2573 1080 2628 fideles
1111 2577 1420 2632 censendus
1449 2588 1552 2634 est.
1575 2579 1772 2649 Atque,
1808 2591 1869 2637 ut
1899 2592 2081 2641 trans-

504 2663 677 2717 latitie
729 2678 759 2717 a
812 2664 980 2718 veteri
1032 2680 1160 2720 arca
1230 2668 1538 2737 exernplum
1587 2685 1825 2735 sumam,
1883 2675 2081 2730 atrium

503 2755 722 2821 quidem
749 2755 941 2809 classis
985 2770 1071 2812 est
1117 2774 1333 2824 eorum,
1377 2763 1475 2831 qui
1513 2760 1840 2819 Christiana:
1869 2764 2084 2834 pietatis

503 2844 787 2901 elementis
819 2846 999 2902 adhuc
1031 2848 1375 2916 imbuuntur,
1426 2866 1520 2921 per
1577 2855 1717 2923 quod
1771 2859 2085 2915 necessario

505 2936 897 2990 transeundum
952 2948 1034 2992 est
1089 2955 1104 2993 :
1150 2950 1568 2998 sanctaautem
1636 2944 1889 3015 baptismi
1939 2963 2086 3018 sym-

504 3027 625 3080 hola
655 3045 669 3080 :
698 3028 896 3084 Sancta
942 3045 1071 3086 vero
1129 3045 1472 3101 sanctorum,
1522 3052 1585 3092 ea
1628 3038 1929 3095 divinitatis
1953 3042 2084 3097 doc-

506 3115 647 3170 trina
679 3129 732 3172 et
758 3130 1111 3176 sacrosancta
1137 3124 1392 3189 initiatio,
1412 3140 1535 3194 quat
1556 3125 1805 3192 baptismi
1841 3137 2084 3197 tempore

504 3208 585 3275 ﬁt,
618 3224 714 3278 per
747 3227 908 3281 quam
933 3213 1000 3268 ad
1032 3215 1353 3270 Trinitatem
1387 3219 1757 3285 pervenimus,
1785 3234 1849 3273 ac
1879 3234 2001 3273 cum
2021 3234 2083 3275 ea

502 3300 618 3369 jam
674 3299 932 3374 deinceps
994 3305 1307 3375 adoptionis
1362 3306 1625 3361 beneficio
1675 3308 2079 3379 conjungimnr.

503 3391 622 3446 iam
658 3409 782 3449 vero
806 3398 979 3466 clypei
1009 3399 1131 3453 loco
1159 3398 1282 3453 ﬁdei
1319 3409 1560 3464 scutum,
1611 3400 1715 3455 hoc
1742 3409 1843 3465 est,
1878 3402 2084 3470 baptis-

509 3500 655 3538 mum
684 3486 882 3556 objice,
916 3502 1025 3557 quo
1053 3497 1105 3542 te
1137 3487 1309 3543 hostis
1332 3503 1430 3558 per
1459 3488 1781 3558 hujusmodi
1826 3507 2082 3562 procras-

509 3578 830 3633 tinationem
882 3579 1097 3649 spoliat,
1159 3580 1465 3648 impediens
1533 3582 1784 3637 videlicet
1831 3598 1898 3638 ne
1956 3600 2081 3640 eum

507 3669 768 3739 accipias,
797 3679 856 3724 ut
889 3678 940 3725 te
991 3671 1195 3727 nudum
1253 3683 1309 3727 et
1361 3672 1627 3728 inermem
1670 3685 1891 3744 superet
1919 3685 2084 3749 atque

504 3762 797 3830 opprimat.

575 3854 816 3910 Co|.579
839 3855 895 3907 Β.
922 3854 1112 3910 Omnes
1143 3865 1360 3911 atatum
1391 3856 1586 3926 gradu:
1617 3860 1853 3929 attingit,
1879 3863 2078 3927 omnia,

504 3957 613 3998 etc.
646 3946 922 4011 Adversus
956 3963 1172 4002 onmem
1223 3957 1436 4003 aetatem
1472 3951 1724 4006 diabolus
1778 3965 2076 4022 grassatur,

507 4053 611 4090 nun
645 4037 1116 4107 modojuvenum,
1158 4041 1253 4095 sed
1282 4041 1447 4096 etiam
1484 4058 1675 4098 senum
1712 4060 1725 4097 :
1765 4058 1830 4098 ac
1854 4047 2082 4113 proinde

507 4139 739 4196 nonest,
771 4131 918 4200 quod
978 4146 1164 4202 speres
1221 4133 1339 4189 fore
1397 4147 1455 4189 ut
1499 4136 1597 4190 tibi
1633 4144 1792 4190 mtate
1822 4148 2080 4206 provecto

505 4232 715 4292 parcat.
747 4224 925 4293 Atque
956 4229 1223 4281 adversus
1269 4242 1431 4284 omne
1483 4229 1607 4283 vita:
1635 4244 1807 4299 genus
1835 4238 1888 4284 et
1919 4230 2081 4285 insti-

506 4327 708 4383 tutum,
762 4318 878 4373 sive
939 4319 1064 4389 quis
1122 4319 1440 4375 caelibatum
1485 4321 1588 4375 sibi
1643 4322 2077 4391 amplectendum

504 4411 742 4477 duxerit,
802 4411 915 4466 sive
968 4411 1403 4478 matrimonium,
1451 4422 1546 4467 aut
1607 4413 1755 4467 aliud
1802 4415 2077 4484 quoddam

505 4504 629 4557 vitae
653 4519 843 4572 genus.
873 4500 1100 4559 Juvenis
1128 4505 1224 4560 es?
1268 4503 1574 4560 Juvenilem
1628 4515 1842 4562 aetatem
1873 4507 2079 4577 baptis-
2113 4534 2157 4593 υ

506 4593 581 4646 mi
614 4594 766 4648 freno
807 4597 1093 4656 confirma,
1130 4606 1184 4651 et
1224 4596 1481 4665 baptismi
1528 4612 1631 4667 ope
1661 4607 1826 4669 atque
1870 4601 2080 4669 auxilio

505 4686 752 4739 munitus
818 4686 1081 4743 adversus
1136 4688 1306 4741 animi
1371 4690 1810 4759 perturbationes
1866 4703 2089 4748 strenue

504 4777 727 4838 dimica,
763 4776 816 4829 in
846 4776 1081 4831 militum
1116 4778 1209 4832 Dei
1240 4778 1424 4833 album
1482 4796 1681 4837 nomen
1714 4792 1867 4836 tuum
1917 4787 2089 4838 ascri-

504 4868 661 4924 bcns.
696 4869 760 4920 Et
795 4868 1256 4938 quemadmodum
1288 4869 1457 4926 David
1501 4873 1767 4929 adversus
1821 4874 2084 4946 alienige-

506 4976 632 5016 nam
682 4960 835 5016 illum
863 4961 1078 5017 Golith
1103 4961 1399 5017 fortissime
1428 4965 1709 5035 pugnavit,
1741 4973 1903 5036 atque
1942 4966 2085 5024 lsra—

504 5054 702 5110 eliticze
735 5054 987 5108 mulieres
1014 5054 1245 5109 chorum
1276 5053 1541 5110 ducentes
1591 5056 1646 5110 in
1689 5056 1810 5125 ejus
1860 5060 2076 5118 laudem

505 5148 814 5201 canebant:
844 5145 1114 5200 Percussit
1142 5144 1274 5201 Sani
1303 5146 1465 5214 mille,
1507 5148 1676 5204 David
1699 5163 1872 5208 autem
1901 5154 2079 5208 decem

504 5236 881 5305 millia“;sic
916 5249 971 5292 tu
1014 5237 1277 5294 adversus
1314 5239 1649 5309 spiritualem
1679 5241 1890 5301 Goliath
1937 5256 2083 5301 stre-

506 5345 615 5385 nue
663 5340 719 5386 et
772 5329 989 5387 fortiter
1037 5343 1245 5401 pugna,
1304 5341 1469 5402 atque
1525 5335 1858 5406 multiplices
1917 5338 2088 5405 ipsius

507 5425 649 5477 vires
666 5432 721 5477 et
766 5423 1071 5490 machinas,
1117 5423 1267 5476 velut
1292 5423 1553 5480 chiliades
1585 5428 1852 5496 quasdam
1882 5435 1934 5480 et
1974 5443 2092 5497 my-

507 5516 691 5571 riades
735 5518 790 5572 in
824 5528 1152 5589 potestatem
1199 5517 1401 5587 redige.
1448 5518 1819 5583 Consenuisti,
1867 5530 2029 5591 atque
2057 5537 2087 5577 a

508 5610 826 5663 necessario
857 5620 911 5663 et
939 5607 1239 5664 inevitabili
1284 5608 1477 5663 mortis
1516 5610 1750 5665 termino
1780 5627 1889 5665 non
1930 5613 2088 5684 longe

582 5765 625 5796 “
667 5765 705 5819 ll
739 5764 872 5834 Reg.
906 5783 1060 5833 xvttt,
1089 5768 1143 5822 7.
1222 5769 1265 5799 ⁶³
1298 5764 1439 5823 Psal.
1467 5782 1561 5832 cn,
1593 5766 1644 5822 5.

1725 5767 1769 5801 ⁸³
1797 5766 1816 5820 Ξ
1849 5766 1980 5838 Reg.
2015 5786 2053 5836 ι,
2074 5768 2163 5825 28.

2188 568 2364 621 tuum,
2415 573 2483 612 ne
2528 560 2596 611 de
2632 557 2917 611 undecima
2980 557 3113 611 hora
3162 565 3423 626 tanquam
3478 557 3550 610 de
3594 556 3775 625 prima

2183 651 2428 721 cogites:
2474 665 2660 703 verum
2711 650 2900 716 paucis
2942 651 3027 705 his
3071 650 3292 712 diebus,
3340 664 3483 717 quos
3526 648 3780 716 reliquos

2184 742 2376 807 habes,
2411 757 2504 809 per
2523 742 2853 811 baptismum
2884 757 3146 795 succurre
3168 742 3326 810 cujus
3374 740 3423 793 vi
3473 741 3781 793 renovabi-

2181 843 2272 888 tur
2302 842 2361 887 ut
2387 833 2583 900 aquilas
2608 832 2869 902 juventus
2924 842 3012 886 tua
3033 833 3099 885 ⁸³.
3154 831 3232 885 Ac
3260 831 3493 896 juvenes
3543 832 3779 898 quidem

2182 940 2366 980 rerum
2389 925 2749 994 gerendarum
2783 924 3044 978 facultate
3071 923 3349 989 animique
3381 922 3786 991 magnitudine

2182 1018 2406 1073 senibus
2434 1026 2697 1087 prazstant
2732 1033 2747 1069 :
2785 1025 3046 1085 caeterum
3095 1016 3379 1084 prudentia
3426 1017 3789 1068 vincuntur:

2182 1126 2377 1166 rursus
2400 1125 2557 1165 senes
2590 1111 2663 1164 ita
2688 1110 2892 1163 viribus
2921 1111 3168 1177 corporis
3195 1109 3414 1173 cedunt,
3439 1117 3501 1162 ut
3528 1111 3794 1178 pruden-

2183 1204 2271 1257 tiae
2300 1203 2461 1256 laude
2516 1209 2792 1270 superent.
2830 1200 2901 1252 At
2942 1209 3022 1265 tn,
3072 1215 3197 1254 cum
3252 1201 3406 1255 senili
3446 1200 3797 1253 infirmitate

2184 1293 2419 1358 labores,
2473 1282 2698 1347 senilem
2770 1301 2951 1345 tamen
3018 1292 3361 1361 prudentiam
3417 1308 3797 1361 nequaquam

2184 1385 2373 1450 habes,
2407 1400 2527 1455 quae
2558 1385 2773 1455 quidem
2802 1399 2831 1438 a
2856 1393 2930 1446 te.
2959 1392 3015 1439 ut
3035 1393 3161 1438 natu
3182 1384 3410 1453 majore,
3438 1385 3797 1454 requiritur.

2185 1475 2334 1532 lianc
2386 1478 2553 1548 igitur
2585 1487 2782 1547 prazsta
2812 1476 3167 1546 (baptismum
3219 1476 3565 1546 accipiendo)
3606 1486 3798 1547 atque

2184 1569 2472 1632 senectuti,
2512 1578 2769 1636 tanquam
2793 1569 2902 1622 fido
2929 1576 2981 1622 ct
3027 1576 3177 1622 certo
3210 1568 3445 1633 custodi,
3480 1570 3795 1639 purgatio-

2187 1673 2308 1713 nem
2341 1658 2643 1712 committe.
2664 1657 2821 1724 Quod
2851 1658 2896 1713 si
2930 1673 3115 1713 moras
3135 1660 3327 1724 nectis,
3348 1673 3408 1714 ac
3427 1660 3792 1730 baptismum

2185 1751 2586 1814 extrahis,eam
2615 1750 2683 1805 de
2714 1758 2765 1805 te
2807 1750 3119 1821 opinionem
3162 1752 3451 1817 excitabis,
3486 1761 3547 1806 ut
3578 1753 3789 1807 libidi-

1397 1847 1476 1900 Ad
1533 1846 1820 1903 habentem
1878 1848 2081 1903 invidia
2114 1832 2155 1886 Β
2187 1840 2272 1897 nis
2303 1852 2360 1896 et
2389 1841 2727 1911 voluptatum
2760 1856 2948 1896 amore
2968 1856 3147 1897 moras
3174 1843 3223 1897 ei
3248 1841 3440 1898 afferre
3482 1845 3796 1900 existime-

2186 1937 2283 2000 ris,
2305 1936 2467 2006 idque
2498 1950 2622 1990 cum
2656 1935 2811 1989 senio
2859 1933 3069 1990 fractus
3120 1934 3197 1990 sis
3234 1944 3397 2003 atque
3448 1935 3785 1999 confectus,

2186 2029 2434 2098 nihilque
2496 2026 2644 2082 aliud
2691 2028 2789 2093 sis,
2851 2042 3014 2096 quam
3058 2036 3250 2081 tenues
3300 2028 3427 2080 vita:
3496 2028 3782 2095 reliquit.

2188 2117 2383 2173 Filium
2414 2129 2663 2174 tenerum
2696 2131 2749 2174 et
2782 2119 3049 2174 infantem
3086 2119 3290 2173 habes?
3313 2118 3446 2174 Eum
3474 2135 3507 2173 a
3537 2124 3781 2185 teneris,

2189 2222 2248 2265 ιιι
2273 2210 2474 2265 dicitur
2492 2210 2803 2279 unguiculis
2830 2210 3058 2280 Spiritui
3106 2209 3485 2265 consecra.‘At
3533 2213 3779 2275 vereris,

2188 2318 2258 2357 ne
2290 2303 2432 2357 forte
2455 2303 2566 2357 lilio
2597 2312 2754 2358 mtate
2777 2303 2942 2357 altius
2974 2311 3228 2371 provecto
3271 2303 3533 2372 baptismi
3583 2303 3782 2373 signa-

2187 2392 2371 2445 culum
2435 2390 2835 2445 contaminetur
2907 2398 3073 2459 atque
3145 2390 3477 2444 sordescat?
3538 2391 3779 2447 nimium

2189 2479 2435 2550 profecto
2467 2480 2787 2534 meticulosa
2836 2488 3013 2532 mater
3032 2492 3113 2543 es,
3146 2475 3353 2541 Deique
3378 2477 3653 2545 praesidio
3686 2494 3784 2548 pa-

2189 2587 2308 2625 rutn
2343 2571 2602 2626 subnixa.
2631 2569 2796 2640 Atqui
2822 2570 2979 2624 Anna
3023 2569 3351 2634 Samuelem,
3400 2570 3588 2624 statim
3629 2584 3694 2625 ut
3724 2573 3781 2626 in

2188 2667 2361 2721 lucem
2394 2664 2572 2719 editus
2621 2672 2726 2727 est,
2762 2660 3191 2725 consecravit“,
3235 2673 3444 2716 natura:
3471 2663 3782 2716 infirmita-

2189 2769 2294 2813 tem
2332 2756 2594 2811 adversus
2628 2753 2873 2822 corporis
2921 2753 3324 2821 aﬂ‘ectnumque
3376 2754 3777 2809 rebellantium

2188 2848 2671 2919 impetusminime
2704 2846 3067 2902 reformidans
3102 2862 3330 2900 :vetum
3363 2845 3454 2899 Dei
3475 2860 3585 2916 Ope
3608 2846 3777 2912 freta,

2188 2952 2446 3008 certoque
2476 2941 2580 2995 sihi
2615 2939 2976 3010 persuadens,
3024 2939 3526 2993 eumimhet-illitati
3573 2940 3779 2994 buma-

2189 3049 2274 3089 na:
2314 3033 2556 3089 subsidio
2607 3031 2876 3087 futurum.
2909 3030 3053 3085 Nihil
3084 3031 3182 3085 tibi
3210 3046 3353 3099 opus
3387 3040 3475 3085 est
3504 3032 3573 3085 ad
3611 3034 3775 3102 pueri

2188 3128 2386 3182 collum
2420 3125 2687 3182 diabolica
2723 3126 2984 3191 amuleta,
3011 3125 3111 3179 hoc
3140 3133 3225 3180 est
3255 3123 3390 3179 falsa
3415 3124 3607 3180 salutis
3631 3114 3773 3194 pras-

2191 3219 2354 3282 sidia,
2387 3218 2736 3289 suspendere,
2758 3233 2935 3287 neque
2975 3217 3376 3271 incantationes
3406 3232 3494 3273 eas
3533 3233 3651 3286 qua:
3699 3218 3759 3270 in

2190 3310 2386 3365 vetulis
2445 3308 2782 3365 mulierculis
2822 3322 2948 3362 cum
3003 3307 3335 3363 oscitatione
3385 3315 3542 3375 atque
3592 3305 3758 3360 inha-

2191 3403 2393 3458 latione
2420 3412 2474 3457 et
2517 3402 2763 3457 susurris
2793 3399 3123 3472 quibusdam
3167 3413 3528 3471 peraguntur,
3560 3400 3761 3455 admit-

2191 3504 2326 3561 tere,
2360 3494 2559 3564 quibus
2610 3494 2922 3549 darmonum
2958 3506 3174 3561 quoque
3205 3492 3478 3548 invocatio
3527 3494 3771 3549 admista

2189 3594 2291 3650 est,
2321 3600 2385 3640 ac
2412 3600 2507 3653 per
2550 3581 2887 3638 exsecranda
2918 3582 3232 3652 hujusmodi
3261 3582 3461 3637 scelera
3506 3585 3777 3642 diabolus

2191 3674 2540 3730 alevioribus
2585 3681 2639 3728 et
2686 3672 3065 3728 stolidioribus
3126 3673 3422 3727 hominibus
3480 3676 3780 3741 quodam-

2191 3765 2354 3821 modo
2384 3765 2606 3820 adorari
2637 3764 2875 3820 videtur.
2918 3764 3060 3831 Quin
3095 3766 3273 3834 potius
3301 3764 3404 3817 filio
3437 3773 3533 3818 tuo
3554 3780 3778 3822 verum

2189 3858 2519 3924 antidotum,
2557 3858 2657 3911 hoc
2691 3864 2794 3919 est,
2822 3855 3143 3911 Trinitatem
3166 3873 3265 3927 per
3285 3856 3538 3928 baptismi
3568 3873 3780 3917 sacra-

2189 3959 2429 4005 mentum
2463 3948 2695 4020 porrige.

2259 4042 2374 4099 Col.
2390 4045 2500 4099 382
2512 4046 2574 4099 A.
2603 4044 2747 4110 Quid
2759 4046 3050 4115 prwterea?
3079 4042 3453 4115 Virginitatem
3469 4045 3604 4101 colis
3624 4048 3652 4102 ?
3664 4059 3768 4105 etc.

2193 4136 2485 4206 Postquam
2536 4136 2850 4207 Theologus
2897 4137 2963 4191 de
2992 4136 3245 4191 aetatibus
3294 4139 3574 4201 tractavit,
3624 4154 3762 4192 nunc

2187 4230 2255 4285 ad
2306 4230 2431 4285 vitae
2477 4245 2696 4302 quoque
2743 4232 2990 4284 lnnnanae
3043 4230 3287 4285 instituta
3344 4234 3557 4295 transit,
3597 4242 3751 4297 atque

2187 4323 2494 4377 auditorem
2531 4322 2604 4377 ita
2636 4323 2935 4392 alloquitur
2965 4338 2980 4375 :
3014 4320 3393 4392 Virginitatem
3428 4324 3596 4377 colis?
3626 4324 3754 4390 bap-

2188 4416 2355 4470 tismo
2403 4416 2729 4486 consignare
2783 4434 2795 4469 :
2855 4424 2914 4469 ut
2966 4416 3430 4484 quemadmodum
3482 4418 3558 4470 ait
3606 4416 3764 4469 Salo-

2189 4521 2317 4561 mon
2335 4506 2404 4568 “,
2439 4506 2647 4562 circulo
2678 4506 2976 4577 gratiarum
3035 4507 3273 4568 orneris.
3332 4516 3388 4561 et
3431 4522 3639 4561 corona
3673 4507 3771 4562 de-

2189 4599 2463 4664 liciarum,
2512 4599 2618 4653 ltoc
2661 4607 2764 4663 est,
2820 4598 3189 4669 spiritualium
3236 4598 3550 4653 divitiarum
3607 4602 3773 4662 orbe.

2189 4689 2283 4758 qui
2316 4688 2579 4744 adversus
2604 4688 2909 4744 invisibiles
2959 4688 3144 4743 hostes
3174 4688 3456 4743 hominum
3507 4691 3778 4760 protegit,

2190 4795 2299 4834 non
2336 4796 2496 4835 secus
2536 4789 2701 4850 atque
2731 4794 2862 4849 opes
2896 4779 2951 4833 in
2999 4794 3224 4834 sensum
3270 4780 3528 4833 cadentes
3570 4780 3641 4832 ad
3688 4780 3783 4833 vi-

2189 4873 2374 4929 sibiles
2405 4876 2588 4929 hostes
2620 4873 3025 4943 propellendos,
3060 4886 3219 4942 opem
3254 4872 3508 4927 afferunt.
3576 4871 3786 4926 Matri—

2193 4966 2362 5020 monii
2394 4964 2626 5020 vmculis
2693 4964 2979 5029 astrictus,
3029 4974 3115 5020 est
3162 4966 3490 5035 baptismum
3543 4980 3786 5034 quoque

2192 5056 2466 5124 pudicitiae
2514 5056 2797 5111 custodem
2855 5056 3064 5125 accipe.
3126 5056 3196 5110 At
3256 5055 3490 5111 fortasse
3544 5056 3783 5110 mulieri

2188 5145 2407 5215 quidem
2462 5146 2813 5201 matrimonio
2861 5145 3017 5217 jungi
3067 5148 3227 5217 petis,
3283 5163 3379 5201 nec
3439 5158 3621 5201 tamen
3673 5148 3785 5201 ad-

2190 5238 2298 5292 huc
2349 5238 2573 5306 junctus
2628 5237 2732 5292 es?
2793 5237 3154 5304 Baptismum,
3189 5255 3299 5307 quo
3343 5240 3513 5307 pietas
3569 5254 3784 5293 cumu-

2187 5330 2332 5383 latur
2364 5339 2528 5398 atque
2558 5330 2860 5398 perficitur,
2912 5345 2981 5384 ne
3014 5328 3357 5385 reformides.
3400 5328 3585 5398 Neque
3618 5332 3785 5387 enim

2187 5423 2602 5475 matrimonium
2666 5437 2792 5477 cum
2852 5423 3264 5492 conSpurcabit.
3339 5423 3451 5494 Ego
3503 5429 3791 5482 connubii

2188 5525 2308 5585 post
2339 5516 2671 5586 baptismum
2712 5517 2829 5571 initi
2861 5520 3141 5588 auspicem
3181 5535 3268 5576 me
3298 5522 3574 5591 proﬁteor.
3633 5521 3787 5579 Nam

2187 5624 2310 5664 cum
2365 5610 2652 5679 virginitas
2703 5611 2909 5668 honore
2943 5625 3185 5683 praestet,
3246 5616 3433 5687 utique
3485 5620 3795 5672 matrimo-

2244 5770 2289 5802 σί
2324 5770 2489 5825 Eccli.
2528 5789 2698 5839 χχχιι,
2729 5775 2782 5829 5.
2826 5775 2869 5806 ⁸⁵
2900 5773 3060 5841 llebr,
3100 5790 3218 5839 χιιι,
3249 5777 3302 5831 4.
