  <div class='ocr_page' id='page_1' title='image "/cluster/home/n/w/nwhite01/storage/ocr_20150623/127/mdp.39015038085968/108.png"; bbox 0 0 4064 6274; ppageno 0'>
   <div class='ocr_carea' id='block_1_1' title="bbox 391 359 527 423">
    <p class='ocr_par' dir='ltr' id='par_1_1' title="bbox 391 359 527 423">
     <span class='ocr_line' id='line_1_1' title="bbox 391 359 527 423; baseline -0.015 0"><span class='ocrx_word' id='word_1_1' title='bbox 391 359 527 423; x_wconf 79' lang='lat' dir='ltr'><strong>i265</strong></span> 
     </span>
    </p>
   </div>
   <div class='ocr_carea' id='block_1_2' title="bbox 1355 357 2586 422">
    <p class='ocr_par' dir='ltr' id='par_1_2' title="bbox 1355 357 2586 422">
     <span class='ocr_line' id='line_1_2' title="bbox 1355 357 2586 422; baseline -0.004 -2"><span class='ocrx_word' id='word_1_2' title='bbox 1355 359 1677 420; x_wconf 76' lang='lat' dir='ltr'><strong>NICETAS</strong></span> <span class='ocrx_word' id='word_1_3' title='bbox 1722 359 1802 419; x_wconf 71' lang='lat' dir='ltr'><strong>1N</strong></span> <span class='ocrx_word' id='word_1_4' title='bbox 1845 357 2070 422; x_wconf 83' lang='lat' dir='ltr'><strong>ORAT.</strong></span> <span class='ocrx_word' id='word_1_5' title='bbox 2108 361 2209 421; x_wconf 78' lang='lat' dir='ltr'><strong>XL</strong></span> <span class='ocrx_word' id='word_1_6' title='bbox 2253 360 2313 418; x_wconf 91' lang='lat' dir='ltr'><strong>S.</strong></span> <span class='ocrx_word' id='word_1_7' title='bbox 2353 358 2586 419; x_wconf 83' lang='lat' dir='ltr'><strong>GREG.</strong></span> 
     </span>
    </p>
   </div>
   <div class='ocr_carea' id='block_1_3' title="bbox 3507 353 3645 419">
    <p class='ocr_par' dir='ltr' id='par_1_3' title="bbox 3507 353 3645 419">
     <span class='ocr_line' id='line_1_3' title="bbox 3507 353 3645 419; baseline -0.014 0"><span class='ocrx_word' id='word_1_8' title='bbox 3507 353 3645 419; x_wconf 71' lang='lat'><strong>1:268</strong></span> 
     </span>
    </p>
   </div>
   <div class='ocr_carea' id='block_1_4' title="bbox 386 467 3646 544">
    <p class='ocr_par' dir='ltr' id='par_1_4' title="bbox 386 467 3646 544">
     <span class='ocr_line' id='line_1_4' title="bbox 386 467 3646 544; baseline -0.002 -13"><span class='ocrx_word' id='word_1_9' title='bbox 386 479 540 531; x_wconf 88' lang='lat' dir='ltr'><strong>nium</strong></span> <span class='ocrx_word' id='word_1_10' title='bbox 580 485 739 544; x_wconf 82' lang='lat' dir='ltr'><strong>turpe</strong></span> <span class='ocrx_word' id='word_1_11' title='bbox 770 482 823 527; x_wconf 85' lang='lat' dir='ltr'><strong>et</strong></span> <span class='ocrx_word' id='word_1_12' title='bbox 856 471 1280 543; x_wconf 83' lang='lat' dir='ltr'><strong>ignominiosum</strong></span> <span class='ocrx_word' id='word_1_13' title='bbox 1317 486 1423 526; x_wconf 88' lang='lat' dir='ltr'><strong>non</strong></span> <span class='ocrx_word' id='word_1_14' title='bbox 1472 471 1594 526; x_wconf 88' lang='lat' dir='ltr'><strong>erit.</strong></span> <span class='ocrx_word' id='word_1_15' title='bbox 1648 467 1968 524; x_wconf 79' lang='lat' dir='ltr'><strong>Honorabite</strong></span> <span class='ocrx_word' id='word_1_16' title='bbox 1996 482 2039 532; x_wconf 70' lang='grc' dir='ltr'>Α</span> <span class='ocrx_word' id='word_1_17' title='bbox 2141 467 2257 521; x_wconf 79' lang='lat' dir='ltr'><strong>Col.</strong></span> <span class='ocrx_word' id='word_1_18' title='bbox 2306 467 2412 523; x_wconf 80' lang='grc'><strong>585</strong></span> <span class='ocrx_word' id='word_1_19' title='bbox 2461 469 2526 522; x_wconf 78' lang='grc' dir='ltr'><strong>Α.</strong></span> <span class='ocrx_word' id='word_1_20' title='bbox 2586 468 2653 521; x_wconf 83' lang='lat' dir='ltr'><strong>At</strong></span> <span class='ocrx_word' id='word_1_21' title='bbox 2705 468 2757 521; x_wconf 86' lang='lat' dir='ltr'><strong>in</strong></span> <span class='ocrx_word' id='word_1_22' title='bbox 2808 469 2976 522; x_wconf 86' lang='lat' dir='ltr'><strong>media</strong></span> <span class='ocrx_word' id='word_1_23' title='bbox 3025 467 3295 522; x_wconf 73' lang='lat' dir='ltr'><strong>hominum</strong></span> <span class='ocrx_word' id='word_1_24' title='bbox 3347 469 3646 539; x_wconf 76' lang='lat' dir='ltr'><strong>frequentia</strong></span> 
     </span>
    </p>
   </div>
   <div class='ocr_carea' id='block_1_5' title="bbox 379 558 1957 630">
    <p class='ocr_par' dir='ltr' id='par_1_5' title="bbox 379 558 1957 630">
     <span class='ocr_line' id='line_1_5' title="bbox 379 558 1957 630; baseline -0.003 -13"><span class='ocrx_word' id='word_1_25' title='bbox 379 564 528 617; x_wconf 87' lang='lat' dir='ltr'><strong>enim</strong></span> <span class='ocrx_word' id='word_1_26' title='bbox 581 562 923 623; x_wconf 84' lang='lat' dir='ltr'><strong>connubium.</strong></span> <span class='ocrx_word' id='word_1_27' title='bbox 980 569 1038 615; x_wconf 86' lang='grc' dir='ltr'><strong>ιιι</strong></span> <span class='ocrx_word' id='word_1_28' title='bbox 1082 560 1260 630; x_wconf 82' lang='lat' dir='ltr'><strong>inquit</strong></span> <span class='ocrx_word' id='word_1_29' title='bbox 1304 558 1620 630; x_wconf 73' lang='lat' dir='ltr'><strong>Apostolus,</strong></span> <span class='ocrx_word' id='word_1_30' title='bbox 1667 571 1717 613; x_wconf 92' lang='lat' dir='ltr'><strong>et</strong></span> <span class='ocrx_word' id='word_1_31' title='bbox 1807 568 1957 612; x_wconf 86' lang='lat' dir='ltr'><strong>torus</strong></span> 
     </span>
    </p>
   </div>
   <div class='ocr_carea' id='block_1_6' title="bbox 378 650 1957 723">
    <p class='ocr_par' dir='ltr' id='par_1_6' title="bbox 378 650 1957 723">
     <span class='ocr_line' id='line_1_6' title="bbox 378 650 1957 723; baseline -0.003 -14"><span class='ocrx_word' id='word_1_32' title='bbox 378 654 761 711; x_wconf 73' lang='lat' dir='ltr'><strong>inmaculatus</strong></span> <span class='ocrx_word' id='word_1_33' title='bbox 780 655 851 708; x_wconf 83' lang='grc'><strong>⁸⁸.</strong></span> <span class='ocrx_word' id='word_1_34' title='bbox 895 654 973 707; x_wconf 81' lang='lat' dir='ltr'><strong>Ac</strong></span> <span class='ocrx_word' id='word_1_35' title='bbox 1001 654 1227 723; x_wconf 79' lang='lat' dir='ltr'><strong>proinde</strong></span> <span class='ocrx_word' id='word_1_36' title='bbox 1259 652 1513 710; x_wconf 87' lang='lat' dir='ltr'><strong>Christus</strong></span> <span class='ocrx_word' id='word_1_37' title='bbox 1571 668 1791 722; x_wconf 81' lang='lat' dir='ltr'><strong>quoque</strong></span> <span class='ocrx_word' id='word_1_38' title='bbox 1826 650 1957 706; x_wconf 90' lang='lat' dir='ltr'><strong>illud</strong></span> 
     </span>
    </p>
   </div>
   <div class='ocr_carea' id='block_1_7' title="bbox 380 742 1958 815">
    <p class='ocr_par' dir='ltr' id='par_1_7' title="bbox 380 742 1958 815">
     <span class='ocr_line' id='line_1_7' title="bbox 380 742 1958 815; baseline -0.005 -10"><span class='ocrx_word' id='word_1_39' title='bbox 380 762 661 805; x_wconf 85' lang='lat' dir='ltr'><strong>exornans</strong></span> <span class='ocrx_word' id='word_1_40' title='bbox 740 746 942 815; x_wconf 87' lang='lat' dir='ltr'><strong>nuptiis</strong></span> <span class='ocrx_word' id='word_1_41' title='bbox 997 747 1050 799; x_wconf 90' lang='lat' dir='ltr'><strong>in</strong></span> <span class='ocrx_word' id='word_1_42' title='bbox 1098 744 1245 801; x_wconf 86' lang='lat' dir='ltr'><strong>Cana</strong></span> <span class='ocrx_word' id='word_1_43' title='bbox 1302 745 1597 800; x_wconf 75' lang='lat' dir='ltr'><strong>contractis</strong></span> <span class='ocrx_word' id='word_1_44' title='bbox 1663 742 1958 799; x_wconf 81' lang='lat' dir='ltr'><strong>interfuit:</strong></span> 
     </span>
    </p>
   </div>
   <div class='ocr_carea' id='block_1_8' title="bbox 374 836 1958 910">
    <p class='ocr_par' dir='ltr' id='par_1_8' title="bbox 374 836 1958 910">
     <span class='ocr_line' id='line_1_8' title="bbox 374 836 1958 910; baseline -0.005 -13"><span class='ocrx_word' id='word_1_45' title='bbox 374 840 588 910; x_wconf 79' lang='lat' dir='ltr'><strong>easque</strong></span> <span class='ocrx_word' id='word_1_46' title='bbox 614 839 773 893; x_wconf 82' lang='lat' dir='ltr'><strong>edito’</strong></span> <span class='ocrx_word' id='word_1_47' title='bbox 802 837 1068 892; x_wconf 84' lang='lat' dir='ltr'><strong>miraculo</strong></span> <span class='ocrx_word' id='word_1_48' title='bbox 1121 836 1415 891; x_wconf 74' lang='lat' dir='ltr'><strong>illustravit</strong></span> <span class='ocrx_word' id='word_1_49' title='bbox 1449 836 1517 890; x_wconf 80' lang='lat'><strong>“.</strong></span> <span class='ocrx_word' id='word_1_50' title='bbox 1578 838 1694 891; x_wconf 82' lang='lat' dir='ltr'><strong>Hoc</strong></span> <span class='ocrx_word' id='word_1_51' title='bbox 1726 850 1891 889; x_wconf 88' lang='lat' dir='ltr'><strong>unttm</strong></span> <span class='ocrx_word' id='word_1_52' title='bbox 1927 849 1958 889; x_wconf 90' lang='lat' dir='ltr'><strong>a</strong></span> 
     </span>
    </p>
   </div>
   <div class='ocr_carea' id='block_1_9' title="bbox 380 926 1962 1001">
    <p class='ocr_par' dir='ltr' id='par_1_9' title="bbox 380 926 1962 1001">
     <span class='ocr_line' id='line_1_9' title="bbox 380 926 1962 1001; baseline -0.004 -13"><span class='ocrx_word' id='word_1_53' title='bbox 380 947 458 998; x_wconf 87' lang='lat' dir='ltr'><strong>te,</strong></span> <span class='ocrx_word' id='word_1_54' title='bbox 505 931 597 1001; x_wconf 92' lang='lat' dir='ltr'><strong>qui</strong></span> <span class='ocrx_word' id='word_1_55' title='bbox 628 929 1036 985; x_wconf 85' lang='lat' dir='ltr'><strong>matrimonium</strong></span> <span class='ocrx_word' id='word_1_56' title='bbox 1070 929 1387 999; x_wconf 80' lang='lat' dir='ltr'><strong>complexus</strong></span> <span class='ocrx_word' id='word_1_57' title='bbox 1414 943 1475 984; x_wconf 91' lang='lat' dir='ltr'><strong>es</strong></span> <span class='ocrx_word' id='word_1_58' title='bbox 1509 927 1751 999; x_wconf 87' lang='lat' dir='ltr'><strong>postulo,</strong></span> <span class='ocrx_word' id='word_1_59' title='bbox 1804 926 1962 982; x_wconf 88' lang='lat' dir='ltr'><strong>nimi-</strong></span> 
     </span>
    </p>
   </div>
   <div class='ocr_carea' id='block_1_10' title="bbox 378 1019 1964 1091">
    <p class='ocr_par' dir='ltr' id='par_1_10' title="bbox 378 1019 1964 1091">
     <span class='ocr_line' id='line_1_10' title="bbox 378 1019 1964 1091; baseline -0.004 -11"><span class='ocrx_word' id='word_1_60' title='bbox 378 1043 502 1081; x_wconf 89' lang='lat' dir='ltr'><strong>rum</strong></span> <span class='ocrx_word' id='word_1_61' title='bbox 555 1033 615 1078; x_wconf 92' lang='lat' dir='ltr'><strong>ut</strong></span> <span class='ocrx_word' id='word_1_62' title='bbox 665 1038 695 1077; x_wconf 93' lang='lat' dir='ltr'><strong>a</strong></span> <span class='ocrx_word' id='word_1_63' title='bbox 725 1036 1025 1091; x_wconf 86' lang='lat' dir='ltr'><strong>congressu</strong></span> <span class='ocrx_word' id='word_1_64' title='bbox 1074 1022 1171 1076; x_wconf 91' lang='lat' dir='ltr'><strong>tibi</strong></span> <span class='ocrx_word' id='word_1_65' title='bbox 1222 1029 1512 1089; x_wconf 79' lang='lat' dir='ltr'><strong>temperes,</strong></span> <span class='ocrx_word' id='word_1_66' title='bbox 1562 1021 1778 1091; x_wconf 82' lang='lat' dir='ltr'><strong>quando</strong></span> <span class='ocrx_word' id='word_1_67' title='bbox 1815 1019 1964 1090; x_wconf 88' lang='lat' dir='ltr'><strong>jeju-</strong></span> 
     </span>
    </p>
   </div>
   <div class='ocr_carea' id='block_1_11' title="bbox 376 1109 1961 1184">
    <p class='ocr_par' dir='ltr' id='par_1_11' title="bbox 376 1109 1961 1184">
     <span class='ocr_line' id='line_1_11' title="bbox 376 1109 1961 1184; baseline -0.003 -13"><span class='ocrx_word' id='word_1_68' title='bbox 376 1118 475 1171; x_wconf 87' lang='lat' dir='ltr'><strong>nio</strong></span> <span class='ocrx_word' id='word_1_69' title='bbox 505 1124 669 1183; x_wconf 86' lang='lat' dir='ltr'><strong>atque</strong></span> <span class='ocrx_word' id='word_1_70' title='bbox 705 1112 938 1167; x_wconf 88' lang='lat' dir='ltr'><strong>orationi</strong></span> <span class='ocrx_word' id='word_1_71' title='bbox 989 1113 1364 1182; x_wconf 65' lang='lat' dir='ltr'><strong>praescriptum</strong></span> <span class='ocrx_word' id='word_1_72' title='bbox 1402 1122 1614 1184; x_wconf 86' lang='lat' dir='ltr'><strong>tempus</strong></span> <span class='ocrx_word' id='word_1_73' title='bbox 1649 1113 1789 1166; x_wconf 87' lang='lat' dir='ltr'><strong>fluit.</strong></span> <span class='ocrx_word' id='word_1_74' title='bbox 1848 1109 1961 1167; x_wconf 87' lang='lat' dir='ltr'><strong>Hoc</strong></span> 
     </span>
    </p>
   </div>
   <div class='ocr_carea' id='block_1_12' title="bbox 372 1204 1963 1273">
    <p class='ocr_par' dir='ltr' id='par_1_12' title="bbox 372 1204 1963 1273">
     <span class='ocr_line' id='line_1_12' title="bbox 372 1204 1963 1273; baseline -0.004 -10"><span class='ocrx_word' id='word_1_75' title='bbox 372 1216 559 1263; x_wconf 83' lang='lat' dir='ltr'><strong>autem</strong></span> <span class='ocrx_word' id='word_1_76' title='bbox 594 1216 807 1272; x_wconf 81' lang='lat' dir='ltr'><strong>tempus</strong></span> <span class='ocrx_word' id='word_1_77' title='bbox 836 1204 965 1257; x_wconf 89' lang='lat' dir='ltr'><strong>illud</strong></span> <span class='ocrx_word' id='word_1_78' title='bbox 1000 1212 1102 1268; x_wconf 89' lang='lat' dir='ltr'><strong>est,</strong></span> <span class='ocrx_word' id='word_1_79' title='bbox 1150 1204 1296 1273; x_wconf 90' lang='lat' dir='ltr'><strong>quod</strong></span> <span class='ocrx_word' id='word_1_80' title='bbox 1334 1204 1580 1272; x_wconf 83' lang='lat' dir='ltr'><strong>mysticae</strong></span> <span class='ocrx_word' id='word_1_81' title='bbox 1604 1217 1806 1260; x_wconf 72' lang='lat' dir='ltr'><strong>mensae</strong></span> <span class='ocrx_word' id='word_1_82' title='bbox 1837 1218 1963 1272; x_wconf 86' lang='lat' dir='ltr'><strong>per-</strong></span> 
     </span>
    </p>
   </div>
   <div class='ocr_carea' id='block_1_13' title="bbox 371 1294 1959 1369">
    <p class='ocr_par' dir='ltr' id='par_1_13' title="bbox 371 1294 1959 1369">
     <span class='ocr_line' id='line_1_13' title="bbox 371 1294 1959 1369; baseline -0.004 -14"><span class='ocrx_word' id='word_1_83' title='bbox 371 1299 684 1369; x_wconf 89' lang='lat' dir='ltr'><strong>ceptionem</strong></span> <span class='ocrx_word' id='word_1_84' title='bbox 739 1295 1036 1360; x_wconf 84' lang='lat' dir='ltr'><strong>antecedit,</strong></span> <span class='ocrx_word' id='word_1_85' title='bbox 1084 1295 1229 1365; x_wconf 91' lang='lat' dir='ltr'><strong>quod</strong></span> <span class='ocrx_word' id='word_1_86' title='bbox 1283 1295 1503 1365; x_wconf 87' lang='lat' dir='ltr'><strong>quidem</strong></span> <span class='ocrx_word' id='word_1_87' title='bbox 1568 1310 1674 1350; x_wconf 91' lang='lat' dir='ltr'><strong>non</strong></span> <span class='ocrx_word' id='word_1_88' title='bbox 1729 1294 1959 1362; x_wconf 85' lang='lat' dir='ltr'><strong>nuptiali</strong></span> 
     </span>
    </p>
   </div>
   <div class='ocr_carea' id='block_1_14' title="bbox 370 1387 1958 1457">
    <p class='ocr_par' dir='ltr' id='par_1_14' title="bbox 370 1387 1958 1457">
     <span class='ocr_line' id='line_1_14' title="bbox 370 1387 1958 1457; baseline -0.004 -11"><span class='ocrx_word' id='word_1_89' title='bbox 370 1399 590 1447; x_wconf 84' lang='lat' dir='ltr'><strong>tantum</strong></span> <span class='ocrx_word' id='word_1_90' title='bbox 624 1401 949 1457; x_wconf 86' lang='lat' dir='ltr'><strong>congressu,</strong></span> <span class='ocrx_word' id='word_1_91' title='bbox 1000 1402 1190 1441; x_wconf 88' lang='lat' dir='ltr'><strong>verum</strong></span> <span class='ocrx_word' id='word_1_92' title='bbox 1227 1394 1282 1441; x_wconf 88' lang='lat' dir='ltr'><strong>et</strong></span> <span class='ocrx_word' id='word_1_93' title='bbox 1310 1387 1669 1457; x_wconf 78' lang='lat' dir='ltr'><strong>octupatione</strong></span> <span class='ocrx_word' id='word_1_94' title='bbox 1697 1400 1760 1439; x_wconf 90' lang='lat' dir='ltr'><strong>ac</strong></span> <span class='ocrx_word' id='word_1_95' title='bbox 1794 1398 1958 1453; x_wconf 76' lang='lat' dir='ltr'><strong>nego-</strong></span> 
     </span>
    </p>
   </div>
   <div class='ocr_carea' id='block_1_15' title="bbox 371 1477 1959 1543">
    <p class='ocr_par' dir='ltr' id='par_1_15' title="bbox 371 1477 1959 1543">
     <span class='ocr_line' id='line_1_15' title="bbox 371 1477 1959 1543; baseline -0.006 -4"><span class='ocrx_word' id='word_1_96' title='bbox 371 1486 585 1539; x_wconf 86' lang='lat' dir='ltr'><strong>tiorum</strong></span> <span class='ocrx_word' id='word_1_97' title='bbox 608 1480 1177 1538; x_wconf 85' lang='lat' dir='ltr'><strong>administratione.ut</strong></span> <span class='ocrx_word' id='word_1_98' title='bbox 1202 1480 1420 1534; x_wconf 87' lang='lat' dir='ltr'><strong>Pindari</strong></span> <span class='ocrx_word' id='word_1_99' title='bbox 1445 1479 1625 1534; x_wconf 81' lang='lat' dir='ltr'><strong>verbis</strong></span> <span class='ocrx_word' id='word_1_100' title='bbox 1650 1477 1959 1543; x_wconf 88' lang='lat' dir='ltr'><strong>utar,altius</strong></span> 
     </span>
    </p>
   </div>
   <div class='ocr_carea' id='block_1_16' title="bbox 373 1570 1959 1640">
    <p class='ocr_par' dir='ltr' id='par_1_16' title="bbox 373 1570 1959 1640">
     <span class='ocr_line' id='line_1_16' title="bbox 373 1570 1959 1640; baseline -0.003 -11"><span class='ocrx_word' id='word_1_101' title='bbox 373 1585 485 1639; x_wconf 90' lang='lat' dir='ltr'><strong>est,</strong></span> <span class='ocrx_word' id='word_1_102' title='bbox 517 1573 570 1628; x_wconf 90' lang='lat' dir='ltr'><strong>id</strong></span> <span class='ocrx_word' id='word_1_103' title='bbox 600 1582 684 1627; x_wconf 89' lang='lat' dir='ltr'><strong>est</strong></span> <span class='ocrx_word' id='word_1_104' title='bbox 712 1570 905 1640; x_wconf 86' lang='lat' dir='ltr'><strong>quavis</strong></span> <span class='ocrx_word' id='word_1_105' title='bbox 947 1572 1052 1625; x_wconf 88' lang='lat' dir='ltr'><strong>alia</strong></span> <span class='ocrx_word' id='word_1_106' title='bbox 1088 1586 1220 1625; x_wconf 88' lang='lat' dir='ltr'><strong>cura</strong></span> <span class='ocrx_word' id='word_1_107' title='bbox 1253 1571 1577 1640; x_wconf 83' lang='lat' dir='ltr'><strong>negotioque</strong></span> <span class='ocrx_word' id='word_1_108' title='bbox 1608 1570 1959 1638; x_wconf 64' lang='lat' dir='ltr'><strong>praestantius</strong></span> 
     </span>
    </p>
   </div>
   <div class='ocr_carea' id='block_1_17' title="bbox 368 1661 1951 1731">
    <p class='ocr_par' dir='ltr' id='par_1_17' title="bbox 368 1661 1951 1731">
     <span class='ocr_line' id='line_1_17' title="bbox 368 1661 1951 1731; baseline -0.005 -11"><span class='ocrx_word' id='word_1_109' title='bbox 368 1677 428 1721; x_wconf 89' lang='lat' dir='ltr'><strong>et</strong></span> <span class='ocrx_word' id='word_1_110' title='bbox 460 1663 836 1720; x_wconf 75' lang='lat' dir='ltr'><strong>excellentius.</strong></span> <span class='ocrx_word' id='word_1_111' title='bbox 895 1662 1075 1731; x_wconf 83' lang='lat' dir='ltr'><strong>Atque</strong></span> <span class='ocrx_word' id='word_1_112' title='bbox 1121 1662 1264 1715; x_wconf 81' lang='lat' dir='ltr'><strong>hunc</strong></span> <span class='ocrx_word' id='word_1_113' title='bbox 1308 1661 1473 1715; x_wconf 89' lang='lat' dir='ltr'><strong>etiam</strong></span> <span class='ocrx_word' id='word_1_114' title='bbox 1529 1665 1744 1715; x_wconf 79' lang='lat' dir='ltr'><strong>brevem</strong></span> <span class='ocrx_word' id='word_1_115' title='bbox 1776 1662 1951 1714; x_wconf 84' lang='lat' dir='ltr'><strong>conti-</strong></span> 
     </span>
    </p>
   </div>
   <div class='ocr_carea' id='block_1_18' title="bbox 371 1754 1952 1823">
    <p class='ocr_par' dir='ltr' id='par_1_18' title="bbox 371 1754 1952 1823">
     <span class='ocr_line' id='line_1_18' title="bbox 371 1754 1952 1823; baseline -0.004 -10"><span class='ocrx_word' id='word_1_116' title='bbox 371 1758 619 1813; x_wconf 84' lang='lat' dir='ltr'><strong>nentiam</strong></span> <span class='ocrx_word' id='word_1_117' title='bbox 667 1772 732 1810; x_wconf 74' lang='lat' dir='ltr'><strong>ex</strong></span> <span class='ocrx_word' id='word_1_118' title='bbox 783 1755 1063 1810; x_wconf 90' lang='lat' dir='ltr'><strong>communi</strong></span> <span class='ocrx_word' id='word_1_119' title='bbox 1112 1755 1403 1823; x_wconf 89' lang='lat' dir='ltr'><strong>utriusque</strong></span> <span class='ocrx_word' id='word_1_120' title='bbox 1456 1754 1627 1823; x_wconf 89' lang='lat' dir='ltr'><strong>partis</strong></span> <span class='ocrx_word' id='word_1_121' title='bbox 1679 1768 1952 1809; x_wconf 87' lang='lat' dir='ltr'><strong>consensu</strong></span> 
     </span>
    </p>
   </div>
   <div class='ocr_carea' id='block_1_19' title="bbox 365 1826 2031 1917">
    <p class='ocr_par' dir='ltr' id='par_1_19' title="bbox 365 1826 2031 1917">
     <span class='ocr_line' id='line_1_19' title="bbox 365 1826 2031 1917; baseline -0.004 -11"><span class='ocrx_word' id='word_1_122' title='bbox 365 1852 489 1907; x_wconf 74' lang='lat' dir='ltr'><strong>fieri</strong></span> <span class='ocrx_word' id='word_1_123' title='bbox 533 1850 676 1904; x_wconf 88' lang='lat' dir='ltr'><strong>volo.</strong></span> <span class='ocrx_word' id='word_1_124' title='bbox 730 1846 848 1902; x_wconf 82' lang='lat' dir='ltr'><strong>Non</strong></span> <span class='ocrx_word' id='word_1_125' title='bbox 879 1848 1030 1902; x_wconf 89' lang='lat' dir='ltr'><strong>enim</strong></span> <span class='ocrx_word' id='word_1_126' title='bbox 1082 1848 1254 1917; x_wconf 89' lang='lat' dir='ltr'><strong>legem</strong></span> <span class='ocrx_word' id='word_1_127' title='bbox 1305 1855 1507 1911; x_wconf 89' lang='lat' dir='ltr'><strong>statuo,</strong></span> <span class='ocrx_word' id='word_1_128' title='bbox 1551 1861 1652 1902; x_wconf 91' lang='lat' dir='ltr'><strong>nec</strong></span> <span class='ocrx_word' id='word_1_129' title='bbox 1680 1846 1757 1899; x_wconf 90' lang='lat' dir='ltr'><strong>rei</strong></span> <span class='ocrx_word' id='word_1_130' title='bbox 1791 1846 1955 1917; x_wconf 84' lang='lat' dir='ltr'><strong>hujus</strong></span> <span class='ocrx_word' id='word_1_131' title='bbox 1989 1826 2031 1881; x_wconf 77' lang='grc' dir='ltr'><strong>Β</strong></span> 
     </span>
    </p>
   </div>
   <div class='ocr_carea' id='block_1_20' title="bbox 367 1936 1953 2006">
    <p class='ocr_par' dir='ltr' id='par_1_20' title="bbox 367 1936 1953 2006">
     <span class='ocr_line' id='line_1_20' title="bbox 367 1936 1953 2006; baseline -0.004 -10"><span class='ocrx_word' id='word_1_132' title='bbox 367 1940 699 1996; x_wconf 82' lang='lat' dir='ltr'><strong>necessitate</strong></span> <span class='ocrx_word' id='word_1_133' title='bbox 734 1947 786 1993; x_wconf 90' lang='lat' dir='ltr'><strong>te</strong></span> <span class='ocrx_word' id='word_1_134' title='bbox 821 1937 1127 2006; x_wconf 87' lang='lat' dir='ltr'><strong>obstringo,</strong></span> <span class='ocrx_word' id='word_1_135' title='bbox 1176 1950 1362 1992; x_wconf 78' lang='lat' dir='ltr'><strong>verum</strong></span> <span class='ocrx_word' id='word_1_136' title='bbox 1413 1936 1702 1990; x_wconf 88' lang='lat' dir='ltr'><strong>monitoris</strong></span> <span class='ocrx_word' id='word_1_137' title='bbox 1740 1946 1792 1989; x_wconf 83' lang='lat' dir='ltr'><strong>et</strong></span> <span class='ocrx_word' id='word_1_138' title='bbox 1821 1951 1953 1991; x_wconf 85' lang='lat' dir='ltr'><strong>con-</strong></span> 
     </span>
    </p>
   </div>
   <div class='ocr_carea' id='block_1_21' title="bbox 365 2026 1954 2100">
    <p class='ocr_par' dir='ltr' id='par_1_21' title="bbox 365 2026 1954 2100">
     <span class='ocr_line' id='line_1_21' title="bbox 365 2026 1954 2100; baseline -0.005 -13"><span class='ocrx_word' id='word_1_139' title='bbox 365 2031 569 2088; x_wconf 79' lang='lat' dir='ltr'><strong>sitiat-ii</strong></span> <span class='ocrx_word' id='word_1_140' title='bbox 630 2040 816 2100; x_wconf 85' lang='lat' dir='ltr'><strong>partes</strong></span> <span class='ocrx_word' id='word_1_141' title='bbox 871 2043 1010 2097; x_wconf 88' lang='lat' dir='ltr'><strong>ago;</strong></span> <span class='ocrx_word' id='word_1_142' title='bbox 1068 2043 1169 2083; x_wconf 88' lang='lat' dir='ltr'><strong>nec</strong></span> <span class='ocrx_word' id='word_1_143' title='bbox 1219 2026 1540 2096; x_wconf 89' lang='lat' dir='ltr'><strong>simpliciter</strong></span> <span class='ocrx_word' id='word_1_144' title='bbox 1599 2036 1654 2080; x_wconf 91' lang='lat' dir='ltr'><strong>et</strong></span> <span class='ocrx_word' id='word_1_145' title='bbox 1706 2026 1954 2080; x_wconf 87' lang='lat' dir='ltr'><strong>absolute</strong></span> 
     </span>
    </p>
   </div>
   <div class='ocr_carea' id='block_1_22' title="bbox 365 2118 1954 2191">
    <p class='ocr_par' dir='ltr' id='par_1_22' title="bbox 365 2118 1954 2191">
     <span class='ocr_line' id='line_1_22' title="bbox 365 2118 1954 2191; baseline -0.004 -13"><span class='ocrx_word' id='word_1_146' title='bbox 365 2138 560 2179; x_wconf 84' lang='lat' dir='ltr'><strong>eorum</strong></span> <span class='ocrx_word' id='word_1_147' title='bbox 589 2137 711 2191; x_wconf 72' lang='lat' dir='ltr'><strong>qua:</strong></span> <span class='ocrx_word' id='word_1_148' title='bbox 738 2129 844 2175; x_wconf 71' lang='lat' dir='ltr'><strong>tute</strong></span> <span class='ocrx_word' id='word_1_149' title='bbox 890 2121 1174 2189; x_wconf 87' lang='lat' dir='ltr'><strong>potestatis</strong></span> <span class='ocrx_word' id='word_1_150' title='bbox 1207 2128 1369 2187; x_wconf 90' lang='lat' dir='ltr'><strong>sunt,</strong></span> <span class='ocrx_word' id='word_1_151' title='bbox 1418 2130 1743 2188; x_wconf 86' lang='lat' dir='ltr'><strong>extorquere</strong></span> <span class='ocrx_word' id='word_1_152' title='bbox 1792 2118 1954 2190; x_wconf 91' lang='lat' dir='ltr'><strong>quid-</strong></span> 
     </span>
    </p>
   </div>
   <div class='ocr_carea' id='block_1_23' title="bbox 366 2211 1953 2286">
    <p class='ocr_par' dir='ltr' id='par_1_23' title="bbox 366 2211 1953 2286">
     <span class='ocr_line' id='line_1_23' title="bbox 366 2211 1953 2286; baseline -0.003 -17"><span class='ocrx_word' id='word_1_153' title='bbox 366 2231 537 2286; x_wconf 85' lang='lat' dir='ltr'><strong>quam</strong></span> <span class='ocrx_word' id='word_1_154' title='bbox 581 2214 745 2284; x_wconf 89' lang='lat' dir='ltr'><strong>cupio</strong></span> <span class='ocrx_word' id='word_1_155' title='bbox 788 2211 970 2284; x_wconf 86' lang='lat' dir='ltr'><strong>(potes</strong></span> <span class='ocrx_word' id='word_1_156' title='bbox 1018 2212 1163 2266; x_wconf 90' lang='lat' dir='ltr'><strong>enim</strong></span> <span class='ocrx_word' id='word_1_157' title='bbox 1213 2220 1306 2267; x_wconf 92' lang='lat' dir='ltr'><strong>tuo</strong></span> <span class='ocrx_word' id='word_1_158' title='bbox 1337 2211 1480 2280; x_wconf 77' lang='lat' dir='ltr'><strong>iure,</strong></span> <span class='ocrx_word' id='word_1_159' title='bbox 1534 2211 1747 2282; x_wconf 88' lang='lat' dir='ltr'><strong>quoties</strong></span> <span class='ocrx_word' id='word_1_160' title='bbox 1800 2212 1953 2277; x_wconf 88' lang='lat' dir='ltr'><strong>libet,</strong></span> 
     </span>
    </p>
   </div>
   <div class='ocr_carea' id='block_1_24' title="bbox 365 2304 1955 2374">
    <p class='ocr_par' dir='ltr' id='par_1_24' title="bbox 365 2304 1955 2374">
     <span class='ocr_line' id='line_1_24' title="bbox 365 2304 1955 2374; baseline -0.005 -10"><span class='ocrx_word' id='word_1_161' title='bbox 365 2323 498 2364; x_wconf 86' lang='lat' dir='ltr'><strong>cum</strong></span> <span class='ocrx_word' id='word_1_162' title='bbox 533 2321 703 2361; x_wconf 85' lang='lat' dir='ltr'><strong>uxore</strong></span> <span class='ocrx_word' id='word_1_163' title='bbox 750 2314 843 2360; x_wconf 88' lang='lat' dir='ltr'><strong>tua</strong></span> <span class='ocrx_word' id='word_1_164' title='bbox 870 2306 1323 2360; x_wconf 87' lang='lat' dir='ltr'><strong>consuetudinem</strong></span> <span class='ocrx_word' id='word_1_165' title='bbox 1359 2304 1614 2374; x_wconf 83' lang='lat' dir='ltr'><strong>habere).</strong></span> <span class='ocrx_word' id='word_1_166' title='bbox 1664 2318 1849 2357; x_wconf 88' lang='lat' dir='ltr'><strong>verum</strong></span> <span class='ocrx_word' id='word_1_167' title='bbox 1898 2310 1955 2358; x_wconf 88' lang='lat' dir='ltr'><strong>et</strong></span> 
     </span>
    </p>
   </div>
   <div class='ocr_carea' id='block_1_25' title="bbox 363 2395 1953 2467">
    <p class='ocr_par' dir='ltr' id='par_1_25' title="bbox 363 2395 1953 2467">
     <span class='ocr_line' id='line_1_25' title="bbox 363 2395 1953 2467; baseline -0.004 -13"><span class='ocrx_word' id='word_1_168' title='bbox 363 2399 698 2454; x_wconf 88' lang='lat' dir='ltr'><strong>concordem</strong></span> <span class='ocrx_word' id='word_1_169' title='bbox 748 2397 891 2451; x_wconf 89' lang='lat' dir='ltr'><strong>hanc</strong></span> <span class='ocrx_word' id='word_1_170' title='bbox 936 2396 1005 2451; x_wconf 86' lang='lat' dir='ltr'><strong>ab</strong></span> <span class='ocrx_word' id='word_1_171' title='bbox 1041 2411 1205 2467; x_wconf 91' lang='lat' dir='ltr'><strong>opere</strong></span> <span class='ocrx_word' id='word_1_172' title='bbox 1238 2395 1434 2450; x_wconf 88' lang='lat' dir='ltr'><strong>uxorio</strong></span> <span class='ocrx_word' id='word_1_173' title='bbox 1467 2395 1833 2451; x_wconf 80' lang='lat' dir='ltr'><strong>cessationem</strong></span> <span class='ocrx_word' id='word_1_174' title='bbox 1864 2409 1953 2448; x_wconf 89' lang='lat' dir='ltr'><strong>sa-</strong></span> 
     </span>
    </p>
   </div>
   <div class='ocr_carea' id='block_1_26' title="bbox 368 2486 1953 2557">
    <p class='ocr_par' dir='ltr' id='par_1_26' title="bbox 368 2486 1953 2557">
     <span class='ocr_line' id='line_1_26' title="bbox 368 2486 1953 2557; baseline -0.004 -11"><span class='ocrx_word' id='word_1_175' title='bbox 368 2491 504 2547; x_wconf 87' lang='lat' dir='ltr'><strong>lutis</strong></span> <span class='ocrx_word' id='word_1_176' title='bbox 556 2503 660 2545; x_wconf 72' lang='lat' dir='ltr'><strong>ture</strong></span> <span class='ocrx_word' id='word_1_177' title='bbox 705 2503 872 2544; x_wconf 89' lang='lat' dir='ltr'><strong>causa</strong></span> <span class='ocrx_word' id='word_1_178' title='bbox 917 2488 1167 2557; x_wconf 88' lang='lat' dir='ltr'><strong>accipere</strong></span> <span class='ocrx_word' id='word_1_179' title='bbox 1199 2487 1474 2543; x_wconf 86' lang='lat' dir='ltr'><strong>desidero.</strong></span> <span class='ocrx_word' id='word_1_180' title='bbox 1536 2486 1591 2542; x_wconf 92' lang='lat' dir='ltr'><strong>Si</strong></span> <span class='ocrx_word' id='word_1_181' title='bbox 1628 2487 1850 2557; x_wconf 88' lang='lat' dir='ltr'><strong>quidem</strong></span> <span class='ocrx_word' id='word_1_182' title='bbox 1899 2493 1953 2539; x_wconf 88' lang='lat' dir='ltr'><strong>et</strong></span> 
     </span>
    </p>
   </div>
   <div class='ocr_carea' id='block_1_27' title="bbox 368 2578 1954 2647">
    <p class='ocr_par' dir='ltr' id='par_1_27' title="bbox 368 2578 1954 2647">
     <span class='ocr_line' id='line_1_27' title="bbox 368 2578 1954 2647; baseline -0.005 -10"><span class='ocrx_word' id='word_1_183' title='bbox 368 2582 498 2644; x_wconf 88' lang='lat' dir='ltr'><strong>tibi,</strong></span> <span class='ocrx_word' id='word_1_184' title='bbox 559 2590 616 2636; x_wconf 87' lang='lat' dir='ltr'><strong>et.</strong></span> <span class='ocrx_word' id='word_1_185' title='bbox 661 2578 1209 2645; x_wconf 78' lang='lat' dir='ltr'><strong>uxori,-continentia</strong></span> <span class='ocrx_word' id='word_1_186' title='bbox 1245 2578 1559 2646; x_wconf 73' lang='lat' dir='ltr'><strong>huiusmodi</strong></span> <span class='ocrx_word' id='word_1_187' title='bbox 1610 2592 1638 2631; x_wconf 92' lang='lat' dir='ltr'><strong>a</strong></span> <span class='ocrx_word' id='word_1_188' title='bbox 1668 2578 1868 2647; x_wconf 85' lang='lat' dir='ltr'><strong>pietate</strong></span> <span class='ocrx_word' id='word_1_189' title='bbox 1899 2582 1954 2630; x_wconf 88' lang='lat' dir='ltr'><strong>et</strong></span> 
     </span>
    </p>
   </div>
   <div class='ocr_carea' id='block_1_28' title="bbox 367 2668 1951 2743">
    <p class='ocr_par' dir='ltr' id='par_1_28' title="bbox 367 2668 1951 2743">
     <span class='ocr_line' id='line_1_28' title="bbox 367 2668 1951 2743; baseline -0.004 -15"><span class='ocrx_word' id='word_1_190' title='bbox 367 2674 635 2743; x_wconf 80' lang='lat' dir='ltr'><strong>religione</strong></span> <span class='ocrx_word' id='word_1_191' title='bbox 696 2686 930 2725; x_wconf 81' lang='lat' dir='ltr'><strong>manans</strong></span> <span class='ocrx_word' id='word_1_192' title='bbox 984 2668 1241 2739; x_wconf 72' lang='lat' dir='ltr'><strong>praesidio</strong></span> <span class='ocrx_word' id='word_1_193' title='bbox 1299 2669 1424 2733; x_wconf 89' lang='lat' dir='ltr'><strong>erit,</strong></span> <span class='ocrx_word' id='word_1_194' title='bbox 1493 2676 1549 2723; x_wconf 89' lang='lat' dir='ltr'><strong>et</strong></span> <span class='ocrx_word' id='word_1_195' title='bbox 1604 2669 1951 2723; x_wconf 85' lang='lat' dir='ltr'><strong>sanctitatem</strong></span> 
     </span>
    </p>
   </div>
   <div class='ocr_carea' id='block_1_29' title="bbox 367 2759 1951 2830">
    <p class='ocr_par' dir='ltr' id='par_1_29' title="bbox 367 2759 1951 2830">
     <span class='ocr_line' id='line_1_29' title="bbox 367 2759 1951 2830; baseline -0.003 -11"><span class='ocrx_word' id='word_1_196' title='bbox 367 2765 583 2819; x_wconf 79' lang='lat' dir='ltr'><strong>all&#39;eret.</strong></span> <span class='ocrx_word' id='word_1_197' title='bbox 625 2762 707 2817; x_wconf 83' lang='lat' dir='ltr'><strong>Ad</strong></span> <span class='ocrx_word' id='word_1_198' title='bbox 734 2763 881 2821; x_wconf 85' lang='lat' dir='ltr'><strong>hunc</strong></span> <span class='ocrx_word' id='word_1_199' title='bbox 913 2776 1131 2830; x_wconf 70' lang='lat' dir='ltr'><strong>quoque</strong></span> <span class='ocrx_word' id='word_1_200' title='bbox 1165 2760 1385 2814; x_wconf 84' lang='lat' dir='ltr'><strong>modum</strong></span> <span class='ocrx_word' id='word_1_201' title='bbox 1417 2759 1621 2814; x_wconf 85' lang='lat' dir='ltr'><strong>Paulus</strong></span> <span class='ocrx_word' id='word_1_202' title='bbox 1648 2759 1951 2815; x_wconf 77' lang='lat' dir='ltr'><strong>Corinthiis</strong></span> 
     </span>
    </p>
   </div>
   <div class='ocr_carea' id='block_1_30' title="bbox 365 2850 1952 2922">
    <p class='ocr_par' dir='ltr' id='par_1_30' title="bbox 365 2850 1952 2922">
     <span class='ocr_line' id='line_1_30' title="bbox 365 2850 1952 2922; baseline -0.006 -9"><span class='ocrx_word' id='word_1_203' title='bbox 365 2856 646 2913; x_wconf 83' lang='lat' dir='ltr'><strong>scribebat</strong></span> <span class='ocrx_word' id='word_1_204' title='bbox 686 2871 703 2909; x_wconf 88' lang='lat'><strong>:</strong></span> <span class='ocrx_word' id='word_1_205' title='bbox 747 2850 930 2906; x_wconf 84' lang='lat' dir='ltr'><strong>Nolite</strong></span> <span class='ocrx_word' id='word_1_206' title='bbox 970 2851 1229 2922; x_wconf 78' lang='lat' dir='ltr'><strong>fraudare</strong></span> <span class='ocrx_word' id='word_1_207' title='bbox 1270 2852 1514 2918; x_wconf 75' lang='lat' dir='ltr'><strong>invicem,</strong></span> <span class='ocrx_word' id='word_1_208' title='bbox 1562 2852 1665 2906; x_wconf 90' lang='lat' dir='ltr'><strong>nisi</strong></span> <span class='ocrx_word' id='word_1_209' title='bbox 1715 2867 1781 2905; x_wconf 81' lang='lat' dir='ltr'><strong>ea:</strong></span> <span class='ocrx_word' id='word_1_210' title='bbox 1824 2868 1952 2905; x_wconf 85' lang='lat' dir='ltr'><strong>con-</strong></span> 
     </span>
    </p>
   </div>
   <div class='ocr_carea' id='block_1_31' title="bbox 364 2943 1952 3016">
    <p class='ocr_par' dir='ltr' id='par_1_31' title="bbox 364 2943 1952 3016">
     <span class='ocr_line' id='line_1_31' title="bbox 364 2943 1952 3016; baseline -0.005 -11"><span class='ocrx_word' id='word_1_211' title='bbox 364 2966 525 3006; x_wconf 79' lang='lat' dir='ltr'><strong>ssnsu</strong></span> <span class='ocrx_word' id='word_1_212' title='bbox 565 2948 631 3002; x_wconf 85' lang='lat' dir='ltr'><strong>ad</strong></span> <span class='ocrx_word' id='word_1_213' title='bbox 677 2955 900 3016; x_wconf 77' lang='lat' dir='ltr'><strong>tempus,</strong></span> <span class='ocrx_word' id='word_1_214' title='bbox 954 2954 1009 2998; x_wconf 89' lang='lat' dir='ltr'><strong>ut</strong></span> <span class='ocrx_word' id='word_1_215' title='bbox 1048 2945 1242 2998; x_wconf 83' lang='lat' dir='ltr'><strong>vacetis</strong></span> <span class='ocrx_word' id='word_1_216' title='bbox 1283 2943 1534 2996; x_wconf 84' lang='lat' dir='ltr'><strong>orationi.</strong></span> <span class='ocrx_word' id='word_1_217' title='bbox 1579 2945 1654 2997; x_wconf 84' lang='lat' dir='ltr'><strong>Ac</strong></span> <span class='ocrx_word' id='word_1_218' title='bbox 1684 2959 1868 2997; x_wconf 88' lang='lat' dir='ltr'><strong>rursus</strong></span> <span class='ocrx_word' id='word_1_219' title='bbox 1899 2945 1952 2997; x_wconf 89' lang='lat' dir='ltr'><strong>in</strong></span> 
     </span>
    </p>
   </div>
   <div class='ocr_carea' id='block_1_32' title="bbox 368 3033 1953 3105">
    <p class='ocr_par' dir='ltr' id='par_1_32' title="bbox 368 3033 1953 3105">
     <span class='ocr_line' id='line_1_32' title="bbox 368 3033 1953 3105; baseline -0.005 -9"><span class='ocrx_word' id='word_1_220' title='bbox 368 3057 531 3096; x_wconf 85' lang='lat' dir='ltr'><strong>unum</strong></span> <span class='ocrx_word' id='word_1_221' title='bbox 578 3040 933 3101; x_wconf 83' lang='lat' dir='ltr'><strong>conveniatis,</strong></span> <span class='ocrx_word' id='word_1_222' title='bbox 976 3052 1039 3090; x_wconf 88' lang='lat' dir='ltr'><strong>ne</strong></span> <span class='ocrx_word' id='word_1_223' title='bbox 1087 3043 1248 3089; x_wconf 81' lang='lat' dir='ltr'><strong>tentet</strong></span> <span class='ocrx_word' id='word_1_224' title='bbox 1303 3050 1392 3088; x_wconf 81' lang='lat' dir='ltr'><strong>vos</strong></span> <span class='ocrx_word' id='word_1_225' title='bbox 1453 3033 1685 3089; x_wconf 80' lang='lat' dir='ltr'><strong>Satanas</strong></span> <span class='ocrx_word' id='word_1_226' title='bbox 1733 3045 1953 3105; x_wconf 78' lang='lat' dir='ltr'><strong>propter</strong></span> 
     </span>
    </p>
   </div>
   <div class='ocr_carea' id='block_1_33' title="bbox 366 3126 1952 3187">
    <p class='ocr_par' dir='ltr' id='par_1_33' title="bbox 366 3126 1952 3187">
     <span class='ocr_line' id='line_1_33' title="bbox 366 3126 1952 3187; baseline -0.005 0"><span class='ocrx_word' id='word_1_227' title='bbox 366 3133 805 3187; x_wconf 71' lang='lat' dir='ltr'><strong>incontinentiam</strong></span> <span class='ocrx_word' id='word_1_228' title='bbox 840 3138 1087 3183; x_wconf 79' lang='lat' dir='ltr'><strong>vestram.</strong></span> <span class='ocrx_word' id='word_1_229' title='bbox 1128 3126 1244 3180; x_wconf 84' lang='lat' dir='ltr'><strong>Hoc</strong></span> <span class='ocrx_word' id='word_1_230' title='bbox 1283 3137 1460 3180; x_wconf 88' lang='lat' dir='ltr'><strong>autem</strong></span> <span class='ocrx_word' id='word_1_231' title='bbox 1501 3126 1620 3180; x_wconf 84' lang='lat' dir='ltr'><strong>dico</strong></span> <span class='ocrx_word' id='word_1_232' title='bbox 1665 3127 1952 3181; x_wconf 87' lang='lat' dir='ltr'><strong>secundum</strong></span> 
     </span>
    </p>
   </div>
   <div class='ocr_carea' id='block_1_34' title="bbox 369 3218 1443 3291">
    <p class='ocr_par' dir='ltr' id='par_1_34' title="bbox 369 3218 1443 3291">
     <span class='ocr_line' id='line_1_34' title="bbox 369 3218 1443 3291; baseline -0.01 -9"><span class='ocrx_word' id='word_1_233' title='bbox 369 3225 596 3291; x_wconf 79' lang='lat' dir='ltr'><strong>veniam,</strong></span> <span class='ocrx_word' id='word_1_234' title='bbox 630 3239 734 3277; x_wconf 87' lang='lat' dir='ltr'><strong>non</strong></span> <span class='ocrx_word' id='word_1_235' title='bbox 761 3220 1048 3276; x_wconf 85' lang='lat' dir='ltr'><strong>secundum</strong></span> <span class='ocrx_word' id='word_1_236' title='bbox 1082 3218 1443 3289; x_wconf 76' lang='lat' dir='ltr'><strong>imperium&quot;.</strong></span> 
     </span>
    </p>
   </div>
   <div class='ocr_carea' id='block_1_35' title="bbox 438 3310 1955 3384">
    <p class='ocr_par' dir='ltr' id='par_1_35' title="bbox 438 3310 1955 3384">
     <span class='ocr_line' id='line_1_35' title="bbox 438 3310 1955 3384; baseline -0.005 -12"><span class='ocrx_word' id='word_1_237' title='bbox 438 3317 575 3372; x_wconf 85' lang='lat' dir='ltr'><strong>Ibid.</strong></span> <span class='ocrx_word' id='word_1_238' title='bbox 594 3314 657 3370; x_wconf 83' lang='lat' dir='ltr'><strong>C.</strong></span> <span class='ocrx_word' id='word_1_239' title='bbox 675 3315 845 3384; x_wconf 79' lang='lat' dir='ltr'><strong>Atque</strong></span> <span class='ocrx_word' id='word_1_240' title='bbox 867 3325 920 3365; x_wconf 85' lang='lat' dir='ltr'><strong>ut</strong></span> <span class='ocrx_word' id='word_1_241' title='bbox 947 3314 999 3365; x_wconf 86' lang='lat' dir='ltr'><strong>in</strong></span> <span class='ocrx_word' id='word_1_242' title='bbox 1023 3327 1230 3365; x_wconf 86' lang='lat' dir='ltr'><strong>summa</strong></span> <span class='ocrx_word' id='word_1_243' title='bbox 1249 3311 1427 3365; x_wconf 83' lang='lat' dir='ltr'><strong>dicam</strong></span> <span class='ocrx_word' id='word_1_244' title='bbox 1450 3310 1655 3364; x_wconf 84' lang='lat' dir='ltr'><strong>nullum</strong></span> <span class='ocrx_word' id='word_1_245' title='bbox 1678 3311 1821 3375; x_wconf 69' lang='lat' dir='ltr'><strong>vitta,</strong></span> <span class='ocrx_word' id='word_1_246' title='bbox 1846 3318 1955 3365; x_wconf 88' lang='lat' dir='ltr'><strong>etc.</strong></span> 
     </span>
    </p>
   </div>
   <div class='ocr_carea' id='block_1_36' title="bbox 368 3402 1956 3476">
    <p class='ocr_par' dir='ltr' id='par_1_36' title="bbox 368 3402 1956 3476">
     <span class='ocr_line' id='line_1_36' title="bbox 368 3402 1956 3476; baseline -0.005 -13"><span class='ocrx_word' id='word_1_247' title='bbox 368 3407 570 3476; x_wconf 80' lang='lat' dir='ltr'><strong>Atque,</strong></span> <span class='ocrx_word' id='word_1_248' title='bbox 616 3414 677 3459; x_wconf 91' lang='lat' dir='ltr'><strong>ut</strong></span> <span class='ocrx_word' id='word_1_249' title='bbox 721 3403 775 3457; x_wconf 90' lang='lat' dir='ltr'><strong>in</strong></span> <span class='ocrx_word' id='word_1_250' title='bbox 825 3418 1042 3458; x_wconf 90' lang='lat' dir='ltr'><strong>summa</strong></span> <span class='ocrx_word' id='word_1_251' title='bbox 1089 3403 1292 3468; x_wconf 88' lang='lat' dir='ltr'><strong>dicam,</strong></span> <span class='ocrx_word' id='word_1_252' title='bbox 1327 3418 1391 3457; x_wconf 90' lang='lat' dir='ltr'><strong>ac</strong></span> <span class='ocrx_word' id='word_1_253' title='bbox 1425 3417 1538 3456; x_wconf 83' lang='lat' dir='ltr'><strong>rem</strong></span> <span class='ocrx_word' id='word_1_254' title='bbox 1587 3402 1778 3472; x_wconf 88' lang='lat' dir='ltr'><strong>paucis</strong></span> <span class='ocrx_word' id='word_1_255' title='bbox 1803 3416 1956 3456; x_wconf 87' lang='lat' dir='ltr'><strong>com-</strong></span> 
     </span>
    </p>
   </div>
   <div class='ocr_carea' id='block_1_37' title="bbox 368 3491 1959 3566">
    <p class='ocr_par' dir='ltr' id='par_1_37' title="bbox 368 3491 1959 3566">
     <span class='ocr_line' id='line_1_37' title="bbox 368 3491 1959 3566; baseline 0.001 -21"><span class='ocrx_word' id='word_1_256' title='bbox 368 3493 597 3566; x_wconf 83' lang='lat' dir='ltr'><strong>plectar,</strong></span> <span class='ocrx_word' id='word_1_257' title='bbox 648 3493 797 3548; x_wconf 92' lang='lat' dir='ltr'><strong>omni</strong></span> <span class='ocrx_word' id='word_1_258' title='bbox 858 3493 981 3545; x_wconf 81' lang='lat' dir='ltr'><strong>vitae</strong></span> <span class='ocrx_word' id='word_1_259' title='bbox 1025 3492 1212 3562; x_wconf 88' lang='lat' dir='ltr'><strong>generi</strong></span> <span class='ocrx_word' id='word_1_260' title='bbox 1270 3502 1324 3546; x_wconf 91' lang='lat' dir='ltr'><strong>et</strong></span> <span class='ocrx_word' id='word_1_261' title='bbox 1376 3491 1632 3547; x_wconf 78' lang='lat' dir='ltr'><strong>inStituto</strong></span> <span class='ocrx_word' id='word_1_262' title='bbox 1674 3492 1822 3546; x_wconf 88' lang='lat' dir='ltr'><strong>utilis</strong></span> <span class='ocrx_word' id='word_1_263' title='bbox 1872 3500 1959 3547; x_wconf 89' lang='lat' dir='ltr'><strong>est</strong></span> 
     </span>
    </p>
   </div>
   <div class='ocr_carea' id='block_1_38' title="bbox 371 3581 1958 3655">
    <p class='ocr_par' dir='ltr' id='par_1_38' title="bbox 371 3581 1958 3655">
     <span class='ocr_line' id='line_1_38' title="bbox 371 3581 1958 3655; baseline -0.001 -16"><span class='ocrx_word' id='word_1_264' title='bbox 371 3584 702 3655; x_wconf 88' lang='lat' dir='ltr'><strong>baptismus.</strong></span> <span class='ocrx_word' id='word_1_265' title='bbox 739 3581 1029 3648; x_wconf 84' lang='lat' dir='ltr'><strong>Quocirca,</strong></span> <span class='ocrx_word' id='word_1_266' title='bbox 1062 3583 1153 3652; x_wconf 88' lang='lat' dir='ltr'><strong>qui</strong></span> <span class='ocrx_word' id='word_1_267' title='bbox 1188 3591 1458 3652; x_wconf 52' lang='lat' dir='ltr'><strong>potestate</strong></span> <span class='ocrx_word' id='word_1_268' title='bbox 1485 3597 1549 3638; x_wconf 91' lang='lat' dir='ltr'><strong>ac</strong></span> <span class='ocrx_word' id='word_1_269' title='bbox 1586 3583 1805 3639; x_wconf 85' lang='lat' dir='ltr'><strong>licentia</strong></span> <span class='ocrx_word' id='word_1_270' title='bbox 1839 3585 1958 3654; x_wconf 77' lang='lat' dir='ltr'><strong>poi-</strong></span> 
     </span>
    </p>
   </div>
   <div class='ocr_carea' id='block_1_39' title="bbox 370 3673 1956 3744">
    <p class='ocr_par' dir='ltr' id='par_1_39' title="bbox 370 3673 1956 3744">
     <span class='ocr_line' id='line_1_39' title="bbox 370 3673 1956 3744; baseline 0 -15"><span class='ocrx_word' id='word_1_271' title='bbox 370 3676 473 3738; x_wconf 82' lang='lat' dir='ltr'><strong>les,</strong></span> <span class='ocrx_word' id='word_1_272' title='bbox 502 3673 717 3729; x_wconf 77' lang='lat' dir='ltr'><strong>frenum</strong></span> <span class='ocrx_word' id='word_1_273' title='bbox 746 3674 954 3743; x_wconf 89' lang='lat' dir='ltr'><strong>accipe,</strong></span> <span class='ocrx_word' id='word_1_274' title='bbox 984 3688 1095 3743; x_wconf 88' lang='lat' dir='ltr'><strong>quo</strong></span> <span class='ocrx_word' id='word_1_275' title='bbox 1126 3674 1194 3727; x_wconf 88' lang='lat' dir='ltr'><strong>ab</strong></span> <span class='ocrx_word' id='word_1_276' title='bbox 1224 3674 1375 3727; x_wconf 88' lang='lat' dir='ltr'><strong>omni</strong></span> <span class='ocrx_word' id='word_1_277' title='bbox 1406 3674 1612 3744; x_wconf 83' lang='lat' dir='ltr'><strong>ﬂagitio</strong></span> <span class='ocrx_word' id='word_1_278' title='bbox 1648 3684 1704 3730; x_wconf 90' lang='lat' dir='ltr'><strong>et</strong></span> <span class='ocrx_word' id='word_1_279' title='bbox 1750 3675 1956 3729; x_wconf 65' lang='lat' dir='ltr'><strong>Scelere</strong></span> 
     </span>
    </p>
   </div>
   <div class='ocr_carea' id='block_1_40' title="bbox 368 3765 1956 3838">
    <p class='ocr_par' dir='ltr' id='par_1_40' title="bbox 368 3765 1956 3838">
     <span class='ocr_line' id='line_1_40' title="bbox 368 3765 1956 3838; baseline -0.002 -15"><span class='ocrx_word' id='word_1_280' title='bbox 368 3767 708 3838; x_wconf 79' lang='lat' dir='ltr'><strong>reprimaris.</strong></span> <span class='ocrx_word' id='word_1_281' title='bbox 762 3765 867 3832; x_wconf 86' lang='lat' dir='ltr'><strong>Qui</strong></span> <span class='ocrx_word' id='word_1_282' title='bbox 917 3767 971 3819; x_wconf 93' lang='lat' dir='ltr'><strong>in</strong></span> <span class='ocrx_word' id='word_1_283' title='bbox 1034 3765 1298 3820; x_wconf 87' lang='lat' dir='ltr'><strong>servitute</strong></span> <span class='ocrx_word' id='word_1_284' title='bbox 1347 3781 1428 3834; x_wconf 90' lang='lat' dir='ltr'><strong>es,</strong></span> <span class='ocrx_word' id='word_1_285' title='bbox 1479 3782 1693 3836; x_wconf 65' lang='lat' dir='ltr'><strong>aequum</strong></span> <span class='ocrx_word' id='word_1_286' title='bbox 1730 3766 1956 3821; x_wconf 86' lang='lat' dir='ltr'><strong>honoris</strong></span> 
     </span>
    </p>
   </div>
   <div class='ocr_carea' id='block_1_41' title="bbox 368 3856 1951 3929">
    <p class='ocr_par' dir='ltr' id='par_1_41' title="bbox 368 3856 1951 3929">
     <span class='ocr_line' id='line_1_41' title="bbox 368 3856 1951 3929; baseline -0.001 -17"><span class='ocrx_word' id='word_1_287' title='bbox 368 3858 623 3929; x_wconf 83' lang='lat' dir='ltr'><strong>gradum.</strong></span> <span class='ocrx_word' id='word_1_288' title='bbox 678 3856 976 3925; x_wconf 82' lang='lat' dir='ltr'><strong>Apostolus</strong></span> <span class='ocrx_word' id='word_1_289' title='bbox 1007 3856 1152 3909; x_wconf 89' lang='lat' dir='ltr'><strong>enim</strong></span> <span class='ocrx_word' id='word_1_290' title='bbox 1182 3856 1250 3909; x_wconf 92' lang='lat' dir='ltr'><strong>de</strong></span> <span class='ocrx_word' id='word_1_291' title='bbox 1282 3857 1348 3911; x_wconf 91' lang='lat' dir='ltr'><strong>iis</strong></span> <span class='ocrx_word' id='word_1_292' title='bbox 1382 3857 1475 3925; x_wconf 91' lang='lat' dir='ltr'><strong>qui</strong></span> <span class='ocrx_word' id='word_1_293' title='bbox 1509 3857 1772 3925; x_wconf 85' lang='lat' dir='ltr'><strong>baptizati</strong></span> <span class='ocrx_word' id='word_1_294' title='bbox 1804 3867 1951 3921; x_wconf 88' lang='lat' dir='ltr'><strong>sunt,</strong></span> 
     </span>
    </p>
   </div>
   <div class='ocr_carea' id='block_1_42' title="bbox 369 3944 1954 4012">
    <p class='ocr_par' dir='ltr' id='par_1_42' title="bbox 369 3944 1954 4012">
     <span class='ocr_line' id='line_1_42' title="bbox 369 3944 1954 4012; baseline -0.003 -10"><span class='ocrx_word' id='word_1_295' title='bbox 369 3949 502 4003; x_wconf 86' lang='lat' dir='ltr'><strong>dicit</strong></span> <span class='ocrx_word' id='word_1_296' title='bbox 545 3965 558 4002; x_wconf 89' lang='lat'><strong>:</strong></span> <span class='ocrx_word' id='word_1_297' title='bbox 600 3944 724 3999; x_wconf 90' lang='lat' dir='ltr'><strong>Non</strong></span> <span class='ocrx_word' id='word_1_298' title='bbox 771 3955 848 3998; x_wconf 78' lang='lat' dir='ltr'><strong>est</strong></span> <span class='ocrx_word' id='word_1_299' title='bbox 897 3960 1078 3999; x_wconf 83' lang='lat' dir='ltr'><strong>seruus</strong></span> <span class='ocrx_word' id='word_1_300' title='bbox 1113 3954 1208 3997; x_wconf 90' lang='lat' dir='ltr'><strong>aut</strong></span> <span class='ocrx_word' id='word_1_301' title='bbox 1254 3945 1409 4012; x_wconf 78' lang='lat' dir='ltr'><strong>liber,</strong></span> <span class='ocrx_word' id='word_1_302' title='bbox 1461 3945 1549 3998; x_wconf 85' lang='lat' dir='ltr'><strong>sed</strong></span> <span class='ocrx_word' id='word_1_303' title='bbox 1581 3961 1758 3999; x_wconf 81' lang='lat' dir='ltr'><strong>omnes</strong></span> <span class='ocrx_word' id='word_1_304' title='bbox 1790 3960 1954 3999; x_wconf 88' lang='lat' dir='ltr'><strong>unum</strong></span> 
     </span>
    </p>
   </div>
   <div class='ocr_carea' id='block_1_43' title="bbox 368 4034 1955 4102">
    <p class='ocr_par' dir='ltr' id='par_1_43' title="bbox 368 4034 1955 4102">
     <span class='ocr_line' id='line_1_43' title="bbox 368 4034 1955 4102; baseline -0.001 -9"><span class='ocrx_word' id='word_1_305' title='bbox 368 4042 423 4094; x_wconf 86' lang='lat' dir='ltr'><strong>in</strong></span> <span class='ocrx_word' id='word_1_306' title='bbox 474 4038 685 4093; x_wconf 80' lang='lat' dir='ltr'><strong>Christo</strong></span> <span class='ocrx_word' id='word_1_307' title='bbox 736 4034 949 4090; x_wconf 76' lang='lat' dir='ltr'><strong>Jesu“.</strong></span> <span class='ocrx_word' id='word_1_308' title='bbox 1001 4036 1101 4101; x_wconf 89' lang='lat' dir='ltr'><strong>Qui</strong></span> <span class='ocrx_word' id='word_1_309' title='bbox 1134 4037 1186 4089; x_wconf 90' lang='lat' dir='ltr'><strong>in</strong></span> <span class='ocrx_word' id='word_1_310' title='bbox 1248 4050 1485 4091; x_wconf 75' lang='lat' dir='ltr'><strong>mterore</strong></span> <span class='ocrx_word' id='word_1_311' title='bbox 1516 4036 1776 4102; x_wconf 88' lang='lat' dir='ltr'><strong>versaris,</strong></span> <span class='ocrx_word' id='word_1_312' title='bbox 1811 4039 1955 4092; x_wconf 89' lang='lat' dir='ltr'><strong>sola-</strong></span> 
     </span>
    </p>
   </div>
   <div class='ocr_carea' id='block_1_44' title="bbox 373 4128 1948 4199">
    <p class='ocr_par' dir='ltr' id='par_1_44' title="bbox 373 4128 1948 4199">
     <span class='ocr_line' id='line_1_44' title="bbox 373 4128 1948 4199; baseline 0 -14"><span class='ocrx_word' id='word_1_313' title='bbox 373 4131 535 4197; x_wconf 87' lang='lat' dir='ltr'><strong>tium,</strong></span> <span class='ocrx_word' id='word_1_314' title='bbox 570 4129 714 4199; x_wconf 87' lang='lat' dir='ltr'><strong>qnod</strong></span> <span class='ocrx_word' id='word_1_315' title='bbox 762 4128 1070 4199; x_wconf 89' lang='lat' dir='ltr'><strong>baptismus</strong></span> <span class='ocrx_word' id='word_1_316' title='bbox 1099 4137 1262 4198; x_wconf 86' lang='lat' dir='ltr'><strong>atque</strong></span> <span class='ocrx_word' id='word_1_317' title='bbox 1292 4128 1604 4197; x_wconf 86' lang='lat' dir='ltr'><strong>adoptionis</strong></span> <span class='ocrx_word' id='word_1_318' title='bbox 1644 4129 1736 4198; x_wconf 86' lang='lat' dir='ltr'><strong>jus</strong></span> <span class='ocrx_word' id='word_1_319' title='bbox 1768 4130 1948 4186; x_wconf 70' lang='lat' dir='ltr'><strong>ail‘ert.</strong></span> 
     </span>
    </p>
   </div>
   <div class='ocr_carea' id='block_1_45' title="bbox 373 4220 1953 4291">
    <p class='ocr_par' dir='ltr' id='par_1_45' title="bbox 373 4220 1953 4291">
     <span class='ocr_line' id='line_1_45' title="bbox 373 4220 1953 4291; baseline -0.001 -13"><span class='ocrx_word' id='word_1_320' title='bbox 373 4224 478 4290; x_wconf 87' lang='lat' dir='ltr'><strong>Qui</strong></span> <span class='ocrx_word' id='word_1_321' title='bbox 509 4223 632 4277; x_wconf 57' lang='lat' dir='ltr'><strong>laeto</strong></span> <span class='ocrx_word' id='word_1_322' title='bbox 663 4230 827 4291; x_wconf 84' lang='lat' dir='ltr'><strong>atque</strong></span> <span class='ocrx_word' id='word_1_323' title='bbox 870 4220 1027 4274; x_wconf 84' lang='lat' dir='ltr'><strong>hilari</strong></span> <span class='ocrx_word' id='word_1_324' title='bbox 1058 4234 1116 4276; x_wconf 90' lang='lat' dir='ltr'><strong>es</strong></span> <span class='ocrx_word' id='word_1_325' title='bbox 1145 4224 1354 4286; x_wconf 85' lang='lat' dir='ltr'><strong>animo,</strong></span> <span class='ocrx_word' id='word_1_326' title='bbox 1411 4221 1779 4291; x_wconf 85' lang='lat' dir='ltr'><strong>disciplinam,</strong></span> <span class='ocrx_word' id='word_1_327' title='bbox 1831 4237 1953 4291; x_wconf 62' lang='lat' dir='ltr'><strong>quae</strong></span> 
     </span>
    </p>
   </div>
   <div class='ocr_carea' id='block_1_46' title="bbox 371 4315 1954 4385">
    <p class='ocr_par' dir='ltr' id='par_1_46' title="bbox 371 4315 1954 4385">
     <span class='ocr_line' id='line_1_46' title="bbox 371 4315 1954 4385; baseline -0.001 -13"><span class='ocrx_word' id='word_1_328' title='bbox 371 4331 557 4372; x_wconf 88' lang='lat' dir='ltr'><strong>mores</strong></span> <span class='ocrx_word' id='word_1_329' title='bbox 610 4325 732 4370; x_wconf 93' lang='lat' dir='ltr'><strong>tuos</strong></span> <span class='ocrx_word' id='word_1_330' title='bbox 764 4323 1083 4384; x_wconf 87' lang='lat' dir='ltr'><strong>componat,</strong></span> <span class='ocrx_word' id='word_1_331' title='bbox 1135 4329 1240 4369; x_wconf 85' lang='lat' dir='ltr'><strong>nec</strong></span> <span class='ocrx_word' id='word_1_332' title='bbox 1292 4315 1601 4385; x_wconf 79' lang='lat' dir='ltr'><strong>petulanter</strong></span> <span class='ocrx_word' id='word_1_333' title='bbox 1653 4324 1706 4371; x_wconf 88' lang='lat' dir='ltr'><strong>et</strong></span> <span class='ocrx_word' id='word_1_334' title='bbox 1756 4318 1954 4371; x_wconf 89' lang='lat' dir='ltr'><strong>immo-</strong></span> 
     </span>
    </p>
   </div>
   <div class='ocr_carea' id='block_1_47' title="bbox 371 4405 1949 4479">
    <p class='ocr_par' dir='ltr' id='par_1_47' title="bbox 371 4405 1949 4479">
     <span class='ocr_line' id='line_1_47' title="bbox 371 4405 1949 4479; baseline 0.001 -17"><span class='ocrx_word' id='word_1_335' title='bbox 371 4408 525 4464; x_wconf 86' lang='lat' dir='ltr'><strong>deste</strong></span> <span class='ocrx_word' id='word_1_336' title='bbox 556 4420 608 4463; x_wconf 92' lang='lat' dir='ltr'><strong>te</strong></span> <span class='ocrx_word' id='word_1_337' title='bbox 639 4423 827 4479; x_wconf 87' lang='lat' dir='ltr'><strong>gerere</strong></span> <span class='ocrx_word' id='word_1_338' title='bbox 857 4408 1024 4461; x_wconf 89' lang='lat' dir='ltr'><strong>sinat.</strong></span> <span class='ocrx_word' id='word_1_339' title='bbox 1057 4405 1201 4460; x_wconf 81' lang='lat' dir='ltr'><strong>Nihil</strong></span> <span class='ocrx_word' id='word_1_340' title='bbox 1236 4407 1535 4463; x_wconf 81' lang='lat' dir='ltr'><strong>callidioris</strong></span> <span class='ocrx_word' id='word_1_341' title='bbox 1588 4408 1802 4462; x_wconf 89' lang='lat' dir='ltr'><strong>consilii</strong></span> <span class='ocrx_word' id='word_1_342' title='bbox 1853 4412 1949 4464; x_wconf 87' lang='lat' dir='ltr'><strong>ad-</strong></span> 
     </span>
    </p>
   </div>
   <div class='ocr_carea' id='block_1_48' title="bbox 2067 559 3644 631">
    <p class='ocr_par' dir='ltr' id='par_1_48' title="bbox 2067 559 3644 631">
     <span class='ocr_line' id='line_1_48' title="bbox 2067 559 3644 631; baseline 0.003 -18"><span class='ocrx_word' id='word_1_343' title='bbox 2067 561 2331 626; x_wconf 79' lang='lat' dir='ltr'><strong>uersaris,</strong></span> <span class='ocrx_word' id='word_1_344' title='bbox 2389 572 2499 616; x_wconf 89' lang='lat' dir='ltr'><strong>etc.</strong></span> <span class='ocrx_word' id='word_1_345' title='bbox 2570 559 2655 614; x_wconf 90' lang='lat' dir='ltr'><strong>Sit</strong></span> <span class='ocrx_word' id='word_1_346' title='bbox 2710 562 2781 614; x_wconf 91' lang='lat' dir='ltr'><strong>ita</strong></span> <span class='ocrx_word' id='word_1_347' title='bbox 2837 577 3002 625; x_wconf 84' lang='lat' dir='ltr'><strong>sane,</strong></span> <span class='ocrx_word' id='word_1_348' title='bbox 3053 562 3263 631; x_wconf 79' lang='lat' dir='ltr'><strong>inquies</strong></span> <span class='ocrx_word' id='word_1_349' title='bbox 3302 578 3316 615; x_wconf 90' lang='lat'>:</span> <span class='ocrx_word' id='word_1_350' title='bbox 3354 578 3537 617; x_wconf 83' lang='lat' dir='ltr'><strong>verum</strong></span> <span class='ocrx_word' id='word_1_351' title='bbox 3588 565 3644 618; x_wconf 87' lang='lat' dir='ltr'><strong>in</strong></span> 
     </span>
    </p>
   </div>
   <div class='ocr_carea' id='block_1_49' title="bbox 2068 652 3646 724">
    <p class='ocr_par' dir='ltr' id='par_1_49' title="bbox 2068 652 3646 724">
     <span class='ocr_line' id='line_1_49' title="bbox 2068 652 3646 724; baseline 0.003 -19"><span class='ocrx_word' id='word_1_352' title='bbox 2068 652 2259 706; x_wconf 88' lang='lat' dir='ltr'><strong>mediis</strong></span> <span class='ocrx_word' id='word_1_353' title='bbox 2286 653 2627 722; x_wconf 84' lang='lat' dir='ltr'><strong>negotiorum</strong></span> <span class='ocrx_word' id='word_1_354' title='bbox 2660 654 2989 709; x_wconf 88' lang='lat' dir='ltr'><strong>tumultibus</strong></span> <span class='ocrx_word' id='word_1_355' title='bbox 3023 669 3237 722; x_wconf 87' lang='lat' dir='ltr'><strong>versor,</strong></span> <span class='ocrx_word' id='word_1_356' title='bbox 3285 669 3350 709; x_wconf 89' lang='lat' dir='ltr'><strong>ac</strong></span> <span class='ocrx_word' id='word_1_357' title='bbox 3396 652 3646 724; x_wconf 86' lang='lat' dir='ltr'><strong>publica-</strong></span> 
     </span>
    </p>
   </div>
   <div class='ocr_carea' id='block_1_50' title="bbox 2065 743 3646 818">
    <p class='ocr_par' dir='ltr' id='par_1_50' title="bbox 2065 743 3646 818">
     <span class='ocr_line' id='line_1_50' title="bbox 2065 743 3646 818; baseline 0.004 -22"><span class='ocrx_word' id='word_1_358' title='bbox 2065 757 2186 796; x_wconf 86' lang='lat' dir='ltr'><strong>rum</strong></span> <span class='ocrx_word' id='word_1_359' title='bbox 2225 758 2406 796; x_wconf 87' lang='lat' dir='ltr'><strong>rerum</strong></span> <span class='ocrx_word' id='word_1_360' title='bbox 2461 743 2937 800; x_wconf 83' lang='lat' dir='ltr'><strong>administratione</strong></span> <span class='ocrx_word' id='word_1_361' title='bbox 2988 746 3330 800; x_wconf 84' lang='lat' dir='ltr'><strong>contaminor</strong></span> <span class='ocrx_word' id='word_1_362' title='bbox 3366 765 3379 802; x_wconf 93' lang='lat'><strong>:</strong></span> <span class='ocrx_word' id='word_1_363' title='bbox 3413 762 3646 818; x_wconf 86' lang='lat' dir='ltr'><strong>eamque</strong></span> 
     </span>
    </p>
   </div>
   <div class='ocr_carea' id='block_1_51' title="bbox 2063 836 3642 908">
    <p class='ocr_par' dir='ltr' id='par_1_51' title="bbox 2063 836 3642 908">
     <span class='ocr_line' id='line_1_51' title="bbox 2063 836 3642 908; baseline 0.001 -18"><span class='ocrx_word' id='word_1_364' title='bbox 2063 836 2135 890; x_wconf 93' lang='lat' dir='ltr'><strong>ob</strong></span> <span class='ocrx_word' id='word_1_365' title='bbox 2189 852 2412 891; x_wconf 86' lang='lat' dir='ltr'><strong>causam</strong></span> <span class='ocrx_word' id='word_1_366' title='bbox 2473 851 2754 901; x_wconf 88' lang='lat' dir='ltr'><strong>vercorne,</strong></span> <span class='ocrx_word' id='word_1_367' title='bbox 2805 855 2929 893; x_wconf 90' lang='lat' dir='ltr'><strong>cum</strong></span> <span class='ocrx_word' id='word_1_368' title='bbox 2983 838 3313 908; x_wconf 85' lang='lat' dir='ltr'><strong>baptismum</strong></span> <span class='ocrx_word' id='word_1_369' title='bbox 3358 853 3642 908; x_wconf 85' lang='lat' dir='ltr'><strong>accepero,</strong></span> 
     </span>
    </p>
   </div>
   <div class='ocr_carea' id='block_1_52' title="bbox 2060 932 3643 1000">
    <p class='ocr_par' dir='ltr' id='par_1_52' title="bbox 2060 932 3643 1000">
     <span class='ocr_line' id='line_1_52' title="bbox 2060 932 3643 1000; baseline 0.001 -16"><span class='ocrx_word' id='word_1_370' title='bbox 2060 944 2296 999; x_wconf 79' lang='lat' dir='ltr'><strong>euntque</strong></span> <span class='ocrx_word' id='word_1_371' title='bbox 2359 938 2547 998; x_wconf 88' lang='lat' dir='ltr'><strong>postea</strong></span> <span class='ocrx_word' id='word_1_372' title='bbox 2602 933 2996 1000; x_wconf 83' lang='lat' dir='ltr'><strong>ittquinavero,</strong></span> <span class='ocrx_word' id='word_1_373' title='bbox 3053 932 3147 987; x_wconf 91' lang='lat' dir='ltr'><strong>Dei</strong></span> <span class='ocrx_word' id='word_1_374' title='bbox 3205 932 3643 988; x_wconf 86' lang='lat' dir='ltr'><strong>misericordiam</strong></span> 
     </span>
    </p>
   </div>
   <div class='ocr_carea' id='block_1_53' title="bbox 2061 1025 3645 1095">
    <p class='ocr_par' dir='ltr' id='par_1_53' title="bbox 2061 1025 3645 1095">
     <span class='ocr_line' id='line_1_53' title="bbox 2061 1025 3645 1095; baseline 0.004 -20"><span class='ocrx_word' id='word_1_375' title='bbox 2061 1036 2385 1077; x_wconf 91' lang='lat' dir='ltr'><strong>consumam</strong></span> <span class='ocrx_word' id='word_1_376' title='bbox 2437 1030 2601 1093; x_wconf 90' lang='lat' dir='ltr'><strong>atque</strong></span> <span class='ocrx_word' id='word_1_377' title='bbox 2653 1025 2973 1080; x_wconf 79' lang='lat' dir='ltr'><strong>exltauriam</strong></span> <span class='ocrx_word' id='word_1_378' title='bbox 3013 1034 3243 1095; x_wconf 87' lang='lat' dir='ltr'><strong>:utpote</strong></span> <span class='ocrx_word' id='word_1_379' title='bbox 3290 1041 3414 1081; x_wconf 91' lang='lat' dir='ltr'><strong>cum</strong></span> <span class='ocrx_word' id='word_1_380' title='bbox 3458 1027 3645 1081; x_wconf 88' lang='lat' dir='ltr'><strong>nullus</strong></span> 
     </span>
    </p>
   </div>
   <div class='ocr_carea' id='block_1_54' title="bbox 2062 1111 3641 1187">
    <p class='ocr_par' dir='ltr' id='par_1_54' title="bbox 2062 1111 3641 1187">
     <span class='ocr_line' id='line_1_54' title="bbox 2062 1111 3641 1187; baseline 0.003 -20"><span class='ocrx_word' id='word_1_381' title='bbox 2062 1111 2205 1167; x_wconf 90' lang='lat' dir='ltr'><strong>alius</strong></span> <span class='ocrx_word' id='word_1_382' title='bbox 2263 1113 2571 1182; x_wconf 85' lang='lat' dir='ltr'><strong>baptismus</strong></span> <span class='ocrx_word' id='word_1_383' title='bbox 2631 1118 2891 1186; x_wconf 88' lang='lat' dir='ltr'><strong>supersit.</strong></span> <span class='ocrx_word' id='word_1_384' title='bbox 2960 1116 3203 1187; x_wconf 77' lang='lat' dir='ltr'><strong>Simplex</strong></span> <span class='ocrx_word' id='word_1_385' title='bbox 3259 1126 3345 1173; x_wconf 87' lang='lat' dir='ltr'><strong>est</strong></span> <span class='ocrx_word' id='word_1_386' title='bbox 3419 1118 3641 1182; x_wconf 87' lang='lat' dir='ltr'><strong>solutio,</strong></span> 
     </span>
    </p>
   </div>
   <div class='ocr_carea' id='block_1_55' title="bbox 2062 1204 3646 1280">
    <p class='ocr_par' dir='ltr' id='par_1_55' title="bbox 2062 1204 3646 1280">
     <span class='ocr_line' id='line_1_55' title="bbox 2062 1204 3646 1280; baseline 0.004 -20"><span class='ocrx_word' id='word_1_387' title='bbox 2062 1204 2166 1262; x_wconf 91' lang='lat' dir='ltr'><strong>hoc</strong></span> <span class='ocrx_word' id='word_1_388' title='bbox 2199 1214 2323 1270; x_wconf 87' lang='lat' dir='ltr'><strong>est,</strong></span> <span class='ocrx_word' id='word_1_389' title='bbox 2381 1206 2559 1263; x_wconf 84' lang='lat' dir='ltr'><strong>facilis</strong></span> <span class='ocrx_word' id='word_1_390' title='bbox 2592 1219 2645 1264; x_wconf 91' lang='lat' dir='ltr'><strong>et</strong></span> <span class='ocrx_word' id='word_1_391' title='bbox 2691 1210 2949 1273; x_wconf 80' lang='lat' dir='ltr'><strong>dilucida,</strong></span> <span class='ocrx_word' id='word_1_392' title='bbox 3003 1226 3103 1266; x_wconf 88' lang='lat' dir='ltr'><strong>nec</strong></span> <span class='ocrx_word' id='word_1_393' title='bbox 3137 1210 3476 1280; x_wconf 85' lang='lat' dir='ltr'><strong>argumentis</strong></span> <span class='ocrx_word' id='word_1_394' title='bbox 3525 1210 3646 1266; x_wconf 87' lang='lat' dir='ltr'><strong>aliis</strong></span> 
     </span>
    </p>
   </div>
   <div class='ocr_carea' id='block_1_56' title="bbox 2061 1299 3643 1371">
    <p class='ocr_par' dir='ltr' id='par_1_56' title="bbox 2061 1299 3643 1371">
     <span class='ocr_line' id='line_1_56' title="bbox 2061 1299 3643 1371; baseline -0.001 -18"><span class='ocrx_word' id='word_1_395' title='bbox 2061 1299 2459 1371; x_wconf 89' lang='lat' dir='ltr'><strong>multiplicique</strong></span> <span class='ocrx_word' id='word_1_396' title='bbox 2489 1299 2854 1367; x_wconf 75' lang='lat' dir='ltr'><strong>explicatione</strong></span> <span class='ocrx_word' id='word_1_397' title='bbox 2898 1300 3167 1371; x_wconf 85' lang='lat' dir='ltr'><strong>indigens.</strong></span> <span class='ocrx_word' id='word_1_398' title='bbox 3202 1299 3446 1355; x_wconf 84' lang='lat' dir='ltr'><strong>Primum</strong></span> <span class='ocrx_word' id='word_1_399' title='bbox 3497 1301 3643 1355; x_wconf 87' lang='lat' dir='ltr'><strong>enim</strong></span> 
     </span>
    </p>
   </div>
   <div class='ocr_carea' id='block_1_57' title="bbox 2062 1389 3643 1463">
    <p class='ocr_par' dir='ltr' id='par_1_57' title="bbox 2062 1389 3643 1463">
     <span class='ocr_line' id='line_1_57' title="bbox 2062 1389 3643 1463; baseline 0.001 -17"><span class='ocrx_word' id='word_1_400' title='bbox 2062 1392 2164 1446; x_wconf 88' lang='lat' dir='ltr'><strong>hoc</strong></span> <span class='ocrx_word' id='word_1_401' title='bbox 2212 1391 2337 1446; x_wconf 90' lang='lat' dir='ltr'><strong>dico</strong></span> <span class='ocrx_word' id='word_1_402' title='bbox 2387 1408 2401 1444; x_wconf 88' lang='lat'><strong>:</strong></span> <span class='ocrx_word' id='word_1_403' title='bbox 2459 1389 2516 1446; x_wconf 91' lang='lat' dir='ltr'><strong>Si</strong></span> <span class='ocrx_word' id='word_1_404' title='bbox 2572 1391 2689 1445; x_wconf 85' lang='lat' dir='ltr'><strong>ﬁeri</strong></span> <span class='ocrx_word' id='word_1_405' title='bbox 2744 1401 2921 1462; x_wconf 86' lang='lat' dir='ltr'><strong>potest</strong></span> <span class='ocrx_word' id='word_1_406' title='bbox 2979 1391 3158 1447; x_wconf 87' lang='lat' dir='ltr'><strong>forum</strong></span> <span class='ocrx_word' id='word_1_407' title='bbox 3213 1395 3440 1448; x_wconf 88' lang='lat' dir='ltr'><strong>omnino</strong></span> <span class='ocrx_word' id='word_1_408' title='bbox 3496 1391 3643 1463; x_wconf 85' lang='lat' dir='ltr'><strong>fuge,</strong></span> 
     </span>
    </p>
   </div>
   <div class='ocr_carea' id='block_1_58' title="bbox 2060 1480 3647 1553">
    <p class='ocr_par' dir='ltr' id='par_1_58' title="bbox 2060 1480 3647 1553">
     <span class='ocr_line' id='line_1_58' title="bbox 2060 1480 3647 1553; baseline 0.001 -18"><span class='ocrx_word' id='word_1_409' title='bbox 2060 1480 2362 1550; x_wconf 86' lang='lat' dir='ltr'><strong>assumptis</strong></span> <span class='ocrx_word' id='word_1_410' title='bbox 2396 1481 2596 1550; x_wconf 72' lang='lat' dir='ltr'><strong>aquilae</strong></span> <span class='ocrx_word' id='word_1_411' title='bbox 2624 1482 2840 1551; x_wconf 87' lang='lat' dir='ltr'><strong>pennis,</strong></span> <span class='ocrx_word' id='word_1_412' title='bbox 2891 1490 3110 1551; x_wconf 91' lang='lat' dir='ltr'><strong>propter</strong></span> <span class='ocrx_word' id='word_1_413' title='bbox 3141 1482 3356 1539; x_wconf 89' lang='lat' dir='ltr'><strong>roboris</strong></span> <span class='ocrx_word' id='word_1_414' title='bbox 3382 1491 3647 1553; x_wconf 63' lang='lat' dir='ltr'><strong>praestan-</strong></span> 
     </span>
    </p>
   </div>
   <div class='ocr_carea' id='block_1_59' title="bbox 2058 1568 3644 1640">
    <p class='ocr_par' dir='ltr' id='par_1_59' title="bbox 2058 1568 3644 1640">
     <span class='ocr_line' id='line_1_59' title="bbox 2058 1568 3644 1640; baseline 0.003 -17"><span class='ocrx_word' id='word_1_415' title='bbox 2058 1568 2219 1634; x_wconf 89' lang='lat' dir='ltr'><strong>tium,</strong></span> <span class='ocrx_word' id='word_1_416' title='bbox 2266 1569 2728 1639; x_wconf 87' lang='lat' dir='ltr'><strong>quemadmodum</strong></span> <span class='ocrx_word' id='word_1_417' title='bbox 2789 1569 2842 1623; x_wconf 90' lang='lat' dir='ltr'><strong>in</strong></span> <span class='ocrx_word' id='word_1_418' title='bbox 2896 1570 3081 1626; x_wconf 78' lang='lat' dir='ltr'><strong>Exodo</strong></span> <span class='ocrx_word' id='word_1_419' title='bbox 3136 1572 3400 1640; x_wconf 87' lang='lat' dir='ltr'><strong>scriptum</strong></span> <span class='ocrx_word' id='word_1_420' title='bbox 3450 1581 3532 1626; x_wconf 90' lang='lat' dir='ltr'><strong>est</strong></span> <span class='ocrx_word' id='word_1_421' title='bbox 3573 1574 3644 1637; x_wconf 68' lang='grc'><strong>⁸³³,</strong></span> 
     </span>
    </p>
   </div>
   <div class='ocr_carea' id='block_1_60' title="bbox 2060 1658 3644 1729">
    <p class='ocr_par' dir='ltr' id='par_1_60' title="bbox 2060 1658 3644 1729">
     <span class='ocr_line' id='line_1_60' title="bbox 2060 1658 3644 1729; baseline 0.004 -17"><span class='ocrx_word' id='word_1_422' title='bbox 2060 1666 2156 1712; x_wconf 91' lang='lat' dir='ltr'><strong>aut</strong></span> <span class='ocrx_word' id='word_1_423' title='bbox 2192 1658 2459 1714; x_wconf 76' lang='lat' dir='ltr'><strong>columba:</strong></span> <span class='ocrx_word' id='word_1_424' title='bbox 2489 1659 2705 1729; x_wconf 90' lang='lat' dir='ltr'><strong>pennis,</strong></span> <span class='ocrx_word' id='word_1_425' title='bbox 2756 1675 2892 1727; x_wconf 87' lang='lat' dir='ltr'><strong>quas</strong></span> <span class='ocrx_word' id='word_1_426' title='bbox 2942 1663 3103 1714; x_wconf 90' lang='lat' dir='ltr'><strong>etiam</strong></span> <span class='ocrx_word' id='word_1_427' title='bbox 3155 1660 3320 1715; x_wconf 86' lang='lat' dir='ltr'><strong>David</strong></span> <span class='ocrx_word' id='word_1_428' title='bbox 3352 1661 3438 1717; x_wconf 87' lang='lat' dir='ltr'><strong>his</strong></span> <span class='ocrx_word' id='word_1_429' title='bbox 3464 1663 3644 1718; x_wconf 79' lang='lat' dir='ltr'><strong>verbis</strong></span> 
     </span>
    </p>
   </div>
   <div class='ocr_carea' id='block_1_61' title="bbox 2059 1748 3646 1819">
    <p class='ocr_par' dir='ltr' id='par_1_61' title="bbox 2059 1748 3646 1819">
     <span class='ocr_line' id='line_1_61' title="bbox 2059 1748 3646 1819; baseline 0.003 -17"><span class='ocrx_word' id='word_1_430' title='bbox 2059 1749 2266 1819; x_wconf 84' lang='lat' dir='ltr'><strong>expetit</strong></span> <span class='ocrx_word' id='word_1_431' title='bbox 2300 1766 2315 1802; x_wconf 92' lang='lat'><strong>:</strong></span> <span class='ocrx_word' id='word_1_432' title='bbox 2349 1748 2484 1814; x_wconf 82' lang='lat' dir='ltr'><strong>Quis</strong></span> <span class='ocrx_word' id='word_1_433' title='bbox 2514 1749 2644 1804; x_wconf 83' lang='lat' dir='ltr'><strong>mihi</strong></span> <span class='ocrx_word' id='word_1_434' title='bbox 2671 1748 2822 1803; x_wconf 83' lang='lat' dir='ltr'><strong>dabit</strong></span> <span class='ocrx_word' id='word_1_435' title='bbox 2858 1766 3057 1819; x_wconf 81' lang='lat' dir='ltr'><strong>pennas</strong></span> <span class='ocrx_word' id='word_1_436' title='bbox 3099 1751 3234 1805; x_wconf 85' lang='lat' dir='ltr'><strong>sicut</strong></span> <span class='ocrx_word' id='word_1_437' title='bbox 3278 1752 3555 1818; x_wconf 61' lang='lat' dir='ltr'><strong>columbae,</strong></span> <span class='ocrx_word' id='word_1_438' title='bbox 3595 1762 3646 1806; x_wconf 89' lang='lat' dir='ltr'><strong>et</strong></span> 
     </span>
    </p>
   </div>
   <div class='ocr_carea' id='block_1_62' title="bbox 2060 1839 3639 1914">
    <p class='ocr_par' dir='ltr' id='par_1_62' title="bbox 2060 1839 3639 1914">
     <span class='ocr_line' id='line_1_62' title="bbox 2060 1839 3639 1914; baseline 0.004 -20"><span class='ocrx_word' id='word_1_439' title='bbox 2060 1840 2357 1895; x_wconf 77' lang='lat' dir='ltr'><strong>volabo&quot;?</strong></span> <span class='ocrx_word' id='word_1_440' title='bbox 2415 1839 2527 1896; x_wconf 83' lang='lat' dir='ltr'><strong>llas</strong></span> <span class='ocrx_word' id='word_1_441' title='bbox 2589 1851 2769 1895; x_wconf 88' lang='lat' dir='ltr'><strong>autem</strong></span> <span class='ocrx_word' id='word_1_442' title='bbox 2804 1843 3020 1912; x_wconf 63' lang='lat' dir='ltr'><strong>quaerit,</strong></span> <span class='ocrx_word' id='word_1_443' title='bbox 3074 1843 3159 1897; x_wconf 88' lang='lat' dir='ltr'><strong>vel</strong></span> <span class='ocrx_word' id='word_1_444' title='bbox 3206 1843 3334 1914; x_wconf 88' lang='lat' dir='ltr'><strong>quia</strong></span> <span class='ocrx_word' id='word_1_445' title='bbox 3385 1844 3639 1910; x_wconf 85' lang='lat' dir='ltr'><strong>leviores,</strong></span> 
     </span>
    </p>
   </div>
   <div class='ocr_carea' id='block_1_63' title="bbox 2061 1930 3644 2004">
    <p class='ocr_par' dir='ltr' id='par_1_63' title="bbox 2061 1930 3644 2004">
     <span class='ocr_line' id='line_1_63' title="bbox 2061 1930 3644 2004; baseline 0.001 -18"><span class='ocrx_word' id='word_1_446' title='bbox 2061 1946 2126 1986; x_wconf 91' lang='lat' dir='ltr'><strong>ac</strong></span> <span class='ocrx_word' id='word_1_447' title='bbox 2160 1930 2501 2001; x_wconf 82' lang='lat' dir='ltr'><strong>perniciores</strong></span> <span class='ocrx_word' id='word_1_448' title='bbox 2527 1939 2655 1986; x_wconf 90' lang='lat' dir='ltr'><strong>sunt</strong></span> <span class='ocrx_word' id='word_1_449' title='bbox 2688 1930 2832 2000; x_wconf 84' lang='lat' dir='ltr'><strong>(talis</strong></span> <span class='ocrx_word' id='word_1_450' title='bbox 2866 1933 3014 1986; x_wconf 89' lang='lat' dir='ltr'><strong>enim</strong></span> <span class='ocrx_word' id='word_1_451' title='bbox 3047 1941 3153 1996; x_wconf 89' lang='lat' dir='ltr'><strong>est,</strong></span> <span class='ocrx_word' id='word_1_452' title='bbox 3191 1933 3445 2004; x_wconf 87' lang='lat' dir='ltr'><strong>quisquis</strong></span> <span class='ocrx_word' id='word_1_453' title='bbox 3474 1934 3644 2004; x_wconf 85' lang='lat' dir='ltr'><strong>justi-</strong></span> 
     </span>
    </p>
   </div>
   <div class='ocr_carea' id='block_1_64' title="bbox 2061 2024 3641 2099">
    <p class='ocr_par' dir='ltr' id='par_1_64' title="bbox 2061 2024 3641 2099">
     <span class='ocr_line' id='line_1_64' title="bbox 2061 2024 3641 2099; baseline 0.003 -20"><span class='ocrx_word' id='word_1_454' title='bbox 2061 2025 2193 2079; x_wconf 89' lang='lat' dir='ltr'><strong>tiam</strong></span> <span class='ocrx_word' id='word_1_455' title='bbox 2222 2024 2372 2095; x_wconf 88' lang='lat' dir='ltr'><strong>colit)</strong></span> <span class='ocrx_word' id='word_1_456' title='bbox 2409 2026 2492 2079; x_wconf 87' lang='lat' dir='ltr'><strong>vel</strong></span> <span class='ocrx_word' id='word_1_457' title='bbox 2517 2025 2642 2096; x_wconf 92' lang='lat' dir='ltr'><strong>quia</strong></span> <span class='ocrx_word' id='word_1_458' title='bbox 2683 2024 2946 2095; x_wconf 90' lang='lat' dir='ltr'><strong>Spiritum</strong></span> <span class='ocrx_word' id='word_1_459' title='bbox 2982 2037 3257 2094; x_wconf 89' lang='lat' dir='ltr'><strong>sanctum,</strong></span> <span class='ocrx_word' id='word_1_460' title='bbox 3286 2029 3445 2099; x_wconf 86' lang='lat' dir='ltr'><strong>cujus</strong></span> <span class='ocrx_word' id='word_1_461' title='bbox 3474 2029 3641 2083; x_wconf 88' lang='lat' dir='ltr'><strong>unius</strong></span> 
     </span>
    </p>
   </div>
   <div class='ocr_carea' id='block_1_65' title="bbox 2061 2116 3640 2188">
    <p class='ocr_par' dir='ltr' id='par_1_65' title="bbox 2061 2116 3640 2188">
     <span class='ocr_line' id='line_1_65' title="bbox 2061 2116 3640 2188; baseline 0.003 -19"><span class='ocrx_word' id='word_1_462' title='bbox 2061 2129 2163 2184; x_wconf 89' lang='lat' dir='ltr'><strong>ope</strong></span> <span class='ocrx_word' id='word_1_463' title='bbox 2212 2125 2376 2185; x_wconf 91' lang='lat' dir='ltr'><strong>atque</strong></span> <span class='ocrx_word' id='word_1_464' title='bbox 2427 2116 2634 2170; x_wconf 82' lang='lat' dir='ltr'><strong>auxilio</strong></span> <span class='ocrx_word' id='word_1_465' title='bbox 2684 2117 2924 2186; x_wconf 85' lang='lat' dir='ltr'><strong>pericula</strong></span> <span class='ocrx_word' id='word_1_466' title='bbox 2979 2116 3256 2185; x_wconf 76' lang='lat' dir='ltr'><strong>fugimus,</strong></span> <span class='ocrx_word' id='word_1_467' title='bbox 3301 2117 3640 2188; x_wconf 86' lang='lat' dir='ltr'><strong>designant:</strong></span> 
     </span>
    </p>
   </div>
   <div class='ocr_carea' id='block_1_66' title="bbox 2060 2208 3645 2281">
    <p class='ocr_par' dir='ltr' id='par_1_66' title="bbox 2060 2208 3645 2281">
     <span class='ocr_line' id='line_1_66' title="bbox 2060 2208 3645 2281; baseline 0.003 -19"><span class='ocrx_word' id='word_1_468' title='bbox 2060 2217 2122 2262; x_wconf 87' lang='lat' dir='ltr'><strong>ut</strong></span> <span class='ocrx_word' id='word_1_469' title='bbox 2175 2223 2204 2262; x_wconf 89' lang='lat' dir='ltr'><strong>a</strong></span> <span class='ocrx_word' id='word_1_470' title='bbox 2269 2208 2638 2278; x_wconf 63' lang='lat' dir='ltr'><strong>praesentibus</strong></span> <span class='ocrx_word' id='word_1_471' title='bbox 2694 2209 2854 2264; x_wconf 87' lang='lat' dir='ltr'><strong>malis</strong></span> <span class='ocrx_word' id='word_1_472' title='bbox 2910 2218 2963 2263; x_wconf 88' lang='lat' dir='ltr'><strong>et</strong></span> <span class='ocrx_word' id='word_1_473' title='bbox 3015 2224 3199 2263; x_wconf 89' lang='lat' dir='ltr'><strong>rerum</strong></span> <span class='ocrx_word' id='word_1_474' title='bbox 3252 2210 3645 2281; x_wconf 84' lang='lat' dir='ltr'><strong>acerbitatibus</strong></span> 
     </span>
    </p>
   </div>
   <div class='ocr_carea' id='block_1_67' title="bbox 2059 2298 3642 2370">
    <p class='ocr_par' dir='ltr' id='par_1_67' title="bbox 2059 2298 3642 2370">
     <span class='ocr_line' id='line_1_67' title="bbox 2059 2298 3642 2370; baseline 0.002 -19"><span class='ocrx_word' id='word_1_475' title='bbox 2059 2313 2223 2367; x_wconf 88' lang='lat' dir='ltr'><strong>quam</strong></span> <span class='ocrx_word' id='word_1_476' title='bbox 2270 2298 2593 2368; x_wconf 79' lang='lat' dir='ltr'><strong>longissime</strong></span> <span class='ocrx_word' id='word_1_477' title='bbox 2643 2298 2806 2352; x_wconf 87' lang='lat' dir='ltr'><strong>absit.</strong></span> <span class='ocrx_word' id='word_1_478' title='bbox 2855 2298 3007 2369; x_wconf 86' lang='lat' dir='ltr'><strong>Fuge</strong></span> <span class='ocrx_word' id='word_1_479' title='bbox 3039 2300 3227 2370; x_wconf 82' lang='lat' dir='ltr'><strong>itaque</strong></span> <span class='ocrx_word' id='word_1_480' title='bbox 3274 2299 3520 2357; x_wconf 90' lang='lat' dir='ltr'><strong>forenses</strong></span> <span class='ocrx_word' id='word_1_481' title='bbox 3552 2311 3642 2354; x_wconf 86' lang='lat' dir='ltr'><strong>tu-</strong></span> 
     </span>
    </p>
   </div>
   <div class='ocr_carea' id='block_1_68' title="bbox 2061 2389 3643 2464">
    <p class='ocr_par' dir='ltr' id='par_1_68' title="bbox 2061 2389 3643 2464">
     <span class='ocr_line' id='line_1_68' title="bbox 2061 2389 3643 2464; baseline 0.004 -22"><span class='ocrx_word' id='word_1_482' title='bbox 2061 2389 2268 2444; x_wconf 88' lang='lat' dir='ltr'><strong>multus</strong></span> <span class='ocrx_word' id='word_1_483' title='bbox 2297 2405 2419 2444; x_wconf 91' lang='lat' dir='ltr'><strong>cum</strong></span> <span class='ocrx_word' id='word_1_484' title='bbox 2469 2390 2730 2459; x_wconf 70' lang='lat' dir='ltr'><strong>praeclaro</strong></span> <span class='ocrx_word' id='word_1_485' title='bbox 2781 2393 3069 2459; x_wconf 74' lang='lat' dir='ltr'><strong>comitatu,</strong></span> <span class='ocrx_word' id='word_1_486' title='bbox 3122 2394 3380 2464; x_wconf 83' lang='lat' dir='ltr'><strong>baptismi</strong></span> <span class='ocrx_word' id='word_1_487' title='bbox 3414 2396 3643 2452; x_wconf 87' lang='lat' dir='ltr'><strong>scilicet.</strong></span> 
     </span>
    </p>
   </div>
   <div class='ocr_carea' id='block_1_69' title="bbox 2059 2479 3645 2559">
    <p class='ocr_par' dir='ltr' id='par_1_69' title="bbox 2059 2479 3645 2559">
     <span class='ocr_line' id='line_1_69' title="bbox 2059 2479 3645 2559; baseline 0.007 -24"><span class='ocrx_word' id='word_1_488' title='bbox 2059 2479 2201 2549; x_wconf 90' lang='lat' dir='ltr'><strong>Quid</strong></span> <span class='ocrx_word' id='word_1_489' title='bbox 2246 2483 2393 2538; x_wconf 88' lang='lat' dir='ltr'><strong>enim</strong></span> <span class='ocrx_word' id='word_1_490' title='bbox 2446 2486 2543 2540; x_wconf 90' lang='lat' dir='ltr'><strong>tibi</strong></span> <span class='ocrx_word' id='word_1_491' title='bbox 2595 2500 2720 2540; x_wconf 88' lang='lat' dir='ltr'><strong>cum</strong></span> <span class='ocrx_word' id='word_1_492' title='bbox 2752 2483 2967 2540; x_wconf 72' lang='lat' dir='ltr'><strong>Caesare</strong></span> <span class='ocrx_word' id='word_1_493' title='bbox 3009 2484 3358 2559; x_wconf 85' lang='lat' dir='ltr'><strong>Caesarisque</strong></span> <span class='ocrx_word' id='word_1_494' title='bbox 3410 2490 3645 2556; x_wconf 80' lang='lat' dir='ltr'><strong>negotiis</strong></span> 
     </span>
    </p>
   </div>
   <div class='ocr_carea' id='block_1_70' title="bbox 2059 2573 3647 2647">
    <p class='ocr_par' dir='ltr' id='par_1_70' title="bbox 2059 2573 3647 2647">
     <span class='ocr_line' id='line_1_70' title="bbox 2059 2573 3647 2647; baseline 0.003 -21"><span class='ocrx_word' id='word_1_495' title='bbox 2059 2586 2356 2627; x_wconf 89' lang='lat' dir='ltr'><strong>commune</strong></span> <span class='ocrx_word' id='word_1_496' title='bbox 2407 2584 2514 2635; x_wconf 70' lang='lat' dir='ltr'><strong>est,</strong></span> <span class='ocrx_word' id='word_1_497' title='bbox 2561 2573 2665 2627; x_wconf 87' lang='lat' dir='ltr'><strong>hoc</strong></span> <span class='ocrx_word' id='word_1_498' title='bbox 2696 2583 2815 2638; x_wconf 84' lang='lat' dir='ltr'><strong>est,</strong></span> <span class='ocrx_word' id='word_1_499' title='bbox 2867 2590 2991 2628; x_wconf 91' lang='lat' dir='ltr'><strong>cum</strong></span> <span class='ocrx_word' id='word_1_500' title='bbox 3025 2575 3216 2630; x_wconf 87' lang='lat' dir='ltr'><strong>mundi</strong></span> <span class='ocrx_word' id='word_1_501' title='bbox 3252 2579 3495 2647; x_wconf 88' lang='lat' dir='ltr'><strong>principe</strong></span> <span class='ocrx_word' id='word_1_502' title='bbox 3529 2580 3647 2633; x_wconf 87' lang='lat' dir='ltr'><strong>dia-</strong></span> 
     </span>
    </p>
   </div>
   <div class='ocr_carea' id='block_1_71' title="bbox 2063 2662 3641 2737">
    <p class='ocr_par' dir='ltr' id='par_1_71' title="bbox 2063 2662 3641 2737">
     <span class='ocr_line' id='line_1_71' title="bbox 2063 2662 3641 2737; baseline 0.003 -21"><span class='ocrx_word' id='word_1_503' title='bbox 2063 2662 2210 2729; x_wconf 91' lang='lat' dir='ltr'><strong>bolo,</strong></span> <span class='ocrx_word' id='word_1_504' title='bbox 2249 2673 2343 2717; x_wconf 91' lang='lat' dir='ltr'><strong>aut</strong></span> <span class='ocrx_word' id='word_1_505' title='bbox 2376 2664 2543 2733; x_wconf 88' lang='lat' dir='ltr'><strong>hujus</strong></span> <span class='ocrx_word' id='word_1_506' title='bbox 2572 2663 2693 2717; x_wconf 76' lang='lat' dir='ltr'><strong>vitae</strong></span> <span class='ocrx_word' id='word_1_507' title='bbox 2724 2666 2975 2735; x_wconf 77' lang='lat' dir='ltr'><strong>negotiis,</strong></span> <span class='ocrx_word' id='word_1_508' title='bbox 3027 2680 3094 2721; x_wconf 91' lang='lat' dir='ltr'><strong>ac</strong></span> <span class='ocrx_word' id='word_1_509' title='bbox 3144 2682 3269 2737; x_wconf 86' lang='lat' dir='ltr'><strong>rege</strong></span> <span class='ocrx_word' id='word_1_510' title='bbox 3299 2668 3490 2723; x_wconf 89' lang='lat' dir='ltr'><strong>horum</strong></span> <span class='ocrx_word' id='word_1_511' title='bbox 3536 2671 3641 2723; x_wconf 84' lang='lat' dir='ltr'><strong>im-</strong></span> 
     </span>
    </p>
   </div>
   <div class='ocr_carea' id='block_1_72' title="bbox 2059 2747 3721 2829">
    <p class='ocr_par' dir='ltr' id='par_1_72' title="bbox 2059 2747 3721 2829">
     <span class='ocr_line' id='line_1_72' title="bbox 2059 2747 3721 2829; baseline 0.003 -19"><span class='ocrx_word' id='word_1_512' title='bbox 2059 2757 2268 2825; x_wconf 86' lang='lat' dir='ltr'><strong>perium</strong></span> <span class='ocrx_word' id='word_1_513' title='bbox 2298 2756 2644 2811; x_wconf 82' lang='lat' dir='ltr'><strong>obtinente“</strong></span> <span class='ocrx_word' id='word_1_514' title='bbox 2670 2757 2692 2809; x_wconf 77' lang='lat' dir='ltr'><strong>i</strong></span> <span class='ocrx_word' id='word_1_515' title='bbox 2733 2756 2812 2812; x_wconf 86' lang='lat' dir='ltr'><strong>Ne</strong></span> <span class='ocrx_word' id='word_1_516' title='bbox 2842 2758 2994 2828; x_wconf 88' lang='lat' dir='ltr'><strong>prius</strong></span> <span class='ocrx_word' id='word_1_517' title='bbox 3023 2761 3135 2815; x_wconf 94' lang='lat' dir='ltr'><strong>ullo</strong></span> <span class='ocrx_word' id='word_1_518' title='bbox 3193 2761 3314 2816; x_wconf 89' lang='lat' dir='ltr'><strong>loco</strong></span> <span class='ocrx_word' id='word_1_519' title='bbox 3345 2764 3641 2829; x_wconf 80' lang='lat' dir='ltr'><strong>consistas,</strong></span> <span class='ocrx_word' id='word_1_520' title='bbox 3715 2747 3721 2754; x_wconf 73' lang='grc'><em>’</em></span> 
     </span>
    </p>
   </div>
   <div class='ocr_carea' id='block_1_73' title="bbox 2059 2848 3649 2925">
    <p class='ocr_par' dir='ltr' id='par_1_73' title="bbox 2059 2848 3649 2925">
     <span class='ocr_line' id='line_1_73' title="bbox 2059 2848 3649 2925; baseline 0.007 -24"><span class='ocrx_word' id='word_1_521' title='bbox 2059 2864 2222 2918; x_wconf 83' lang='lat' dir='ltr'><strong>quam</strong></span> <span class='ocrx_word' id='word_1_522' title='bbox 2278 2848 2345 2903; x_wconf 88' lang='lat' dir='ltr'><strong>ad</strong></span> <span class='ocrx_word' id='word_1_523' title='bbox 2397 2848 2597 2903; x_wconf 68' lang='lat' dir='ltr'><strong>cadum</strong></span> <span class='ocrx_word' id='word_1_524' title='bbox 2650 2853 2980 2919; x_wconf 86' lang='lat' dir='ltr'><strong>perveneris,</strong></span> <span class='ocrx_word' id='word_1_525' title='bbox 3040 2854 3131 2908; x_wconf 87' lang='lat' dir='ltr'><strong>ubi</strong></span> <span class='ocrx_word' id='word_1_526' title='bbox 3181 2870 3279 2909; x_wconf 89' lang='lat' dir='ltr'><strong>nec</strong></span> <span class='ocrx_word' id='word_1_527' title='bbox 3324 2857 3541 2925; x_wconf 89' lang='lat' dir='ltr'><strong>plenum</strong></span> <span class='ocrx_word' id='word_1_528' title='bbox 3582 2872 3649 2912; x_wconf 88' lang='lat' dir='ltr'><strong>ac</strong></span> 
     </span>
    </p>
   </div>
   <div class='ocr_carea' id='block_1_74' title="bbox 2060 2940 3642 3015">
    <p class='ocr_par' dir='ltr' id='par_1_74' title="bbox 2060 2940 3642 3015">
     <span class='ocr_line' id='line_1_74' title="bbox 2060 2940 3642 3015; baseline 0.006 -21"><span class='ocrx_word' id='word_1_529' title='bbox 2060 2940 2364 3012; x_wconf 87' lang='lat' dir='ltr'><strong>perfectum</strong></span> <span class='ocrx_word' id='word_1_530' title='bbox 2421 2951 2704 3011; x_wconf 89' lang='lat' dir='ltr'><strong>peccatum</strong></span> <span class='ocrx_word' id='word_1_531' title='bbox 2742 2952 2829 2997; x_wconf 89' lang='lat' dir='ltr'><strong>est</strong></span> <span class='ocrx_word' id='word_1_532' title='bbox 2867 2961 2880 2997; x_wconf 89' lang='lat'><strong>:</strong></span> <span class='ocrx_word' id='word_1_533' title='bbox 2916 2960 3018 2999; x_wconf 89' lang='lat' dir='ltr'><strong>nec</strong></span> <span class='ocrx_word' id='word_1_534' title='bbox 3066 2944 3380 3010; x_wconf 82' lang='lat' dir='ltr'><strong>infuseutio.</strong></span> <span class='ocrx_word' id='word_1_535' title='bbox 3435 2949 3485 3002; x_wconf 92' lang='lat' dir='ltr'><strong>id</strong></span> <span class='ocrx_word' id='word_1_536' title='bbox 3536 2961 3642 3015; x_wconf 85' lang='lat' dir='ltr'><strong>est,</strong></span> 
     </span>
    </p>
   </div>
   <div class='ocr_carea' id='block_1_75' title="bbox 2059 3030 3646 3107">
    <p class='ocr_par' dir='ltr' id='par_1_75' title="bbox 2059 3030 3646 3107">
     <span class='ocr_line' id='line_1_75' title="bbox 2059 3030 3646 3107; baseline 0.006 -24"><span class='ocrx_word' id='word_1_537' title='bbox 2059 3030 2236 3085; x_wconf 86' lang='lat' dir='ltr'><strong>levius</strong></span> <span class='ocrx_word' id='word_1_538' title='bbox 2263 3031 2480 3097; x_wconf 85' lang='lat' dir='ltr'><strong>vitium,</strong></span> <span class='ocrx_word' id='word_1_539' title='bbox 2512 3043 2675 3102; x_wconf 91' lang='lat' dir='ltr'><strong>atquc</strong></span> <span class='ocrx_word' id='word_1_540' title='bbox 2720 3034 2905 3087; x_wconf 89' lang='lat' dir='ltr'><strong>animo</strong></span> <span class='ocrx_word' id='word_1_541' title='bbox 2951 3035 3069 3089; x_wconf 92' lang='lat' dir='ltr'><strong>solo</strong></span> <span class='ocrx_word' id='word_1_542' title='bbox 3099 3035 3398 3090; x_wconf 83' lang='lat' dir='ltr'><strong>conﬂatum</strong></span> <span class='ocrx_word' id='word_1_543' title='bbox 3432 3050 3483 3093; x_wconf 90' lang='lat' dir='ltr'><strong>et</strong></span> <span class='ocrx_word' id='word_1_544' title='bbox 3519 3055 3646 3107; x_wconf 88' lang='lat' dir='ltr'><strong>pro-</strong></span> 
     </span>
    </p>
   </div>
   <div class='ocr_carea' id='block_1_76' title="bbox 2060 3126 3642 3194">
    <p class='ocr_par' dir='ltr' id='par_1_76' title="bbox 2060 3126 3642 3194">
     <span class='ocr_line' id='line_1_76' title="bbox 2060 3126 3642 3194; baseline 0.008 -18"><span class='ocrx_word' id='word_1_545' title='bbox 2060 3132 2327 3189; x_wconf 88' lang='lat' dir='ltr'><strong>creatum,</strong></span> <span class='ocrx_word' id='word_1_546' title='bbox 2380 3138 2619 3194; x_wconf 89' lang='lat' dir='ltr'><strong>eumque</strong></span> <span class='ocrx_word' id='word_1_547' title='bbox 2668 3126 2945 3182; x_wconf 73' lang='lat' dir='ltr'><strong>cicatricis</strong></span> <span class='ocrx_word' id='word_1_548' title='bbox 2994 3129 3172 3183; x_wconf 88' lang='lat' dir='ltr'><strong>instar</strong></span> <span class='ocrx_word' id='word_1_549' title='bbox 3217 3131 3524 3188; x_wconf 75' lang='lat' dir='ltr'><strong>obscuratis</strong></span> <span class='ocrx_word' id='word_1_550' title='bbox 3579 3150 3642 3188; x_wconf 84' lang='lat' dir='ltr'><strong>ac</strong></span> 
     </span>
    </p>
   </div>
   <div class='ocr_carea' id='block_1_77' title="bbox 2058 3212 3642 3290">
    <p class='ocr_par' dir='ltr' id='par_1_77' title="bbox 2058 3212 3642 3290">
     <span class='ocr_line' id='line_1_77' title="bbox 2058 3212 3642 3290; baseline 0.008 -24"><span class='ocrx_word' id='word_1_551' title='bbox 2058 3213 2278 3283; x_wconf 87' lang='lat' dir='ltr'><strong>nigrore</strong></span> <span class='ocrx_word' id='word_1_552' title='bbox 2312 3212 2574 3279; x_wconf 87' lang='lat' dir='ltr'><strong>alliciens,</strong></span> <span class='ocrx_word' id='word_1_553' title='bbox 2611 3231 2711 3271; x_wconf 89' lang='lat' dir='ltr'><strong>nec</strong></span> <span class='ocrx_word' id='word_1_554' title='bbox 2751 3216 2906 3282; x_wconf 84' lang='lat' dir='ltr'><strong>juxta</strong></span> <span class='ocrx_word' id='word_1_555' title='bbox 2938 3218 3014 3283; x_wconf 90' lang='lat' dir='ltr'><strong>id,</strong></span> <span class='ocrx_word' id='word_1_556' title='bbox 3068 3220 3211 3290; x_wconf 86' lang='lat' dir='ltr'><strong>quod</strong></span> <span class='ocrx_word' id='word_1_557' title='bbox 3255 3222 3308 3275; x_wconf 89' lang='lat' dir='ltr'><strong>in</strong></span> <span class='ocrx_word' id='word_1_558' title='bbox 3342 3222 3540 3279; x_wconf 79' lang='lat' dir='ltr'><strong>Genesi</strong></span> <span class='ocrx_word' id='word_1_559' title='bbox 3574 3227 3642 3279; x_wconf 83' lang='lat' dir='ltr'><strong>de</strong></span> 
     </span>
    </p>
   </div>
   <div class='ocr_carea' id='block_1_78' title="bbox 2062 3305 3644 3378">
    <p class='ocr_par' dir='ltr' id='par_1_78' title="bbox 2062 3305 3644 3378">
     <span class='ocr_line' id='line_1_78' title="bbox 2062 3305 3644 3378; baseline 0.013 -21"><span class='ocrx_word' id='word_1_560' title='bbox 2062 3305 2192 3359; x_wconf 89' lang='lat' dir='ltr'><strong>Dam</strong></span> <span class='ocrx_word' id='word_1_561' title='bbox 2258 3307 2524 3378; x_wconf 87' lang='lat' dir='ltr'><strong>scriptum</strong></span> <span class='ocrx_word' id='word_1_562' title='bbox 2573 3311 2739 3377; x_wconf 83' lang='lat' dir='ltr'><strong>est&quot;,</strong></span> <span class='ocrx_word' id='word_1_563' title='bbox 2788 3312 3002 3367; x_wconf 86' lang='lat' dir='ltr'><strong>coluber</strong></span> <span class='ocrx_word' id='word_1_564' title='bbox 3047 3316 3101 3369; x_wconf 89' lang='lat' dir='ltr'><strong>in</strong></span> <span class='ocrx_word' id='word_1_565' title='bbox 3139 3318 3224 3371; x_wconf 84' lang='lat' dir='ltr'><strong>via</strong></span> <span class='ocrx_word' id='word_1_566' title='bbox 3252 3321 3495 3375; x_wconf 76' lang='lat' dir='ltr'><strong>mordens</strong></span> <span class='ocrx_word' id='word_1_567' title='bbox 3533 3323 3644 3377; x_wconf 84' lang='lat' dir='ltr'><strong>cal-</strong></span> 
     </span>
    </p>
   </div>
   <div class='ocr_carea' id='block_1_79' title="bbox 2057 3401 3638 3477">
    <p class='ocr_par' dir='ltr' id='par_1_79' title="bbox 2057 3401 3638 3477">
     <span class='ocr_line' id='line_1_79' title="bbox 2057 3401 3638 3477; baseline 0.011 -28"><span class='ocrx_word' id='word_1_568' title='bbox 2057 3413 2298 3463; x_wconf 78' lang='lat' dir='ltr'><strong>caueant,</strong></span> <span class='ocrx_word' id='word_1_569' title='bbox 2353 3401 2457 3454; x_wconf 88' lang='lat' dir='ltr'><strong>hoc</strong></span> <span class='ocrx_word' id='word_1_570' title='bbox 2500 3411 2603 3465; x_wconf 90' lang='lat' dir='ltr'><strong>est,</strong></span> <span class='ocrx_word' id='word_1_571' title='bbox 2650 3402 2901 3459; x_wconf 85' lang='lat' dir='ltr'><strong>diabolus</strong></span> <span class='ocrx_word' id='word_1_572' title='bbox 2931 3404 2984 3458; x_wconf 90' lang='lat' dir='ltr'><strong>in</strong></span> <span class='ocrx_word' id='word_1_573' title='bbox 3016 3405 3250 3477; x_wconf 84' lang='lat' dir='ltr'><strong>hujusce</strong></span> <span class='ocrx_word' id='word_1_574' title='bbox 3287 3410 3408 3465; x_wconf 74' lang='lat' dir='ltr'><strong>vita:</strong></span> <span class='ocrx_word' id='word_1_575' title='bbox 3442 3414 3526 3467; x_wconf 87' lang='lat' dir='ltr'><strong>via</strong></span> <span class='ocrx_word' id='word_1_576' title='bbox 3556 3416 3638 3467; x_wconf 84' lang='lat' dir='ltr'><strong>iu-</strong></span> 
     </span>
    </p>
   </div>
   <div class='ocr_carea' id='block_1_80' title="bbox 2055 3491 3640 3577">
    <p class='ocr_par' dir='ltr' id='par_1_80' title="bbox 2055 3491 3640 3577">
     <span class='ocr_line' id='line_1_80' title="bbox 2055 3491 3640 3577; baseline 0.011 -31"><span class='ocrx_word' id='word_1_577' title='bbox 2055 3491 2224 3548; x_wconf 87' lang='lat' dir='ltr'><strong>sidias</strong></span> <span class='ocrx_word' id='word_1_578' title='bbox 2272 3495 2520 3561; x_wconf 87' lang='lat' dir='ltr'><strong>tendens,</strong></span> <span class='ocrx_word' id='word_1_579' title='bbox 2577 3505 2636 3551; x_wconf 92' lang='lat' dir='ltr'><strong>ut</strong></span> <span class='ocrx_word' id='word_1_580' title='bbox 2683 3498 2803 3568; x_wconf 89' lang='lat' dir='ltr'><strong>pios</strong></span> <span class='ocrx_word' id='word_1_581' title='bbox 2855 3515 3078 3570; x_wconf 88' lang='lat' dir='ltr'><strong>gressus</strong></span> <span class='ocrx_word' id='word_1_582' title='bbox 3146 3510 3272 3559; x_wconf 90' lang='lat' dir='ltr'><strong>tuos</strong></span> <span class='ocrx_word' id='word_1_583' title='bbox 3355 3507 3640 3577; x_wconf 74' lang='lat' dir='ltr'><strong>impediat.</strong></span> 
     </span>
    </p>
   </div>
   <div class='ocr_carea' id='block_1_81' title="bbox 2054 3585 3639 3668">
    <p class='ocr_par' dir='ltr' id='par_1_81' title="bbox 2054 3585 3639 3668">
     <span class='ocr_line' id='line_1_81' title="bbox 2054 3585 3639 3668; baseline 0.01 -29"><span class='ocrx_word' id='word_1_584' title='bbox 2054 3585 2255 3658; x_wconf 82' lang='lat' dir='ltr'><strong>Abripe</strong></span> <span class='ocrx_word' id='word_1_585' title='bbox 2282 3589 2521 3643; x_wconf 88' lang='lat' dir='ltr'><strong>animam</strong></span> <span class='ocrx_word' id='word_1_586' title='bbox 2556 3600 2705 3644; x_wconf 91' lang='lat' dir='ltr'><strong>tuam</strong></span> <span class='ocrx_word' id='word_1_587' title='bbox 2756 3606 2784 3644; x_wconf 89' lang='lat' dir='ltr'><strong>a</strong></span> <span class='ocrx_word' id='word_1_588' title='bbox 2818 3593 3006 3648; x_wconf 85' lang='lat' dir='ltr'><strong>mundi</strong></span> <span class='ocrx_word' id='word_1_589' title='bbox 3059 3597 3391 3666; x_wconf 77' lang='lat' dir='ltr'><strong>corruptela,</strong></span> <span class='ocrx_word' id='word_1_590' title='bbox 3445 3616 3639 3668; x_wconf 85' lang='lat' dir='ltr'><strong>quem-</strong></span> 
     </span>
    </p>
   </div>
   <div class='ocr_carea' id='block_1_82' title="bbox 2054 3680 3642 3764">
    <p class='ocr_par' dir='ltr' id='par_1_82' title="bbox 2054 3680 3642 3764">
     <span class='ocr_line' id='line_1_82' title="bbox 2054 3680 3642 3764; baseline 0.009 -31"><span class='ocrx_word' id='word_1_591' title='bbox 2054 3680 2349 3735; x_wconf 87' lang='lat' dir='ltr'><strong>admodum</strong></span> <span class='ocrx_word' id='word_1_592' title='bbox 2398 3682 2574 3753; x_wconf 87' lang='lat' dir='ltr'><strong>angeli</strong></span> <span class='ocrx_word' id='word_1_593' title='bbox 2610 3696 2860 3740; x_wconf 87' lang='lat' dir='ltr'><strong>sanctum</strong></span> <span class='ocrx_word' id='word_1_594' title='bbox 2896 3685 3027 3764; x_wconf 82' lang='lat' dir='ltr'><strong>Lota</strong></span> <span class='ocrx_word' id='word_1_595' title='bbox 3063 3688 3312 3746; x_wconf 63' lang='lat' dir='ltr'><strong>Sodomm</strong></span> <span class='ocrx_word' id='word_1_596' title='bbox 3340 3692 3642 3763; x_wconf 77' lang='lat' dir='ltr'><strong>conﬂagra-</strong></span> 
     </span>
    </p>
   </div>
   <div class='ocr_carea' id='block_1_83' title="bbox 2056 3772 3635 3852">
    <p class='ocr_par' dir='ltr' id='par_1_83' title="bbox 2056 3772 3635 3852">
     <span class='ocr_line' id='line_1_83' title="bbox 2056 3772 3635 3852; baseline 0.01 -27"><span class='ocrx_word' id='word_1_597' title='bbox 2056 3774 2206 3827; x_wconf 91' lang='lat' dir='ltr'><strong>tione</strong></span> <span class='ocrx_word' id='word_1_598' title='bbox 2256 3772 2649 3831; x_wconf 85' lang='lat' dir='ltr'><strong>abstraxerunt</strong></span> <span class='ocrx_word' id='word_1_599' title='bbox 2692 3778 2758 3832; x_wconf 79' lang='lat'><strong>&quot;.</strong></span> <span class='ocrx_word' id='word_1_600' title='bbox 2811 3777 3101 3835; x_wconf 86' lang='lat' dir='ltr'><strong>Peccatum</strong></span> <span class='ocrx_word' id='word_1_601' title='bbox 3148 3784 3304 3852; x_wconf 89' lang='lat' dir='ltr'><strong>quasi</strong></span> <span class='ocrx_word' id='word_1_602' title='bbox 3342 3784 3635 3841; x_wconf 88' lang='lat' dir='ltr'><strong>Sodomam</strong></span> 
     </span>
    </p>
   </div>
   <div class='ocr_carea' id='block_1_84' title="bbox 2054 3865 3638 3940">
    <p class='ocr_par' dir='ltr' id='par_1_84' title="bbox 2054 3865 3638 3940">
     <span class='ocr_line' id='line_1_84' title="bbox 2054 3865 3638 3940; baseline 0.009 -21"><span class='ocrx_word' id='word_1_603' title='bbox 2054 3865 2202 3935; x_wconf 86' lang='lat' dir='ltr'><strong>fuge,</strong></span> <span class='ocrx_word' id='word_1_604' title='bbox 2256 3866 2541 3937; x_wconf 89' lang='lat' dir='ltr'><strong>ipsiusque</strong></span> <span class='ocrx_word' id='word_1_605' title='bbox 2580 3884 2795 3940; x_wconf 65' lang='lat' dir='ltr'><strong>poenam</strong></span> <span class='ocrx_word' id='word_1_606' title='bbox 2832 3872 2977 3928; x_wconf 88' lang='lat' dir='ltr'><strong>velut</strong></span> <span class='ocrx_word' id='word_1_607' title='bbox 3021 3875 3361 3932; x_wconf 86' lang='lat' dir='ltr'><strong>incendium.</strong></span> <span class='ocrx_word' id='word_1_608' title='bbox 3410 3877 3491 3932; x_wconf 83' lang='lat' dir='ltr'><strong>Ad</strong></span> <span class='ocrx_word' id='word_1_609' title='bbox 3525 3879 3638 3933; x_wconf 86' lang='lat' dir='ltr'><strong>vir-</strong></span> 
     </span>
    </p>
   </div>
   <div class='ocr_carea' id='block_1_85' title="bbox 2057 3960 3630 4034">
    <p class='ocr_par' dir='ltr' id='par_1_85' title="bbox 2057 3960 3630 4034">
     <span class='ocr_line' id='line_1_85' title="bbox 2057 3960 3630 4034; baseline 0.009 -23"><span class='ocrx_word' id='word_1_610' title='bbox 2057 3966 2225 4011; x_wconf 89' lang='lat' dir='ltr'><strong>tutem</strong></span> <span class='ocrx_word' id='word_1_611' title='bbox 2261 3961 2329 4011; x_wconf 90' lang='lat' dir='ltr'><strong>ita</strong></span> <span class='ocrx_word' id='word_1_612' title='bbox 2364 3960 2652 4028; x_wconf 88' lang='lat' dir='ltr'><strong>contende,</strong></span> <span class='ocrx_word' id='word_1_613' title='bbox 2690 3972 2748 4017; x_wconf 93' lang='lat' dir='ltr'><strong>ut</strong></span> <span class='ocrx_word' id='word_1_614' title='bbox 2784 3980 3130 4034; x_wconf 89' lang='lat' dir='ltr'><strong>nequaquam</strong></span> <span class='ocrx_word' id='word_1_615' title='bbox 3167 3968 3233 4023; x_wconf 90' lang='lat' dir='ltr'><strong>ad</strong></span> <span class='ocrx_word' id='word_1_616' title='bbox 3267 3969 3457 4024; x_wconf 89' lang='lat' dir='ltr'><strong>vitium</strong></span> <span class='ocrx_word' id='word_1_617' title='bbox 3492 3971 3585 4025; x_wconf 89' lang='lat' dir='ltr'><strong>aui</strong></span> <span class='ocrx_word' id='word_1_618' title='bbox 3608 4001 3630 4010; x_wconf 89' lang='lat'><strong>-</strong></span> 
     </span>
    </p>
   </div>
   <div class='ocr_carea' id='block_1_86' title="bbox 2056 4048 3630 4133">
    <p class='ocr_par' dir='ltr' id='par_1_86' title="bbox 2056 4048 3630 4133">
     <span class='ocr_line' id='line_1_86' title="bbox 2056 4048 3630 4133; baseline 0.01 -32"><span class='ocrx_word' id='word_1_619' title='bbox 2056 4063 2205 4102; x_wconf 89' lang='lat' dir='ltr'><strong>mum</strong></span> <span class='ocrx_word' id='word_1_620' title='bbox 2265 4048 2535 4114; x_wconf 84' lang='lat' dir='ltr'><strong>reflectas,</strong></span> <span class='ocrx_word' id='word_1_621' title='bbox 2591 4068 2658 4108; x_wconf 91' lang='lat' dir='ltr'><strong>ne</strong></span> <span class='ocrx_word' id='word_1_622' title='bbox 2712 4054 2765 4108; x_wconf 90' lang='lat' dir='ltr'><strong>in</strong></span> <span class='ocrx_word' id='word_1_623' title='bbox 2818 4057 2951 4111; x_wconf 90' lang='lat' dir='ltr'><strong>salis</strong></span> <span class='ocrx_word' id='word_1_624' title='bbox 3000 4057 3232 4129; x_wconf 77' lang='lat' dir='ltr'><strong>lapidem</strong></span> <span class='ocrx_word' id='word_1_625' title='bbox 3282 4075 3630 4133; x_wconf 77' lang='lat' dir='ltr'><strong>concrescas,</strong></span> 
     </span>
    </p>
   </div>
   <div class='ocr_carea' id='block_1_87' title="bbox 2055 4140 3631 4220">
    <p class='ocr_par' dir='ltr' id='par_1_87' title="bbox 2055 4140 3631 4220">
     <span class='ocr_line' id='line_1_87' title="bbox 2055 4140 3631 4220; baseline 0.007 -25"><span class='ocrx_word' id='word_1_626' title='bbox 2055 4140 2160 4195; x_wconf 88' lang='lat' dir='ltr'><strong>hoc</strong></span> <span class='ocrx_word' id='word_1_627' title='bbox 2188 4150 2293 4204; x_wconf 89' lang='lat' dir='ltr'><strong>est,</strong></span> <span class='ocrx_word' id='word_1_628' title='bbox 2344 4155 2412 4195; x_wconf 88' lang='lat' dir='ltr'><strong>ne</strong></span> <span class='ocrx_word' id='word_1_629' title='bbox 2460 4142 2516 4195; x_wconf 90' lang='lat' dir='ltr'><strong>in</strong></span> <span class='ocrx_word' id='word_1_630' title='bbox 2553 4145 2851 4199; x_wconf 64' lang='lat' dir='ltr'><strong>caecitatem</strong></span> <span class='ocrx_word' id='word_1_631' title='bbox 2889 4164 2952 4204; x_wconf 85' lang='lat' dir='ltr'><strong>ac</strong></span> <span class='ocrx_word' id='word_1_632' title='bbox 2989 4161 3266 4220; x_wconf 77' lang='lat' dir='ltr'><strong>stuporem</strong></span> <span class='ocrx_word' id='word_1_633' title='bbox 3303 4153 3631 4219; x_wconf 81' lang='lat' dir='ltr'><strong>prolubaris,</strong></span> 
     </span>
    </p>
   </div>
   <div class='ocr_carea' id='block_1_88' title="bbox 2054 4234 3632 4315">
    <p class='ocr_par' dir='ltr' id='par_1_88' title="bbox 2054 4234 3632 4315">
     <span class='ocr_line' id='line_1_88' title="bbox 2054 4234 3632 4315; baseline 0.006 -28"><span class='ocrx_word' id='word_1_634' title='bbox 2054 4244 2235 4288; x_wconf 87' lang='lat' dir='ltr'><strong>mente</strong></span> <span class='ocrx_word' id='word_1_635' title='bbox 2274 4234 2523 4288; x_wconf 87' lang='lat' dir='ltr'><strong>videlicet</strong></span> <span class='ocrx_word' id='word_1_636' title='bbox 2556 4235 2623 4289; x_wconf 90' lang='lat' dir='ltr'><strong>ad</strong></span> <span class='ocrx_word' id='word_1_637' title='bbox 2671 4252 2733 4291; x_wconf 87' lang='lat' dir='ltr'><strong>ea</strong></span> <span class='ocrx_word' id='word_1_638' title='bbox 2783 4254 2905 4308; x_wconf 68' lang='lat' dir='ltr'><strong>qua:</strong></span> <span class='ocrx_word' id='word_1_639' title='bbox 2953 4242 3317 4297; x_wconf 88' lang='lat' dir='ltr'><strong>conducibilia</strong></span> <span class='ocrx_word' id='word_1_640' title='bbox 3343 4253 3399 4297; x_wconf 90' lang='lat' dir='ltr'><strong>et</strong></span> <span class='ocrx_word' id='word_1_641' title='bbox 3438 4246 3632 4315; x_wconf 67' lang='lat' dir='ltr'><strong>saluti-</strong></span> 
     </span>
    </p>
   </div>
   <div class='ocr_carea' id='block_1_89' title="bbox 2054 4322 3631 4398">
    <p class='ocr_par' dir='ltr' id='par_1_89' title="bbox 2054 4322 3631 4398">
     <span class='ocr_line' id='line_1_89' title="bbox 2054 4322 3631 4398; baseline 0.008 -21"><span class='ocrx_word' id='word_1_642' title='bbox 2054 4322 2165 4378; x_wconf 87' lang='lat' dir='ltr'><strong>fera</strong></span> <span class='ocrx_word' id='word_1_643' title='bbox 2195 4331 2324 4379; x_wconf 88' lang='lat' dir='ltr'><strong>sunt</strong></span> <span class='ocrx_word' id='word_1_644' title='bbox 2355 4324 2792 4395; x_wconf 84' lang='lat' dir='ltr'><strong>obstupescente.</strong></span> <span class='ocrx_word' id='word_1_645' title='bbox 2837 4327 3001 4398; x_wconf 86' lang='lat' dir='ltr'><strong>Lapis</strong></span> <span class='ocrx_word' id='word_1_646' title='bbox 3024 4331 3169 4384; x_wconf 86' lang='lat' dir='ltr'><strong>enim</strong></span> <span class='ocrx_word' id='word_1_647' title='bbox 3203 4332 3500 4386; x_wconf 83' lang='lat' dir='ltr'><strong>caecitatem</strong></span> <span class='ocrx_word' id='word_1_648' title='bbox 3535 4334 3631 4389; x_wconf 89' lang='lat' dir='ltr'><strong>de-</strong></span> 
     </span>
    </p>
   </div>
   <div class='ocr_carea' id='block_1_90' title="bbox 2053 4414 3629 4487">
    <p class='ocr_par' dir='ltr' id='par_1_90' title="bbox 2053 4414 3629 4487">
     <span class='ocr_line' id='line_1_90' title="bbox 2053 4414 3629 4487; baseline 0.007 -18"><span class='ocrx_word' id='word_1_649' title='bbox 2053 4414 2254 4483; x_wconf 84' lang='lat' dir='ltr'><strong>signat,</strong></span> <span class='ocrx_word' id='word_1_650' title='bbox 2286 4415 2365 4470; x_wconf 90' lang='lat' dir='ltr'><strong>sal</strong></span> <span class='ocrx_word' id='word_1_651' title='bbox 2398 4424 2655 4470; x_wconf 83' lang='lat' dir='ltr'><strong>utentem.</strong></span> <span class='ocrx_word' id='word_1_652' title='bbox 2709 4416 2861 4473; x_wconf 88' lang='lat' dir='ltr'><strong>Uxor</strong></span> <span class='ocrx_word' id='word_1_653' title='bbox 2890 4434 3054 4487; x_wconf 92' lang='lat' dir='ltr'><strong>porro</strong></span> <span class='ocrx_word' id='word_1_654' title='bbox 3086 4418 3210 4486; x_wconf 88' lang='lat' dir='ltr'><strong>Lot,</strong></span> <span class='ocrx_word' id='word_1_655' title='bbox 3277 4437 3403 4477; x_wconf 91' lang='lat' dir='ltr'><strong>cum</strong></span> <span class='ocrx_word' id='word_1_656' title='bbox 3439 4425 3629 4482; x_wconf 87' lang='lat' dir='ltr'><strong>oculos</strong></span> 
     </span>
    </p>
   </div>
   <div class='ocr_carea' id='block_1_91' title="bbox 374 4498 3625 4582">
    <p class='ocr_par' dir='ltr' id='par_1_91' title="bbox 374 4498 3625 4582">
     <span class='ocr_line' id='line_1_91' title="bbox 374 4498 3625 4582; baseline 0.004 -28"><span class='ocrx_word' id='word_1_657' title='bbox 374 4514 565 4554; x_wconf 89' lang='lat' dir='ltr'><strong>versus</strong></span> <span class='ocrx_word' id='word_1_658' title='bbox 597 4509 745 4553; x_wconf 91' lang='lat' dir='ltr'><strong>tuam</strong></span> <span class='ocrx_word' id='word_1_659' title='bbox 786 4499 959 4567; x_wconf 86' lang='lat' dir='ltr'><strong>ipsius</strong></span> <span class='ocrx_word' id='word_1_660' title='bbox 987 4498 1219 4553; x_wconf 89' lang='lat' dir='ltr'><strong>salutem</strong></span> <span class='ocrx_word' id='word_1_661' title='bbox 1255 4498 1526 4569; x_wconf 81' lang='lat' dir='ltr'><strong>excogita,</strong></span> <span class='ocrx_word' id='word_1_662' title='bbox 1563 4499 1774 4570; x_wconf 83' lang='lat' dir='ltr'><strong>ﬁngens</strong></span> <span class='ocrx_word' id='word_1_663' title='bbox 1798 4501 1945 4554; x_wconf 71' lang='lat' dir='ltr'><strong>vitle-</strong></span> <span class='ocrx_word' id='word_1_664' title='bbox 1970 4522 2024 4582; x_wconf 74' lang='grc' dir='ltr'>ι)</span> <span class='ocrx_word' id='word_1_665' title='bbox 2053 4516 2200 4562; x_wconf 84' lang='lat' dir='ltr'><strong>retro</strong></span> <span class='ocrx_word' id='word_1_666' title='bbox 2250 4505 2508 4574; x_wconf 83' lang='lat' dir='ltr'><strong>ﬂexisset,</strong></span> <span class='ocrx_word' id='word_1_667' title='bbox 2563 4508 2695 4565; x_wconf 86' lang='lat' dir='ltr'><strong>salis</strong></span> <span class='ocrx_word' id='word_1_668' title='bbox 2743 4510 2998 4565; x_wconf 89' lang='lat' dir='ltr'><strong>columna</strong></span> <span class='ocrx_word' id='word_1_669' title='bbox 3050 4513 3242 4569; x_wconf 74' lang='lat' dir='ltr'><strong>effecta</strong></span> <span class='ocrx_word' id='word_1_670' title='bbox 3284 4515 3435 4571; x_wconf 75' lang='lat' dir='ltr'><strong>est“</strong></span> <span class='ocrx_word' id='word_1_671' title='bbox 3463 4556 3479 4581; x_wconf 92' lang='lat'><strong>,</strong></span> <span class='ocrx_word' id='word_1_672' title='bbox 3539 4533 3625 4571; x_wconf 73' lang='lat' dir='ltr'><strong>ea.</strong></span> 
     </span>
    </p>
   </div>
   <div class='ocr_carea' id='block_1_92' title="bbox 373 4589 1947 4660">
    <p class='ocr_par' dir='ltr' id='par_1_92' title="bbox 373 4589 1947 4660">
     <span class='ocr_line' id='line_1_92' title="bbox 373 4589 1947 4660; baseline 0 -15"><span class='ocrx_word' id='word_1_673' title='bbox 373 4591 503 4645; x_wconf 90' lang='lat' dir='ltr'><strong>licet</strong></span> <span class='ocrx_word' id='word_1_674' title='bbox 530 4601 583 4645; x_wconf 90' lang='lat' dir='ltr'><strong>te</strong></span> <span class='ocrx_word' id='word_1_675' title='bbox 608 4599 829 4660; x_wconf 89' lang='lat' dir='ltr'><strong>propter</strong></span> <span class='ocrx_word' id='word_1_676' title='bbox 876 4589 1130 4659; x_wconf 88' lang='lat' dir='ltr'><strong>baptismi</strong></span> <span class='ocrx_word' id='word_1_677' title='bbox 1180 4590 1535 4643; x_wconf 85' lang='lat' dir='ltr'><strong>reverentiam</strong></span> <span class='ocrx_word' id='word_1_678' title='bbox 1577 4593 1947 4660; x_wconf 78' lang='lat' dir='ltr'><strong>pr0rrastina-</strong></span> 
     </span>
    </p>
   </div>
   <div class='ocr_carea' id='block_1_93' title="bbox 374 4680 1944 4747">
    <p class='ocr_par' dir='ltr' id='par_1_93' title="bbox 374 4680 1944 4747">
     <span class='ocr_line' id='line_1_93' title="bbox 374 4680 1944 4747; baseline -0.001 -9"><span class='ocrx_word' id='word_1_679' title='bbox 374 4683 521 4738; x_wconf 89' lang='lat' dir='ltr'><strong>tione</strong></span> <span class='ocrx_word' id='word_1_680' title='bbox 545 4683 646 4747; x_wconf 91' lang='lat' dir='ltr'><strong>uti,</strong></span> <span class='ocrx_word' id='word_1_681' title='bbox 695 4696 820 4737; x_wconf 90' lang='lat' dir='ltr'><strong>cum</strong></span> <span class='ocrx_word' id='word_1_682' title='bbox 869 4695 1062 4736; x_wconf 81' lang='lat' dir='ltr'><strong>revera</strong></span> <span class='ocrx_word' id='word_1_683' title='bbox 1113 4695 1234 4734; x_wconf 89' lang='lat' dir='ltr'><strong>eam</strong></span> <span class='ocrx_word' id='word_1_684' title='bbox 1286 4680 1566 4735; x_wconf 76' lang='lat' dir='ltr'><strong>differendi</strong></span> <span class='ocrx_word' id='word_1_685' title='bbox 1616 4685 1944 4737; x_wconf 84' lang='lat' dir='ltr'><strong>sacramenti</strong></span> 
     </span>
    </p>
   </div>
   <div class='ocr_carea' id='block_1_94' title="bbox 370 4771 1943 4840">
    <p class='ocr_par' dir='ltr' id='par_1_94' title="bbox 370 4771 1943 4840">
     <span class='ocr_line' id='line_1_94' title="bbox 370 4771 1943 4840; baseline -0.001 -10"><span class='ocrx_word' id='word_1_686' title='bbox 370 4790 594 4830; x_wconf 79' lang='lat' dir='ltr'><strong>causam</strong></span> <span class='ocrx_word' id='word_1_687' title='bbox 652 4772 876 4836; x_wconf 84' lang='lat' dir='ltr'><strong>habeas,</strong></span> <span class='ocrx_word' id='word_1_688' title='bbox 941 4780 1001 4826; x_wconf 89' lang='lat' dir='ltr'><strong>ut</strong></span> <span class='ocrx_word' id='word_1_689' title='bbox 1051 4771 1280 4826; x_wconf 90' lang='lat' dir='ltr'><strong>liberius</strong></span> <span class='ocrx_word' id='word_1_690' title='bbox 1334 4772 1707 4840; x_wconf 88' lang='lat' dir='ltr'><strong>voluptatibus</strong></span> <span class='ocrx_word' id='word_1_691' title='bbox 1760 4774 1943 4828; x_wconf 92' lang='lat' dir='ltr'><strong>indul-</strong></span> 
     </span>
    </p>
   </div>
   <div class='ocr_carea' id='block_1_95' title="bbox 372 4860 1945 4934">
    <p class='ocr_par' dir='ltr' id='par_1_95' title="bbox 372 4860 1945 4934">
     <span class='ocr_line' id='line_1_95' title="bbox 372 4860 1945 4934; baseline 0.002 -17"><span class='ocrx_word' id='word_1_692' title='bbox 372 4879 521 4934; x_wconf 81' lang='lat' dir='ltr'><strong>geas.</strong></span> <span class='ocrx_word' id='word_1_693' title='bbox 571 4860 708 4916; x_wconf 88' lang='lat' dir='ltr'><strong>Nam</strong></span> <span class='ocrx_word' id='word_1_694' title='bbox 738 4860 991 4929; x_wconf 89' lang='lat' dir='ltr'><strong>quamvis</strong></span> <span class='ocrx_word' id='word_1_695' title='bbox 1019 4861 1156 4916; x_wconf 88' lang='lat' dir='ltr'><strong>alios</strong></span> <span class='ocrx_word' id='word_1_696' title='bbox 1189 4860 1564 4929; x_wconf 87' lang='lat' dir='ltr'><strong>fefellerimus,</strong></span> <span class='ocrx_word' id='word_1_697' title='bbox 1595 4864 1945 4920; x_wconf 67' lang='lat' dir='ltr'><strong>conscientiae</strong></span> 
     </span>
    </p>
   </div>
   <div class='ocr_carea' id='block_1_96' title="bbox 373 4953 1941 5024">
    <p class='ocr_par' dir='ltr' id='par_1_96' title="bbox 373 4953 1941 5024">
     <span class='ocr_line' id='line_1_96' title="bbox 373 4953 1941 5024; baseline 0.002 -16"><span class='ocrx_word' id='word_1_698' title='bbox 373 4966 552 5008; x_wconf 87' lang='lat' dir='ltr'><strong>tamen</strong></span> <span class='ocrx_word' id='word_1_699' title='bbox 588 4961 788 5007; x_wconf 59' lang='lat' dir='ltr'><strong>nostrae</strong></span> <span class='ocrx_word' id='word_1_700' title='bbox 818 4965 1099 5021; x_wconf 88' lang='lat' dir='ltr'><strong>nunquam</strong></span> <span class='ocrx_word' id='word_1_701' title='bbox 1153 4954 1507 5022; x_wconf 86' lang='lat' dir='ltr'><strong>imposturam</strong></span> <span class='ocrx_word' id='word_1_702' title='bbox 1555 4953 1735 5010; x_wconf 80' lang='lat' dir='ltr'><strong>iacere</strong></span> <span class='ocrx_word' id='word_1_703' title='bbox 1785 4965 1941 5024; x_wconf 91' lang='lat' dir='ltr'><strong>pote-</strong></span> 
     </span>
    </p>
   </div>
   <div class='ocr_carea' id='block_1_97' title="bbox 342 5043 1937 5115">
    <p class='ocr_par' dir='ltr' id='par_1_97' title="bbox 342 5043 1937 5115">
     <span class='ocr_line' id='line_1_97' title="bbox 342 5043 1937 5115; baseline 0.002 -16"><span class='ocrx_word' id='word_1_704' title='bbox 342 5047 565 5115; x_wconf 73' lang='lat' dir='ltr'><strong>,rimus.</strong></span> <span class='ocrx_word' id='word_1_705' title='bbox 593 5045 670 5099; x_wconf 85' lang='lat' dir='ltr'><strong>Ac</strong></span> <span class='ocrx_word' id='word_1_706' title='bbox 697 5043 938 5113; x_wconf 85' lang='lat' dir='ltr'><strong>profecto</strong></span> <span class='ocrx_word' id='word_1_707' title='bbox 968 5043 1229 5099; x_wconf 88' lang='lat' dir='ltr'><strong>adversus</strong></span> <span class='ocrx_word' id='word_1_708' title='bbox 1258 5045 1487 5098; x_wconf 89' lang='lat' dir='ltr'><strong>salutem</strong></span> <span class='ocrx_word' id='word_1_709' title='bbox 1537 5059 1692 5100; x_wconf 90' lang='lat' dir='ltr'><strong>suam</strong></span> <span class='ocrx_word' id='word_1_710' title='bbox 1733 5046 1937 5115; x_wconf 89' lang='lat' dir='ltr'><strong>ludere,</strong></span> 
     </span>
    </p>
   </div>
   <div class='ocr_carea' id='block_1_98' title="bbox 373 5135 1940 5207">
    <p class='ocr_par' dir='ltr' id='par_1_98' title="bbox 373 5135 1940 5207">
     <span class='ocr_line' id='line_1_98' title="bbox 373 5135 1940 5207; baseline 0.002 -15"><span class='ocrx_word' id='word_1_711' title='bbox 373 5138 732 5207; x_wconf 86' lang='lat' dir='ltr'><strong>fraudemque</strong></span> <span class='ocrx_word' id='word_1_712' title='bbox 793 5146 999 5203; x_wconf 83' lang='lat' dir='ltr'><strong>texere,</strong></span> <span class='ocrx_word' id='word_1_713' title='bbox 1060 5135 1431 5207; x_wconf 88' lang='lat' dir='ltr'><strong>periculosum</strong></span> <span class='ocrx_word' id='word_1_714' title='bbox 1483 5146 1613 5192; x_wconf 90' lang='lat' dir='ltr'><strong>est:</strong></span> <span class='ocrx_word' id='word_1_715' title='bbox 1649 5137 1760 5192; x_wconf 90' lang='lat' dir='ltr'><strong>imo</strong></span> <span class='ocrx_word' id='word_1_716' title='bbox 1812 5154 1940 5195; x_wconf 87' lang='lat' dir='ltr'><strong>vero</strong></span> 
     </span>
    </p>
   </div>
   <div class='ocr_carea' id='block_1_99' title="bbox 370 5224 1946 5301">
    <p class='ocr_par' dir='ltr' id='par_1_99' title="bbox 370 5224 1946 5301">
     <span class='ocr_line' id='line_1_99' title="bbox 370 5224 1946 5301; baseline 0.002 -17"><span class='ocrx_word' id='word_1_717' title='bbox 370 5230 675 5301; x_wconf 76' lang='lat' dir='ltr'><strong>perspicua:</strong></span> <span class='ocrx_word' id='word_1_718' title='bbox 726 5237 810 5284; x_wconf 89' lang='lat' dir='ltr'><strong>est</strong></span> <span class='ocrx_word' id='word_1_719' title='bbox 860 5229 1092 5284; x_wconf 60' lang='lat' dir='ltr'><strong>insaniae</strong></span> <span class='ocrx_word' id='word_1_720' title='bbox 1144 5243 1269 5283; x_wconf 90' lang='lat' dir='ltr'><strong>cum</strong></span> <span class='ocrx_word' id='word_1_721' title='bbox 1318 5224 1434 5283; x_wconf 86' lang='lat' dir='ltr'><strong>arte</strong></span> <span class='ocrx_word' id='word_1_722' title='bbox 1489 5244 1586 5284; x_wconf 88' lang='lat' dir='ltr'><strong>sua</strong></span> <span class='ocrx_word' id='word_1_723' title='bbox 1641 5231 1843 5300; x_wconf 88' lang='lat' dir='ltr'><strong>perire,</strong></span> <span class='ocrx_word' id='word_1_724' title='bbox 1893 5242 1946 5287; x_wconf 91' lang='lat' dir='ltr'><strong>et</strong></span> 
     </span>
    </p>
   </div>
   <div class='ocr_carea' id='block_1_100' title="bbox 381 5318 1946 5391">
    <p class='ocr_par' dir='ltr' id='par_1_100' title="bbox 381 5318 1946 5391">
     <span class='ocr_line' id='line_1_100' title="bbox 381 5318 1946 5391; baseline 0.001 -16"><span class='ocrx_word' id='word_1_725' title='bbox 381 5337 506 5377; x_wconf 84' lang='lat' dir='ltr'><strong>eum</strong></span> <span class='ocrx_word' id='word_1_726' title='bbox 541 5319 838 5377; x_wconf 88' lang='lat' dir='ltr'><strong>calliditate</strong></span> <span class='ocrx_word' id='word_1_727' title='bbox 889 5334 954 5375; x_wconf 91' lang='lat' dir='ltr'><strong>ac</strong></span> <span class='ocrx_word' id='word_1_728' title='bbox 1000 5318 1124 5376; x_wconf 91' lang='lat' dir='ltr'><strong>dolo</strong></span> <span class='ocrx_word' id='word_1_729' title='bbox 1169 5328 1432 5375; x_wconf 60' lang='lat' dir='ltr'><strong>aeternum</strong></span> <span class='ocrx_word' id='word_1_730' title='bbox 1483 5321 1810 5391; x_wconf 86' lang='lat' dir='ltr'><strong>supplicium</strong></span> <span class='ocrx_word' id='word_1_731' title='bbox 1843 5324 1946 5379; x_wconf 85' lang='lat' dir='ltr'><strong>sibi</strong></span> 
     </span>
    </p>
   </div>
   <div class='ocr_carea' id='block_1_101' title="bbox 371 5409 1942 5484">
    <p class='ocr_par' dir='ltr' id='par_1_101' title="bbox 371 5409 1942 5484">
     <span class='ocr_line' id='line_1_101' title="bbox 371 5409 1942 5484; baseline 0.001 -15"><span class='ocrx_word' id='word_1_732' title='bbox 371 5428 716 5484; x_wconf 85' lang='lat' dir='ltr'><strong>comparare.</strong></span> <span class='ocrx_word' id='word_1_733' title='bbox 779 5409 1061 5468; x_wconf 85' lang='lat' dir='ltr'><strong>Generalis</strong></span> <span class='ocrx_word' id='word_1_734' title='bbox 1108 5421 1289 5468; x_wconf 88' lang='lat' dir='ltr'><strong>autem</strong></span> <span class='ocrx_word' id='word_1_735' title='bbox 1337 5415 1456 5468; x_wconf 68' lang='lat' dir='ltr'><strong>haec</strong></span> <span class='ocrx_word' id='word_1_736' title='bbox 1515 5415 1787 5470; x_wconf 82' lang='lat' dir='ltr'><strong>sententia</strong></span> <span class='ocrx_word' id='word_1_737' title='bbox 1838 5424 1942 5484; x_wconf 89' lang='lat' dir='ltr'><strong>est,</strong></span> 
     </span>
    </p>
   </div>
   <div class='ocr_carea' id='block_1_102' title="bbox 370 5502 1107 5576">
    <p class='ocr_par' dir='ltr' id='par_1_102' title="bbox 370 5502 1107 5576">
     <span class='ocr_line' id='line_1_102' title="bbox 370 5502 1107 5576; baseline 0.004 -18"><span class='ocrx_word' id='word_1_738' title='bbox 370 5519 438 5559; x_wconf 85' lang='lat' dir='ltr'><strong>ac</strong></span> <span class='ocrx_word' id='word_1_739' title='bbox 469 5520 567 5576; x_wconf 87' lang='lat' dir='ltr'><strong>per</strong></span> <span class='ocrx_word' id='word_1_740' title='bbox 598 5519 658 5562; x_wconf 83' lang='lat' dir='ltr'><strong>se</strong></span> <span class='ocrx_word' id='word_1_741' title='bbox 686 5503 864 5573; x_wconf 59' lang='lat' dir='ltr'><strong>fidem</strong></span> <span class='ocrx_word' id='word_1_742' title='bbox 880 5502 1107 5561; x_wconf 86' lang='lat' dir='ltr'><strong>faciens.</strong></span> 
     </span>
    </p>
   </div>
   <div class='ocr_carea' id='block_1_103' title="bbox 417 5682 1954 5796">
    <p class='ocr_par' dir='ltr' id='par_1_103' title="bbox 417 5707 1943 5796">
     <span class='ocr_line' id='line_1_103' title="bbox 417 5707 1943 5796; baseline 0.001 -31"><span class='ocrx_word' id='word_1_743' title='bbox 488 5707 644 5765; x_wconf 79' lang='lat' dir='ltr'><strong>Joan.</strong></span> <span class='ocrx_word' id='word_1_744' title='bbox 670 5726 731 5777; x_wconf 84' lang='grc' dir='ltr'><strong>ιι,</strong></span> <span class='ocrx_word' id='word_1_745' title='bbox 768 5709 790 5763; x_wconf 85' lang='lat' dir='ltr'><strong>l</strong></span> <span class='ocrx_word' id='word_1_746' title='bbox 824 5725 977 5796; x_wconf 66' lang='lat' dir='ltr'><strong>seqq.</strong></span> <span class='ocrx_word' id='word_1_747' title='bbox 1042 5710 1084 5741; x_wconf 82' lang='grc'>⁸⁷</span> <span class='ocrx_word' id='word_1_748' title='bbox 1103 5708 1146 5796; x_wconf 82' lang='grc' dir='ltr'>ι.</span> <span class='ocrx_word' id='word_1_749' title='bbox 1168 5710 1304 5796; x_wconf 52' lang='lat' dir='ltr'><strong>Cor;</strong></span> <span class='ocrx_word' id='word_1_750' title='bbox 1322 5708 1562 5796; x_wconf 37' lang='lat' dir='ltr'><strong>Vttza5z‘6.</strong></span> <span class='ocrx_word' id='word_1_751' title='bbox 1626 5710 1669 5741; x_wconf 81' lang='lat'><strong>&quot;</strong></span> <span class='ocrx_word' id='word_1_752' title='bbox 1698 5709 1875 5796; x_wconf 68' lang='lat' dir='ltr'><strong>G.u|_at.</strong></span> <span class='ocrx_word' id='word_1_753' title='bbox 1908 5728 1943 5767; x_wconf 91' lang='grc' dir='ltr'><strong>ιι</strong></span> 
     </span>
    </p>
   </div>
   <div class='ocr_carea' id='block_1_104' title="bbox 2056 5682 3270 5796">
    <p class='ocr_par' dir='ltr' id='par_1_104' title="bbox 2056 5712 3270 5796">
     <span class='ocr_line' id='line_1_104' title="bbox 2056 5712 3270 5796; baseline 0.008 -28"><span class='ocrx_word' id='word_1_754' title='bbox 2056 5712 2140 5796; x_wconf 47' lang='lat' dir='ltr'><strong>18L</strong></span> <span class='ocrx_word' id='word_1_755' title='bbox 2175 5717 2254 5796; x_wconf 37' lang='lat'><strong>_.&#39;_’</strong></span> <span class='ocrx_word' id='word_1_756' title='bbox 2272 5715 2441 5796; x_wconf 60' lang='lat' dir='ltr'><strong>Exod.</strong></span> <span class='ocrx_word' id='word_1_757' title='bbox 2472 5733 2586 5786; x_wconf 60' lang='grc' dir='ltr'>χιχ,</span> <span class='ocrx_word' id='word_1_758' title='bbox 2621 5721 2677 5776; x_wconf 72' lang='grc'><strong>4.</strong></span> <span class='ocrx_word' id='word_1_759' title='bbox 2780 5722 2824 5753; x_wconf 79' lang='grc'><strong>⁷⁸</strong></span> <span class='ocrx_word' id='word_1_760' title='bbox 2856 5720 2997 5776; x_wconf 83' lang='lat' dir='ltr'><strong>Psal.</strong></span> <span class='ocrx_word' id='word_1_761' title='bbox 3051 5738 3159 5791; x_wconf 78' lang='lat' dir='ltr'><strong>Ltv,</strong></span> <span class='ocrx_word' id='word_1_762' title='bbox 3220 5724 3270 5780; x_wconf 80' lang='lat'><strong>7.</strong></span> 
     </span>
    </p>
   </div>
   <div class='ocr_carea' id='block_1_105' title="bbox 1404 5782 2003 5849">
    <p class='ocr_par' dir='ltr' id='par_1_105' title="bbox 1404 5782 2003 5849">
     <span class='ocr_line' id='line_1_105' title="bbox 1404 5782 2003 5849; baseline 0.003 -14"><span class='ocrx_word' id='word_1_763' title='bbox 1404 5782 1449 5812; x_wconf 79' lang='grc'><strong>⁷³</strong></span> <span class='ocrx_word' id='word_1_764' title='bbox 1479 5782 1613 5835; x_wconf 82' lang='lat' dir='ltr'><strong>Gen.</strong></span> <span class='ocrx_word' id='word_1_765' title='bbox 1640 5797 1748 5846; x_wconf 70' lang='lat' dir='ltr'><strong>xix,</strong></span> <span class='ocrx_word' id='word_1_766' title='bbox 1792 5783 1815 5837; x_wconf 87' lang='grc'><strong>1</strong></span> <span class='ocrx_word' id='word_1_767' title='bbox 1849 5799 2003 5849; x_wconf 84' lang='lat' dir='ltr'><strong>sequ.</strong></span> 
     </span>
    </p>
   </div>
   <div class='ocr_carea' id='block_1_106' title="bbox 372 5780 1326 5849">
    <p class='ocr_par' dir='ltr' id='par_1_106' title="bbox 372 5780 1326 5849">
     <span class='ocr_line' id='line_1_106' title="bbox 372 5780 1326 5849; baseline 0 -14"><span class='ocrx_word' id='word_1_768' title='bbox 372 5791 478 5846; x_wconf 73' lang='lat' dir='ltr'><strong>ut,</strong></span> <span class='ocrx_word' id='word_1_769' title='bbox 526 5796 635 5849; x_wconf 87' lang='lat' dir='ltr'><strong>xtv,</strong></span> <span class='ocrx_word' id='word_1_770' title='bbox 691 5797 799 5838; x_wconf 75' lang='lat' dir='ltr'><strong>xw.</strong></span> <span class='ocrx_word' id='word_1_771' title='bbox 824 5782 869 5814; x_wconf 77' lang='grc' dir='ltr'><strong>τ’</strong></span> <span class='ocrx_word' id='word_1_772' title='bbox 896 5780 1030 5836; x_wconf 83' lang='lat' dir='ltr'><strong>Gen.</strong></span> <span class='ocrx_word' id='word_1_773' title='bbox 1061 5795 1204 5847; x_wconf 62' lang='grc' dir='ltr'>χιιι,</span> <span class='ocrx_word' id='word_1_774' title='bbox 1242 5780 1326 5835; x_wconf 83' lang='lat' dir='ltr'><strong>t7.</strong></span> 
     </span>
    </p>
   </div>
   <div class='ocr_carea' id='block_1_107' title="bbox 2041 4598 3627 4667">
    <p class='ocr_par' dir='ltr' id='par_1_107' title="bbox 2041 4598 3627 4667">
     <span class='ocr_line' id='line_1_107' title="bbox 2041 4598 3627 4667; baseline 0.005 -13"><span class='ocrx_word' id='word_1_775' title='bbox 2041 4601 2228 4654; x_wconf 88' lang='lat' dir='ltr'><strong>lumna</strong></span> <span class='ocrx_word' id='word_1_776' title='bbox 2259 4598 2478 4667; x_wconf 89' lang='lat' dir='ltr'><strong>quidem</strong></span> <span class='ocrx_word' id='word_1_777' title='bbox 2517 4599 2585 4654; x_wconf 88' lang='lat' dir='ltr'><strong>ad</strong></span> <span class='ocrx_word' id='word_1_778' title='bbox 2630 4600 3022 4656; x_wconf 88' lang='lat' dir='ltr'><strong>traducendam</strong></span> <span class='ocrx_word' id='word_1_779' title='bbox 3055 4612 3109 4658; x_wconf 90' lang='lat' dir='ltr'><strong>et</strong></span> <span class='ocrx_word' id='word_1_780' title='bbox 3157 4605 3627 4662; x_wconf 81' lang='lat' dir='ltr'><strong>condemnamlaut</strong></span> 
     </span>
    </p>
   </div>
   <div class='ocr_carea' id='block_1_108' title="bbox 2042 4690 3629 4764">
    <p class='ocr_par' dir='ltr' id='par_1_108' title="bbox 2042 4690 3629 4764">
     <span class='ocr_line' id='line_1_108' title="bbox 2042 4690 3629 4764; baseline 0.007 -21"><span class='ocrx_word' id='word_1_781' title='bbox 2042 4705 2231 4745; x_wconf 83' lang='lat' dir='ltr'><strong>eorum</strong></span> <span class='ocrx_word' id='word_1_782' title='bbox 2286 4690 2583 4761; x_wconf 82' lang='lat' dir='ltr'><strong>ignaviam,</strong></span> <span class='ocrx_word' id='word_1_783' title='bbox 2620 4693 2713 4764; x_wconf 91' lang='lat' dir='ltr'><strong>qui</strong></span> <span class='ocrx_word' id='word_1_784' title='bbox 2760 4709 2791 4749; x_wconf 92' lang='lat' dir='ltr'><strong>a</strong></span> <span class='ocrx_word' id='word_1_785' title='bbox 2847 4703 2994 4750; x_wconf 90' lang='lat' dir='ltr'><strong>recta</strong></span> <span class='ocrx_word' id='word_1_786' title='bbox 3044 4696 3261 4752; x_wconf 87' lang='lat' dir='ltr'><strong>vivendi</strong></span> <span class='ocrx_word' id='word_1_787' title='bbox 3313 4700 3527 4754; x_wconf 87' lang='lat' dir='ltr'><strong>ratione</strong></span> <span class='ocrx_word' id='word_1_788' title='bbox 3575 4703 3629 4754; x_wconf 88' lang='lat' dir='ltr'><strong>in</strong></span> 
     </span>
    </p>
   </div>
   <div class='ocr_carea' id='block_1_109' title="bbox 2040 4782 3625 4852">
    <p class='ocr_par' dir='ltr' id='par_1_109' title="bbox 2040 4782 3625 4852">
     <span class='ocr_line' id='line_1_109' title="bbox 2040 4782 3625 4852; baseline 0.006 -17"><span class='ocrx_word' id='word_1_789' title='bbox 2040 4782 2231 4836; x_wconf 83' lang='lat' dir='ltr'><strong>vitium</strong></span> <span class='ocrx_word' id='word_1_790' title='bbox 2265 4783 2619 4851; x_wconf 81' lang='lat' dir='ltr'><strong>relabuntur;</strong></span> <span class='ocrx_word' id='word_1_791' title='bbox 2669 4785 2801 4840; x_wconf 89' lang='lat' dir='ltr'><strong>salis</strong></span> <span class='ocrx_word' id='word_1_792' title='bbox 2856 4794 3065 4852; x_wconf 88' lang='lat' dir='ltr'><strong>autem,</strong></span> <span class='ocrx_word' id='word_1_793' title='bbox 3120 4788 3187 4843; x_wconf 90' lang='lat' dir='ltr'><strong>ad</strong></span> <span class='ocrx_word' id='word_1_794' title='bbox 3234 4790 3625 4845; x_wconf 86' lang='lat' dir='ltr'><strong>ostendendam</strong></span> 
     </span>
    </p>
   </div>
   <div class='ocr_carea' id='block_1_110' title="bbox 2044 4873 3625 4950">
    <p class='ocr_par' dir='ltr' id='par_1_110' title="bbox 2044 4873 3625 4950">
     <span class='ocr_line' id='line_1_110' title="bbox 2044 4873 3625 4950; baseline 0.005 -25"><span class='ocrx_word' id='word_1_795' title='bbox 2044 4873 2273 4940; x_wconf 78' lang='lat' dir='ltr'><strong>hujusce</strong></span> <span class='ocrx_word' id='word_1_796' title='bbox 2310 4874 2436 4927; x_wconf 91' lang='lat' dir='ltr'><strong>mali</strong></span> <span class='ocrx_word' id='word_1_797' title='bbox 2473 4876 2914 4938; x_wconf 87' lang='lat' dir='ltr'><strong>amarulentiam,</strong></span> <span class='ocrx_word' id='word_1_798' title='bbox 2967 4875 3049 4931; x_wconf 88' lang='lat' dir='ltr'><strong>vel</strong></span> <span class='ocrx_word' id='word_1_799' title='bbox 3102 4876 3231 4946; x_wconf 85' lang='lat' dir='ltr'><strong>quia</strong></span> <span class='ocrx_word' id='word_1_800' title='bbox 3263 4888 3456 4933; x_wconf 58' lang='lat' dir='ltr'><strong>caetera</strong></span> <span class='ocrx_word' id='word_1_801' title='bbox 3506 4882 3625 4950; x_wconf 85' lang='lat' dir='ltr'><strong>qui-</strong></span> 
     </span>
    </p>
   </div>
   <div class='ocr_carea' id='block_1_111' title="bbox 2049 4966 3624 5037">
    <p class='ocr_par' dir='ltr' id='par_1_111' title="bbox 2049 4966 3624 5037">
     <span class='ocr_line' id='line_1_111' title="bbox 2049 4966 3624 5037; baseline 0.001 -16"><span class='ocrx_word' id='word_1_802' title='bbox 2049 4966 2172 5021; x_wconf 91' lang='lat' dir='ltr'><strong>dem</strong></span> <span class='ocrx_word' id='word_1_803' title='bbox 2202 4966 2339 5019; x_wconf 89' lang='lat' dir='ltr'><strong>bona</strong></span> <span class='ocrx_word' id='word_1_804' title='bbox 2371 4975 2425 5021; x_wconf 92' lang='lat' dir='ltr'><strong>et</strong></span> <span class='ocrx_word' id='word_1_805' title='bbox 2457 4967 2744 5022; x_wconf 86' lang='lat' dir='ltr'><strong>commoda</strong></span> <span class='ocrx_word' id='word_1_806' title='bbox 2787 4975 2928 5033; x_wconf 91' lang='lat' dir='ltr'><strong>erat,</strong></span> <span class='ocrx_word' id='word_1_807' title='bbox 2959 4967 3419 5037; x_wconf 88' lang='lat' dir='ltr'><strong>quemadmodum</strong></span> <span class='ocrx_word' id='word_1_808' title='bbox 3456 4978 3509 5024; x_wconf 88' lang='lat' dir='ltr'><strong>et</strong></span> <span class='ocrx_word' id='word_1_809' title='bbox 3543 4972 3624 5023; x_wconf 90' lang='lat' dir='ltr'><strong>sal</strong></span> 
     </span>
    </p>
   </div>
   <div class='ocr_carea' id='block_1_112' title="bbox 2050 5060 3622 5132">
    <p class='ocr_par' dir='ltr' id='par_1_112' title="bbox 2050 5060 3622 5132">
     <span class='ocr_line' id='line_1_112' title="bbox 2050 5060 3622 5132; baseline 0.001 -18"><span class='ocrx_word' id='word_1_810' title='bbox 2050 5060 2200 5114; x_wconf 91' lang='lat' dir='ltr'><strong>utilis</strong></span> <span class='ocrx_word' id='word_1_811' title='bbox 2229 5066 2283 5114; x_wconf 91' lang='lat' dir='ltr'><strong>et</strong></span> <span class='ocrx_word' id='word_1_812' title='bbox 2316 5062 2638 5115; x_wconf 82' lang='lat' dir='ltr'><strong>commodus</strong></span> <span class='ocrx_word' id='word_1_813' title='bbox 2679 5078 2695 5116; x_wconf 91' lang='lat'><strong>:</strong></span> <span class='ocrx_word' id='word_1_814' title='bbox 2741 5076 2929 5116; x_wconf 89' lang='lat' dir='ltr'><strong>verum</strong></span> <span class='ocrx_word' id='word_1_815' title='bbox 2965 5072 3188 5132; x_wconf 86' lang='lat' dir='ltr'><strong>prepter</strong></span> <span class='ocrx_word' id='word_1_816' title='bbox 3227 5061 3490 5116; x_wconf 88' lang='lat' dir='ltr'><strong>violatum</strong></span> <span class='ocrx_word' id='word_1_817' title='bbox 3527 5061 3622 5116; x_wconf 85' lang='lat' dir='ltr'><strong>Dei</strong></span> 
     </span>
    </p>
   </div>
   <div class='ocr_carea' id='block_1_113' title="bbox 2047 5150 3622 5224">
    <p class='ocr_par' dir='ltr' id='par_1_113' title="bbox 2047 5150 3622 5224">
     <span class='ocr_line' id='line_1_113' title="bbox 2047 5150 3622 5224; baseline -0.001 -19"><span class='ocrx_word' id='word_1_818' title='bbox 2047 5150 2362 5205; x_wconf 87' lang='lat' dir='ltr'><strong>mandatum</strong></span> <span class='ocrx_word' id='word_1_819' title='bbox 2393 5152 2572 5220; x_wconf 89' lang='lat' dir='ltr'><strong>periit.</strong></span> <span class='ocrx_word' id='word_1_820' title='bbox 2612 5151 2769 5217; x_wconf 88' lang='lat' dir='ltr'><strong>Quod</strong></span> <span class='ocrx_word' id='word_1_821' title='bbox 2822 5168 2891 5208; x_wconf 89' lang='lat' dir='ltr'><strong>ne</strong></span> <span class='ocrx_word' id='word_1_822' title='bbox 2938 5154 3035 5208; x_wconf 90' lang='lat' dir='ltr'><strong>tibi</strong></span> <span class='ocrx_word' id='word_1_823' title='bbox 3078 5154 3311 5220; x_wconf 91' lang='lat' dir='ltr'><strong>accidat,</strong></span> <span class='ocrx_word' id='word_1_824' title='bbox 3357 5159 3622 5224; x_wconf 80' lang='lat' dir='ltr'><strong>quemad-</strong></span> 
     </span>
    </p>
   </div>
   <div class='ocr_carea' id='block_1_114' title="bbox 2046 5242 3623 5319">
    <p class='ocr_par' dir='ltr' id='par_1_114' title="bbox 2046 5242 3623 5319">
     <span class='ocr_line' id='line_1_114' title="bbox 2046 5242 3623 5319; baseline 0.003 -22"><span class='ocrx_word' id='word_1_825' title='bbox 2046 5244 2268 5297; x_wconf 90' lang='lat' dir='ltr'><strong>modum</strong></span> <span class='ocrx_word' id='word_1_826' title='bbox 2303 5242 2403 5298; x_wconf 88' lang='lat' dir='ltr'><strong>Lot</strong></span> <span class='ocrx_word' id='word_1_827' title='bbox 2456 5245 2507 5297; x_wconf 92' lang='lat' dir='ltr'><strong>in</strong></span> <span class='ocrx_word' id='word_1_828' title='bbox 2560 5254 2820 5310; x_wconf 89' lang='lat' dir='ltr'><strong>montem,</strong></span> <span class='ocrx_word' id='word_1_829' title='bbox 2875 5247 3066 5303; x_wconf 89' lang='lat' dir='ltr'><strong>eodem</strong></span> <span class='ocrx_word' id='word_1_830' title='bbox 3115 5258 3172 5304; x_wconf 90' lang='lat' dir='ltr'><strong>tu</strong></span> <span class='ocrx_word' id='word_1_831' title='bbox 3207 5263 3427 5319; x_wconf 90' lang='lat' dir='ltr'><strong>quoque</strong></span> <span class='ocrx_word' id='word_1_832' title='bbox 3458 5252 3623 5302; x_wconf 89' lang='lat' dir='ltr'><strong>modo</strong></span> 
     </span>
    </p>
   </div>
   <div class='ocr_carea' id='block_1_115' title="bbox 2046 5331 3621 5409">
    <p class='ocr_par' dir='ltr' id='par_1_115' title="bbox 2046 5331 3621 5409">
     <span class='ocr_line' id='line_1_115' title="bbox 2046 5331 3621 5409; baseline 0.004 -23"><span class='ocrx_word' id='word_1_833' title='bbox 2046 5332 2113 5386; x_wconf 87' lang='lat' dir='ltr'><strong>ad</strong></span> <span class='ocrx_word' id='word_1_834' title='bbox 2138 5331 2308 5385; x_wconf 88' lang='lat' dir='ltr'><strong>altam</strong></span> <span class='ocrx_word' id='word_1_835' title='bbox 2338 5343 2390 5387; x_wconf 88' lang='lat' dir='ltr'><strong>et</strong></span> <span class='ocrx_word' id='word_1_836' title='bbox 2420 5333 2624 5388; x_wconf 86' lang='lat' dir='ltr'><strong>virtute</strong></span> <span class='ocrx_word' id='word_1_837' title='bbox 2655 5336 2942 5392; x_wconf 87' lang='lat' dir='ltr'><strong>sublimem</strong></span> <span class='ocrx_word' id='word_1_838' title='bbox 2986 5338 3150 5395; x_wconf 87' lang='lat' dir='ltr'><strong>vitam</strong></span> <span class='ocrx_word' id='word_1_839' title='bbox 3180 5339 3444 5409; x_wconf 88' lang='lat' dir='ltr'><strong>omnique</strong></span> <span class='ocrx_word' id='word_1_840' title='bbox 3490 5337 3621 5393; x_wconf 88' lang='lat' dir='ltr'><strong>vitio</strong></span> 
     </span>
    </p>
   </div>
   <div class='ocr_carea' id='block_1_116' title="bbox 2045 5423 3617 5501">
    <p class='ocr_par' dir='ltr' id='par_1_116' title="bbox 2045 5423 3617 5501">
     <span class='ocr_line' id='line_1_116' title="bbox 2045 5423 3617 5501; baseline 0.005 -22"><span class='ocrx_word' id='word_1_841' title='bbox 2045 5423 2383 5492; x_wconf 85' lang='lat' dir='ltr'><strong>superiorem</strong></span> <span class='ocrx_word' id='word_1_842' title='bbox 2434 5424 2626 5479; x_wconf 88' lang='lat' dir='ltr'><strong>salutis</strong></span> <span class='ocrx_word' id='word_1_843' title='bbox 2675 5441 2834 5483; x_wconf 88' lang='lat' dir='ltr'><strong>causa</strong></span> <span class='ocrx_word' id='word_1_844' title='bbox 2882 5427 3107 5501; x_wconf 81' lang='lat' dir='ltr'><strong>perfuge</strong></span> <span class='ocrx_word' id='word_1_845' title='bbox 3137 5445 3152 5484; x_wconf 89' lang='lat'><strong>:</strong></span> <span class='ocrx_word' id='word_1_846' title='bbox 3185 5445 3254 5485; x_wconf 88' lang='lat' dir='ltr'><strong>ne</strong></span> <span class='ocrx_word' id='word_1_847' title='bbox 3302 5430 3445 5487; x_wconf 89' lang='lat' dir='ltr'><strong>forte</strong></span> <span class='ocrx_word' id='word_1_848' title='bbox 3490 5445 3617 5487; x_wconf 90' lang='lat' dir='ltr'><strong>cum</strong></span> 
     </span>
    </p>
   </div>
   <div class='ocr_carea' id='block_1_117' title="bbox 2048 5514 3619 5592">
    <p class='ocr_par' dir='ltr' id='par_1_117' title="bbox 2048 5514 3619 5592">
     <span class='ocr_line' id='line_1_117' title="bbox 2048 5514 3619 5592; baseline 0.005 -21"><span class='ocrx_word' id='word_1_849' title='bbox 2048 5514 2331 5571; x_wconf 86' lang='lat' dir='ltr'><strong>sceleratis</strong></span> <span class='ocrx_word' id='word_1_850' title='bbox 2364 5514 2430 5568; x_wconf 91' lang='lat' dir='ltr'><strong>ad</strong></span> <span class='ocrx_word' id='word_1_851' title='bbox 2462 5517 2787 5587; x_wconf 89' lang='lat' dir='ltr'><strong>supplicium</strong></span> <span class='ocrx_word' id='word_1_852' title='bbox 2822 5519 2987 5576; x_wconf 89' lang='lat' dir='ltr'><strong>simul</strong></span> <span class='ocrx_word' id='word_1_853' title='bbox 3036 5522 3342 5592; x_wconf 89' lang='lat' dir='ltr'><strong>arripiaris,</strong></span> <span class='ocrx_word' id='word_1_854' title='bbox 3392 5539 3459 5581; x_wconf 88' lang='lat' dir='ltr'><strong>ac</strong></span> <span class='ocrx_word' id='word_1_855' title='bbox 3497 5524 3619 5580; x_wconf 85' lang='lat' dir='ltr'><strong>vin-</strong></span> 
     </span>
    </p>
   </div>
   <div class='ocr_carea' id='block_1_118' title="bbox 3379 5724 3616 5783">
    <p class='ocr_par' dir='ltr' id='par_1_118' title="bbox 3379 5724 3616 5783">
     <span class='ocr_line' id='line_1_118' title="bbox 3379 5724 3616 5783; baseline 0.03 -7"><span class='ocrx_word' id='word_1_856' title='bbox 3379 5726 3421 5757; x_wconf 79' lang='lat'>“</span> <span class='ocrx_word' id='word_1_857' title='bbox 3459 5724 3616 5783; x_wconf 82' lang='lat' dir='ltr'><strong>Joan.</strong></span> 
     </span>
    </p>
   </div>
   <div class='ocr_carea' id='block_1_119' title="bbox 2084 5785 2424 5857">
    <p class='ocr_par' dir='ltr' id='par_1_119' title="bbox 2084 5785 2424 5857">
     <span class='ocr_line' id='line_1_119' title="bbox 2084 5785 2424 5857; baseline 0.006 -15"><span class='ocrx_word' id='word_1_858' title='bbox 2084 5785 2148 5857; x_wconf 54' lang='grc' dir='ltr'>,τι</span> <span class='ocrx_word' id='word_1_859' title='bbox 2174 5787 2307 5844; x_wconf 72' lang='lat' dir='ltr'><strong>una.</strong></span> <span class='ocrx_word' id='word_1_860' title='bbox 2332 5789 2424 5844; x_wconf 70' lang='lat' dir='ltr'><strong>ac.</strong></span> 
     </span>
    </p>
   </div>
  </div>
