4048 6278
505 368 639 436 1267

1973 342 2352 406 ΑΒυΕΝΒΑ.

3605 327 3717 389 1268

501 481 601 538 de:
633 479 773 551 ignis
796 487 849 534 te
875 477 1276 546 deprehensum
1305 472 1598 545 opprimat.
1624 467 1872 524 Primum
1897 463 2083 551 igitur,
2116 459 2160 515 Α
2190 453 2457 511 mercedis
2488 450 2925 551 distributionem
2944 433 3245 551 eistitisse.
3275 438 3410 542 Nam
3425 435 3718 551 quodserjus

500 575 562 622 ut
592 549 727 625 disi,
783 564 888 618 hoc
938 563 1036 617 tibi
1074 559 1379 616 Faciendum
1409 568 1628 611 censeo.
1680 551 1837 618 Quod
1872 549 1918 606 si
1966 549 2080 617 jam

501 655 805 717 occupatus
857 659 939 709 es,
990 659 1056 700 ac
1117 640 1443 698 necessariis
1495 637 1732 693 vinculis
1821 633 2083 689 astrictus

2185 547 2460 608 venerint,
2486 544 2578 614 qui
2617 543 2750 597 hora
2770 538 3055 595 undecima
3081 541 3359 594 venerant,
3386 530 3441 583 in
3460 543 3609 584 causa
3636 526 3720 582 fuit

2188 638 2418 694 vocatio.
2456 636 2633 691 Simul
2661 636 2805 691 enim
2845 641 3006 702 atque
3029 627 3201 687 vocali
3245 632 3393 683 sunt.
3417 621 3643 690 protinus
3668 635 3721 675 ac

502 740 730 803 teneris,
775 740 883 794 hoc
916 747 1018 803 est,
1048 747 1268 807 propter
1295 749 1495 790 causas
1523 733 1577 787 iu
1614 729 1851 800 speciem
1899 727 2085 793 justas

2208 739 2472 788 :esserunt
2508 748 2520 785 :
2556 730 2630 783 ita
2670 742 2739 783 ne
2780 727 2881 781 hac
2926 723 3143 792 quidem
3176 727 3327 790 parte
3361 713 3625 769 inferiores
3667 711 3720 765 iis

503 833 666 892 atque
698 824 981 886 honestas,
1027 822 1098 875 ita
1135 819 1375 875 secundo
1407 818 1527 871 loco
1560 824 1738 870 tecum
1771 810 2086 881 disputabo.

506 914 695 973 Satius
726 913 778 968 id
811 913 1032 983 quidem
1063 923 1183 969 erat
1225 911 1554 979 baptismum
1612 905 1883 974 accipere,
1938 917 2089 956 eum-

506 1006 798 1079 quetueri.
851 1005 1054 1065 Verum
1107 1005 1153 1061 si
1208 1018 1502 1069 utrumque
1532 1015 1640 1056 non
1677 999 1823 1061 licet,
1876 994 2087 1051 homini

507 1089 771 1145 nimirum
798 1090 1035 1161 publicis
1055 1089 1288 1159 negotiis
1312 1095 1583 1156 occupato
1606 1093 1771 1153 atque
1786 1082 2087 1138 distracto:

507 1184 565 1230 at
609 1182 756 1230 certe
786 1182 1011 1245 praestat
1041 1190 1108 1229 ex
1143 1172 1489 1242 negotiorum
1526 1169 1886 1240 publicorum.
1913 1163 2090 1219 admi-

509 1265 835 1323 nistratione
870 1265 1121 1323 nonnihil
1170 1264 1352 1320 sordis
1403 1260 1754 1321 contrahere,
1813 1273 1878 1314 ac
1931 1272 2095 1326 prop-

507 1358 655 1406 terea
679 1350 960 1425 castigari,
993 1365 1158 1420 quam
1191 1347 1446 1419 baptismi
1475 1353 1751 1415 expertem
1781 1350 2091 1413 manentem

509 1442 741 1499 omnino
773 1458 813 1497 a.
834 1442 942 1498 Deo
975 1441 1152 1498 arceri
1183 1450 1349 1512 atque
1367 1438 1553 1510 abjici.
1590 1435 1861 1503 Quocirca
1887 1433 2093 1503 baptis-

511 1538 662 1591 r'uum
692 1537 936 1607 quidem,
990 1544 1049 1590 ut
1113 1537 1323 1599 honore
1356 1532 1606 1603 dignum,
1656 1542 1906 1586 reverere
1940 1546 1952 1580 :
1986 1543 2094 1581 non

513 1640 696 1695 tamen
728 1632 802 1684 ita
836 1628 1181 1698 pertimesce.
1216 1634 1276 1680 ut
1320 1640 1390 1680 ne
1431 1624 1680 1693 accipere
1725 1620 1948 1691 quidem
1999 1634 2098 1679 au-

512 1724 668 1777 deas.
698 1720 890 1790 Neque
922 1719 1070 1781 enim
1104 1716 1429 1788 simpliciter
1464 1714 1750 1777 hominum
1785 1722 1931 1773 recte
1957 1711 2098 1769 facta

514 1828 547 1867 ιι
610 1812 724 1870 Deo
779 1810 1164 1882 expenduntur
1224 1827 1238 1864 :

516 1903 747 1983 vitaeque
780 1903 1056 1967 instituta,
1108 1902 1164 1958 in
1198 1901 1403 1972 quibus
1453 1908 1598 1959 recte
1628 1908 1682 1954 et
1728 1897 1989 1968 praeclare
2016 1895 2102 1951 of-

518 1995 643 2053 ﬁcio
670 1993 841 2057 functi
874 2007 1021 2051 sunt.
1073 1992 1152 2049 Ac
1177 1992 1528 2063 plerumque,
1578 1990 1668 2060 qui
1706 1990 1761 2051 in
1792 1987 1937 2047 civili
1991 1987 2101 2049 vita

516 2088 572 2132 et
602 2077 658 2132 iu
692 2077 875 2137 medio
910 2075 1254 2149 negotiorum
1307 2074 1483 2144 posita
1533 2072 1738 2144 aliquid
1773 2086 1900 2127 eum
1943 2070 2106 2124 laude

520 2171 716 2240 gessit,
744 2168 1000 2240 superior
1023 2179 1109 2224 est
1137 2182 1213 2224 eo
1234 2167 1325 2238 qui
1361 2182 1392 2233 ει
1422 2164 1836 2238 procurationis
1860 2162 2100 2235 publicae

520 2261 678 2330 curia
733 2259 989 2324 feriatus,
1041 2258 1222 2316 cilicio
1272 2274 1383 2314 non
1429 2272 1525 2329 per
1577 2256 1761 2311 omnia
1812 2254 2105 2314 satisfecit.

520 2344 676 2412 Quod
732 2357 910 2401 autent
969 2361 1077 2401 una
1128 2360 1253 2401 eum
1289 2346 1413 2400 vitae
1459 2343 1727 2399 institutis
1776 2352 1925 2397 recte
1964 2339 2106 2407 facta

521 2438 966 2509 perpendantnr,
1044 2445 1366 2510 argumento
1422 2446 1506 2492 est
1568 2434 1686 2499 Ral)
1740 2431 1998 2488 meretrix
2036 2430 2104 2496 ⁷⁸,

527 2537 695 2600 atque
750 2529 841 2584 ille
880 2530 931 2584 in
965 2530 1259 2601 Evangelio
1285 2527 1698 2598 publicanus".
1760 2523 1970 2585 Etenim
2019 2523 2108 2585 illa

523 2626 579 2679 in
612 2624 923 2679 meretricia
965 2626 1074 2678 vita
1110 2621 1518 2693 hospitalitatis,
1555 2620 1809 2674 virtutem
1836 2628 2109 2682 assecuta,

524 2717 617 2773 hic
658 2726 844 2773 autem
895 2718 950 2772 in
1002 2714 1284 2786 publicani
1340 2728 1571 2770 munere
1608 2711 1993 2776 humilitatem,
2044 2708 2112 2765 ab

525 2810 614 2866 his
645 2812 837 2881 paucis
865 2809 1163 2865 virtutibus
1200 2807 1428 2879 iustitiae
1474 2805 1696 2860 laudem
1744 2811 2107 2873 reportat-unt.

526 2901 661 2969 Quae
686 2919 774 2960 res
805 2903 901 2959 tibi
939 2904 1270 2959 documento
1295 2914 1418 2957 esse
1443 2898 1624 2967 debet,
1652 2913 1722 2952 ne
1757 2912 1818 2952 ea
1851 2897 1919 2952 de
1945 2910 2112 2952 causa

527 2995 811 3052 meliorem
875 3011 1095 3053 omnem
1144 2995 1212 3051 de
1268 2994 1446 3050 salute
1496 3001 1590 3047 tua
1648 3004 1801 3063 spem
1865 2987 2111 3058 abjicias,

529 3086 674 3156 quod
727 3102 920 3143 omnes
968 3086 1190 3143 virtutis
1239 3099 1503 3141 numeros
1578 3081 1796 3152 explere
1848 3095 2112 3151 nequeas.

527 3170 702 3227 Porro
750 3170 1064 3243 Theologus
1114 3172 1367 3231 consulto
1420 3169 1488 3225 ad
1536 3169 1756 3226 unicam
1786 3182 1961 3236 usque
2009 3164 2118 3219 vir-

528 3270 703 3318 tutem
736 3264 1041 3319 orationem
1075 3264 1320 3330 demisit,
1355 3270 1416 3316 ut
1447 3259 1669 3321 allatam
1701 3258 2118 3325 excusationem

531 3364 757 3420 prorsus
788 3359 1022 3404 evertat.

606 3437 746 3493 Ibid.
814 3437 1032 3500 Verum,
1084 3436 1222 3490 dicet
1268 3435 1561 3506 quispiam,
1597 3441 1706 3489 etc.
1771 3433 1843 3487 At
1892 3431 2124 3488 fortasse

534 3530 716 3586 dictus
743 3538 851 3593 est,
901 3528 995 3598 qui
1024 3527 1356 3598 baptismum
1409 3525 1618 3581 diutius
1664 3522 1922 3579 extrahit.
1979 3521 2122 3592 Quid

537 3613 809 3670 commodi
844 3613 975 3667 hinc
1005 3612 1073 3667 ad
1106 3626 1191 3665 me
1223 3610 1528 3665 rediturum
1561 3618 1664 3674 est,
1697 3608 1740 3664 si
1789 3623 1887 3674 per
1918 3606 2122 3676 baptiso

537 3722 691 3762 mum
721 3715 1022 3776 occupatus
1057 3719 1122 3757 ac
1151 3701 1452 3758 distractus
1481 3711 1691 3765 tenear,
1740 3700 1988 3769 mihique
2018 3697 2121 3768 ipsi

537 3800 881 3867 voluptatum
934 3796 1349 3853 oblectamentis
1400 3793 1779 3850 interdixero:
1822 3808 1946 3848 eum
1985 3790 2118 3845 mihi

538 3890 922 3963 voluptatibus
958 3890 1170 3945 servire
1202 3888 1385 3955 liceat,
1418 3902 1485 3941 ac
1511 3895 1624 3941 tum
1663 3886 1880 3940 detntim
1916 3884 2127 3954 baptis-

542 3998 697 4039 mum
751 3983 1070 4051 suscipere,
1129 3996 1255 4035 cum
1305 3978 1565 4049 peccandi
1620 3980 1782 4033 tinem
1833 3976 2125 4046 aliquando

543 4075 727 4132 fecero
759 4091 774 4128 :
804 4072 1248 4144 quandoquidem
1306 4080 1360 4126 et
1391 4070 1628 4142 operarii
1675 4070 1775 4135 illi,
1809 4069 1877 4125 de
1924 4070 2127 4140 quibus

542 4168 876 4241 evangelista
930 4166 1170 4236 loquitur
1204 4167 1249 4199 ⁷⁷
1276 4205 1291 4228 ,
1328 4164 1579 4221 mercede
1629 4163 1908 4228 conducti,
1961 4170 2129 4232 atque

543 4260 600 4316 in
635 4260 932 4317 excolenda
961 4259 1117 4313 vinea
1154 4258 1306 4328 prius
1349 4256 1534 4311 labore
1579 4252 1812 4337 fatigati,
1855 4253 2124 4324 aequalem

545 4362 670 4403 cum
727 4347 794 4402 iis
843 4345 939 4416 qui
990 4344 1137 4399 circa
1192 4342 1538 4399 undecimam
1592 4339 1786 4394 horam
1842 4345 2128 4404 venerant,

544 4438 854 4494 mercedem
882 4444 1228 4507 acceperunt.
1266 4434 1379 4505 Ego
1408 4448 1537 4488 vero
1568 4432 1637 4487 ad
1665 4448 1815 4497 cum,
1840 4432 1934 4502 qui
1965 4430 2130 4499 hujus

1298 1809 1391 1867 sed
1448 1808 1613 1863 etiam
1675 1821 1864 1867 eorum
1922 1803 2098 1866 studia
2130 1802 2176 1862 Β

2189 827 2320 885 sint,
2354 826 2445 893 qui
2473 821 2687 888 priores
2711 818 2778 874 ad
2801 818 3041 872 laborem
3070 829 3133 869 se
3153 808 3514 865 contulerunt.
3539 803 3726 858 (lateris

2192 929 2375 973 autem
2406 914 2718 970 rationibus
2741 911 2866 966 vide
2893 916 3161 979 quantum
3195 903 3248 958 hi
3274 902 3395 955 illos
3422 896 3725 953 antecellunt.

2189 1011 2271 1066 illi
2315 1010 2460 1064 enim
2508 1006 2577 1061 de
2606 1006 2767 1075 jnstze
2813 1001 3079 1058 mercedis
3124 994 3489 1068 persolutione
3526 986 3722 1043 Domino

2192 1119 2300 1159 non
2337 1112 2463 1156 ante
2495 1100 2655 1155 ﬁdem
2707 1097 3046 1158 habuerunt,
3101 1105 3202 1145 nec
3248 1088 3303 1142 in
3338 1086 3541 1139 vineam
3573 1081 3729 1150 pedem

2196 1196 2523 1258 intulerunt,
2554 1206 2720 1261 quam
2753 1190 2819 1244 de
2852 1188 3101 1243 mercede
3124 1199 3249 1235 muti
3289 1181 3419 1249 ipsis
3447 1184 3732 1233 conventum

2196 1295 2385 1345 esset:
2423 1285 2474 1339 hi
2512 1292 2720 1347 autem,
2767 1296 2868 1336 nec
2894 1276 3315 1334 conventionem
3364 1273 3614 1325 ineuntes.
3657 1281 3737 1321 nec

2195 1378 2354 1434 anxie
2372 1377 2439 1431 de
2464 1374 2712 1430 mercede
2737 1371 3089 1441 exquirentes
3122 1364 3349 1436 ingressi
3372 1369 3511 1418 sunt.
3541 1357 3613 1413 Ad
3646 1357 3738 1412 haec

2198 1470 2275 1527 illi
2332 1468 2642 1541 perspicuis
2694 1464 2913 1520 invidia;
2982 1459 3202 1516 facibus
3236 1457 3495 1512 adversus
3536 1466 3622 1507 eos
3662 1449 3737 1541 qui

2199 1539 2486 1618 undecima
2540 1560 2676 1614 hora
2734 1563 3020 1615 venerant,
3078 1555 3427 1611 exarserunt,
3476 1552 3624 1613 atque
3659 1539 3739 1596 ad-

2202 1669 2398 1712 versus
2432 1652 2683 1709 beneﬁcii
2709 1650 3012 1723 gratiaeque
3032 1654 3317 1701 auctorem
3341 1644 3740 1695 murmurarunt:

2205 1749 2260 1803 hi
2303 1757 2509 1811 autem,
2566 1743 2782 1800 tametsi
2833 1751 3025 1798 contra
3074 1735 3285 1806 aliquid
3333 1732 3559 1802 objieere
3586 1736 3743 1799 potue-

2209 1842 2342 1904 rint,
2370 1839 2577 1895 nullius
2616 1847 2797 1893 tameu
2827 1833 2993 1905 iurgii
3029 1840 3084 1887 et
3115 1826 3491 1886 altercationis
3515 1834 3741 1878 accusan-

2210 1943 2316 1989 tur.
2375 1932 2496 1987 Huc
2543 1929 2879 1993 addendum,
2925 1925 3072 1996 quod
3124 1922 3230 1989 illi,
3273 1921 3350 1984 id,
3401 1917 3538 1990 quod
3561 1927 3744 1984 accepe-

2211 2034 2380 2089 runt,
2436 2022 2709 2080 mercedis
2760 2022 2983 2076 nomine
3041 2022 3416 2087 acceperunt,
3479 2018 3742 2078 quanquam

2208 2120 2371 2176 etiam
2401 2134 2511 2175 non
2541 2132 2751 2173 merces
2783 2113 2940 2186 ipsis,
2987 2110 3088 2169 sed
3131 2123 3326 2180 pinna,
3358 2112 3421 2160 ut
3447 2099 3682 2172 improbis
3703 2106 3745 2151 et

2210 2210 2489 2282 malignis,
2545 2211 2861 2265 deberetur.
2920 2205 3102 2275 Atque
3152 2203 3234 2257 ita
3286 2197 3478 2253 merito
3535 2187 3742 2282 ampliori

2211 2281 2429 2361 summa
2483 2309 2807 2365 caruerunt,
2858 2307 3051 2369 utpote
3098 2290 3422 2351 stoliditatis
3447 2297 3499 2344 et
3522 2281 3746 2340 vecordia

2212 2397 2474 2454 convicti.
2532 2390 2865 2451 Stoliditatis
2912 2389 3058 2444 enim
3121 2396 3265 2449 erat,
3324 2397 3430 2438 non
3485 2374 3749 2434 meminisse

2212 2506 2320 2563 qua
2361 2488 2611 2544 mercede
2665 2483 3078 2541 convenissent.
3134 2488 3192 2534 et
3247 2493 3372 2532 cum
3430 2472 3568 2528 nullo
3611 2467 3744 2524 detri-

2214 2589 2399 2637 mento
2431 2591 2600 2649 atque
2651 2575 3006 2632 incommodo
3060 2570 3243 2626 aﬂecti
3285 2577 3500 2628 essent,
3531 2565 3579 2617 in
3622 2572 3747 2616 voces

2215 2681 2396 2727 tamen
2452 2670 2673 2739 iniquas
2725 2677 2778 2722 et
2826 2663 3130 2721 murmuris
3185 2661 3376 2732 plenas
3427 2667 3743 2727 prorumpere.

2213 2764 2284 2820 At
2313 2777 2442 2818 vero
2488 2763 2556 2816 iis
2607 2761 2701 2830 qui
2757 2758 2822 2814 ad
2874 2756 3228 2813 undecimam
3287 2758 3557 2808 venerant,
3601 2742 3747 2814 gratia:

2217 2856 2486 2911 rationem
2520 2852 2781 2915 habebat,
2817 2851 2869 2905 id
2900 2848 3045 2919 quod
3083 2845 3488 2918 porrigebatur.
3537 2835 3745 2894 Confecta

2218 2959 2398 3005 autem
2431 2957 2514 3003 est
2544 2944 2858 3013 huiusmodi
2893 2942 3154 3014 parabola
3199 2941 3269 2995 ad
3300 2937 3546 2992 eximiam
3591 2947 3639 2988 et
3673 2944 3746 2983 et-

2186 3040 2506 3097 'cellentem
2555 3037 2755 3093 divinat
2810 3034 3070 3092 bonitatis
3130 3031 3550 3104 magnitudinem
3596 3034 3742 3078 osten-

2140 3142 2187 3211 ο
2221 3134 2480 3190 dendam.
2529 3130 2709 3200 Atque
2742 3130 2907 3183 etiam
2961 3125 3234 3211 profecto,
3278 3124 3322 3179 si
3358 3122 3432 3176 illi
3463 3118 3546 3189 qui
3580 3116 3745 3185 priores

2223 3231 2591 3284 accesserant,
2631 3220 2811 3276 serius
2864 3206 3111 3288 qquuo.
3169 3225 3234 3271 ut
3282 3215 3331 3269 id
3385 3208 3595 3280 exempli
3620 3215 3745 3258 causa

2224 3331 2515 3388 ponamus,
2575 3315 2643 3368 ad
2698 3313 2912 3367 vineam
2976 3324 3034 3363 se
3094 3306 3487 3364 contulissent,
3538 3295 3744 3368 aequalem

2230 3419 2410 3465 tamen
2469 3405 2830 3463 nihilominus
2900 3402 3213 3458 mercedem
3281 3396 3545 3468 accepturi
3611 3396 3742 3443 erant-

2224 3501 2342 3569 Qua
2374 3499 2540 3571 igitur
2569 3499 2746 3553 fronte
2765 3494 3052 3552 Dominum
3103 3492 3280 3547 vincte
3311 3500 3559 3546 accusare
3591 3480 3746 3535 audent

2224 3599 2451 3662 propter
2498 3589 2847 3660 inaequalem,
2879 3596 2936 3641 ut
2963 3586 3098 3656 ipsis
3121 3583 3431 3642 videbatur,
3454 3580 3596 3649 iustae

2230 3658 2398 3738 litatis
2445 3658 2936 3738 distributionem?
2970 3677 3303 3749 Quanquam
3340 3673 3479 3728 enim
3520 3658 3747 3731 inatque“!

2227 3775 2637 3831 distributionis
2690 3775 2855 3842 hujus
2906 3771 3197 3842 aequalitas
3230 3768 3530 3829 videbatur,
3576 3765 3747 3831 propitii“

2228 3869 2505 3937 disparem
2580 3866 2830 3921 laborum
2899 3865 3218 3928 rationem,
3298 3859 3543 3931 aequitate
3607 3858 3752 3906 tamen

2227 3972 2439 4013 summa
2495 3959 2809 4025 nitebatur,
2883 3957 3015 4028 quia
3073 3970 3203 4011 cum
3262 3955 3473 4009 iilorum
3529 3941 3749 4001 laboribus

2230 4052 2426 4107 borum
2479 4052 2735 4107 voluntas
2790 4066 2855 4106 ac
2917 4059 3170 4121 prompta
3224 4046 3392 4103 animi
3422 4040 3615 4098 atl‘ectio
3640 4046 3749 4089 com-

2230 4145 2586 4214 pensabatur.
2648 4145 2830 4215 Atque
2896 4143 3013 4199 haec
3049 4141 3239 4197 omnia
3300 4141 3383 4195 his
3456 4134 3541 4206 qui
3589 4127 3748 4199 ρτῖοτθε

2231 4238 2381 4308 operi
2424 4237 2827 4304 .incubuerant,
2889 4234 3109 4292 sudoris
3168 4233 3388 4288 laudem
3449 4236 3499 4284 et
3548 4220 3745 4296 gloriam.

2231 4345 2419 4399 quam,
2461 4329 2566 4384 nisi
2620 4331 2756 4384 tales
2800 4328 3004 4382 inventi
3060 4338 3271 4387 essent,
3311 4317 3570 4391 accepturi
3613 4314 3746 4367 erant.

2234 4421 2588 4478 subtrahunt.
2628 4419 2789 4475 Juxta
2849 4418 3146 4475 secundam
3196 4427 3376 4473 autem
3408 4410 3664 4467 rationem,
3705 4403 3749 4449 υι

545 4530 794 4587 oratione
843 4502 1035 4596 utitur,
1082 4502 1336 4584 dixerim
1375 4545 1389 4580 :
1441 4523 1672 4594 Negotio
1723 4537 1812 4578 me
1863 4520 2130 4585 liberasti,
2163 4518 2208 4572 Ι)
2239 4514 2553 4584 parabolam
2602 4514 2746 4569 hanc
2781 4512 2848 4566 de
2893 4511 3163 4582 baptismo
3211 4510 3475 4566 disserere
3514 4502 3746 4569 tingamus.

544 4622 652 4678 hoc
685 4631 791 4687 est,
828 4622 1019 4677 labore
1056 4631 1110 4677 et
1143 4619 1420 4683 molestia,
1454 4632 1579 4687 quae
1613 4615 1746 4669 mihi
1787 4611 2132 4682 suscipienda

547 4711 767 4777 fuisset,
821 4719 882 4764 ut
932 4709 1449 4781 procrastinationis
1483 4719 1591 4762 tua:
1646 4720 1908 4761 arcanum
1951 4703 2133 4772 expis-

548 4816 707 4859 carer
731 4810 896 4871 atque
925 4802 1308 4871 intelligerem.
1353 4797 1549 4856 Verum
1583 4798 1709 4851 audi
1738 4813 1805 4852 ex
1854 4811 1940 4850 me
1967 4811 2128 4866 para-

548 4894 692 4949 bolae
739 4894 927 4963 hujus,
977 4884 1144 4964 quam
1197 4908 1482 4963 perperam
1538 4891 1818 4960 intelligis,
1879 4888 2138 4957 explana-

551 4985 781 5040 tionem.
833 4981 1078 5060 Primum
1130 4983 1296 5056 igitur
1329 4983 1435 5037 hoc
1482 4982 1624 5040 dico.
1676 4988 1728 5034 te
1779 4981 2131 5049 incongruam

555 5083 722 5146 atque
752 5073 985 5129 alienam
1018 5072 1382 5143 objectionem
1417 5070 1727 5142 protulisse.
1755 5067 1965 5123 Etenim
2013 5070 2130 5125 haec

556 5165 837 5238 parabole,
872 5178 980 5219 non
1015 5163 1083 5218 de
1119 5162 1356 5220 hominis
1407 5170 1527 5233 post
1580 5173 1864 5231 acceptum
1925 5160 2132 5229 baptis-

556 5274 711 5316 mum
743 5259 1060 5332 operatione
1096 5258 1318 5314 disserit
1349 5275 1361 5311 :
1395 5271 1584 5311 verum
1615 5255 1684 5309 de
1741 5255 1833 5317 iis,
1884 5253 1977 5322 qui
2012 5252 2136 5307 aliis

563 5367 729 5426 atque
776 5352 905 5411 aliis
951 5351 1294 5421 temporibus
1344 5349 1504 5404 [idem
1553 5347 1982 5417 amplectuntur.
2034 5342 2140 5410 Qui

560 5447 805 5517 quidem,
832 5444 996 5503 simul
1028 5452 1193 5513 atque
1216 5440 1281 5495 ad
1307 5439 1467 5494 ﬁdem
1493 5445 1868 5501 accesserunt,
1901 5434 2143 5489 actiones

561 5556 691 5597 suas
739 5539 1041 5596 secundum
1096 5535 1191 5590 Dei
1243 5531 1496 5587 mandata
1545 5541 1598 5584 et
1649 5530 1795 5600 leges
1854 5527 2145 5583 instituere

560 5649 789 5690 necesse
818 5634 1037 5689 habent.
1074 5628 1208 5684 Illud
1234 5627 1429 5681 deinde
1458 5623 1720 5694 probabo,
1744 5622 1947 5692 justam
1972 5633 2153 5689 aequae,

565 5820 614 5858 ’⁸
653 5821 818 5877 ,ιοιιιε
879 5835 954 5887 ιι,
1018 5819 1038 5872 ι
1097 5836 1250 5891 seqq.

1358 5821 1404 5853 "
1445 5817 1577 5875 Luc.
1638 5832 1807 5881 ςγιιι,
1879 5812 1942 5867 ιι)
1998 5827 2153 5883 seqq.

2232 4606 2360 4674 quid
2414 4604 2669 4675 prohibet
2720 4604 3014 4673 quominus
3057 4610 3113 4656 tu
3149 4615 3369 4672 quoque
3416 4596 3555 4667 prius
3589 4591 3750 4657 ingm'

2232 4710 2347 4759 sus,
2378 4694 2598 4765 dieique
2627 4704 2822 4749 aestum
2864 4709 3185 4765 perpessus,
3225 4693 3311 4756 iis,
3350 4689 3440 4760 qui
3473 4692 3584 4756 post
3611 4689 3655 4733 te
3681 4687 3751 4726 ιθ·

2234 4796 2455 4853 uerunt,
2498 4802 2606 4841 non
2655 4786 2948 4842 invideas:
2995 4786 3141 4840 utin
3192 4799 3260 4840 eo
3306 4793 3515 4853 quoque
3552 4775 3650 4843 ipse
3680 4779 3751 4818 ευ·

2238 4881 2420 4950 [terior
2476 4880 2588 4934 illis
2641 4879 2754 4942 sis,
2822 4879 3083 4933 nimirum
3144 4877 3288 4945 quod
3349 4879 3555 4946 propter
3598 4864 3750 4918 huius-

2239 4973 2464 5027 nitatem
2556 4982 2611 5028 et
2688 4972 3008 5028 charitatcm
3107 4972 3308 5026 invidia
3398 4981 3498 5023 non
3580 4954 3750 5014 inﬂam-

2243 5066 2444 5140 meris,
2528 5076 2694 5135 atque
2765 5066 2929 5121 etiam
3018 5063 3073 5118 in
3153 5078 3219 5120 eo
3287 5060 3429 5137 quod
3500 5044 3749 5110 mercedi!m

2241 5160 2488 5231 accipias
2525 5160 2806 5216 laboribus
2839 5161 2948 5215 tuis
2978 5160 3240 5226 debitam,
3280 5171 3386 5213 non
3424 5159 3587 5208 autem
3617 5142 3749 5231 bene:

2245 5221 2381 5307 ficio.
2398 5261 2451 5306 et
2482 5251 2655 5321 gratia
2698 5260 2996 5323 acceptam,
3036 5221 3487 5322 quemadmodum
3522 5239 3555 5295 ii
3597 5230 3673 5303 qui
3698 5221 3748 5279 ad

2242 5342 2584 5398 undecimam
2625 5343 2812 5397 horam
2854 5343 3166 5419 venerunt?
3224 5341 3441 5409 Insuper
3480 5337 3580 5388 ham
3629 5331 3749 5394 Ρ³¹³⁶

2242 5435 2362 5489 bola
2409 5450 2505 5490 eos
2562 5435 2867 5505 operarios,
2902 5437 2997 5505 qui
3045 5414 3099 5490 in
3134 5436 3347 5501 vincam
3382 5420 3592 5501 ingressi
3631 5414 3746 5470 suilli

2244 5525 2548 5580 mercedem
2583 5527 2832 5596 accipere
2866 5529 2966 5594 ait,
2991 5545 3095 5585 non
3128 5536 3310 5584 autem
3336 5538 3426 5579 eos
3452 5515 3536 5589 qui
3564 5528 3590 5566 a
3619 5506 3747 5596 vince

2245 5619 2493 5687 ingressu
2532 5588 2880 5674 aberrarunt.
2920 5588 3076 5686 Quod
3115 5619 3335 5692 quidem
3378 5588 3744 5688 periculumtilti

2230 5811 2277 5846 "
2316 5808 2505 5865 Matth.
2563 5822 2669 5874 xx,
2732 5803 2757 5860 1
2814 5817 2968 5875 seqq.
