  <div class='ocr_page' id='page_1' title='image "/cluster/home/n/w/nwhite01/storage/ocr_20150623/127/mdp.39015038085968/110.png"; bbox 0 0 4048 6278; ppageno 0'>
   <div class='ocr_carea' id='block_1_1' title="bbox 388 325 527 392">
    <p class='ocr_par' dir='ltr' id='par_1_1' title="bbox 388 325 527 392">
     <span class='ocr_line' id='line_1_1' title="bbox 388 325 527 392; baseline 0.007 -2"><span class='ocrx_word' id='word_1_1' title='bbox 388 325 527 392; x_wconf 61' lang='grc' dir='ltr'><strong>ίέευ</strong></span> 
     </span>
    </p>
   </div>
   <div class='ocr_carea' id='block_1_2' title="bbox 1326 333 2566 398">
    <p class='ocr_par' dir='ltr' id='par_1_2' title="bbox 1326 333 2566 398">
     <span class='ocr_line' id='line_1_2' title="bbox 1326 333 2566 398; baseline 0.004 -7"><span class='ocrx_word' id='word_1_2' title='bbox 1326 333 1653 394; x_wconf 79' lang='lat' dir='ltr'><strong>NICETAS</strong></span> <span class='ocrx_word' id='word_1_3' title='bbox 1698 335 1779 394; x_wconf 75' lang='grc' dir='ltr'><strong>ΙΝ</strong></span> <span class='ocrx_word' id='word_1_4' title='bbox 1820 334 2041 395; x_wconf 80' lang='lat' dir='ltr'><strong>ORAT.</strong></span> <span class='ocrx_word' id='word_1_5' title='bbox 2089 335 2188 395; x_wconf 79' lang='lat' dir='ltr'><strong>XL</strong></span> <span class='ocrx_word' id='word_1_6' title='bbox 2231 338 2290 398; x_wconf 86' lang='lat' dir='ltr'><strong>S.</strong></span> <span class='ocrx_word' id='word_1_7' title='bbox 2334 336 2566 396; x_wconf 68' lang='lat' dir='ltr'><strong>GliEG-</strong></span> 
     </span>
    </p>
   </div>
   <div class='ocr_carea' id='block_1_3' title="bbox 3502 339 3639 403">
    <p class='ocr_par' dir='ltr' id='par_1_3' title="bbox 3502 339 3639 403">
     <span class='ocr_line' id='line_1_3' title="bbox 3502 339 3639 403; baseline -0.015 -2"><span class='ocrx_word' id='word_1_8' title='bbox 3502 339 3639 403; x_wconf 66' lang='lat'><strong>1270</strong></span> 
     </span>
    </p>
   </div>
   <div class='ocr_carea' id='block_1_4' title="bbox 378 446 3639 526">
    <p class='ocr_par' dir='ltr' id='par_1_4' title="bbox 378 446 3639 526">
     <span class='ocr_line' id='line_1_4' title="bbox 378 446 3639 526; baseline 0.002 -26"><span class='ocrx_word' id='word_1_9' title='bbox 378 446 655 510; x_wconf 76' lang='lat' dir='ltr'><strong>imminet,</strong></span> <span class='ocrx_word' id='word_1_10' title='bbox 702 460 852 504; x_wconf 59' lang='lat' dir='ltr'><strong>ext&#39;a</strong></span> <span class='ocrx_word' id='word_1_11' title='bbox 899 452 1227 520; x_wconf 79' lang='lat' dir='ltr'><strong>baptismum</strong></span> <span class='ocrx_word' id='word_1_12' title='bbox 1286 457 1553 519; x_wconf 86' lang='lat' dir='ltr'><strong>manenti,</strong></span> <span class='ocrx_word' id='word_1_13' title='bbox 1606 453 1865 526; x_wconf 86' lang='lat' dir='ltr'><strong>vafreque</strong></span> <span class='ocrx_word' id='word_1_14' title='bbox 1902 462 1956 508; x_wconf 91' lang='lat' dir='ltr'><strong>et</strong></span> <span class='ocrx_word' id='word_1_15' title='bbox 1985 458 2028 508; x_wconf 85' lang='lat' dir='ltr'><strong>A</strong></span> <span class='ocrx_word' id='word_1_16' title='bbox 2058 453 2275 522; x_wconf 78' lang='lat' dir='ltr'><strong>quidem</strong></span> <span class='ocrx_word' id='word_1_17' title='bbox 2297 455 2522 523; x_wconf 85' lang='lat' dir='ltr'><strong>gratiam</strong></span> <span class='ocrx_word' id='word_1_18' title='bbox 2546 464 2765 521; x_wconf 87' lang='lat' dir='ltr'><strong>norunt,</strong></span> <span class='ocrx_word' id='word_1_19' title='bbox 2794 470 3026 525; x_wconf 84' lang='lat' dir='ltr'><strong>eamque</strong></span> <span class='ocrx_word' id='word_1_20' title='bbox 3050 453 3243 509; x_wconf 81' lang='lat' dir='ltr'><strong>honori</strong></span> <span class='ocrx_word' id='word_1_21' title='bbox 3271 453 3505 508; x_wconf 85' lang='lat' dir='ltr'><strong>habent:</strong></span> <span class='ocrx_word' id='word_1_22' title='bbox 3534 473 3639 507; x_wconf 71' lang='lat' dir='ltr'><strong>cae-</strong></span> 
     </span>
    </p>
   </div>
   <div class='ocr_carea' id='block_1_5' title="bbox 380 540 1954 622">
    <p class='ocr_par' dir='ltr' id='par_1_5' title="bbox 380 540 1954 622">
     <span class='ocr_line' id='line_1_5' title="bbox 380 540 1954 622; baseline 0.009 -30"><span class='ocrx_word' id='word_1_23' title='bbox 380 540 658 596; x_wconf 82' lang='lat' dir='ltr'><strong>malitiose</strong></span> <span class='ocrx_word' id='word_1_24' title='bbox 691 543 873 612; x_wconf 75' lang='lat' dir='ltr'><strong>oneris</strong></span> <span class='ocrx_word' id='word_1_25' title='bbox 900 546 1145 600; x_wconf 83' lang='lat' dir='ltr'><strong>nonnihil</strong></span> <span class='ocrx_word' id='word_1_26' title='bbox 1189 550 1569 618; x_wconf 85' lang='lat' dir='ltr'><strong>suppritneuti,</strong></span> <span class='ocrx_word' id='word_1_27' title='bbox 1608 567 1670 606; x_wconf 90' lang='lat' dir='ltr'><strong>ac</strong></span> <span class='ocrx_word' id='word_1_28' title='bbox 1696 566 1954 622; x_wconf 82' lang='lat' dir='ltr'><strong>compen-</strong></span> 
     </span>
    </p>
   </div>
   <div class='ocr_carea' id='block_1_6' title="bbox 381 633 1958 714">
    <p class='ocr_par' dir='ltr' id='par_1_6' title="bbox 381 633 1958 714">
     <span class='ocr_line' id='line_1_6' title="bbox 381 633 1958 714; baseline 0.009 -29"><span class='ocrx_word' id='word_1_29' title='bbox 381 633 531 685; x_wconf 85' lang='lat' dir='ltr'><strong>dium</strong></span> <span class='ocrx_word' id='word_1_30' title='bbox 571 634 774 689; x_wconf 88' lang='lat' dir='ltr'><strong>laboris</strong></span> <span class='ocrx_word' id='word_1_31' title='bbox 824 637 1065 703; x_wconf 90' lang='lat' dir='ltr'><strong>facienti,</strong></span> <span class='ocrx_word' id='word_1_32' title='bbox 1104 640 1207 697; x_wconf 92' lang='lat' dir='ltr'><strong>hoc</strong></span> <span class='ocrx_word' id='word_1_33' title='bbox 1255 650 1359 705; x_wconf 87' lang='lat' dir='ltr'><strong>est,</strong></span> <span class='ocrx_word' id='word_1_34' title='bbox 1404 655 1622 714; x_wconf 90' lang='lat' dir='ltr'><strong>propter</strong></span> <span class='ocrx_word' id='word_1_35' title='bbox 1665 645 1872 701; x_wconf 84' lang='lat' dir='ltr'><strong>sordidi</strong></span> <span class='ocrx_word' id='word_1_36' title='bbox 1904 654 1958 701; x_wconf 91' lang='lat' dir='ltr'><strong>et</strong></span> 
     </span>
    </p>
   </div>
   <div class='ocr_carea' id='block_1_7' title="bbox 378 723 1957 806">
    <p class='ocr_par' dir='ltr' id='par_1_7' title="bbox 378 723 1957 806">
     <span class='ocr_line' id='line_1_7' title="bbox 378 723 1957 806; baseline 0.009 -29"><span class='ocrx_word' id='word_1_37' title='bbox 378 723 667 782; x_wconf 69' lang='lat' dir='ltr'><strong>illiberalis</strong></span> <span class='ocrx_word' id='word_1_38' title='bbox 715 730 881 782; x_wconf 89' lang='lat' dir='ltr'><strong>animi</strong></span> <span class='ocrx_word' id='word_1_39' title='bbox 923 728 1265 788; x_wconf 76' lang='lat' dir='ltr'><strong>affectionem</strong></span> <span class='ocrx_word' id='word_1_40' title='bbox 1328 751 1671 806; x_wconf 88' lang='lat' dir='ltr'><strong>nequaquam</strong></span> <span class='ocrx_word' id='word_1_41' title='bbox 1707 739 1957 794; x_wconf 70' lang='lat' dir='ltr'><strong>celeriter</strong></span> 
     </span>
    </p>
   </div>
   <div class='ocr_carea' id='block_1_8' title="bbox 381 806 1951 898">
    <p class='ocr_par' dir='ltr' id='par_1_8' title="bbox 381 806 1951 898">
     <span class='ocr_line' id='line_1_8' title="bbox 381 806 1951 898; baseline 0.01 -28"><span class='ocrx_word' id='word_1_42' title='bbox 381 806 710 870; x_wconf 69' lang='lat' dir='ltr'><strong>ad&#39;labores</strong></span> <span class='ocrx_word' id='word_1_43' title='bbox 738 828 791 871; x_wconf 88' lang='lat' dir='ltr'><strong>te</strong></span> <span class='ocrx_word' id='word_1_44' title='bbox 817 821 1147 889; x_wconf 80' lang='lat' dir='ltr'><strong>accingenti,</strong></span> <span class='ocrx_word' id='word_1_45' title='bbox 1197 836 1254 879; x_wconf 92' lang='lat' dir='ltr'><strong>ut</strong></span> <span class='ocrx_word' id='word_1_46' title='bbox 1302 828 1668 898; x_wconf 66' lang='lat' dir='ltr'><strong>voluptatibus</strong></span> <span class='ocrx_word' id='word_1_47' title='bbox 1711 832 1805 885; x_wconf 85' lang='lat' dir='ltr'><strong>tibi</strong></span> <span class='ocrx_word' id='word_1_48' title='bbox 1848 832 1951 886; x_wconf 92' lang='lat' dir='ltr'><strong>frui</strong></span> 
     </span>
    </p>
   </div>
   <div class='ocr_carea' id='block_1_9' title="bbox 383 908 1953 986">
    <p class='ocr_par' dir='ltr' id='par_1_9' title="bbox 383 908 1953 986">
     <span class='ocr_line' id='line_1_9' title="bbox 383 908 1953 986; baseline 0.011 -26"><span class='ocrx_word' id='word_1_49' title='bbox 383 908 563 962; x_wconf 74' lang='lat' dir='ltr'><strong>licent.</strong></span> <span class='ocrx_word' id='word_1_50' title='bbox 618 909 769 963; x_wconf 81' lang='lat' dir='ltr'><strong>Mitto</strong></span> <span class='ocrx_word' id='word_1_51' title='bbox 809 913 954 965; x_wconf 90' lang='lat' dir='ltr'><strong>enim</strong></span> <span class='ocrx_word' id='word_1_52' title='bbox 996 913 1198 979; x_wconf 85' lang='lat' dir='ltr'><strong>dicere,</strong></span> <span class='ocrx_word' id='word_1_53' title='bbox 1242 920 1385 986; x_wconf 91' lang='lat' dir='ltr'><strong>quod</strong></span> <span class='ocrx_word' id='word_1_54' title='bbox 1435 921 1643 975; x_wconf 85' lang='lat' dir='ltr'><strong>homini</strong></span> <span class='ocrx_word' id='word_1_55' title='bbox 1688 939 1794 977; x_wconf 91' lang='lat' dir='ltr'><strong>nou</strong></span> <span class='ocrx_word' id='word_1_56' title='bbox 1830 939 1953 978; x_wconf 56' lang='lat' dir='ltr'><strong>om.</strong></span> 
     </span>
    </p>
   </div>
   <div class='ocr_carea' id='block_1_10' title="bbox 378 1001 1953 1087">
    <p class='ocr_par' dir='ltr' id='par_1_10' title="bbox 378 1001 1953 1087">
     <span class='ocr_line' id='line_1_10' title="bbox 378 1001 1953 1087; baseline 0.012 -34"><span class='ocrx_word' id='word_1_57' title='bbox 378 1001 514 1054; x_wconf 88' lang='lat' dir='ltr'><strong>uino</strong></span> <span class='ocrx_word' id='word_1_58' title='bbox 549 1002 693 1071; x_wconf 84' lang='lat' dir='ltr'><strong>turpi</strong></span> <span class='ocrx_word' id='word_1_59' title='bbox 726 1016 777 1058; x_wconf 86' lang='lat' dir='ltr'><strong>et</strong></span> <span class='ocrx_word' id='word_1_60' title='bbox 804 1006 1045 1073; x_wconf 86' lang='lat' dir='ltr'><strong>sordido,</strong></span> <span class='ocrx_word' id='word_1_61' title='bbox 1096 1023 1282 1063; x_wconf 87' lang='lat' dir='ltr'><strong>verum</strong></span> <span class='ocrx_word' id='word_1_62' title='bbox 1315 1011 1495 1081; x_wconf 87' lang='lat' dir='ltr'><strong>aliqua</strong></span> <span class='ocrx_word' id='word_1_63' title='bbox 1528 1018 1799 1087; x_wconf 78' lang='lat' dir='ltr'><strong>magnifici</strong></span> <span class='ocrx_word' id='word_1_64' title='bbox 1832 1017 1953 1072; x_wconf 82' lang='lat' dir='ltr'><strong>ani-</strong></span> 
     </span>
    </p>
   </div>
   <div class='ocr_carea' id='block_1_11' title="bbox 379 1093 1952 1179">
    <p class='ocr_par' dir='ltr' id='par_1_11' title="bbox 379 1093 1952 1179">
     <span class='ocr_line' id='line_1_11' title="bbox 379 1093 1952 1179; baseline 0.013 -34"><span class='ocrx_word' id='word_1_65' title='bbox 379 1095 451 1145; x_wconf 88' lang='lat' dir='ltr'><strong>tni</strong></span> <span class='ocrx_word' id='word_1_66' title='bbox 485 1093 642 1149; x_wconf 86' lang='lat' dir='ltr'><strong>laude</strong></span> <span class='ocrx_word' id='word_1_67' title='bbox 683 1097 934 1165; x_wconf 70' lang='lat' dir='ltr'><strong>praadito,</strong></span> <span class='ocrx_word' id='word_1_68' title='bbox 992 1100 1042 1155; x_wconf 88' lang='lat' dir='ltr'><strong>id</strong></span> <span class='ocrx_word' id='word_1_69' title='bbox 1089 1118 1306 1170; x_wconf 88' lang='lat' dir='ltr'><strong>quoque</strong></span> <span class='ocrx_word' id='word_1_70' title='bbox 1339 1105 1538 1173; x_wconf 88' lang='lat' dir='ltr'><strong>ipsum,</strong></span> <span class='ocrx_word' id='word_1_71' title='bbox 1584 1124 1777 1179; x_wconf 79' lang='lat' dir='ltr'><strong>nempe</strong></span> <span class='ocrx_word' id='word_1_72' title='bbox 1832 1126 1952 1165; x_wconf 89' lang='lat' dir='ltr'><strong>am-</strong></span> 
     </span>
    </p>
   </div>
   <div class='ocr_carea' id='block_1_12' title="bbox 375 1184 1954 1269">
    <p class='ocr_par' dir='ltr' id='par_1_12' title="bbox 375 1184 1954 1269">
     <span class='ocr_line' id='line_1_12' title="bbox 375 1184 1954 1269; baseline 0.015 -35"><span class='ocrx_word' id='word_1_73' title='bbox 375 1184 519 1252; x_wconf 75' lang='lat' dir='ltr'><strong>phus</strong></span> <span class='ocrx_word' id='word_1_74' title='bbox 557 1187 827 1250; x_wconf 86' lang='lat' dir='ltr'><strong>laborare.</strong></span> <span class='ocrx_word' id='word_1_75' title='bbox 872 1191 1141 1248; x_wconf 83' lang='lat' dir='ltr'><strong>uberioris</strong></span> <span class='ocrx_word' id='word_1_76' title='bbox 1174 1198 1440 1252; x_wconf 87' lang='lat' dir='ltr'><strong>mercedis</strong></span> <span class='ocrx_word' id='word_1_77' title='bbox 1480 1211 1533 1252; x_wconf 91' lang='lat' dir='ltr'><strong>et</strong></span> <span class='ocrx_word' id='word_1_78' title='bbox 1567 1212 1809 1269; x_wconf 58' lang='lat' dir='ltr'><strong>quaestus</strong></span> <span class='ocrx_word' id='word_1_79' title='bbox 1831 1203 1954 1257; x_wconf 88' lang='lat' dir='ltr'><strong>loco</strong></span> 
     </span>
    </p>
   </div>
   <div class='ocr_carea' id='block_1_13' title="bbox 378 1276 1954 1365">
    <p class='ocr_par' dir='ltr' id='par_1_13' title="bbox 378 1276 1954 1365">
     <span class='ocr_line' id='line_1_13' title="bbox 378 1276 1954 1365; baseline 0.013 -35"><span class='ocrx_word' id='word_1_80' title='bbox 378 1276 689 1333; x_wconf 86' lang='lat' dir='ltr'><strong>habendum</strong></span> <span class='ocrx_word' id='word_1_81' title='bbox 741 1291 844 1348; x_wconf 89' lang='lat' dir='ltr'><strong>est,</strong></span> <span class='ocrx_word' id='word_1_82' title='bbox 902 1283 974 1338; x_wconf 91' lang='lat' dir='ltr'><strong>oh</strong></span> <span class='ocrx_word' id='word_1_83' title='bbox 1021 1299 1339 1355; x_wconf 90' lang='lat' dir='ltr'><strong>sequentem</strong></span> <span class='ocrx_word' id='word_1_84' title='bbox 1397 1291 1731 1361; x_wconf 86' lang='lat' dir='ltr'><strong>voluptatem</strong></span> <span class='ocrx_word' id='word_1_85' title='bbox 1790 1304 1954 1365; x_wconf 88' lang='lat' dir='ltr'><strong>atque</strong></span> 
     </span>
    </p>
   </div>
   <div class='ocr_carea' id='block_1_14' title="bbox 374 1366 1950 1451">
    <p class='ocr_par' dir='ltr' id='par_1_14' title="bbox 374 1366 1950 1451">
     <span class='ocr_line' id='line_1_14' title="bbox 374 1366 1950 1451; baseline 0.011 -30"><span class='ocrx_word' id='word_1_86' title='bbox 374 1366 820 1436; x_wconf 74' lang='lat' dir='ltr'><strong>oblectationem,</strong></span> <span class='ocrx_word' id='word_1_87' title='bbox 851 1389 1014 1442; x_wconf 87' lang='lat' dir='ltr'><strong>quam</strong></span> <span class='ocrx_word' id='word_1_88' title='bbox 1041 1391 1109 1431; x_wconf 90' lang='lat' dir='ltr'><strong>ex</strong></span> <span class='ocrx_word' id='word_1_89' title='bbox 1142 1393 1204 1433; x_wconf 87' lang='lat' dir='ltr'><strong>ea</strong></span> <span class='ocrx_word' id='word_1_90' title='bbox 1237 1395 1295 1434; x_wconf 91' lang='lat' dir='ltr'><strong>re</strong></span> <span class='ocrx_word' id='word_1_91' title='bbox 1329 1381 1563 1451; x_wconf 79' lang='lat' dir='ltr'><strong>percipit</strong></span> <span class='ocrx_word' id='word_1_92' title='bbox 1595 1386 1950 1439; x_wconf 84' lang='lat' dir='ltr'><strong>conscientia.</strong></span> 
     </span>
    </p>
   </div>
   <div class='ocr_carea' id='block_1_15' title="bbox 378 1457 1953 1544">
    <p class='ocr_par' dir='ltr' id='par_1_15' title="bbox 378 1457 1953 1544">
     <span class='ocr_line' id='line_1_15' title="bbox 378 1457 1953 1544; baseline 0.012 -33"><span class='ocrx_word' id='word_1_93' title='bbox 378 1457 593 1513; x_wconf 84' lang='lat' dir='ltr'><strong>Etenim</strong></span> <span class='ocrx_word' id='word_1_94' title='bbox 626 1465 720 1531; x_wconf 88' lang='lat' dir='ltr'><strong>qui</strong></span> <span class='ocrx_word' id='word_1_95' title='bbox 775 1462 1007 1535; x_wconf 75' lang='lat' dir='ltr'><strong>longiori</strong></span> <span class='ocrx_word' id='word_1_96' title='bbox 1063 1468 1246 1526; x_wconf 86' lang='lat' dir='ltr'><strong>labore</strong></span> <span class='ocrx_word' id='word_1_97' title='bbox 1302 1472 1623 1544; x_wconf 85' lang='lat' dir='ltr'><strong>fatigantur.</strong></span> <span class='ocrx_word' id='word_1_98' title='bbox 1685 1476 1953 1531; x_wconf 78' lang='lat' dir='ltr'><strong>hactenus</strong></span> 
     </span>
    </p>
   </div>
   <div class='ocr_carea' id='block_1_16' title="bbox 377 1554 1952 1636">
    <p class='ocr_par' dir='ltr' id='par_1_16' title="bbox 377 1554 1952 1636">
     <span class='ocr_line' id='line_1_16' title="bbox 377 1554 1952 1636; baseline 0.011 -33"><span class='ocrx_word' id='word_1_99' title='bbox 377 1554 649 1620; x_wconf 80' lang='lat' dir='ltr'><strong>superiori</strong></span> <span class='ocrx_word' id='word_1_100' title='bbox 683 1558 995 1613; x_wconf 89' lang='lat' dir='ltr'><strong>conditione</strong></span> <span class='ocrx_word' id='word_1_101' title='bbox 1025 1569 1177 1627; x_wconf 89' lang='lat' dir='ltr'><strong>sunt,</strong></span> <span class='ocrx_word' id='word_1_102' title='bbox 1227 1567 1374 1633; x_wconf 88' lang='lat' dir='ltr'><strong>quod</strong></span> <span class='ocrx_word' id='word_1_103' title='bbox 1418 1574 1640 1636; x_wconf 84' lang='lat' dir='ltr'><strong>propter</strong></span> <span class='ocrx_word' id='word_1_104' title='bbox 1683 1582 1804 1622; x_wconf 90' lang='lat' dir='ltr'><strong>eam</strong></span> <span class='ocrx_word' id='word_1_105' title='bbox 1839 1582 1952 1621; x_wconf 90' lang='lat' dir='ltr'><strong>rem</strong></span> 
     </span>
    </p>
   </div>
   <div class='ocr_carea' id='block_1_17' title="bbox 378 1644 1951 1725">
    <p class='ocr_par' dir='ltr' id='par_1_17' title="bbox 378 1644 1951 1725">
     <span class='ocr_line' id='line_1_17' title="bbox 378 1644 1951 1725; baseline 0.011 -29"><span class='ocrx_word' id='word_1_106' title='bbox 378 1644 576 1712; x_wconf 76' lang='lat' dir='ltr'><strong>majori</strong></span> <span class='ocrx_word' id='word_1_107' title='bbox 649 1647 1010 1706; x_wconf 87' lang='lat' dir='ltr'><strong>delectatione</strong></span> <span class='ocrx_word' id='word_1_108' title='bbox 1080 1653 1499 1723; x_wconf 80' lang='lat' dir='ltr'><strong>perfunduntur.</strong></span> <span class='ocrx_word' id='word_1_109' title='bbox 1586 1658 1951 1725; x_wconf 85' lang='lat' dir='ltr'><strong>Quamobrem</strong></span> 
     </span>
    </p>
   </div>
   <div class='ocr_carea' id='block_1_18' title="bbox 2065 546 3638 616">
    <p class='ocr_par' dir='ltr' id='par_1_18' title="bbox 2065 546 3638 616">
     <span class='ocr_line' id='line_1_18' title="bbox 2065 546 3638 616; baseline -0.001 -17"><span class='ocrx_word' id='word_1_110' title='bbox 2065 554 2240 600; x_wconf 88' lang='lat' dir='ltr'><strong>terum</strong></span> <span class='ocrx_word' id='word_1_111' title='bbox 2280 558 2501 615; x_wconf 89' lang='lat' dir='ltr'><strong>propter</strong></span> <span class='ocrx_word' id='word_1_112' title='bbox 2532 548 2914 616; x_wconf 81' lang='lat' dir='ltr'><strong>inexplebilem</strong></span> <span class='ocrx_word' id='word_1_113' title='bbox 2956 546 3253 616; x_wconf 76' lang='lat' dir='ltr'><strong>voluptatis</strong></span> <span class='ocrx_word' id='word_1_114' title='bbox 3282 547 3638 614; x_wconf 82' lang='lat' dir='ltr'><strong>cupiditatem</strong></span> 
     </span>
    </p>
   </div>
   <div class='ocr_carea' id='block_1_19' title="bbox 2060 638 3639 710">
    <p class='ocr_par' dir='ltr' id='par_1_19' title="bbox 2060 638 3639 710">
     <span class='ocr_line' id='line_1_19' title="bbox 2060 638 3639 710; baseline -0.001 -19"><span class='ocrx_word' id='word_1_115' title='bbox 2060 655 2183 691; x_wconf 90' lang='lat' dir='ltr'><strong>eum</strong></span> <span class='ocrx_word' id='word_1_116' title='bbox 2243 650 2581 710; x_wconf 87' lang='lat' dir='ltr'><strong>prorogant:</strong></span> <span class='ocrx_word' id='word_1_117' title='bbox 2618 656 2684 694; x_wconf 90' lang='lat' dir='ltr'><strong>ne</strong></span> <span class='ocrx_word' id='word_1_118' title='bbox 2744 642 2867 694; x_wconf 76' lang='lat' dir='ltr'><strong>vita:</strong></span> <span class='ocrx_word' id='word_1_119' title='bbox 2911 639 3346 710; x_wconf 87' lang='lat' dir='ltr'><strong>jucunditatibns</strong></span> <span class='ocrx_word' id='word_1_120' title='bbox 3397 638 3639 690; x_wconf 54' lang='lat' dir='ltr'><strong>oblecta.</strong></span> 
     </span>
    </p>
   </div>
   <div class='ocr_carea' id='block_1_20' title="bbox 2063 731 3638 801">
    <p class='ocr_par' dir='ltr' id='par_1_20' title="bbox 2063 731 3638 801">
     <span class='ocr_line' id='line_1_20' title="bbox 2063 731 3638 801; baseline -0.002 -16"><span class='ocrx_word' id='word_1_121' title='bbox 2063 734 2368 801; x_wconf 73' lang='lat' dir='ltr'><strong>mentisque</strong></span> <span class='ocrx_word' id='word_1_122' title='bbox 2434 744 2680 786; x_wconf 87' lang='lat' dir='ltr'><strong>careant.</strong></span> <span class='ocrx_word' id='word_1_123' title='bbox 2744 732 2850 785; x_wconf 90' lang='lat' dir='ltr'><strong>Alii</strong></span> <span class='ocrx_word' id='word_1_124' title='bbox 2909 748 3101 787; x_wconf 89' lang='lat' dir='ltr'><strong>rursus</strong></span> <span class='ocrx_word' id='word_1_125' title='bbox 3176 731 3431 801; x_wconf 88' lang='lat' dir='ltr'><strong>baptismi</strong></span> <span class='ocrx_word' id='word_1_126' title='bbox 3501 746 3638 798; x_wconf 87' lang='lat' dir='ltr'><strong>aqua</strong></span> 
     </span>
    </p>
   </div>
   <div class='ocr_carea' id='block_1_21' title="bbox 2060 823 3637 897">
    <p class='ocr_par' dir='ltr' id='par_1_21' title="bbox 2060 823 3637 897">
     <span class='ocr_line' id='line_1_21' title="bbox 2060 823 3637 897; baseline -0.003 -20"><span class='ocrx_word' id='word_1_127' title='bbox 2060 823 2192 893; x_wconf 84' lang='lat' dir='ltr'><strong>tingi</strong></span> <span class='ocrx_word' id='word_1_128' title='bbox 2232 836 2531 895; x_wconf 84' lang='lat' dir='ltr'><strong>nequeunt,</strong></span> <span class='ocrx_word' id='word_1_129' title='bbox 2566 826 2646 881; x_wconf 86' lang='lat' dir='ltr'><strong>vel</strong></span> <span class='ocrx_word' id='word_1_130' title='bbox 2681 837 2901 896; x_wconf 84' lang='lat' dir='ltr'><strong>propter</strong></span> <span class='ocrx_word' id='word_1_131' title='bbox 2941 823 3328 897; x_wconf 88' lang='lat' dir='ltr'><strong>ignorantiam,</strong></span> <span class='ocrx_word' id='word_1_132' title='bbox 3370 829 3429 876; x_wconf 91' lang='lat' dir='ltr'><strong>ut</strong></span> <span class='ocrx_word' id='word_1_133' title='bbox 3462 823 3637 890; x_wconf 83' lang='lat' dir='ltr'><strong>pueri,</strong></span> 
     </span>
    </p>
   </div>
   <div class='ocr_carea' id='block_1_22' title="bbox 2060 915 3640 988">
    <p class='ocr_par' dir='ltr' id='par_1_22' title="bbox 2060 915 3640 988">
     <span class='ocr_line' id='line_1_22' title="bbox 2060 915 3640 988; baseline -0.001 -20"><span class='ocrx_word' id='word_1_134' title='bbox 2060 917 2141 970; x_wconf 88' lang='lat' dir='ltr'><strong>vel</strong></span> <span class='ocrx_word' id='word_1_135' title='bbox 2175 931 2398 987; x_wconf 88' lang='lat' dir='ltr'><strong>propter</strong></span> <span class='ocrx_word' id='word_1_136' title='bbox 2430 918 2666 988; x_wconf 88' lang='lat' dir='ltr'><strong>aliquem</strong></span> <span class='ocrx_word' id='word_1_137' title='bbox 2687 933 2876 973; x_wconf 90' lang='lat' dir='ltr'><strong>casum</strong></span> <span class='ocrx_word' id='word_1_138' title='bbox 2903 918 3185 988; x_wconf 85' lang='lat' dir='ltr'><strong>inepinato</strong></span> <span class='ocrx_word' id='word_1_139' title='bbox 3211 931 3306 970; x_wconf 91' lang='lat' dir='ltr'><strong>eos</strong></span> <span class='ocrx_word' id='word_1_140' title='bbox 3329 915 3640 985; x_wconf 79' lang='lat' dir='ltr'><strong>Oppritnen-</strong></span> 
     </span>
    </p>
   </div>
   <div class='ocr_carea' id='block_1_23' title="bbox 2058 1007 3640 1082">
    <p class='ocr_par' dir='ltr' id='par_1_23' title="bbox 2058 1007 3640 1082">
     <span class='ocr_line' id='line_1_23' title="bbox 2058 1007 3640 1082; baseline -0.003 -18"><span class='ocrx_word' id='word_1_141' title='bbox 2058 1015 2189 1064; x_wconf 83' lang='lat' dir='ltr'><strong>tem.</strong></span> <span class='ocrx_word' id='word_1_142' title='bbox 2251 1009 2726 1078; x_wconf 84' lang='lat' dir='ltr'><strong>Quemadmodum</strong></span> <span class='ocrx_word' id='word_1_143' title='bbox 2792 1012 2958 1082; x_wconf 82' lang='lat' dir='ltr'><strong>igitur</strong></span> <span class='ocrx_word' id='word_1_144' title='bbox 3007 1010 3061 1064; x_wconf 91' lang='lat' dir='ltr'><strong>in</strong></span> <span class='ocrx_word' id='word_1_145' title='bbox 3109 1010 3177 1064; x_wconf 90' lang='lat' dir='ltr'><strong>iis</strong></span> <span class='ocrx_word' id='word_1_146' title='bbox 3238 1008 3331 1078; x_wconf 91' lang='lat' dir='ltr'><strong>qui</strong></span> <span class='ocrx_word' id='word_1_147' title='bbox 3367 1007 3640 1077; x_wconf 83' lang='lat' dir='ltr'><strong>baptismo</strong></span> 
     </span>
    </p>
   </div>
   <div class='ocr_carea' id='block_1_24' title="bbox 2060 1099 3637 1174">
    <p class='ocr_par' dir='ltr' id='par_1_24' title="bbox 2060 1099 3637 1174">
     <span class='ocr_line' id='line_1_24' title="bbox 2060 1099 3637 1174; baseline -0.004 -18"><span class='ocrx_word' id='word_1_148' title='bbox 2060 1103 2374 1173; x_wconf 82' lang='lat' dir='ltr'><strong>tinguntur,</strong></span> <span class='ocrx_word' id='word_1_149' title='bbox 2412 1118 2768 1174; x_wconf 83' lang='lat' dir='ltr'><strong>permagnum</strong></span> <span class='ocrx_word' id='word_1_150' title='bbox 2808 1104 3103 1157; x_wconf 65' lang='lat' dir='ltr'><strong>discrimen</strong></span> <span class='ocrx_word' id='word_1_151' title='bbox 3135 1101 3439 1170; x_wconf 78' lang='lat' dir='ltr'><strong>reperimus</strong></span> <span class='ocrx_word' id='word_1_152' title='bbox 3487 1099 3637 1164; x_wconf 86' lang='lat' dir='ltr'><strong>(nam</strong></span> 
     </span>
    </p>
   </div>
   <div class='ocr_carea' id='block_1_25' title="bbox 2057 1192 3640 1276">
    <p class='ocr_par' dir='ltr' id='par_1_25' title="bbox 2057 1192 3640 1276">
     <span class='ocr_line' id='line_1_25' title="bbox 2057 1192 3640 1276; baseline -0.001 -30"><span class='ocrx_word' id='word_1_153' title='bbox 2057 1193 2124 1248; x_wconf 91' lang='lat' dir='ltr'><strong>iis</strong></span> <span class='ocrx_word' id='word_1_154' title='bbox 2168 1194 2261 1276; x_wconf 73' lang='lat' dir='ltr'><strong>qui</strong></span> <span class='ocrx_word' id='word_1_155' title='bbox 2303 1192 2525 1265; x_wconf 80' lang='lat' dir='ltr'><strong>ﬂagitiis</strong></span> <span class='ocrx_word' id='word_1_156' title='bbox 2557 1195 2821 1250; x_wconf 89' lang='lat' dir='ltr'><strong>omnibus</strong></span> <span class='ocrx_word' id='word_1_157' title='bbox 2883 1210 2942 1250; x_wconf 91' lang='lat' dir='ltr'><strong>se</strong></span> <span class='ocrx_word' id='word_1_158' title='bbox 2977 1194 3322 1258; x_wconf 81' lang='lat' dir='ltr'><strong>addixerunt,</strong></span> <span class='ocrx_word' id='word_1_159' title='bbox 3373 1208 3510 1261; x_wconf 78' lang='lat' dir='ltr'><strong>pra-s</strong></span> <span class='ocrx_word' id='word_1_160' title='bbox 3540 1208 3640 1244; x_wconf 85' lang='lat' dir='ltr'><strong>au-</strong></span> 
     </span>
    </p>
   </div>
   <div class='ocr_carea' id='block_1_26' title="bbox 2059 1286 3635 1358">
    <p class='ocr_par' dir='ltr' id='par_1_26' title="bbox 2059 1286 3635 1358">
     <span class='ocr_line' id='line_1_26' title="bbox 2059 1286 3635 1358; baseline -0.001 -20"><span class='ocrx_word' id='word_1_161' title='bbox 2059 1288 2222 1341; x_wconf 86' lang='lat' dir='ltr'><strong>tiores</strong></span> <span class='ocrx_word' id='word_1_162' title='bbox 2252 1297 2382 1342; x_wconf 88' lang='lat' dir='ltr'><strong>sunt</strong></span> <span class='ocrx_word' id='word_1_163' title='bbox 2415 1287 2509 1358; x_wconf 89' lang='lat' dir='ltr'><strong>qui</strong></span> <span class='ocrx_word' id='word_1_164' title='bbox 2558 1286 2807 1341; x_wconf 85' lang='lat' dir='ltr'><strong>nonnihil</strong></span> <span class='ocrx_word' id='word_1_165' title='bbox 2872 1287 2940 1341; x_wconf 92' lang='lat' dir='ltr'><strong>de</strong></span> <span class='ocrx_word' id='word_1_166' title='bbox 2992 1288 3199 1341; x_wconf 85' lang='lat' dir='ltr'><strong>scelere</strong></span> <span class='ocrx_word' id='word_1_167' title='bbox 3257 1286 3635 1340; x_wconf 87' lang='lat' dir='ltr'><strong>remiserunt:</strong></span> 
     </span>
    </p>
   </div>
   <div class='ocr_carea' id='block_1_27' title="bbox 2058 1379 3636 1451">
    <p class='ocr_par' dir='ltr' id='par_1_27' title="bbox 2058 1379 3636 1451">
     <span class='ocr_line' id='line_1_27' title="bbox 2058 1379 3636 1451; baseline 0 -20"><span class='ocrx_word' id='word_1_168' title='bbox 2058 1379 2253 1448; x_wconf 90' lang='lat' dir='ltr'><strong>hisque</strong></span> <span class='ocrx_word' id='word_1_169' title='bbox 2278 1396 2474 1437; x_wconf 87' lang='lat' dir='ltr'><strong>rursus</strong></span> <span class='ocrx_word' id='word_1_170' title='bbox 2503 1381 2779 1445; x_wconf 87' lang='lat' dir='ltr'><strong>meliores,</strong></span> <span class='ocrx_word' id='word_1_171' title='bbox 2805 1381 2895 1451; x_wconf 90' lang='lat' dir='ltr'><strong>qui</strong></span> <span class='ocrx_word' id='word_1_172' title='bbox 2923 1381 3135 1451; x_wconf 88' lang='lat' dir='ltr'><strong>seipsos</strong></span> <span class='ocrx_word' id='word_1_173' title='bbox 3153 1392 3278 1436; x_wconf 86' lang='lat' dir='ltr'><strong>ante</strong></span> <span class='ocrx_word' id='word_1_174' title='bbox 3308 1380 3636 1450; x_wconf 83' lang='lat' dir='ltr'><strong>baptismum</strong></span> 
     </span>
    </p>
   </div>
   <div class='ocr_carea' id='block_1_28' title="bbox 2059 1471 3638 1544">
    <p class='ocr_par' dir='ltr' id='par_1_28' title="bbox 2059 1471 3638 1544">
     <span class='ocr_line' id='line_1_28' title="bbox 2059 1471 3638 1544; baseline 0.001 -23"><span class='ocrx_word' id='word_1_175' title='bbox 2059 1481 2402 1541; x_wconf 77' lang='lat' dir='ltr'><strong>purgarunt:</strong></span> <span class='ocrx_word' id='word_1_176' title='bbox 2437 1482 2603 1544; x_wconf 87' lang='lat' dir='ltr'><strong>atque</strong></span> <span class='ocrx_word' id='word_1_177' title='bbox 2638 1472 2723 1528; x_wconf 83' lang='lat' dir='ltr'><strong>his</strong></span> <span class='ocrx_word' id='word_1_178' title='bbox 2761 1473 2996 1542; x_wconf 88' lang='lat' dir='ltr'><strong>denique</strong></span> <span class='ocrx_word' id='word_1_179' title='bbox 3033 1472 3358 1542; x_wconf 68' lang='lat' dir='ltr'><strong>praeferendi</strong></span> <span class='ocrx_word' id='word_1_180' title='bbox 3385 1481 3515 1527; x_wconf 90' lang='lat' dir='ltr'><strong>sunt</strong></span> <span class='ocrx_word' id='word_1_181' title='bbox 3543 1471 3638 1542; x_wconf 81' lang='lat' dir='ltr'><strong>qui</strong></span> 
     </span>
    </p>
   </div>
   <div class='ocr_carea' id='block_1_29' title="bbox 2057 1565 3639 1635">
    <p class='ocr_par' dir='ltr' id='par_1_29' title="bbox 2057 1565 3639 1635">
     <span class='ocr_line' id='line_1_29' title="bbox 2057 1565 3639 1635; baseline 0.004 -22"><span class='ocrx_word' id='word_1_182' title='bbox 2057 1573 2176 1631; x_wconf 87' lang='lat' dir='ltr'><strong>post</strong></span> <span class='ocrx_word' id='word_1_183' title='bbox 2210 1565 2545 1634; x_wconf 86' lang='lat' dir='ltr'><strong>baptismum</strong></span> <span class='ocrx_word' id='word_1_184' title='bbox 2600 1566 2842 1621; x_wconf 75' lang='lat' dir='ltr'><strong>divinam</strong></span> <span class='ocrx_word' id='word_1_185' title='bbox 2910 1567 3137 1635; x_wconf 84' lang='lat' dir='ltr'><strong>gratiam</strong></span> <span class='ocrx_word' id='word_1_186' title='bbox 3191 1581 3408 1620; x_wconf 85' lang='lat' dir='ltr'><strong>summo</strong></span> <span class='ocrx_word' id='word_1_187' title='bbox 3455 1567 3639 1619; x_wconf 82' lang='lat' dir='ltr'><strong>studio</strong></span> 
     </span>
    </p>
   </div>
   <div class='ocr_carea' id='block_1_30' title="bbox 2054 1656 3640 1728">
    <p class='ocr_par' dir='ltr' id='par_1_30' title="bbox 2054 1656 3640 1728">
     <span class='ocr_line' id='line_1_30' title="bbox 2054 1656 3640 1728; baseline 0 -20"><span class='ocrx_word' id='word_1_188' title='bbox 2054 1657 2370 1726; x_wconf 77' lang='lat' dir='ltr'><strong>excolunt);</strong></span> <span class='ocrx_word' id='word_1_189' title='bbox 2434 1659 2516 1714; x_wconf 90' lang='lat' dir='ltr'><strong>sic</strong></span> <span class='ocrx_word' id='word_1_190' title='bbox 2568 1657 2709 1713; x_wconf 89' lang='lat' dir='ltr'><strong>inter</strong></span> <span class='ocrx_word' id='word_1_191' title='bbox 2768 1672 3115 1728; x_wconf 80' lang='lat' dir='ltr'><strong>eosqueque</strong></span> <span class='ocrx_word' id='word_1_192' title='bbox 3165 1658 3256 1728; x_wconf 92' lang='lat' dir='ltr'><strong>qui</strong></span> <span class='ocrx_word' id='word_1_193' title='bbox 3307 1656 3640 1712; x_wconf 71' lang='lat' dir='ltr'><strong>sacrosancd</strong></span> 
     </span>
    </p>
   </div>
   <div class='ocr_carea' id='block_1_31' title="bbox 372 1738 3638 1820">
    <p class='ocr_par' dir='ltr' id='par_1_31' title="bbox 372 1738 3638 1820">
     <span class='ocr_line' id='line_1_31' title="bbox 372 1738 3638 1820; baseline 0.002 -27"><span class='ocrx_word' id='word_1_194' title='bbox 372 1750 500 1791; x_wconf 79' lang='lat' dir='ltr'><strong>cum</strong></span> <span class='ocrx_word' id='word_1_195' title='bbox 540 1738 664 1793; x_wconf 66' lang='lat' dir='ltr'><strong>vitae</strong></span> <span class='ocrx_word' id='word_1_196' title='bbox 729 1740 979 1812; x_wconf 82' lang='lat' dir='ltr'><strong>ingressu</strong></span> <span class='ocrx_word' id='word_1_197' title='bbox 1030 1746 1248 1801; x_wconf 77' lang='lat' dir='ltr'><strong>multari</strong></span> <span class='ocrx_word' id='word_1_198' title='bbox 1313 1749 1667 1818; x_wconf 52' lang='lat' dir='ltr'><strong>perii-literis,</strong></span> <span class='ocrx_word' id='word_1_199' title='bbox 1735 1762 1954 1820; x_wconf 70' lang='lat' dir='ltr'><strong>propter</strong></span> <span class='ocrx_word' id='word_1_200' title='bbox 1981 1809 2031 1820; x_wconf 39' lang='lat' dir='ltr'><strong>ﬂ</strong></span> <span class='ocrx_word' id='word_1_201' title='bbox 2058 1744 2254 1799; x_wconf 81' lang='lat' dir='ltr'><strong>lavacri</strong></span> <span class='ocrx_word' id='word_1_202' title='bbox 2290 1761 2487 1800; x_wconf 85' lang='lat' dir='ltr'><strong>munus</strong></span> <span class='ocrx_word' id='word_1_203' title='bbox 2523 1745 2748 1800; x_wconf 83' lang='lat' dir='ltr'><strong>minime</strong></span> <span class='ocrx_word' id='word_1_204' title='bbox 2778 1753 3221 1815; x_wconf 76' lang='lat' dir='ltr'><strong>consequuntur,</strong></span> <span class='ocrx_word' id='word_1_205' title='bbox 3271 1744 3380 1798; x_wconf 84' lang='lat' dir='ltr'><strong>lata</strong></span> <span class='ocrx_word' id='word_1_206' title='bbox 3415 1752 3499 1799; x_wconf 90' lang='lat' dir='ltr'><strong>est</strong></span> <span class='ocrx_word' id='word_1_207' title='bbox 3529 1743 3638 1798; x_wconf 52' lang='lat' dir='ltr'><strong>dif.</strong></span> 
     </span>
    </p>
   </div>
   <div class='ocr_carea' id='block_1_32' title="bbox 373 1809 3639 1914">
    <p class='ocr_par' dir='ltr' id='par_1_32' title="bbox 373 1809 3639 1914">
     <span class='ocr_line' id='line_1_32' title="bbox 373 1809 3639 1914; baseline 0.002 -30"><span class='ocrx_word' id='word_1_208' title='bbox 373 1845 470 1886; x_wconf 84' lang='lat' dir='ltr'><strong>eas</strong></span> <span class='ocrx_word' id='word_1_209' title='bbox 509 1832 718 1887; x_wconf 88' lang='lat' dir='ltr'><strong>sordidi</strong></span> <span class='ocrx_word' id='word_1_210' title='bbox 752 1809 1001 1904; x_wconf 56' lang='lat' dir='ltr'><strong>questus</strong></span> <span class='ocrx_word' id='word_1_211' title='bbox 1040 1809 1405 1909; x_wconf 50' lang='lat' dir='ltr'><strong>captation-cs,</strong></span> <span class='ocrx_word' id='word_1_212' title='bbox 1435 1858 1573 1911; x_wconf 89' lang='lat' dir='ltr'><strong>quas</strong></span> <span class='ocrx_word' id='word_1_213' title='bbox 1605 1809 1768 1914; x_wconf 74' lang='lat' dir='ltr'><strong>supra</strong></span> <span class='ocrx_word' id='word_1_214' title='bbox 1802 1809 1951 1898; x_wconf 73' lang='lat' dir='ltr'><strong>eom-</strong></span> <span class='ocrx_word' id='word_1_215' title='bbox 1980 1809 2031 1869; x_wconf 22' lang='grc' dir='ltr'><strong>Β.</strong></span> <span class='ocrx_word' id='word_1_216' title='bbox 2056 1836 2307 1893; x_wconf 84' lang='lat' dir='ltr'><strong>ferentia.</strong></span> <span class='ocrx_word' id='word_1_217' title='bbox 2363 1837 2574 1893; x_wconf 87' lang='lat' dir='ltr'><strong>Etenim</strong></span> <span class='ocrx_word' id='word_1_218' title='bbox 2625 1839 2718 1909; x_wconf 88' lang='lat' dir='ltr'><strong>qui</strong></span> <span class='ocrx_word' id='word_1_219' title='bbox 2776 1839 3006 1893; x_wconf 88' lang='lat' dir='ltr'><strong>omnino</strong></span> <span class='ocrx_word' id='word_1_220' title='bbox 3053 1837 3387 1909; x_wconf 86' lang='lat' dir='ltr'><strong>baptismum</strong></span> <span class='ocrx_word' id='word_1_221' title='bbox 3446 1851 3639 1906; x_wconf 81' lang='lat' dir='ltr'><strong>asper-</strong></span> 
     </span>
    </p>
   </div>
   <div class='ocr_carea' id='block_1_33' title="bbox 375 1924 1952 2003">
    <p class='ocr_par' dir='ltr' id='par_1_33' title="bbox 375 1924 1952 2003">
     <span class='ocr_line' id='line_1_33' title="bbox 375 1924 1952 2003; baseline 0.011 -29"><span class='ocrx_word' id='word_1_222' title='bbox 375 1924 826 1992; x_wconf 85' lang='lat' dir='ltr'><strong>memoravimus,</strong></span> <span class='ocrx_word' id='word_1_223' title='bbox 850 1928 1093 1999; x_wconf 89' lang='lat' dir='ltr'><strong>dumque</strong></span> <span class='ocrx_word' id='word_1_224' title='bbox 1118 1946 1281 2002; x_wconf 86' lang='lat' dir='ltr'><strong>parva</strong></span> <span class='ocrx_word' id='word_1_225' title='bbox 1312 1936 1559 2003; x_wconf 69' lang='lat' dir='ltr'><strong>quaedem</strong></span> <span class='ocrx_word' id='word_1_226' title='bbox 1594 1935 1746 1991; x_wconf 86' lang='lat' dir='ltr'><strong>lucra</strong></span> <span class='ocrx_word' id='word_1_227' title='bbox 1775 1937 1952 1992; x_wconf 86' lang='lat' dir='ltr'><strong>obiter</strong></span> 
     </span>
    </p>
   </div>
   <div class='ocr_carea' id='block_1_34' title="bbox 370 2015 1951 2096">
    <p class='ocr_par' dir='ltr' id='par_1_34' title="bbox 370 2015 1951 2096">
     <span class='ocr_line' id='line_1_34' title="bbox 370 2015 1951 2096; baseline 0.012 -29"><span class='ocrx_word' id='word_1_228' title='bbox 370 2015 607 2087; x_wconf 78' lang='lat' dir='ltr'><strong>colligis,</strong></span> <span class='ocrx_word' id='word_1_229' title='bbox 661 2017 765 2074; x_wconf 89' lang='lat' dir='ltr'><strong>hoc</strong></span> <span class='ocrx_word' id='word_1_230' title='bbox 819 2029 942 2086; x_wconf 90' lang='lat' dir='ltr'><strong>est,</strong></span> <span class='ocrx_word' id='word_1_231' title='bbox 1004 2024 1309 2093; x_wconf 86' lang='lat' dir='ltr'><strong>voluptates</strong></span> <span class='ocrx_word' id='word_1_232' title='bbox 1351 2027 1403 2080; x_wconf 94' lang='lat' dir='ltr'><strong>in</strong></span> <span class='ocrx_word' id='word_1_233' title='bbox 1463 2030 1951 2096; x_wconf 88' lang='lat' dir='ltr'><strong>procrastinatione</strong></span> 
     </span>
    </p>
   </div>
   <div class='ocr_carea' id='block_1_35' title="bbox 372 2108 1951 2185">
    <p class='ocr_par' dir='ltr' id='par_1_35' title="bbox 372 2108 1951 2185">
     <span class='ocr_line' id='line_1_35' title="bbox 372 2108 1951 2185; baseline 0.008 -24"><span class='ocrx_word' id='word_1_234' title='bbox 372 2108 603 2176; x_wconf 83' lang='lat' dir='ltr'><strong>positas,</strong></span> <span class='ocrx_word' id='word_1_235' title='bbox 655 2110 911 2166; x_wconf 82' lang='lat' dir='ltr'><strong>maximis</strong></span> <span class='ocrx_word' id='word_1_236' title='bbox 952 2115 1401 2185; x_wconf 79' lang='lat' dir='ltr'><strong>gravissimisque</strong></span> <span class='ocrx_word' id='word_1_237' title='bbox 1447 2117 1788 2173; x_wconf 83' lang='lat' dir='ltr'><strong>detrimentis</strong></span> <span class='ocrx_word' id='word_1_238' title='bbox 1833 2119 1951 2174; x_wconf 78' lang='lat' dir='ltr'><strong>alii-</strong></span> 
     </span>
    </p>
   </div>
   <div class='ocr_carea' id='block_1_36' title="bbox 373 2198 1953 2280">
    <p class='ocr_par' dir='ltr' id='par_1_36' title="bbox 373 2198 1953 2280">
     <span class='ocr_line' id='line_1_36' title="bbox 373 2198 1953 2280; baseline 0.009 -27"><span class='ocrx_word' id='word_1_239' title='bbox 373 2198 565 2264; x_wconf 87' lang='lat' dir='ltr'><strong>ciaris,</strong></span> <span class='ocrx_word' id='word_1_240' title='bbox 601 2201 703 2257; x_wconf 92' lang='lat' dir='ltr'><strong>hoc</strong></span> <span class='ocrx_word' id='word_1_241' title='bbox 733 2210 837 2267; x_wconf 89' lang='lat' dir='ltr'><strong>est,</strong></span> <span class='ocrx_word' id='word_1_242' title='bbox 869 2205 1140 2272; x_wconf 89' lang='lat' dir='ltr'><strong>baptismo</strong></span> <span class='ocrx_word' id='word_1_243' title='bbox 1173 2209 1290 2278; x_wconf 88' lang='lat' dir='ltr'><strong>ipso</strong></span> <span class='ocrx_word' id='word_1_244' title='bbox 1332 2209 1552 2265; x_wconf 86' lang='lat' dir='ltr'><strong>excidas</strong></span> <span class='ocrx_word' id='word_1_245' title='bbox 1582 2229 1595 2265; x_wconf 90' lang='lat'><strong>:</strong></span> <span class='ocrx_word' id='word_1_246' title='bbox 1625 2226 1744 2280; x_wconf 80' lang='lat' dir='ltr'><strong>age,</strong></span> <span class='ocrx_word' id='word_1_247' title='bbox 1769 2214 1953 2267; x_wconf 84' lang='lat' dir='ltr'><strong>detor-</strong></span> 
     </span>
    </p>
   </div>
   <div class='ocr_carea' id='block_1_37' title="bbox 375 2292 1951 2369">
    <p class='ocr_par' dir='ltr' id='par_1_37' title="bbox 375 2292 1951 2369">
     <span class='ocr_line' id='line_1_37' title="bbox 375 2292 1951 2369; baseline 0.01 -25"><span class='ocrx_word' id='word_1_248' title='bbox 375 2301 461 2346; x_wconf 89' lang='lat' dir='ltr'><strong>tas</strong></span> <span class='ocrx_word' id='word_1_249' title='bbox 503 2292 811 2362; x_wconf 84' lang='lat' dir='ltr'><strong>hujnsmodi</strong></span> <span class='ocrx_word' id='word_1_250' title='bbox 870 2297 1278 2367; x_wconf 86' lang='lat' dir='ltr'><strong>Scripturarum</strong></span> <span class='ocrx_word' id='word_1_251' title='bbox 1332 2303 1704 2369; x_wconf 83' lang='lat' dir='ltr'><strong>expositiones</strong></span> <span class='ocrx_word' id='word_1_252' title='bbox 1753 2305 1951 2360; x_wconf 86' lang='lat' dir='ltr'><strong>missas</strong></span> 
     </span>
    </p>
   </div>
   <div class='ocr_carea' id='block_1_38' title="bbox 354 2382 1947 2465">
    <p class='ocr_par' dir='ltr' id='par_1_38' title="bbox 354 2382 1947 2465">
     <span class='ocr_line' id='line_1_38' title="bbox 354 2382 1947 2465; baseline 0.01 -29"><span class='ocrx_word' id='word_1_253' title='bbox 354 2382 483 2447; x_wconf 73' lang='lat' dir='ltr'><strong>fac,</strong></span> <span class='ocrx_word' id='word_1_254' title='bbox 510 2393 567 2438; x_wconf 89' lang='lat' dir='ltr'><strong>et</strong></span> <span class='ocrx_word' id='word_1_255' title='bbox 595 2386 730 2441; x_wconf 79' lang='lat' dir='ltr'><strong>citra</strong></span> <span class='ocrx_word' id='word_1_256' title='bbox 761 2387 924 2441; x_wconf 86' lang='lat' dir='ltr'><strong>ullam</strong></span> <span class='ocrx_word' id='word_1_257' title='bbox 977 2389 1224 2446; x_wconf 87' lang='lat' dir='ltr'><strong>fraudem</strong></span> <span class='ocrx_word' id='word_1_258' title='bbox 1265 2393 1330 2447; x_wconf 88' lang='lat' dir='ltr'><strong>ad</strong></span> <span class='ocrx_word' id='word_1_259' title='bbox 1365 2395 1694 2462; x_wconf 88' lang='lat' dir='ltr'><strong>baptismqu</strong></span> <span class='ocrx_word' id='word_1_260' title='bbox 1728 2398 1947 2465; x_wconf 86' lang='lat' dir='ltr'><strong>accede,</strong></span> 
     </span>
    </p>
   </div>
   <div class='ocr_carea' id='block_1_39' title="bbox 374 2474 1947 2552">
    <p class='ocr_par' dir='ltr' id='par_1_39' title="bbox 374 2474 1947 2552">
     <span class='ocr_line' id='line_1_39' title="bbox 374 2474 1947 2552; baseline 0.008 -25"><span class='ocrx_word' id='word_1_261' title='bbox 374 2474 512 2528; x_wconf 88' lang='lat' dir='ltr'><strong>nihil</strong></span> <span class='ocrx_word' id='word_1_262' title='bbox 552 2475 804 2533; x_wconf 83' lang='lat' dir='ltr'><strong>videlicet</strong></span> <span class='ocrx_word' id='word_1_263' title='bbox 853 2495 1043 2535; x_wconf 88' lang='lat' dir='ltr'><strong>eorum</strong></span> <span class='ocrx_word' id='word_1_264' title='bbox 1101 2498 1224 2551; x_wconf 62' lang='lat' dir='ltr'><strong>quae</strong></span> <span class='ocrx_word' id='word_1_265' title='bbox 1283 2500 1312 2539; x_wconf 89' lang='lat' dir='ltr'><strong>a</strong></span> <span class='ocrx_word' id='word_1_266' title='bbox 1371 2485 1530 2540; x_wconf 86' lang='lat' dir='ltr'><strong>nobis</strong></span> <span class='ocrx_word' id='word_1_267' title='bbox 1575 2486 1738 2539; x_wconf 81' lang='lat' dir='ltr'><strong>allata</strong></span> <span class='ocrx_word' id='word_1_268' title='bbox 1795 2497 1947 2552; x_wconf 88' lang='lat' dir='ltr'><strong>sunt,</strong></span> 
     </span>
    </p>
   </div>
   <div class='ocr_carea' id='block_1_40' title="bbox 372 2566 1950 2648">
    <p class='ocr_par' dir='ltr' id='par_1_40' title="bbox 372 2566 1950 2648">
     <span class='ocr_line' id='line_1_40' title="bbox 372 2566 1950 2648; baseline 0.011 -31"><span class='ocrx_word' id='word_1_269' title='bbox 372 2566 712 2637; x_wconf 84' lang='lat' dir='ltr'><strong>voluptatum</strong></span> <span class='ocrx_word' id='word_1_270' title='bbox 744 2572 927 2629; x_wconf 85' lang='lat' dir='ltr'><strong>studio</strong></span> <span class='ocrx_word' id='word_1_271' title='bbox 960 2586 1124 2646; x_wconf 90' lang='lat' dir='ltr'><strong>atque</strong></span> <span class='ocrx_word' id='word_1_272' title='bbox 1158 2592 1345 2633; x_wconf 89' lang='lat' dir='ltr'><strong>amore</strong></span> <span class='ocrx_word' id='word_1_273' title='bbox 1396 2579 1591 2634; x_wconf 87' lang='lat' dir='ltr'><strong>callide</strong></span> <span class='ocrx_word' id='word_1_274' title='bbox 1650 2590 1950 2648; x_wconf 64' lang='lat' dir='ltr'><strong>praetexens</strong></span> 
     </span>
    </p>
   </div>
   <div class='ocr_carea' id='block_1_41' title="bbox 371 2661 936 2719">
    <p class='ocr_par' dir='ltr' id='par_1_41' title="bbox 371 2661 936 2719">
     <span class='ocr_line' id='line_1_41' title="bbox 371 2661 936 2719; baseline 0.011 -8"><span class='ocrx_word' id='word_1_275' title='bbox 371 2669 467 2712; x_wconf 85' lang='lat' dir='ltr'><strong>aut</strong></span> <span class='ocrx_word' id='word_1_276' title='bbox 492 2661 936 2719; x_wconf 87' lang='lat' dir='ltr'><strong>comminiscens.</strong></span> 
     </span>
    </p>
   </div>
   <div class='ocr_carea' id='block_1_42' title="bbox 444 2748 1950 2829">
    <p class='ocr_par' dir='ltr' id='par_1_42' title="bbox 444 2748 1950 2829">
     <span class='ocr_line' id='line_1_42' title="bbox 444 2748 1950 2829; baseline 0.01 -27"><span class='ocrx_word' id='word_1_277' title='bbox 444 2748 562 2803; x_wconf 90' lang='lat' dir='ltr'><strong>Col.</strong></span> <span class='ocrx_word' id='word_1_278' title='bbox 593 2750 692 2804; x_wconf 88' lang='lat' dir='ltr'><strong>l87</strong></span> <span class='ocrx_word' id='word_1_279' title='bbox 748 2754 812 2810; x_wconf 89' lang='lat' dir='ltr'><strong>A.</strong></span> <span class='ocrx_word' id='word_1_280' title='bbox 855 2754 995 2819; x_wconf 80' lang='lat' dir='ltr'><strong>Quid</strong></span> <span class='ocrx_word' id='word_1_281' title='bbox 1060 2769 1255 2822; x_wconf 75' lang='lat' dir='ltr'><strong>autem,</strong></span> <span class='ocrx_word' id='word_1_282' title='bbox 1310 2759 1537 2829; x_wconf 77' lang='lat' dir='ltr'><strong>inquies.</strong></span> <span class='ocrx_word' id='word_1_283' title='bbox 1590 2777 1759 2816; x_wconf 81' lang='lat' dir='ltr'><strong>nonne</strong></span> <span class='ocrx_word' id='word_1_284' title='bbox 1807 2762 1950 2817; x_wconf 76' lang='lat' dir='ltr'><strong>beni-</strong></span> 
     </span>
    </p>
   </div>
   <div class='ocr_carea' id='block_1_43' title="bbox 371 2841 1951 2925">
    <p class='ocr_par' dir='ltr' id='par_1_43' title="bbox 371 2841 1951 2925">
     <span class='ocr_line' id='line_1_43' title="bbox 371 2841 1951 2925; baseline 0.011 -33"><span class='ocrx_word' id='word_1_285' title='bbox 371 2856 529 2910; x_wconf 76' lang='lat' dir='ltr'><strong>gnus,</strong></span> <span class='ocrx_word' id='word_1_286' title='bbox 560 2849 666 2896; x_wconf 86' lang='lat' dir='ltr'><strong>etc.</strong></span> <span class='ocrx_word' id='word_1_287' title='bbox 703 2841 960 2913; x_wconf 91' lang='lat' dir='ltr'><strong>Sequitur</strong></span> <span class='ocrx_word' id='word_1_288' title='bbox 993 2847 1099 2901; x_wconf 90' lang='lat' dir='ltr'><strong>alia</strong></span> <span class='ocrx_word' id='word_1_289' title='bbox 1134 2849 1392 2917; x_wconf 75' lang='lat' dir='ltr'><strong>obiectio,</strong></span> <span class='ocrx_word' id='word_1_290' title='bbox 1427 2853 1572 2905; x_wconf 77' lang='lat' dir='ltr'><strong>velut</strong></span> <span class='ocrx_word' id='word_1_291' title='bbox 1601 2852 1655 2906; x_wconf 87' lang='lat' dir='ltr'><strong>itt</strong></span> <span class='ocrx_word' id='word_1_292' title='bbox 1686 2853 1804 2922; x_wconf 88' lang='lat' dir='ltr'><strong>ejus</strong></span> <span class='ocrx_word' id='word_1_293' title='bbox 1830 2869 1951 2925; x_wconf 88' lang='lat' dir='ltr'><strong>per-</strong></span> 
     </span>
    </p>
   </div>
   <div class='ocr_carea' id='block_1_44' title="bbox 374 2934 1946 3016">
    <p class='ocr_par' dir='ltr' id='par_1_44' title="bbox 374 2934 1946 3016">
     <span class='ocr_line' id='line_1_44' title="bbox 374 2934 1946 3016; baseline 0.01 -31"><span class='ocrx_word' id='word_1_294' title='bbox 374 2947 529 2998; x_wconf 89' lang='lat' dir='ltr'><strong>sona,</strong></span> <span class='ocrx_word' id='word_1_295' title='bbox 591 2934 686 3004; x_wconf 89' lang='lat' dir='ltr'><strong>qui</strong></span> <span class='ocrx_word' id='word_1_296' title='bbox 741 2936 1073 3005; x_wconf 84' lang='lat' dir='ltr'><strong>baptismum</strong></span> <span class='ocrx_word' id='word_1_297' title='bbox 1111 2951 1331 2996; x_wconf 86' lang='lat' dir='ltr'><strong>recusat</strong></span> <span class='ocrx_word' id='word_1_298' title='bbox 1359 2957 1422 2996; x_wconf 90' lang='lat' dir='ltr'><strong>ac</strong></span> <span class='ocrx_word' id='word_1_299' title='bbox 1454 2943 1665 3013; x_wconf 80' lang='lat' dir='ltr'><strong>rejirit,</strong></span> <span class='ocrx_word' id='word_1_300' title='bbox 1724 2944 1946 3016; x_wconf 87' lang='lat' dir='ltr'><strong>aitque:</strong></span> 
     </span>
    </p>
   </div>
   <div class='ocr_carea' id='block_1_45' title="bbox 376 3022 1948 3107">
    <p class='ocr_par' dir='ltr' id='par_1_45' title="bbox 376 3022 1948 3107">
     <span class='ocr_line' id='line_1_45' title="bbox 376 3022 1948 3107; baseline 0.011 -31"><span class='ocrx_word' id='word_1_301' title='bbox 376 3022 545 3090; x_wconf 89' lang='lat' dir='ltr'><strong>Deus,</strong></span> <span class='ocrx_word' id='word_1_302' title='bbox 580 3035 639 3082; x_wconf 89' lang='lat' dir='ltr'><strong>ut</strong></span> <span class='ocrx_word' id='word_1_303' title='bbox 669 3029 1062 3098; x_wconf 87' lang='lat' dir='ltr'><strong>cogitatiouutn</strong></span> <span class='ocrx_word' id='word_1_304' title='bbox 1104 3032 1473 3089; x_wconf 90' lang='lat' dir='ltr'><strong>humanarum</strong></span> <span class='ocrx_word' id='word_1_305' title='bbox 1499 3051 1767 3105; x_wconf 77' lang='lat' dir='ltr'><strong>rxpensor</strong></span> <span class='ocrx_word' id='word_1_306' title='bbox 1803 3037 1948 3107; x_wconf 91' lang='lat' dir='ltr'><strong>quod</strong></span> 
     </span>
    </p>
   </div>
   <div class='ocr_carea' id='block_1_46' title="bbox 375 3116 1949 3195">
    <p class='ocr_par' dir='ltr' id='par_1_46' title="bbox 375 3116 1949 3195">
     <span class='ocr_line' id='line_1_46' title="bbox 375 3116 1949 3195; baseline 0.006 -24"><span class='ocrx_word' id='word_1_307' title='bbox 375 3116 628 3187; x_wconf 90' lang='lat' dir='ltr'><strong>baptismi</strong></span> <span class='ocrx_word' id='word_1_308' title='bbox 685 3117 958 3177; x_wconf 87' lang='lat' dir='ltr'><strong>desiderio</strong></span> <span class='ocrx_word' id='word_1_309' title='bbox 1011 3130 1220 3187; x_wconf 87' lang='lat' dir='ltr'><strong>tenear,</strong></span> <span class='ocrx_word' id='word_1_310' title='bbox 1271 3136 1610 3195; x_wconf 86' lang='lat' dir='ltr'><strong>perspectum</strong></span> <span class='ocrx_word' id='word_1_311' title='bbox 1659 3126 1857 3194; x_wconf 87' lang='lat' dir='ltr'><strong>habet;</strong></span> <span class='ocrx_word' id='word_1_312' title='bbox 1891 3135 1949 3181; x_wconf 93' lang='lat' dir='ltr'><strong>ut</strong></span> 
     </span>
    </p>
   </div>
   <div class='ocr_carea' id='block_1_47' title="bbox 372 3208 1952 3288">
    <p class='ocr_par' dir='ltr' id='par_1_47' title="bbox 372 3208 1952 3288">
     <span class='ocr_line' id='line_1_47' title="bbox 372 3208 1952 3288; baseline 0.007 -28"><span class='ocrx_word' id='word_1_313' title='bbox 372 3216 559 3262; x_wconf 90' lang='lat' dir='ltr'><strong>autem</strong></span> <span class='ocrx_word' id='word_1_314' title='bbox 615 3208 856 3266; x_wconf 88' lang='lat' dir='ltr'><strong>clemens</strong></span> <span class='ocrx_word' id='word_1_315' title='bbox 922 3222 975 3268; x_wconf 92' lang='lat' dir='ltr'><strong>et</strong></span> <span class='ocrx_word' id='word_1_316' title='bbox 1031 3215 1385 3280; x_wconf 88' lang='lat' dir='ltr'><strong>misericors,</strong></span> <span class='ocrx_word' id='word_1_317' title='bbox 1447 3216 1580 3272; x_wconf 90' lang='lat' dir='ltr'><strong>illud</strong></span> <span class='ocrx_word' id='word_1_318' title='bbox 1638 3233 1738 3288; x_wconf 90' lang='lat' dir='ltr'><strong>pro</strong></span> <span class='ocrx_word' id='word_1_319' title='bbox 1774 3218 1952 3288; x_wconf 87' lang='lat' dir='ltr'><strong>bapti-</strong></span> 
     </span>
    </p>
   </div>
   <div class='ocr_carea' id='block_1_48' title="bbox 374 3307 1950 3382">
    <p class='ocr_par' dir='ltr' id='par_1_48' title="bbox 374 3307 1950 3382">
     <span class='ocr_line' id='line_1_48' title="bbox 374 3307 1950 3382; baseline 0.006 -24"><span class='ocrx_word' id='word_1_320' title='bbox 374 3320 494 3361; x_wconf 80' lang='lat' dir='ltr'><strong>smo</strong></span> <span class='ocrx_word' id='word_1_321' title='bbox 569 3307 861 3375; x_wconf 89' lang='lat' dir='ltr'><strong>reputabit.</strong></span> <span class='ocrx_word' id='word_1_322' title='bbox 935 3309 1016 3363; x_wconf 86' lang='lat' dir='ltr'><strong>Ad</strong></span> <span class='ocrx_word' id='word_1_323' title='bbox 1082 3326 1282 3380; x_wconf 90' lang='lat' dir='ltr'><strong>quem,</strong></span> <span class='ocrx_word' id='word_1_324' title='bbox 1341 3311 1518 3381; x_wconf 86' lang='lat' dir='ltr'><strong>inquit</strong></span> <span class='ocrx_word' id='word_1_325' title='bbox 1587 3310 1950 3382; x_wconf 78' lang='lat' dir='ltr'><strong>&#39;l‘heologus:</strong></span> 
     </span>
    </p>
   </div>
   <div class='ocr_carea' id='block_1_49' title="bbox 374 3397 1949 3473">
    <p class='ocr_par' dir='ltr' id='par_1_49' title="bbox 374 3397 1949 3473">
     <span class='ocr_line' id='line_1_49' title="bbox 374 3397 1949 3473; baseline 0.004 -20"><span class='ocrx_word' id='word_1_326' title='bbox 374 3397 675 3470; x_wconf 62' lang='lat' dir='ltr'><strong>JEuigmati</strong></span> <span class='ocrx_word' id='word_1_327' title='bbox 727 3402 909 3458; x_wconf 89' lang='lat' dir='ltr'><strong>simile</strong></span> <span class='ocrx_word' id='word_1_328' title='bbox 965 3403 1225 3473; x_wconf 88' lang='lat' dir='ltr'><strong>quiddam</strong></span> <span class='ocrx_word' id='word_1_329' title='bbox 1260 3420 1474 3461; x_wconf 89' lang='lat' dir='ltr'><strong>narras.</strong></span> <span class='ocrx_word' id='word_1_330' title='bbox 1509 3406 1606 3461; x_wconf 84' lang='lat' dir='ltr'><strong>Ais</strong></span> <span class='ocrx_word' id='word_1_331' title='bbox 1646 3405 1793 3462; x_wconf 89' lang='lat' dir='ltr'><strong>enim</strong></span> <span class='ocrx_word' id='word_1_332' title='bbox 1823 3420 1949 3462; x_wconf 91' lang='lat' dir='ltr'><strong>eum</strong></span> 
     </span>
    </p>
   </div>
   <div class='ocr_carea' id='block_1_50' title="bbox 271 3494 1954 3570">
    <p class='ocr_par' dir='ltr' id='par_1_50' title="bbox 271 3494 1954 3570">
     <span class='ocr_line' id='line_1_50' title="bbox 271 3494 1954 3570; baseline 0.004 -22"><span class='ocrx_word' id='word_1_333' title='bbox 271 3511 283 3514; x_wconf 50' lang='grc' dir='ltr'>ν</span> <span class='ocrx_word' id='word_1_334' title='bbox 374 3494 651 3564; x_wconf 87' lang='lat' dir='ltr'><strong>baptismo</strong></span> <span class='ocrx_word' id='word_1_335' title='bbox 703 3495 1046 3552; x_wconf 89' lang='lat' dir='ltr'><strong>illuminatus</strong></span> <span class='ocrx_word' id='word_1_336' title='bbox 1080 3512 1189 3552; x_wconf 90' lang='lat' dir='ltr'><strong>nou</strong></span> <span class='ocrx_word' id='word_1_337' title='bbox 1222 3507 1326 3564; x_wconf 92' lang='lat' dir='ltr'><strong>est,</strong></span> <span class='ocrx_word' id='word_1_338' title='bbox 1398 3498 1541 3570; x_wconf 88' lang='lat' dir='ltr'><strong>apud</strong></span> <span class='ocrx_word' id='word_1_339' title='bbox 1579 3497 1747 3554; x_wconf 89' lang='lat' dir='ltr'><strong>Deum</strong></span> <span class='ocrx_word' id='word_1_340' title='bbox 1773 3538 1790 3566; x_wconf 95' lang='lat'><strong>,</strong></span> <span class='ocrx_word' id='word_1_341' title='bbox 1823 3514 1954 3570; x_wconf 70' lang='lat' dir='ltr'><strong>pro~</strong></span> 
     </span>
    </p>
   </div>
   <div class='ocr_carea' id='block_1_51' title="bbox 374 3583 1948 3658">
    <p class='ocr_par' dir='ltr' id='par_1_51' title="bbox 374 3583 1948 3658">
     <span class='ocr_line' id='line_1_51' title="bbox 374 3583 1948 3658; baseline 0.006 -23"><span class='ocrx_word' id='word_1_342' title='bbox 374 3591 497 3651; x_wconf 86' lang='lat' dir='ltr'><strong>pter</strong></span> <span class='ocrx_word' id='word_1_343' title='bbox 537 3583 709 3653; x_wconf 87' lang='lat' dir='ltr'><strong>ipsius</strong></span> <span class='ocrx_word' id='word_1_344' title='bbox 744 3584 1204 3647; x_wconf 85' lang='lat' dir='ltr'><strong>misericordiam.</strong></span> <span class='ocrx_word' id='word_1_345' title='bbox 1240 3603 1338 3658; x_wconf 89' lang='lat' dir='ltr'><strong>pro</strong></span> <span class='ocrx_word' id='word_1_346' title='bbox 1369 3587 1677 3645; x_wconf 78' lang='lat' dir='ltr'><strong>illuminato</strong></span> <span class='ocrx_word' id='word_1_347' title='bbox 1740 3589 1948 3646; x_wconf 86' lang='lat' dir='ltr'><strong>haberi.</strong></span> 
     </span>
    </p>
   </div>
   <div class='ocr_carea' id='block_1_52' title="bbox 375 3675 1951 3749">
    <p class='ocr_par' dir='ltr' id='par_1_52' title="bbox 375 3675 1951 3749">
     <span class='ocr_line' id='line_1_52' title="bbox 375 3675 1951 3749; baseline 0.006 -21"><span class='ocrx_word' id='word_1_348' title='bbox 375 3675 490 3746; x_wconf 77' lang='lat' dir='ltr'><strong>Ego</strong></span> <span class='ocrx_word' id='word_1_349' title='bbox 518 3691 672 3741; x_wconf 84' lang='lat' dir='ltr'><strong>vero,</strong></span> <span class='ocrx_word' id='word_1_350' title='bbox 702 3676 835 3746; x_wconf 92' lang='lat' dir='ltr'><strong>quid</strong></span> <span class='ocrx_word' id='word_1_351' title='bbox 862 3678 929 3733; x_wconf 89' lang='lat' dir='ltr'><strong>de</strong></span> <span class='ocrx_word' id='word_1_352' title='bbox 958 3678 1067 3734; x_wconf 90' lang='lat' dir='ltr'><strong>tuis</strong></span> <span class='ocrx_word' id='word_1_353' title='bbox 1093 3679 1499 3749; x_wconf 89' lang='lat' dir='ltr'><strong>objectionibus</strong></span> <span class='ocrx_word' id='word_1_354' title='bbox 1529 3680 1863 3747; x_wconf 78' lang='lat' dir='ltr'><strong>existimem,</strong></span> <span class='ocrx_word' id='word_1_355' title='bbox 1896 3681 1951 3738; x_wconf 91' lang='lat' dir='ltr'><strong>in</strong></span> 
     </span>
    </p>
   </div>
   <div class='ocr_carea' id='block_1_53' title="bbox 373 3768 1952 3844">
    <p class='ocr_par' dir='ltr' id='par_1_53' title="bbox 373 3768 1952 3844">
     <span class='ocr_line' id='line_1_53' title="bbox 373 3768 1952 3844; baseline 0.004 -22"><span class='ocrx_word' id='word_1_356' title='bbox 373 3769 614 3824; x_wconf 87' lang='lat' dir='ltr'><strong>medium</strong></span> <span class='ocrx_word' id='word_1_357' title='bbox 653 3768 948 3839; x_wconf 89' lang='lat' dir='ltr'><strong>proferam.</strong></span> <span class='ocrx_word' id='word_1_358' title='bbox 980 3772 1083 3827; x_wconf 85' lang='lat' dir='ltr'><strong>Aio</strong></span> <span class='ocrx_word' id='word_1_359' title='bbox 1109 3772 1273 3842; x_wconf 85' lang='lat' dir='ltr'><strong>igitur</strong></span> <span class='ocrx_word' id='word_1_360' title='bbox 1303 3772 1548 3829; x_wconf 84' lang='lat' dir='ltr'><strong>diversos</strong></span> <span class='ocrx_word' id='word_1_361' title='bbox 1574 3787 1697 3829; x_wconf 85' lang='lat' dir='ltr'><strong>esse</strong></span> <span class='ocrx_word' id='word_1_362' title='bbox 1728 3773 1952 3844; x_wconf 83' lang='lat' dir='ltr'><strong>gradus,</strong></span> 
     </span>
    </p>
   </div>
   <div class='ocr_carea' id='block_1_54' title="bbox 374 3862 1951 3934">
    <p class='ocr_par' dir='ltr' id='par_1_54' title="bbox 374 3862 1951 3934">
     <span class='ocr_line' id='line_1_54' title="bbox 374 3862 1951 3934; baseline 0.004 -20"><span class='ocrx_word' id='word_1_363' title='bbox 374 3869 486 3915; x_wconf 88' lang='lat' dir='ltr'><strong>tam</strong></span> <span class='ocrx_word' id='word_1_364' title='bbox 531 3876 721 3916; x_wconf 89' lang='lat' dir='ltr'><strong>eorum</strong></span> <span class='ocrx_word' id='word_1_365' title='bbox 776 3863 869 3931; x_wconf 91' lang='lat' dir='ltr'><strong>qui</strong></span> <span class='ocrx_word' id='word_1_366' title='bbox 950 3862 1281 3931; x_wconf 88' lang='lat' dir='ltr'><strong>baptismum</strong></span> <span class='ocrx_word' id='word_1_367' title='bbox 1336 3879 1441 3917; x_wconf 90' lang='lat' dir='ltr'><strong>nou</strong></span> <span class='ocrx_word' id='word_1_368' title='bbox 1501 3872 1951 3934; x_wconf 90' lang='lat' dir='ltr'><strong>consequuntur,</strong></span> 
     </span>
    </p>
   </div>
   <div class='ocr_carea' id='block_1_55' title="bbox 374 3953 1948 4027">
    <p class='ocr_par' dir='ltr' id='par_1_55' title="bbox 374 3953 1948 4027">
     <span class='ocr_line' id='line_1_55' title="bbox 374 3953 1948 4027; baseline 0.002 -19"><span class='ocrx_word' id='word_1_369' title='bbox 374 3968 538 4021; x_wconf 87' lang='lat' dir='ltr'><strong>quam</strong></span> <span class='ocrx_word' id='word_1_370' title='bbox 571 3969 761 4027; x_wconf 80' lang='lat' dir='ltr'><strong>eorum</strong></span> <span class='ocrx_word' id='word_1_371' title='bbox 794 3955 888 4024; x_wconf 89' lang='lat' dir='ltr'><strong>qui</strong></span> <span class='ocrx_word' id='word_1_372' title='bbox 924 3953 1177 4024; x_wconf 78' lang='lat' dir='ltr'><strong>baptismi</strong></span> <span class='ocrx_word' id='word_1_373' title='bbox 1213 3966 1493 4025; x_wconf 90' lang='lat' dir='ltr'><strong>compotes</strong></span> <span class='ocrx_word' id='word_1_374' title='bbox 1538 3956 1693 4011; x_wconf 89' lang='lat' dir='ltr'><strong>fiunt.</strong></span> <span class='ocrx_word' id='word_1_375' title='bbox 1733 3957 1948 4011; x_wconf 87' lang='lat' dir='ltr'><strong>Etenim</strong></span> 
     </span>
    </p>
   </div>
   <div class='ocr_carea' id='block_1_56' title="bbox 371 4047 1949 4118">
    <p class='ocr_par' dir='ltr' id='par_1_56' title="bbox 371 4047 1949 4118">
     <span class='ocr_line' id='line_1_56' title="bbox 371 4047 1949 4118; baseline 0.002 -18"><span class='ocrx_word' id='word_1_376' title='bbox 371 4060 439 4100; x_wconf 91' lang='lat' dir='ltr'><strong>ex</strong></span> <span class='ocrx_word' id='word_1_377' title='bbox 499 4047 568 4102; x_wconf 90' lang='lat' dir='ltr'><strong>iis</strong></span> <span class='ocrx_word' id='word_1_378' title='bbox 614 4049 715 4118; x_wconf 82' lang='lat' dir='ltr'><strong>qui</strong></span> <span class='ocrx_word' id='word_1_379' title='bbox 770 4047 1140 4117; x_wconf 85' lang='lat' dir='ltr'><strong>baptizautur,</strong></span> <span class='ocrx_word' id='word_1_380' title='bbox 1188 4048 1279 4103; x_wconf 89' lang='lat' dir='ltr'><strong>alii</strong></span> <span class='ocrx_word' id='word_1_381' title='bbox 1323 4058 1452 4104; x_wconf 90' lang='lat' dir='ltr'><strong>ante</strong></span> <span class='ocrx_word' id='word_1_382' title='bbox 1500 4064 1531 4103; x_wconf 92' lang='lat' dir='ltr'><strong>a</strong></span> <span class='ocrx_word' id='word_1_383' title='bbox 1574 4048 1682 4104; x_wconf 89' lang='lat' dir='ltr'><strong>Deo</strong></span> <span class='ocrx_word' id='word_1_384' title='bbox 1724 4052 1949 4104; x_wconf 89' lang='lat' dir='ltr'><strong>omnino</strong></span> 
     </span>
    </p>
   </div>
   <div class='ocr_carea' id='block_1_57' title="bbox 374 4139 1954 4219">
    <p class='ocr_par' dir='ltr' id='par_1_57' title="bbox 374 4139 1954 4219">
     <span class='ocr_line' id='line_1_57' title="bbox 374 4139 1954 4219; baseline 0.003 -27"><span class='ocrx_word' id='word_1_385' title='bbox 374 4139 536 4194; x_wconf 89' lang='lat' dir='ltr'><strong>alieni</strong></span> <span class='ocrx_word' id='word_1_386' title='bbox 555 4148 730 4203; x_wconf 86' lang='lat' dir='ltr'><strong>erant,</strong></span> <span class='ocrx_word' id='word_1_387' title='bbox 761 4139 814 4194; x_wconf 89' lang='lat' dir='ltr'><strong>in</strong></span> <span class='ocrx_word' id='word_1_388' title='bbox 835 4142 1081 4195; x_wconf 89' lang='lat' dir='ltr'><strong>omnium</strong></span> <span class='ocrx_word' id='word_1_389' title='bbox 1100 4142 1361 4196; x_wconf 89' lang='lat' dir='ltr'><strong>scelermn</strong></span> <span class='ocrx_word' id='word_1_390' title='bbox 1388 4141 1826 4219; x_wconf 82' lang='lat' dir='ltr'><strong>flagitiorumque</strong></span> <span class='ocrx_word' id='word_1_391' title='bbox 1848 4155 1954 4196; x_wconf 75' lang='lat' dir='ltr'><strong>cte-</strong></span> 
     </span>
    </p>
   </div>
   <div class='ocr_carea' id='block_1_58' title="bbox 374 4232 1948 4303">
    <p class='ocr_par' dir='ltr' id='par_1_58' title="bbox 374 4232 1948 4303">
     <span class='ocr_line' id='line_1_58' title="bbox 374 4232 1948 4303; baseline 0.003 -19"><span class='ocrx_word' id='word_1_392' title='bbox 374 4247 446 4286; x_wconf 91' lang='lat' dir='ltr'><strong>no</strong></span> <span class='ocrx_word' id='word_1_393' title='bbox 478 4246 601 4288; x_wconf 90' lang='lat' dir='ltr'><strong>sese</strong></span> <span class='ocrx_word' id='word_1_394' title='bbox 633 4232 761 4287; x_wconf 89' lang='lat' dir='ltr'><strong>data</strong></span> <span class='ocrx_word' id='word_1_395' title='bbox 821 4248 987 4303; x_wconf 80' lang='lat' dir='ltr'><strong>Opera</strong></span> <span class='ocrx_word' id='word_1_396' title='bbox 1009 4233 1443 4289; x_wconf 82' lang='lat' dir='ltr'><strong>volutantes.Ahi</strong></span> <span class='ocrx_word' id='word_1_397' title='bbox 1471 4234 1693 4288; x_wconf 88' lang='lat' dir='ltr'><strong>dimidia</strong></span> <span class='ocrx_word' id='word_1_398' title='bbox 1715 4236 1948 4303; x_wconf 89' lang='lat' dir='ltr'><strong>quadam</strong></span> 
     </span>
    </p>
   </div>
   <div class='ocr_carea' id='block_1_59' title="bbox 372 4326 1950 4396">
    <p class='ocr_par' dir='ltr' id='par_1_59' title="bbox 372 4326 1950 4396">
     <span class='ocr_line' id='line_1_59' title="bbox 372 4326 1950 4396; baseline 0.002 -17"><span class='ocrx_word' id='word_1_399' title='bbox 372 4339 438 4379; x_wconf 86' lang='lat' dir='ltr'><strong>ex</strong></span> <span class='ocrx_word' id='word_1_400' title='bbox 496 4334 648 4395; x_wconf 85' lang='lat' dir='ltr'><strong>parte</strong></span> <span class='ocrx_word' id='word_1_401' title='bbox 702 4326 829 4380; x_wconf 88' lang='lat' dir='ltr'><strong>mali</strong></span> <span class='ocrx_word' id='word_1_402' title='bbox 863 4334 1041 4388; x_wconf 88' lang='lat' dir='ltr'><strong>erant,</strong></span> <span class='ocrx_word' id='word_1_403' title='bbox 1072 4336 1129 4381; x_wconf 91' lang='lat' dir='ltr'><strong>ut</strong></span> <span class='ocrx_word' id='word_1_404' title='bbox 1180 4328 1297 4396; x_wconf 91' lang='lat' dir='ltr'><strong>qui,</strong></span> <span class='ocrx_word' id='word_1_405' title='bbox 1348 4343 1454 4382; x_wconf 92' lang='lat' dir='ltr'><strong>non</strong></span> <span class='ocrx_word' id='word_1_406' title='bbox 1492 4337 1599 4382; x_wconf 87' lang='lat' dir='ltr'><strong>tam</strong></span> <span class='ocrx_word' id='word_1_407' title='bbox 1636 4329 1950 4389; x_wconf 85' lang='lat' dir='ltr'><strong>voluntate.</strong></span> 
     </span>
    </p>
   </div>
   <div class='ocr_carea' id='block_1_60' title="bbox 373 4418 1952 4490">
    <p class='ocr_par' dir='ltr' id='par_1_60' title="bbox 373 4418 1952 4490">
     <span class='ocr_line' id='line_1_60' title="bbox 373 4418 1952 4490; baseline 0.003 -19"><span class='ocrx_word' id='word_1_408' title='bbox 373 4433 538 4486; x_wconf 76' lang='lat' dir='ltr'><strong>quani</strong></span> <span class='ocrx_word' id='word_1_409' title='bbox 584 4418 781 4472; x_wconf 89' lang='lat' dir='ltr'><strong>virium</strong></span> <span class='ocrx_word' id='word_1_410' title='bbox 816 4419 1188 4475; x_wconf 88' lang='lat' dir='ltr'><strong>imbecillitate</strong></span> <span class='ocrx_word' id='word_1_411' title='bbox 1216 4428 1530 4490; x_wconf 85' lang='lat' dir='ltr'><strong>peccarent,</strong></span> <span class='ocrx_word' id='word_1_412' title='bbox 1567 4435 1675 4474; x_wconf 90' lang='lat' dir='ltr'><strong>non</strong></span> <span class='ocrx_word' id='word_1_413' title='bbox 1711 4435 1870 4478; x_wconf 85' lang='lat' dir='ltr'><strong>secus</strong></span> <span class='ocrx_word' id='word_1_414' title='bbox 1889 4436 1952 4475; x_wconf 89' lang='lat' dir='ltr'><strong>ac</strong></span> 
     </span>
    </p>
   </div>
   <div class='ocr_carea' id='block_1_61' title="bbox 2055 1930 3632 2001">
    <p class='ocr_par' dir='ltr' id='par_1_61' title="bbox 2055 1930 3632 2001">
     <span class='ocr_line' id='line_1_61' title="bbox 2055 1930 3632 2001; baseline -0.001 -16"><span class='ocrx_word' id='word_1_415' title='bbox 2055 1940 2277 1997; x_wconf 89' lang='lat' dir='ltr'><strong>nantur,</strong></span> <span class='ocrx_word' id='word_1_416' title='bbox 2320 1931 2390 1987; x_wconf 91' lang='lat' dir='ltr'><strong>iis</strong></span> <span class='ocrx_word' id='word_1_417' title='bbox 2424 1940 2553 1987; x_wconf 89' lang='lat' dir='ltr'><strong>sunt</strong></span> <span class='ocrx_word' id='word_1_418' title='bbox 2587 1932 2907 1996; x_wconf 88' lang='lat' dir='ltr'><strong>deteriores,</strong></span> <span class='ocrx_word' id='word_1_419' title='bbox 2942 1931 3036 2001; x_wconf 90' lang='lat' dir='ltr'><strong>qui</strong></span> <span class='ocrx_word' id='word_1_420' title='bbox 3081 1941 3300 2000; x_wconf 87' lang='lat' dir='ltr'><strong>propter</strong></span> <span class='ocrx_word' id='word_1_421' title='bbox 3323 1930 3632 1984; x_wconf 84' lang='lat' dir='ltr'><strong>socordiam</strong></span> 
     </span>
    </p>
   </div>
   <div class='ocr_carea' id='block_1_62' title="bbox 2050 2021 3639 2093">
    <p class='ocr_par' dir='ltr' id='par_1_62' title="bbox 2050 2021 3639 2093">
     <span class='ocr_line' id='line_1_62' title="bbox 2050 2021 3639 2093; baseline -0.003 -13"><span class='ocrx_word' id='word_1_422' title='bbox 2050 2032 2106 2081; x_wconf 84' lang='lat' dir='ltr'><strong>et</strong></span> <span class='ocrx_word' id='word_1_423' title='bbox 2136 2023 2409 2093; x_wconf 77' lang='lat' dir='ltr'><strong>pigritiam</strong></span> <span class='ocrx_word' id='word_1_424' title='bbox 2436 2040 2559 2078; x_wconf 89' lang='lat' dir='ltr'><strong>eum</strong></span> <span class='ocrx_word' id='word_1_425' title='bbox 2605 2022 2883 2078; x_wconf 78' lang='lat' dir='ltr'><strong>differunt.</strong></span> <span class='ocrx_word' id='word_1_426' title='bbox 2928 2021 3143 2077; x_wconf 72' lang='lat' dir='ltr'><strong>Rursus</strong></span> <span class='ocrx_word' id='word_1_427' title='bbox 3168 2022 3430 2077; x_wconf 88' lang='lat' dir='ltr'><strong>socordes</strong></span> <span class='ocrx_word' id='word_1_428' title='bbox 3456 2030 3511 2075; x_wconf 90' lang='lat' dir='ltr'><strong>et</strong></span> <span class='ocrx_word' id='word_1_429' title='bbox 3539 2036 3639 2075; x_wconf 89' lang='lat' dir='ltr'><strong>ne-</strong></span> 
     </span>
    </p>
   </div>
   <div class='ocr_carea' id='block_1_63' title="bbox 2051 2115 3637 2188">
    <p class='ocr_par' dir='ltr' id='par_1_63' title="bbox 2051 2115 3637 2188">
     <span class='ocr_line' id='line_1_63' title="bbox 2051 2115 3637 2188; baseline -0.003 -18"><span class='ocrx_word' id='word_1_430' title='bbox 2051 2118 2340 2188; x_wconf 83' lang='lat' dir='ltr'><strong>gligentes,</strong></span> <span class='ocrx_word' id='word_1_431' title='bbox 2370 2117 2438 2173; x_wconf 90' lang='lat' dir='ltr'><strong>iis</strong></span> <span class='ocrx_word' id='word_1_432' title='bbox 2469 2117 2689 2188; x_wconf 85' lang='lat' dir='ltr'><strong>pejores</strong></span> <span class='ocrx_word' id='word_1_433' title='bbox 2719 2128 2869 2182; x_wconf 89' lang='lat' dir='ltr'><strong>sunt,</strong></span> <span class='ocrx_word' id='word_1_434' title='bbox 2897 2117 2990 2187; x_wconf 88' lang='lat' dir='ltr'><strong>qui</strong></span> <span class='ocrx_word' id='word_1_435' title='bbox 3021 2126 3247 2187; x_wconf 86' lang='lat' dir='ltr'><strong>prepter</strong></span> <span class='ocrx_word' id='word_1_436' title='bbox 3272 2115 3637 2185; x_wconf 83' lang='lat' dir='ltr'><strong>ignorantiam</strong></span> 
     </span>
    </p>
   </div>
   <div class='ocr_carea' id='block_1_64' title="bbox 2052 2208 3640 2281">
    <p class='ocr_par' dir='ltr' id='par_1_64' title="bbox 2052 2208 3640 2281">
     <span class='ocr_line' id='line_1_64' title="bbox 2052 2208 3640 2281; baseline -0.003 -16"><span class='ocrx_word' id='word_1_437' title='bbox 2052 2221 2148 2265; x_wconf 89' lang='lat' dir='ltr'><strong>aut</strong></span> <span class='ocrx_word' id='word_1_438' title='bbox 2181 2210 2524 2281; x_wconf 85' lang='lat' dir='ltr'><strong>inopinatum</strong></span> <span class='ocrx_word' id='word_1_439' title='bbox 2560 2210 2860 2280; x_wconf 88' lang='lat' dir='ltr'><strong>quemdam</strong></span> <span class='ocrx_word' id='word_1_440' title='bbox 2898 2221 2951 2266; x_wconf 86' lang='lat' dir='ltr'><strong>et.</strong></span> <span class='ocrx_word' id='word_1_441' title='bbox 2988 2210 3286 2265; x_wconf 87' lang='lat' dir='ltr'><strong>violentqu</strong></span> <span class='ocrx_word' id='word_1_442' title='bbox 3325 2222 3512 2262; x_wconf 89' lang='lat' dir='ltr'><strong>casum</strong></span> <span class='ocrx_word' id='word_1_443' title='bbox 3547 2208 3640 2262; x_wconf 84' lang='lat' dir='ltr'><strong>ba-</strong></span> 
     </span>
    </p>
   </div>
   <div class='ocr_carea' id='block_1_65' title="bbox 2053 2301 3639 2373">
    <p class='ocr_par' dir='ltr' id='par_1_65' title="bbox 2053 2301 3639 2373">
     <span class='ocr_line' id='line_1_65' title="bbox 2053 2301 3639 2373; baseline -0.003 -14"><span class='ocrx_word' id='word_1_444' title='bbox 2053 2303 2250 2372; x_wconf 87' lang='lat' dir='ltr'><strong>ptismo</strong></span> <span class='ocrx_word' id='word_1_445' title='bbox 2310 2313 2627 2358; x_wconf 89' lang='lat' dir='ltr'><strong>caruerunt.</strong></span> <span class='ocrx_word' id='word_1_446' title='bbox 2687 2302 2768 2358; x_wconf 87' lang='lat' dir='ltr'><strong>Ac</strong></span> <span class='ocrx_word' id='word_1_447' title='bbox 2830 2303 3055 2373; x_wconf 84' lang='lat' dir='ltr'><strong>proinde</strong></span> <span class='ocrx_word' id='word_1_448' title='bbox 3113 2304 3190 2356; x_wconf 89' lang='lat' dir='ltr'><strong>illi</strong></span> <span class='ocrx_word' id='word_1_449' title='bbox 3224 2303 3372 2357; x_wconf 87' lang='lat' dir='ltr'><strong>omni</strong></span> <span class='ocrx_word' id='word_1_450' title='bbox 3433 2301 3639 2355; x_wconf 85' lang='lat' dir='ltr'><strong>scelere</strong></span> 
     </span>
    </p>
   </div>
   <div class='ocr_carea' id='block_1_66' title="bbox 2052 2391 3636 2462">
    <p class='ocr_par' dir='ltr' id='par_1_66' title="bbox 2052 2391 3636 2462">
     <span class='ocr_line' id='line_1_66' title="bbox 2052 2391 3636 2462; baseline -0.003 -15"><span class='ocrx_word' id='word_1_451' title='bbox 2052 2392 2317 2462; x_wconf 87' lang='lat' dir='ltr'><strong>cooperti,</strong></span> <span class='ocrx_word' id='word_1_452' title='bbox 2355 2408 2464 2447; x_wconf 90' lang='lat' dir='ltr'><strong>non</strong></span> <span class='ocrx_word' id='word_1_453' title='bbox 2512 2392 2677 2448; x_wconf 91' lang='lat' dir='ltr'><strong>modo</strong></span> <span class='ocrx_word' id='word_1_454' title='bbox 2707 2392 2940 2448; x_wconf 87' lang='lat' dir='ltr'><strong>aliorum</strong></span> <span class='ocrx_word' id='word_1_455' title='bbox 2999 2392 3284 2457; x_wconf 89' lang='lat' dir='ltr'><strong>vitiorum,</strong></span> <span class='ocrx_word' id='word_1_456' title='bbox 3323 2391 3417 2446; x_wconf 88' lang='lat' dir='ltr'><strong>sed</strong></span> <span class='ocrx_word' id='word_1_457' title='bbox 3472 2392 3636 2444; x_wconf 85' lang='lat' dir='ltr'><strong>etiam</strong></span> 
     </span>
    </p>
   </div>
   <div class='ocr_carea' id='block_1_67' title="bbox 2053 2480 3636 2553">
    <p class='ocr_par' dir='ltr' id='par_1_67' title="bbox 2053 2480 3636 2553">
     <span class='ocr_line' id='line_1_67' title="bbox 2053 2480 3636 2553; baseline -0.004 -14"><span class='ocrx_word' id='word_1_458' title='bbox 2053 2486 2351 2553; x_wconf 90' lang='lat' dir='ltr'><strong>contempti</strong></span> <span class='ocrx_word' id='word_1_459' title='bbox 2413 2483 2671 2553; x_wconf 90' lang='lat' dir='ltr'><strong>baptismi</strong></span> <span class='ocrx_word' id='word_1_460' title='bbox 2733 2498 2925 2553; x_wconf 86' lang='lat' dir='ltr'><strong>poenas</strong></span> <span class='ocrx_word' id='word_1_461' title='bbox 2992 2484 3250 2553; x_wconf 83' lang='lat' dir='ltr'><strong>pendent.</strong></span> <span class='ocrx_word' id='word_1_462' title='bbox 3305 2480 3410 2548; x_wconf 86' lang='lat' dir='ltr'><strong>Qui</strong></span> <span class='ocrx_word' id='word_1_463' title='bbox 3454 2490 3636 2536; x_wconf 85' lang='lat' dir='ltr'><strong>autem</strong></span> 
     </span>
    </p>
   </div>
   <div class='ocr_carea' id='block_1_68' title="bbox 2051 2575 3634 2647">
    <p class='ocr_par' dir='ltr' id='par_1_68' title="bbox 2051 2575 3634 2647">
     <span class='ocr_line' id='line_1_68' title="bbox 2051 2575 3634 2647; baseline -0.003 -16"><span class='ocrx_word' id='word_1_464' title='bbox 2051 2586 2272 2647; x_wconf 88' lang='lat' dir='ltr'><strong>propter</strong></span> <span class='ocrx_word' id='word_1_465' title='bbox 2306 2576 2579 2647; x_wconf 85' lang='lat' dir='ltr'><strong>ignaviam</strong></span> <span class='ocrx_word' id='word_1_466' title='bbox 2614 2591 2674 2630; x_wconf 89' lang='lat' dir='ltr'><strong>ac</strong></span> <span class='ocrx_word' id='word_1_467' title='bbox 2701 2575 2968 2630; x_wconf 52' lang='lat' dir='ltr'><strong>de~idiam</strong></span> <span class='ocrx_word' id='word_1_468' title='bbox 2999 2591 3124 2630; x_wconf 89' lang='lat' dir='ltr'><strong>cum</strong></span> <span class='ocrx_word' id='word_1_469' title='bbox 3164 2587 3482 2644; x_wconf 68' lang='lat' dir='ltr'><strong>prorogaut,</strong></span> <span class='ocrx_word' id='word_1_470' title='bbox 3516 2588 3634 2642; x_wconf 79' lang='lat' dir='ltr'><strong>po:-</strong></span> 
     </span>
    </p>
   </div>
   <div class='ocr_carea' id='block_1_69' title="bbox 2052 2667 3632 2741">
    <p class='ocr_par' dir='ltr' id='par_1_69' title="bbox 2052 2667 3632 2741">
     <span class='ocr_line' id='line_1_69' title="bbox 2052 2667 3632 2741; baseline -0.004 -15"><span class='ocrx_word' id='word_1_471' title='bbox 2052 2687 2152 2726; x_wconf 84' lang='lat' dir='ltr'><strong>nas</strong></span> <span class='ocrx_word' id='word_1_472' title='bbox 2184 2671 2404 2741; x_wconf 84' lang='lat' dir='ltr'><strong>quidem</strong></span> <span class='ocrx_word' id='word_1_473' title='bbox 2439 2670 2539 2740; x_wconf 91' lang='lat' dir='ltr'><strong>ipsi</strong></span> <span class='ocrx_word' id='word_1_474' title='bbox 2577 2685 2796 2740; x_wconf 87' lang='lat' dir='ltr'><strong>quoque</strong></span> <span class='ocrx_word' id='word_1_475' title='bbox 2854 2669 3021 2734; x_wconf 88' lang='lat' dir='ltr'><strong>luent,</strong></span> <span class='ocrx_word' id='word_1_476' title='bbox 3062 2677 3318 2723; x_wconf 70' lang='lat' dir='ltr'><strong>caeterum</strong></span> <span class='ocrx_word' id='word_1_477' title='bbox 3365 2667 3632 2721; x_wconf 82' lang='lat' dir='ltr'><strong>leviores:</strong></span> 
     </span>
    </p>
   </div>
   <div class='ocr_carea' id='block_1_70' title="bbox 2052 2759 3636 2832">
    <p class='ocr_par' dir='ltr' id='par_1_70' title="bbox 2052 2759 3636 2832">
     <span class='ocr_line' id='line_1_70' title="bbox 2052 2759 3636 2832; baseline -0.004 -15"><span class='ocrx_word' id='word_1_478' title='bbox 2052 2763 2308 2832; x_wconf 86' lang='lat' dir='ltr'><strong>quoniam</strong></span> <span class='ocrx_word' id='word_1_479' title='bbox 2358 2777 2466 2817; x_wconf 91' lang='lat' dir='ltr'><strong>non</strong></span> <span class='ocrx_word' id='word_1_480' title='bbox 2516 2772 2736 2832; x_wconf 86' lang='lat' dir='ltr'><strong>propter</strong></span> <span class='ocrx_word' id='word_1_481' title='bbox 2775 2770 3148 2830; x_wconf 90' lang='lat' dir='ltr'><strong>contemptum</strong></span> <span class='ocrx_word' id='word_1_482' title='bbox 3202 2759 3479 2829; x_wconf 89' lang='lat' dir='ltr'><strong>animique</strong></span> <span class='ocrx_word' id='word_1_483' title='bbox 3510 2773 3636 2828; x_wconf 88' lang='lat' dir='ltr'><strong>per-</strong></span> 
     </span>
    </p>
   </div>
   <div class='ocr_carea' id='block_1_71' title="bbox 2054 2849 3641 2923">
    <p class='ocr_par' dir='ltr' id='par_1_71' title="bbox 2054 2849 3641 2923">
     <span class='ocr_line' id='line_1_71' title="bbox 2054 2849 3641 2923; baseline -0.004 -15"><span class='ocrx_word' id='word_1_484' title='bbox 2054 2853 2391 2918; x_wconf 88' lang='lat' dir='ltr'><strong>versitatem,</strong></span> <span class='ocrx_word' id='word_1_485' title='bbox 2426 2853 2519 2908; x_wconf 87' lang='lat' dir='ltr'><strong>sed</strong></span> <span class='ocrx_word' id='word_1_486' title='bbox 2553 2862 2773 2923; x_wconf 85' lang='lat' dir='ltr'><strong>prepter</strong></span> <span class='ocrx_word' id='word_1_487' title='bbox 2803 2852 3096 2912; x_wconf 68' lang='lat' dir='ltr'><strong>stultitiam,</strong></span> <span class='ocrx_word' id='word_1_488' title='bbox 3124 2866 3152 2905; x_wconf 90' lang='lat' dir='ltr'><strong>a</strong></span> <span class='ocrx_word' id='word_1_489' title='bbox 3187 2850 3462 2919; x_wconf 88' lang='lat' dir='ltr'><strong>baptismo</strong></span> <span class='ocrx_word' id='word_1_490' title='bbox 3491 2849 3641 2903; x_wconf 87' lang='lat' dir='ltr'><strong>exci-</strong></span> 
     </span>
    </p>
   </div>
   <div class='ocr_carea' id='block_1_72' title="bbox 2052 2940 3640 3013">
    <p class='ocr_par' dir='ltr' id='par_1_72' title="bbox 2052 2940 3640 3013">
     <span class='ocr_line' id='line_1_72' title="bbox 2052 2940 3640 3013; baseline -0.004 -13"><span class='ocrx_word' id='word_1_491' title='bbox 2052 2946 2270 3000; x_wconf 86' lang='lat' dir='ltr'><strong>derunt.</strong></span> <span class='ocrx_word' id='word_1_492' title='bbox 2304 2945 2546 3000; x_wconf 85' lang='lat' dir='ltr'><strong>Stultitia</strong></span> <span class='ocrx_word' id='word_1_493' title='bbox 2585 2948 2730 2997; x_wconf 88' lang='lat' dir='ltr'><strong>enim</strong></span> <span class='ocrx_word' id='word_1_494' title='bbox 2764 2953 2870 3010; x_wconf 90' lang='lat' dir='ltr'><strong>est,</strong></span> <span class='ocrx_word' id='word_1_495' title='bbox 2920 2953 2979 2997; x_wconf 88' lang='lat' dir='ltr'><strong>ut</strong></span> <span class='ocrx_word' id='word_1_496' title='bbox 3014 2952 3234 3013; x_wconf 89' lang='lat' dir='ltr'><strong>propter</strong></span> <span class='ocrx_word' id='word_1_497' title='bbox 3282 2940 3533 2995; x_wconf 88' lang='lat' dir='ltr'><strong>inertiam</strong></span> <span class='ocrx_word' id='word_1_498' title='bbox 3574 2955 3640 2994; x_wconf 89' lang='lat' dir='ltr'><strong>ac</strong></span> 
     </span>
    </p>
   </div>
   <div class='ocr_carea' id='block_1_73' title="bbox 2055 3028 3636 3106">
    <p class='ocr_par' dir='ltr' id='par_1_73' title="bbox 2055 3028 3636 3106">
     <span class='ocr_line' id='line_1_73' title="bbox 2055 3028 3636 3106; baseline -0.005 -17"><span class='ocrx_word' id='word_1_499' title='bbox 2055 3035 2465 3106; x_wconf 84' lang='lat' dir='ltr'><strong>negligentiam,</strong></span> <span class='ocrx_word' id='word_1_500' title='bbox 2500 3034 2576 3088; x_wconf 87' lang='lat' dir='ltr'><strong>ita</strong></span> <span class='ocrx_word' id='word_1_501' title='bbox 2610 3042 2829 3104; x_wconf 85' lang='lat' dir='ltr'><strong>propter</strong></span> <span class='ocrx_word' id='word_1_502' title='bbox 2878 3033 3221 3102; x_wconf 90' lang='lat' dir='ltr'><strong>voluptatum</strong></span> <span class='ocrx_word' id='word_1_503' title='bbox 3258 3028 3636 3098; x_wconf 80' lang='lat' dir='ltr'><strong>inexplebilem</strong></span> 
     </span>
    </p>
   </div>
   <div class='ocr_carea' id='block_1_74' title="bbox 2056 3120 3634 3195">
    <p class='ocr_par' dir='ltr' id='par_1_74' title="bbox 2056 3120 3634 3195">
     <span class='ocr_line' id='line_1_74' title="bbox 2056 3120 3634 3195; baseline -0.004 -14"><span class='ocrx_word' id='word_1_504' title='bbox 2056 3129 2227 3192; x_wconf 91' lang='lat' dir='ltr'><strong>sitim,</strong></span> <span class='ocrx_word' id='word_1_505' title='bbox 2268 3127 2539 3195; x_wconf 87' lang='lat' dir='ltr'><strong>baptismo</strong></span> <span class='ocrx_word' id='word_1_506' title='bbox 2572 3126 2812 3180; x_wconf 87' lang='lat' dir='ltr'><strong>multari.</strong></span> <span class='ocrx_word' id='word_1_507' title='bbox 2846 3125 2913 3179; x_wconf 85' lang='lat' dir='ltr'><strong>At</strong></span> <span class='ocrx_word' id='word_1_508' title='bbox 2949 3124 3042 3195; x_wconf 85' lang='lat' dir='ltr'><strong>qui</strong></span> <span class='ocrx_word' id='word_1_509' title='bbox 3094 3124 3164 3179; x_wconf 89' lang='lat' dir='ltr'><strong>ob</strong></span> <span class='ocrx_word' id='word_1_510' title='bbox 3197 3122 3375 3178; x_wconf 67' lang='lat' dir='ltr'><strong>aetatis</strong></span> <span class='ocrx_word' id='word_1_511' title='bbox 3406 3120 3634 3192; x_wconf 89' lang='lat' dir='ltr'><strong>puerilis</strong></span> 
     </span>
    </p>
   </div>
   <div class='ocr_carea' id='block_1_75' title="bbox 2058 3215 3637 3291">
    <p class='ocr_par' dir='ltr' id='par_1_75' title="bbox 2058 3215 3637 3291">
     <span class='ocr_line' id='line_1_75' title="bbox 2058 3215 3637 3291; baseline -0.006 -16"><span class='ocrx_word' id='word_1_512' title='bbox 2058 3218 2421 3291; x_wconf 83' lang='lat' dir='ltr'><strong>ignorantiam</strong></span> <span class='ocrx_word' id='word_1_513' title='bbox 2452 3228 2546 3273; x_wconf 89' lang='lat' dir='ltr'><strong>aut</strong></span> <span class='ocrx_word' id='word_1_514' title='bbox 2595 3217 3002 3283; x_wconf 87' lang='lat' dir='ltr'><strong>necessitatem,</strong></span> <span class='ocrx_word' id='word_1_515' title='bbox 3029 3231 3093 3273; x_wconf 91' lang='lat' dir='ltr'><strong>ac</strong></span> <span class='ocrx_word' id='word_1_516' title='bbox 3121 3216 3230 3271; x_wconf 88' lang='lat' dir='ltr'><strong>vim</strong></span> <span class='ocrx_word' id='word_1_517' title='bbox 3249 3215 3488 3285; x_wconf 88' lang='lat' dir='ltr'><strong>aliquam</strong></span> <span class='ocrx_word' id='word_1_518' title='bbox 3521 3229 3637 3267; x_wconf 85' lang='lat' dir='ltr'><strong>ma—</strong></span> 
     </span>
    </p>
   </div>
   <div class='ocr_carea' id='block_1_76' title="bbox 2052 3307 3631 3382">
    <p class='ocr_par' dir='ltr' id='par_1_76' title="bbox 2052 3307 3631 3382">
     <span class='ocr_line' id='line_1_76' title="bbox 2052 3307 3631 3382; baseline -0.005 -15"><span class='ocrx_word' id='word_1_519' title='bbox 2052 3313 2231 3382; x_wconf 86' lang='lat' dir='ltr'><strong>jorem</strong></span> <span class='ocrx_word' id='word_1_520' title='bbox 2284 3312 2540 3382; x_wconf 86' lang='lat' dir='ltr'><strong>baptismi</strong></span> <span class='ocrx_word' id='word_1_521' title='bbox 2595 3319 2846 3381; x_wconf 82' lang='lat' dir='ltr'><strong>expertes</strong></span> <span class='ocrx_word' id='word_1_522' title='bbox 2894 3317 3235 3374; x_wconf 89' lang='lat' dir='ltr'><strong>manserunt,</strong></span> <span class='ocrx_word' id='word_1_523' title='bbox 3294 3317 3351 3362; x_wconf 92' lang='lat' dir='ltr'><strong>ut</strong></span> <span class='ocrx_word' id='word_1_524' title='bbox 3412 3307 3631 3377; x_wconf 86' lang='lat' dir='ltr'><strong>quidem</strong></span> 
     </span>
    </p>
   </div>
   <div class='ocr_carea' id='block_1_77' title="bbox 2056 3400 3637 3475">
    <p class='ocr_par' dir='ltr' id='par_1_77' title="bbox 2056 3400 3637 3475">
     <span class='ocr_line' id='line_1_77' title="bbox 2056 3400 3637 3475; baseline -0.005 -14"><span class='ocrx_word' id='word_1_525' title='bbox 2056 3405 2342 3475; x_wconf 84' lang='lat' dir='ltr'><strong>signaculo</strong></span> <span class='ocrx_word' id='word_1_526' title='bbox 2364 3413 2633 3469; x_wconf 87' lang='lat' dir='ltr'><strong>carentes,</strong></span> <span class='ocrx_word' id='word_1_527' title='bbox 2670 3403 2877 3459; x_wconf 69' lang='lat' dir='ltr'><strong>caelesti</strong></span> <span class='ocrx_word' id='word_1_528' title='bbox 2914 3403 3087 3472; x_wconf 86' lang='lat' dir='ltr'><strong>gloria</strong></span> <span class='ocrx_word' id='word_1_529' title='bbox 3121 3417 3230 3456; x_wconf 91' lang='lat' dir='ltr'><strong>non</strong></span> <span class='ocrx_word' id='word_1_530' title='bbox 3258 3400 3507 3456; x_wconf 90' lang='lat' dir='ltr'><strong>frttentur</strong></span> <span class='ocrx_word' id='word_1_531' title='bbox 3534 3418 3547 3454; x_wconf 94' lang='lat'>:</span> <span class='ocrx_word' id='word_1_532' title='bbox 3578 3410 3637 3453; x_wconf 87' lang='lat' dir='ltr'><strong>ut</strong></span> 
     </span>
    </p>
   </div>
   <div class='ocr_carea' id='block_1_78' title="bbox 2056 3492 3632 3565">
    <p class='ocr_par' dir='ltr' id='par_1_78' title="bbox 2056 3492 3632 3565">
     <span class='ocr_line' id='line_1_78' title="bbox 2056 3492 3632 3565; baseline -0.004 -14"><span class='ocrx_word' id='word_1_533' title='bbox 2056 3505 2240 3552; x_wconf 90' lang='lat' dir='ltr'><strong>autem</strong></span> <span class='ocrx_word' id='word_1_534' title='bbox 2298 3496 2524 3551; x_wconf 90' lang='lat' dir='ltr'><strong>minime</strong></span> <span class='ocrx_word' id='word_1_535' title='bbox 2588 3496 2742 3561; x_wconf 88' lang='lat' dir='ltr'><strong>mali,</strong></span> <span class='ocrx_word' id='word_1_536' title='bbox 2801 3495 3089 3565; x_wconf 84' lang='lat' dir='ltr'><strong>suppliciis</strong></span> <span class='ocrx_word' id='word_1_537' title='bbox 3146 3492 3632 3548; x_wconf 82' lang='lat' dir='ltr'><strong>nonafiicientur:</strong></span> 
     </span>
    </p>
   </div>
   <div class='ocr_carea' id='block_1_79' title="bbox 2056 3588 3634 3660">
    <p class='ocr_par' dir='ltr' id='par_1_79' title="bbox 2056 3588 3634 3660">
     <span class='ocr_line' id='line_1_79' title="bbox 2056 3588 3634 3660; baseline -0.004 -17"><span class='ocrx_word' id='word_1_538' title='bbox 2056 3589 2316 3660; x_wconf 90' lang='lat' dir='ltr'><strong>quoniam</strong></span> <span class='ocrx_word' id='word_1_539' title='bbox 2343 3590 2732 3644; x_wconf 85' lang='lat' dir='ltr'><strong>detrimentum</strong></span> <span class='ocrx_word' id='word_1_540' title='bbox 2771 3588 2873 3643; x_wconf 90' lang='lat' dir='ltr'><strong>hoc</strong></span> <span class='ocrx_word' id='word_1_541' title='bbox 2907 3589 3084 3658; x_wconf 88' lang='lat' dir='ltr'><strong>potius</strong></span> <span class='ocrx_word' id='word_1_542' title='bbox 3120 3589 3264 3656; x_wconf 90' lang='lat' dir='ltr'><strong>passi</strong></span> <span class='ocrx_word' id='word_1_543' title='bbox 3295 3593 3443 3649; x_wconf 90' lang='lat' dir='ltr'><strong>sunt,</strong></span> <span class='ocrx_word' id='word_1_544' title='bbox 3471 3599 3634 3653; x_wconf 87' lang='lat' dir='ltr'><strong>quam</strong></span> 
     </span>
    </p>
   </div>
   <div class='ocr_carea' id='block_1_80' title="bbox 2057 3677 3636 3750">
    <p class='ocr_par' dir='ltr' id='par_1_80' title="bbox 2057 3677 3636 3750">
     <span class='ocr_line' id='line_1_80' title="bbox 2057 3677 3636 3750; baseline -0.006 -13"><span class='ocrx_word' id='word_1_545' title='bbox 2057 3680 2324 3737; x_wconf 88' lang='lat' dir='ltr'><strong>fecerunt.</strong></span> <span class='ocrx_word' id='word_1_546' title='bbox 2361 3680 2498 3737; x_wconf 86' lang='lat' dir='ltr'><strong>Tres</strong></span> <span class='ocrx_word' id='word_1_547' title='bbox 2523 3681 2693 3747; x_wconf 86' lang='lat' dir='ltr'><strong>enim,</strong></span> <span class='ocrx_word' id='word_1_548' title='bbox 2728 3681 3066 3750; x_wconf 91' lang='lat' dir='ltr'><strong>utopiuione</strong></span> <span class='ocrx_word' id='word_1_549' title='bbox 3104 3693 3392 3749; x_wconf 77' lang='lat' dir='ltr'><strong>assequar,</strong></span> <span class='ocrx_word' id='word_1_550' title='bbox 3435 3677 3636 3746; x_wconf 83' lang='lat' dir='ltr'><strong>gradus</strong></span> 
     </span>
    </p>
   </div>
   <div class='ocr_carea' id='block_1_81' title="bbox 2053 3769 3634 3844">
    <p class='ocr_par' dir='ltr' id='par_1_81' title="bbox 2053 3769 3634 3844">
     <span class='ocr_line' id='line_1_81' title="bbox 2053 3769 3634 3844; baseline -0.006 -14"><span class='ocrx_word' id='word_1_551' title='bbox 2053 3776 2325 3831; x_wconf 81' lang='lat' dir='ltr'><strong>exsistunt</strong></span> <span class='ocrx_word' id='word_1_552' title='bbox 2353 3794 2367 3831; x_wconf 89' lang='lat'>:</span> <span class='ocrx_word' id='word_1_553' title='bbox 2400 3791 2542 3831; x_wconf 91' lang='lat' dir='ltr'><strong>unus</strong></span> <span class='ocrx_word' id='word_1_554' title='bbox 2576 3789 2765 3830; x_wconf 89' lang='lat' dir='ltr'><strong>eorum</strong></span> <span class='ocrx_word' id='word_1_555' title='bbox 2795 3775 2886 3843; x_wconf 90' lang='lat' dir='ltr'><strong>qui</strong></span> <span class='ocrx_word' id='word_1_556' title='bbox 2936 3773 3193 3844; x_wconf 87' lang='lat' dir='ltr'><strong>supernis</strong></span> <span class='ocrx_word' id='word_1_557' title='bbox 3244 3769 3457 3827; x_wconf 89' lang='lat' dir='ltr'><strong>deliciis</strong></span> <span class='ocrx_word' id='word_1_558' title='bbox 3507 3784 3634 3839; x_wconf 81' lang='lat' dir='ltr'><strong>per-</strong></span> 
     </span>
    </p>
   </div>
   <div class='ocr_carea' id='block_1_82' title="bbox 2054 3863 3636 3936">
    <p class='ocr_par' dir='ltr' id='par_1_82' title="bbox 2054 3863 3636 3936">
     <span class='ocr_line' id='line_1_82' title="bbox 2054 3863 3636 3936; baseline -0.005 -14"><span class='ocrx_word' id='word_1_559' title='bbox 2054 3867 2348 3932; x_wconf 89' lang='lat' dir='ltr'><strong>fruuntur;</strong></span> <span class='ocrx_word' id='word_1_560' title='bbox 2379 3866 2515 3920; x_wconf 90' lang='lat' dir='ltr'><strong>alter</strong></span> <span class='ocrx_word' id='word_1_561' title='bbox 2540 3881 2732 3923; x_wconf 88' lang='lat' dir='ltr'><strong>eorum</strong></span> <span class='ocrx_word' id='word_1_562' title='bbox 2761 3867 2854 3936; x_wconf 91' lang='lat' dir='ltr'><strong>qui</strong></span> <span class='ocrx_word' id='word_1_563' title='bbox 2882 3863 3165 3935; x_wconf 88' lang='lat' dir='ltr'><strong>suppliciis</strong></span> <span class='ocrx_word' id='word_1_564' title='bbox 3187 3863 3406 3918; x_wconf 68' lang='lat' dir='ltr'><strong>aeternis</strong></span> <span class='ocrx_word' id='word_1_565' title='bbox 3438 3875 3636 3916; x_wconf 82' lang='lat' dir='ltr'><strong>excru-</strong></span> 
     </span>
    </p>
   </div>
   <div class='ocr_carea' id='block_1_83' title="bbox 2056 3955 3634 4027">
    <p class='ocr_par' dir='ltr' id='par_1_83' title="bbox 2056 3955 3634 4027">
     <span class='ocr_line' id='line_1_83' title="bbox 2056 3955 3634 4027; baseline -0.006 -12"><span class='ocrx_word' id='word_1_566' title='bbox 2056 3959 2309 4026; x_wconf 87' lang='lat' dir='ltr'><strong>ciantur;</strong></span> <span class='ocrx_word' id='word_1_567' title='bbox 2350 3958 2564 4012; x_wconf 84' lang='lat' dir='ltr'><strong>medius</strong></span> <span class='ocrx_word' id='word_1_568' title='bbox 2604 3973 2794 4014; x_wconf 87' lang='lat' dir='ltr'><strong>eorum</strong></span> <span class='ocrx_word' id='word_1_569' title='bbox 2820 3956 2913 4027; x_wconf 91' lang='lat' dir='ltr'><strong>qui</strong></span> <span class='ocrx_word' id='word_1_570' title='bbox 2946 3972 3044 4011; x_wconf 90' lang='lat' dir='ltr'><strong>nec</strong></span> <span class='ocrx_word' id='word_1_571' title='bbox 3074 3955 3315 4012; x_wconf 65' lang='lat' dir='ltr'><strong>caelestis</strong></span> <span class='ocrx_word' id='word_1_572' title='bbox 3345 3955 3494 4025; x_wconf 88' lang='lat' dir='ltr'><strong>regni</strong></span> <span class='ocrx_word' id='word_1_573' title='bbox 3537 3970 3634 4007; x_wconf 85' lang='lat' dir='ltr'><strong>vo-</strong></span> 
     </span>
    </p>
   </div>
   <div class='ocr_carea' id='block_1_84' title="bbox 2056 4049 3632 4120">
    <p class='ocr_par' dir='ltr' id='par_1_84' title="bbox 2056 4049 3632 4120">
     <span class='ocr_line' id='line_1_84' title="bbox 2056 4049 3632 4120; baseline -0.002 -15"><span class='ocrx_word' id='word_1_574' title='bbox 2056 4050 2293 4120; x_wconf 89' lang='lat' dir='ltr'><strong>luptates</strong></span> <span class='ocrx_word' id='word_1_575' title='bbox 2324 4051 2588 4114; x_wconf 87' lang='lat' dir='ltr'><strong>sentiunt,</strong></span> <span class='ocrx_word' id='word_1_576' title='bbox 2638 4066 2739 4105; x_wconf 89' lang='lat' dir='ltr'><strong>nec</strong></span> <span class='ocrx_word' id='word_1_577' title='bbox 2788 4051 2966 4120; x_wconf 60' lang='lat' dir='ltr'><strong>poenis</strong></span> <span class='ocrx_word' id='word_1_578' title='bbox 3004 4049 3130 4104; x_wconf 88' lang='lat' dir='ltr'><strong>ullis</strong></span> <span class='ocrx_word' id='word_1_579' title='bbox 3184 4057 3504 4118; x_wconf 88' lang='lat' dir='ltr'><strong>torquentur</strong></span> <span class='ocrx_word' id='word_1_580' title='bbox 3536 4065 3550 4101; x_wconf 90' lang='lat'><strong>:</strong></span> <span class='ocrx_word' id='word_1_581' title='bbox 3579 4049 3632 4102; x_wconf 90' lang='lat' dir='ltr'><strong>in</strong></span> 
     </span>
    </p>
   </div>
   <div class='ocr_carea' id='block_1_85' title="bbox 2054 4140 3635 4214">
    <p class='ocr_par' dir='ltr' id='par_1_85' title="bbox 2054 4140 3635 4214">
     <span class='ocr_line' id='line_1_85' title="bbox 2054 4140 3635 4214; baseline 0.001 -22"><span class='ocrx_word' id='word_1_582' title='bbox 2054 4157 2164 4214; x_wconf 87' lang='lat' dir='ltr'><strong>quo</strong></span> <span class='ocrx_word' id='word_1_583' title='bbox 2192 4153 2247 4197; x_wconf 93' lang='lat' dir='ltr'><strong>et</strong></span> <span class='ocrx_word' id='word_1_584' title='bbox 2284 4142 2497 4210; x_wconf 89' lang='lat' dir='ltr'><strong>pueruli</strong></span> <span class='ocrx_word' id='word_1_585' title='bbox 2532 4143 2624 4211; x_wconf 91' lang='lat' dir='ltr'><strong>qui</strong></span> <span class='ocrx_word' id='word_1_586' title='bbox 2684 4141 2955 4212; x_wconf 90' lang='lat' dir='ltr'><strong>baptismo</strong></span> <span class='ocrx_word' id='word_1_587' title='bbox 2999 4140 3205 4212; x_wconf 90' lang='lat' dir='ltr'><strong>perfusi</strong></span> <span class='ocrx_word' id='word_1_588' title='bbox 3260 4155 3370 4195; x_wconf 89' lang='lat' dir='ltr'><strong>non</strong></span> <span class='ocrx_word' id='word_1_589' title='bbox 3401 4148 3550 4205; x_wconf 88' lang='lat' dir='ltr'><strong>sunt,</strong></span> <span class='ocrx_word' id='word_1_590' title='bbox 3581 4151 3635 4195; x_wconf 84' lang='lat' dir='ltr'><strong>et</strong></span> 
     </span>
    </p>
   </div>
   <div class='ocr_carea' id='block_1_86' title="bbox 2054 4233 3634 4306">
    <p class='ocr_par' dir='ltr' id='par_1_86' title="bbox 2054 4233 3634 4306">
     <span class='ocr_line' id='line_1_86' title="bbox 2054 4233 3634 4306; baseline -0.001 -19"><span class='ocrx_word' id='word_1_591' title='bbox 2054 4236 2148 4306; x_wconf 90' lang='lat' dir='ltr'><strong>qui</strong></span> <span class='ocrx_word' id='word_1_592' title='bbox 2202 4242 2328 4291; x_wconf 74' lang='lat' dir='ltr'><strong>cum</strong></span> <span class='ocrx_word' id='word_1_593' title='bbox 2381 4233 2712 4304; x_wconf 88' lang='lat' dir='ltr'><strong>baptismum</strong></span> <span class='ocrx_word' id='word_1_594' title='bbox 2769 4243 3108 4305; x_wconf 77' lang='lat' dir='ltr'><strong>expeterent,</strong></span> <span class='ocrx_word' id='word_1_595' title='bbox 3161 4234 3397 4289; x_wconf 89' lang='lat' dir='ltr'><strong>violento</strong></span> <span class='ocrx_word' id='word_1_596' title='bbox 3452 4244 3634 4287; x_wconf 88' lang='lat' dir='ltr'><strong>tamen</strong></span> 
     </span>
    </p>
   </div>
   <div class='ocr_carea' id='block_1_87' title="bbox 2054 4326 3636 4397">
    <p class='ocr_par' dir='ltr' id='par_1_87' title="bbox 2054 4326 3636 4397">
     <span class='ocr_line' id='line_1_87' title="bbox 2054 4326 3636 4397; baseline -0.003 -15"><span class='ocrx_word' id='word_1_597' title='bbox 2054 4328 2238 4397; x_wconf 90' lang='lat' dir='ltr'><strong>aliquo</strong></span> <span class='ocrx_word' id='word_1_598' title='bbox 2269 4342 2400 4382; x_wconf 90' lang='lat' dir='ltr'><strong>casu</strong></span> <span class='ocrx_word' id='word_1_599' title='bbox 2431 4326 2677 4396; x_wconf 88' lang='lat' dir='ltr'><strong>impediti</strong></span> <span class='ocrx_word' id='word_1_600' title='bbox 2712 4329 2992 4396; x_wconf 87' lang='lat' dir='ltr'><strong>suscipere</strong></span> <span class='ocrx_word' id='word_1_601' title='bbox 3023 4340 3129 4380; x_wconf 91' lang='lat' dir='ltr'><strong>non</strong></span> <span class='ocrx_word' id='word_1_602' title='bbox 3160 4333 3477 4395; x_wconf 82' lang='lat' dir='ltr'><strong>potuerunt,</strong></span> <span class='ocrx_word' id='word_1_603' title='bbox 3503 4340 3636 4379; x_wconf 87' lang='lat' dir='ltr'><strong>cou-</strong></span> 
     </span>
    </p>
   </div>
   <div class='ocr_carea' id='block_1_88' title="bbox 2056 4418 3634 4490">
    <p class='ocr_par' dir='ltr' id='par_1_88' title="bbox 2056 4418 3634 4490">
     <span class='ocr_line' id='line_1_88' title="bbox 2056 4418 3634 4490; baseline -0.005 -14"><span class='ocrx_word' id='word_1_604' title='bbox 2056 4421 2444 4477; x_wconf 88' lang='lat' dir='ltr'><strong>stituerentua.</strong></span> <span class='ocrx_word' id='word_1_605' title='bbox 2473 4419 2543 4473; x_wconf 89' lang='lat' dir='ltr'><strong>At</strong></span> <span class='ocrx_word' id='word_1_606' title='bbox 2581 4429 2659 4485; x_wconf 87' lang='lat' dir='ltr'><strong>tu,</strong></span> <span class='ocrx_word' id='word_1_607' title='bbox 2689 4419 2784 4490; x_wconf 91' lang='lat' dir='ltr'><strong>qui</strong></span> <span class='ocrx_word' id='word_1_608' title='bbox 2842 4419 3128 4473; x_wconf 89' lang='lat' dir='ltr'><strong>contendis</strong></span> <span class='ocrx_word' id='word_1_609' title='bbox 3185 4427 3235 4471; x_wconf 89' lang='lat' dir='ltr'><strong>te</strong></span> <span class='ocrx_word' id='word_1_610' title='bbox 3274 4431 3339 4471; x_wconf 91' lang='lat' dir='ltr'><strong>eo</strong></span> <span class='ocrx_word' id='word_1_611' title='bbox 3387 4418 3505 4469; x_wconf 91' lang='lat' dir='ltr'><strong>solo</strong></span> <span class='ocrx_word' id='word_1_612' title='bbox 3538 4432 3634 4469; x_wconf 84' lang='lat' dir='ltr'><strong>no-</strong></span> 
     </span>
    </p>
   </div>
   <div class='ocr_carea' id='block_1_89' title="bbox 374 4507 3635 4583">
    <p class='ocr_par' dir='ltr' id='par_1_89' title="bbox 374 4507 3635 4583">
     <span class='ocr_line' id='line_1_89' title="bbox 374 4507 3635 4583; baseline -0.001 -21"><span class='ocrx_word' id='word_1_613' title='bbox 374 4508 773 4576; x_wconf 85' lang='lat' dir='ltr'><strong>febricitantes,</strong></span> <span class='ocrx_word' id='word_1_614' title='bbox 809 4510 902 4578; x_wconf 91' lang='lat' dir='ltr'><strong>qui</strong></span> <span class='ocrx_word' id='word_1_615' title='bbox 934 4510 1184 4580; x_wconf 90' lang='lat' dir='ltr'><strong>quamvis</strong></span> <span class='ocrx_word' id='word_1_616' title='bbox 1223 4510 1358 4567; x_wconf 84' lang='lat' dir='ltr'><strong>febri</strong></span> <span class='ocrx_word' id='word_1_617' title='bbox 1391 4528 1500 4567; x_wconf 89' lang='lat' dir='ltr'><strong>non</strong></span> <span class='ocrx_word' id='word_1_618' title='bbox 1536 4513 1783 4567; x_wconf 86' lang='lat' dir='ltr'><strong>laborare</strong></span> <span class='ocrx_word' id='word_1_619' title='bbox 1812 4514 1949 4567; x_wconf 87' lang='lat' dir='ltr'><strong>mal-</strong></span> <span class='ocrx_word' id='word_1_620' title='bbox 1983 4528 2026 4583; x_wconf 80' lang='grc' dir='ltr'><strong>ι)</strong></span> <span class='ocrx_word' id='word_1_621' title='bbox 2058 4515 2203 4568; x_wconf 88' lang='lat' dir='ltr'><strong>mine</strong></span> <span class='ocrx_word' id='word_1_622' title='bbox 2231 4512 2374 4582; x_wconf 92' lang='lat' dir='ltr'><strong>apud</strong></span> <span class='ocrx_word' id='word_1_623' title='bbox 2420 4509 2589 4566; x_wconf 89' lang='lat' dir='ltr'><strong>Deum</strong></span> <span class='ocrx_word' id='word_1_624' title='bbox 2627 4525 2726 4582; x_wconf 90' lang='lat' dir='ltr'><strong>pro</strong></span> <span class='ocrx_word' id='word_1_625' title='bbox 2754 4508 3029 4580; x_wconf 86' lang='lat' dir='ltr'><strong>baptizato</strong></span> <span class='ocrx_word' id='word_1_626' title='bbox 3070 4510 3334 4564; x_wconf 76' lang='lat' dir='ltr'><strong>habitum‘</strong></span> <span class='ocrx_word' id='word_1_627' title='bbox 3367 4507 3454 4575; x_wconf 88' lang='lat' dir='ltr'><strong>iri,</strong></span> <span class='ocrx_word' id='word_1_628' title='bbox 3490 4508 3635 4578; x_wconf 86' lang='lat' dir='ltr'><strong>quod</strong></span> 
     </span>
    </p>
   </div>
   <div class='ocr_carea' id='block_1_90' title="bbox 374 4602 1950 4677">
    <p class='ocr_par' dir='ltr' id='par_1_90' title="bbox 374 4602 1950 4677">
     <span class='ocr_line' id='line_1_90' title="bbox 374 4602 1950 4677; baseline 0.005 -23"><span class='ocrx_word' id='word_1_629' title='bbox 374 4602 507 4666; x_wconf 89' lang='lat' dir='ltr'><strong>lent,</strong></span> <span class='ocrx_word' id='word_1_630' title='bbox 542 4602 693 4658; x_wconf 84' lang='lat' dir='ltr'><strong>inviti</strong></span> <span class='ocrx_word' id='word_1_631' title='bbox 724 4611 903 4658; x_wconf 88' lang='lat' dir='ltr'><strong>tamen</strong></span> <span class='ocrx_word' id='word_1_632' title='bbox 935 4604 987 4658; x_wconf 92' lang='lat' dir='ltr'><strong>in</strong></span> <span class='ocrx_word' id='word_1_633' title='bbox 1023 4604 1211 4659; x_wconf 89' lang='lat' dir='ltr'><strong>febrim</strong></span> <span class='ocrx_word' id='word_1_634' title='bbox 1250 4605 1580 4672; x_wconf 89' lang='lat' dir='ltr'><strong>inciderunt,</strong></span> <span class='ocrx_word' id='word_1_635' title='bbox 1602 4607 1749 4677; x_wconf 91' lang='lat' dir='ltr'><strong>quod</strong></span> <span class='ocrx_word' id='word_1_636' title='bbox 1784 4605 1950 4662; x_wconf 88' lang='lat' dir='ltr'><strong>febris</strong></span> 
     </span>
    </p>
   </div>
   <div class='ocr_carea' id='block_1_91' title="bbox 373 4694 1952 4765">
    <p class='ocr_par' dir='ltr' id='par_1_91' title="bbox 373 4694 1952 4765">
     <span class='ocr_line' id='line_1_91' title="bbox 373 4694 1952 4765; baseline 0.003 -17"><span class='ocrx_word' id='word_1_637' title='bbox 373 4707 572 4749; x_wconf 86' lang='lat' dir='ltr'><strong>causas</strong></span> <span class='ocrx_word' id='word_1_638' title='bbox 604 4694 660 4749; x_wconf 91' lang='lat' dir='ltr'><strong>in</strong></span> <span class='ocrx_word' id='word_1_639' title='bbox 710 4711 910 4765; x_wconf 90' lang='lat' dir='ltr'><strong>corpus</strong></span> <span class='ocrx_word' id='word_1_640' title='bbox 941 4695 1320 4752; x_wconf 83' lang='lat' dir='ltr'><strong>admisissent.</strong></span> <span class='ocrx_word' id='word_1_641' title='bbox 1348 4697 1453 4751; x_wconf 88' lang='lat' dir='ltr'><strong>Alii</strong></span> <span class='ocrx_word' id='word_1_642' title='bbox 1488 4700 1649 4754; x_wconf 89' lang='lat' dir='ltr'><strong>etiam</strong></span> <span class='ocrx_word' id='word_1_643' title='bbox 1683 4710 1813 4756; x_wconf 87' lang='lat' dir='ltr'><strong>ante</strong></span> <span class='ocrx_word' id='word_1_644' title='bbox 1851 4699 1952 4753; x_wconf 84' lang='lat' dir='ltr'><strong>ba-</strong></span> 
     </span>
    </p>
   </div>
   <div class='ocr_carea' id='block_1_92' title="bbox 374 4788 1951 4861">
    <p class='ocr_par' dir='ltr' id='par_1_92' title="bbox 374 4788 1951 4861">
     <span class='ocr_line' id='line_1_92' title="bbox 374 4788 1951 4861; baseline 0.004 -21"><span class='ocrx_word' id='word_1_645' title='bbox 374 4788 638 4857; x_wconf 86' lang='lat' dir='ltr'><strong>ptismum</strong></span> <span class='ocrx_word' id='word_1_646' title='bbox 666 4788 892 4844; x_wconf 85' lang='lat' dir='ltr'><strong>honeste</strong></span> <span class='ocrx_word' id='word_1_647' title='bbox 925 4799 979 4844; x_wconf 90' lang='lat' dir='ltr'><strong>et</strong></span> <span class='ocrx_word' id='word_1_648' title='bbox 1009 4805 1132 4844; x_wconf 81' lang='lat' dir='ltr'><strong>cum</strong></span> <span class='ocrx_word' id='word_1_649' title='bbox 1172 4788 1337 4845; x_wconf 85' lang='lat' dir='ltr'><strong>laude</strong></span> <span class='ocrx_word' id='word_1_650' title='bbox 1363 4791 1639 4854; x_wconf 85' lang='lat' dir='ltr'><strong>vivebant,</strong></span> <span class='ocrx_word' id='word_1_651' title='bbox 1677 4791 1792 4846; x_wconf 87' lang='lat' dir='ltr'><strong>sive</strong></span> <span class='ocrx_word' id='word_1_652' title='bbox 1821 4794 1951 4861; x_wconf 87' lang='lat' dir='ltr'><strong>quia</strong></span> 
     </span>
    </p>
   </div>
   <div class='ocr_carea' id='block_1_93' title="bbox 374 4881 1951 4952">
    <p class='ocr_par' dir='ltr' id='par_1_93' title="bbox 374 4881 1951 4952">
     <span class='ocr_line' id='line_1_93' title="bbox 374 4881 1951 4952; baseline 0.003 -17"><span class='ocrx_word' id='word_1_653' title='bbox 374 4881 448 4936; x_wconf 88' lang='lat' dir='ltr'><strong>ita</strong></span> <span class='ocrx_word' id='word_1_654' title='bbox 486 4881 772 4937; x_wconf 86' lang='lat' dir='ltr'><strong>commode</strong></span> <span class='ocrx_word' id='word_1_655' title='bbox 805 4897 834 4937; x_wconf 90' lang='lat' dir='ltr'><strong>a</strong></span> <span class='ocrx_word' id='word_1_656' title='bbox 872 4890 1066 4936; x_wconf 86' lang='lat' dir='ltr'><strong>natura</strong></span> <span class='ocrx_word' id='word_1_657' title='bbox 1097 4884 1379 4952; x_wconf 88' lang='lat' dir='ltr'><strong>temperati</strong></span> <span class='ocrx_word' id='word_1_658' title='bbox 1422 4892 1628 4949; x_wconf 87' lang='lat' dir='ltr'><strong>essent,</strong></span> <span class='ocrx_word' id='word_1_659' title='bbox 1660 4892 1719 4938; x_wconf 93' lang='lat' dir='ltr'><strong>ut</strong></span> <span class='ocrx_word' id='word_1_660' title='bbox 1749 4898 1777 4937; x_wconf 91' lang='lat' dir='ltr'><strong>a</strong></span> <span class='ocrx_word' id='word_1_661' title='bbox 1804 4884 1951 4940; x_wconf 89' lang='lat' dir='ltr'><strong>vitiis</strong></span> 
     </span>
    </p>
   </div>
   <div class='ocr_carea' id='block_1_94' title="bbox 374 4973 1953 5037">
    <p class='ocr_par' dir='ltr' id='par_1_94' title="bbox 374 4973 1953 5037">
     <span class='ocr_line' id='line_1_94' title="bbox 374 4973 1953 5037; baseline 0.002 -11"><span class='ocrx_word' id='word_1_662' title='bbox 374 4974 759 5037; x_wconf 84' lang='lat' dir='ltr'><strong>abhorrerent,</strong></span> <span class='ocrx_word' id='word_1_663' title='bbox 786 4975 901 5031; x_wconf 82' lang='lat' dir='ltr'><strong>sive</strong></span> <span class='ocrx_word' id='word_1_664' title='bbox 930 4975 1094 5030; x_wconf 88' lang='lat' dir='ltr'><strong>etiam</strong></span> <span class='ocrx_word' id='word_1_665' title='bbox 1113 4973 1283 5029; x_wconf 87' lang='lat' dir='ltr'><strong>animi</strong></span> <span class='ocrx_word' id='word_1_666' title='bbox 1316 4974 1566 5030; x_wconf 82' lang='lat' dir='ltr'><strong>instituto</strong></span> <span class='ocrx_word' id='word_1_667' title='bbox 1595 4991 1662 5029; x_wconf 88' lang='lat' dir='ltr'><strong>ac</strong></span> <span class='ocrx_word' id='word_1_668' title='bbox 1690 4979 1758 5031; x_wconf 90' lang='lat' dir='ltr'><strong>de</strong></span> <span class='ocrx_word' id='word_1_669' title='bbox 1794 4974 1953 5030; x_wconf 83' lang='lat' dir='ltr'><strong>indu-</strong></span> 
     </span>
    </p>
   </div>
   <div class='ocr_carea' id='block_1_95' title="bbox 375 5064 1955 5135">
    <p class='ocr_par' dir='ltr' id='par_1_95' title="bbox 375 5064 1955 5135">
     <span class='ocr_line' id='line_1_95' title="bbox 375 5064 1955 5135; baseline 0.001 -16"><span class='ocrx_word' id='word_1_670' title='bbox 375 5065 510 5119; x_wconf 80' lang='lat' dir='ltr'><strong>stria</strong></span> <span class='ocrx_word' id='word_1_671' title='bbox 542 5065 609 5120; x_wconf 85' lang='lat' dir='ltr'><strong>ad</strong></span> <span class='ocrx_word' id='word_1_672' title='bbox 641 5066 887 5120; x_wconf 78' lang='lat' dir='ltr'><strong>divinam</strong></span> <span class='ocrx_word' id='word_1_673' title='bbox 931 5065 1206 5120; x_wconf 82' lang='lat' dir='ltr'><strong>lavacrum</strong></span> <span class='ocrx_word' id='word_1_674' title='bbox 1235 5079 1330 5135; x_wconf 86' lang='lat' dir='ltr'><strong>per</strong></span> <span class='ocrx_word' id='word_1_675' title='bbox 1356 5064 1480 5120; x_wconf 65' lang='lat' dir='ltr'><strong>vitae</strong></span> <span class='ocrx_word' id='word_1_676' title='bbox 1507 5066 1797 5135; x_wconf 86' lang='lat' dir='ltr'><strong>puritatem</strong></span> <span class='ocrx_word' id='word_1_677' title='bbox 1832 5080 1955 5122; x_wconf 89' lang='lat' dir='ltr'><strong>sese</strong></span> 
     </span>
    </p>
   </div>
   <div class='ocr_carea' id='block_1_96' title="bbox 377 5157 1949 5228">
    <p class='ocr_par' dir='ltr' id='par_1_96' title="bbox 377 5157 1949 5228">
     <span class='ocr_line' id='line_1_96' title="bbox 377 5157 1949 5228; baseline 0.001 -18"><span class='ocrx_word' id='word_1_678' title='bbox 377 5167 768 5227; x_wconf 81' lang='lat' dir='ltr'><strong>praepararent,</strong></span> <span class='ocrx_word' id='word_1_679' title='bbox 802 5166 861 5212; x_wconf 92' lang='lat' dir='ltr'><strong>ut</strong></span> <span class='ocrx_word' id='word_1_680' title='bbox 917 5166 975 5213; x_wconf 89' lang='lat' dir='ltr'><strong>et</strong></span> <span class='ocrx_word' id='word_1_681' title='bbox 1030 5158 1163 5214; x_wconf 88' lang='lat' dir='ltr'><strong>illud</strong></span> <span class='ocrx_word' id='word_1_682' title='bbox 1200 5157 1534 5228; x_wconf 86' lang='lat' dir='ltr'><strong>acciperent,</strong></span> <span class='ocrx_word' id='word_1_683' title='bbox 1575 5169 1632 5215; x_wconf 89' lang='lat' dir='ltr'><strong>et</strong></span> <span class='ocrx_word' id='word_1_684' title='bbox 1666 5165 1949 5225; x_wconf 87' lang='lat' dir='ltr'><strong>acceptum</strong></span> 
     </span>
    </p>
   </div>
   <div class='ocr_carea' id='block_1_97' title="bbox 376 5251 1951 5322">
    <p class='ocr_par' dir='ltr' id='par_1_97' title="bbox 376 5251 1951 5322">
     <span class='ocr_line' id='line_1_97' title="bbox 376 5251 1951 5322; baseline 0.001 -18"><span class='ocrx_word' id='word_1_685' title='bbox 376 5257 684 5306; x_wconf 78' lang='lat' dir='ltr'><strong>tuerentur.</strong></span> <span class='ocrx_word' id='word_1_686' title='bbox 717 5251 892 5321; x_wconf 82' lang='lat' dir='ltr'><strong>Atque</strong></span> <span class='ocrx_word' id='word_1_687' title='bbox 920 5252 975 5306; x_wconf 88' lang='lat' dir='ltr'><strong>hi</strong></span> <span class='ocrx_word' id='word_1_688' title='bbox 1008 5251 1228 5322; x_wconf 87' lang='lat' dir='ltr'><strong>quidem</strong></span> <span class='ocrx_word' id='word_1_689' title='bbox 1260 5266 1472 5316; x_wconf 88' lang='lat' dir='ltr'><strong>eorum,</strong></span> <span class='ocrx_word' id='word_1_690' title='bbox 1498 5252 1590 5321; x_wconf 90' lang='lat' dir='ltr'><strong>qui</strong></span> <span class='ocrx_word' id='word_1_691' title='bbox 1624 5252 1951 5321; x_wconf 84' lang='lat' dir='ltr'><strong>baptismum</strong></span> 
     </span>
    </p>
   </div>
   <div class='ocr_carea' id='block_1_98' title="bbox 375 5345 1955 5415">
    <p class='ocr_par' dir='ltr' id='par_1_98' title="bbox 375 5345 1955 5415">
     <span class='ocr_line' id='line_1_98' title="bbox 375 5345 1955 5415; baseline 0.002 -18"><span class='ocrx_word' id='word_1_692' title='bbox 375 5353 811 5415; x_wconf 82' lang='lat' dir='ltr'><strong>consequuntur,</strong></span> <span class='ocrx_word' id='word_1_693' title='bbox 851 5346 1072 5400; x_wconf 83' lang='lat' dir='ltr'><strong>ordines</strong></span> <span class='ocrx_word' id='word_1_694' title='bbox 1108 5353 1258 5400; x_wconf 89' lang='lat' dir='ltr'><strong>sunt.</strong></span> <span class='ocrx_word' id='word_1_695' title='bbox 1307 5345 1506 5400; x_wconf 86' lang='lat' dir='ltr'><strong>Eadem</strong></span> <span class='ocrx_word' id='word_1_696' title='bbox 1540 5356 1720 5401; x_wconf 86' lang='lat' dir='ltr'><strong>autem</strong></span> <span class='ocrx_word' id='word_1_697' title='bbox 1769 5356 1823 5400; x_wconf 87' lang='lat' dir='ltr'><strong>et</strong></span> <span class='ocrx_word' id='word_1_698' title='bbox 1860 5360 1955 5400; x_wconf 88' lang='lat' dir='ltr'><strong>eo-</strong></span> 
     </span>
    </p>
   </div>
   <div class='ocr_carea' id='block_1_99' title="bbox 377 5437 1952 5509">
    <p class='ocr_par' dir='ltr' id='par_1_99' title="bbox 377 5437 1952 5509">
     <span class='ocr_line' id='line_1_99' title="bbox 377 5437 1952 5509; baseline 0.003 -19"><span class='ocrx_word' id='word_1_699' title='bbox 377 5448 499 5490; x_wconf 82' lang='lat' dir='ltr'><strong>rum</strong></span> <span class='ocrx_word' id='word_1_700' title='bbox 540 5446 625 5492; x_wconf 89' lang='lat' dir='ltr'><strong>est</strong></span> <span class='ocrx_word' id='word_1_701' title='bbox 661 5437 821 5501; x_wconf 54' lang='lat' dir='ltr'><strong>razio,</strong></span> <span class='ocrx_word' id='word_1_702' title='bbox 843 5438 937 5508; x_wconf 88' lang='lat' dir='ltr'><strong>qui</strong></span> <span class='ocrx_word' id='word_1_703' title='bbox 966 5439 1223 5509; x_wconf 85' lang='lat' dir='ltr'><strong>baptismi</strong></span> <span class='ocrx_word' id='word_1_704' title='bbox 1251 5449 1502 5509; x_wconf 87' lang='lat' dir='ltr'><strong>expertes</strong></span> <span class='ocrx_word' id='word_1_705' title='bbox 1533 5448 1684 5495; x_wconf 89' lang='lat' dir='ltr'><strong>sunt.</strong></span> <span class='ocrx_word' id='word_1_706' title='bbox 1710 5440 1952 5506; x_wconf 87' lang='lat' dir='ltr'><strong>Quidam</strong></span> 
     </span>
    </p>
   </div>
   <div class='ocr_carea' id='block_1_100' title="bbox 377 5530 1955 5601">
    <p class='ocr_par' dir='ltr' id='par_1_100' title="bbox 377 5530 1955 5601">
     <span class='ocr_line' id='line_1_100' title="bbox 377 5530 1955 5601; baseline 0.004 -20"><span class='ocrx_word' id='word_1_707' title='bbox 377 5531 523 5581; x_wconf 82' lang='lat' dir='ltr'><strong>enim</strong></span> <span class='ocrx_word' id='word_1_708' title='bbox 555 5542 681 5583; x_wconf 85' lang='lat' dir='ltr'><strong>eum</strong></span> <span class='ocrx_word' id='word_1_709' title='bbox 710 5545 827 5585; x_wconf 47' lang='lat' dir='ltr'><strong>non.</strong></span> <span class='ocrx_word' id='word_1_710' title='bbox 857 5530 1156 5600; x_wconf 79' lang='lat' dir='ltr'><strong>accipiunt,</strong></span> <span class='ocrx_word' id='word_1_711' title='bbox 1189 5540 1246 5586; x_wconf 92' lang='lat' dir='ltr'><strong>ut</strong></span> <span class='ocrx_word' id='word_1_712' title='bbox 1281 5531 1550 5601; x_wconf 91' lang='lat' dir='ltr'><strong>pecudum</strong></span> <span class='ocrx_word' id='word_1_713' title='bbox 1581 5543 1676 5587; x_wconf 89' lang='lat' dir='ltr'><strong>aut</strong></span> <span class='ocrx_word' id='word_1_714' title='bbox 1711 5531 1955 5588; x_wconf 85' lang='lat' dir='ltr'><strong>ferarum</strong></span> 
     </span>
    </p>
   </div>
   <div class='ocr_carea' id='block_1_101' title="bbox 375 5620 1956 5690">
    <p class='ocr_par' dir='ltr' id='par_1_101' title="bbox 375 5620 1956 5690">
     <span class='ocr_line' id='line_1_101' title="bbox 375 5620 1956 5690; baseline 0.004 -16"><span class='ocrx_word' id='word_1_715' title='bbox 375 5620 544 5674; x_wconf 86' lang='lat' dir='ltr'><strong>vitam</strong></span> <span class='ocrx_word' id='word_1_716' title='bbox 588 5623 886 5690; x_wconf 67' lang='lat' dir='ltr'><strong>imitantes,</strong></span> <span class='ocrx_word' id='word_1_717' title='bbox 925 5625 1027 5680; x_wconf 86' lang='lat' dir='ltr'><strong>hoc</strong></span> <span class='ocrx_word' id='word_1_718' title='bbox 1058 5636 1161 5686; x_wconf 89' lang='lat' dir='ltr'><strong>est.</strong></span> <span class='ocrx_word' id='word_1_719' title='bbox 1197 5628 1358 5680; x_wconf 83' lang='lat' dir='ltr'><strong>stulte</strong></span> <span class='ocrx_word' id='word_1_720' title='bbox 1392 5642 1455 5680; x_wconf 89' lang='lat' dir='ltr'><strong>ac</strong></span> <span class='ocrx_word' id='word_1_721' title='bbox 1488 5627 1771 5680; x_wconf 87' lang='lat' dir='ltr'><strong>brutornm</strong></span> <span class='ocrx_word' id='word_1_722' title='bbox 1806 5642 1956 5682; x_wconf 86' lang='lat' dir='ltr'><strong>more</strong></span> 
     </span>
    </p>
   </div>
   <div class='ocr_carea' id='block_1_102' title="bbox 374 5711 1953 5786">
    <p class='ocr_par' dir='ltr' id='par_1_102' title="bbox 374 5711 1953 5786">
     <span class='ocr_line' id='line_1_102' title="bbox 374 5711 1953 5786; baseline 0.005 -24"><span class='ocrx_word' id='word_1_723' title='bbox 374 5711 767 5778; x_wconf 87' lang='lat' dir='ltr'><strong>cupiditatibus</strong></span> <span class='ocrx_word' id='word_1_724' title='bbox 804 5715 1127 5779; x_wconf 73' lang='lat' dir='ltr'><strong>St‘l&#39;VlL&#39;llleS,</strong></span> <span class='ocrx_word' id='word_1_725' title='bbox 1166 5712 1273 5777; x_wconf 90' lang='lat' dir='ltr'><strong>vel,</strong></span> <span class='ocrx_word' id='word_1_726' title='bbox 1305 5724 1367 5769; x_wconf 80' lang='lat' dir='ltr'><strong>ut</strong></span> <span class='ocrx_word' id='word_1_727' title='bbox 1398 5715 1523 5769; x_wconf 75' lang='lat' dir='ltr'><strong>stevi</strong></span> <span class='ocrx_word' id='word_1_728' title='bbox 1552 5724 1607 5769; x_wconf 76' lang='lat' dir='ltr'><strong>et‘</strong></span> <span class='ocrx_word' id='word_1_729' title='bbox 1633 5718 1953 5786; x_wconf 87' lang='lat' dir='ltr'><strong>importuni,</strong></span> 
     </span>
    </p>
   </div>
   <div class='ocr_carea' id='block_1_103' title="bbox 381 5788 1954 5879">
    <p class='ocr_par' dir='ltr' id='par_1_103' title="bbox 381 5788 1954 5879">
     <span class='ocr_line' id='line_1_103' title="bbox 381 5788 1954 5879; baseline 0.006 -22"><span class='ocrx_word' id='word_1_730' title='bbox 381 5788 619 5858; x_wconf 72' lang='lat' dir='ltr'><strong>belluino</strong></span> <span class='ocrx_word' id='word_1_731' title='bbox 683 5808 923 5869; x_wconf 88' lang='lat' dir='ltr'><strong>quodam</strong></span> <span class='ocrx_word' id='word_1_732' title='bbox 985 5808 1169 5862; x_wconf 83' lang='lat' dir='ltr'><strong>furere</strong></span> <span class='ocrx_word' id='word_1_733' title='bbox 1232 5807 1506 5862; x_wconf 87' lang='lat' dir='ltr'><strong>concitati.</strong></span> <span class='ocrx_word' id='word_1_734' title='bbox 1559 5809 1662 5863; x_wconf 73' lang='lat' dir='ltr'><strong>Alii</strong></span> <span class='ocrx_word' id='word_1_735' title='bbox 1699 5810 1954 5879; x_wconf 87' lang='lat' dir='ltr'><strong>baptismi</strong></span> 
     </span>
    </p>
   </div>
   <div class='ocr_carea' id='block_1_104' title="bbox 2058 4600 3633 4675">
    <p class='ocr_par' dir='ltr' id='par_1_104' title="bbox 2058 4600 3633 4675">
     <span class='ocr_line' id='line_1_104' title="bbox 2058 4600 3633 4675; baseline -0.006 -13"><span class='ocrx_word' id='word_1_736' title='bbox 2058 4604 2319 4675; x_wconf 84' lang='lat' dir='ltr'><strong>baptiSmi</strong></span> <span class='ocrx_word' id='word_1_737' title='bbox 2375 4604 2709 4674; x_wconf 89' lang='lat' dir='ltr'><strong>percipiendi</strong></span> <span class='ocrx_word' id='word_1_738' title='bbox 2761 4602 3096 4658; x_wconf 88' lang='lat' dir='ltr'><strong>voluntatem</strong></span> <span class='ocrx_word' id='word_1_739' title='bbox 3160 4602 3397 4666; x_wconf 77' lang='lat' dir='ltr'><strong>habetis,</strong></span> <span class='ocrx_word' id='word_1_740' title='bbox 3441 4600 3633 4657; x_wconf 87' lang='lat' dir='ltr'><strong>eadem</strong></span> 
     </span>
    </p>
   </div>
   <div class='ocr_carea' id='block_1_105' title="bbox 2057 4693 3634 4766">
    <p class='ocr_par' dir='ltr' id='par_1_105' title="bbox 2057 4693 3634 4766">
     <span class='ocr_line' id='line_1_105' title="bbox 2057 4693 3634 4766; baseline -0.006 -11"><span class='ocrx_word' id='word_1_741' title='bbox 2057 4700 2274 4755; x_wconf 88' lang='lat' dir='ltr'><strong>ratione</strong></span> <span class='ocrx_word' id='word_1_742' title='bbox 2302 4697 2538 4754; x_wconf 85' lang='lat' dir='ltr'><strong>fortasse</strong></span> <span class='ocrx_word' id='word_1_743' title='bbox 2560 4696 2766 4752; x_wconf 89' lang='lat' dir='ltr'><strong>dixeris</strong></span> <span class='ocrx_word' id='word_1_744' title='bbox 2796 4711 2920 4751; x_wconf 89' lang='lat' dir='ltr'><strong>eum</strong></span> <span class='ocrx_word' id='word_1_745' title='bbox 2952 4697 3044 4763; x_wconf 87' lang='lat' dir='ltr'><strong>qui</strong></span> <span class='ocrx_word' id='word_1_746' title='bbox 3071 4694 3235 4750; x_wconf 79' lang='lat' dir='ltr'><strong>caedis</strong></span> <span class='ocrx_word' id='word_1_747' title='bbox 3259 4693 3634 4766; x_wconf 67' lang='lat' dir='ltr'><strong>perpetranda:</strong></span> 
     </span>
    </p>
   </div>
   <div class='ocr_carea' id='block_1_106' title="bbox 2055 4786 3634 4856">
    <p class='ocr_par' dir='ltr' id='par_1_106' title="bbox 2055 4786 3634 4856">
     <span class='ocr_line' id='line_1_106' title="bbox 2055 4786 3634 4856; baseline -0.006 -9"><span class='ocrx_word' id='word_1_748' title='bbox 2055 4793 2390 4848; x_wconf 85' lang='lat' dir='ltr'><strong>voluntatem</strong></span> <span class='ocrx_word' id='word_1_749' title='bbox 2435 4788 2708 4854; x_wconf 89' lang='lat' dir='ltr'><strong>habuerit,</strong></span> <span class='ocrx_word' id='word_1_750' title='bbox 2756 4786 2973 4844; x_wconf 90' lang='lat' dir='ltr'><strong>etiamsi</strong></span> <span class='ocrx_word' id='word_1_751' title='bbox 3007 4802 3126 4841; x_wconf 86' lang='lat' dir='ltr'><strong>eam</strong></span> <span class='ocrx_word' id='word_1_752' title='bbox 3172 4800 3511 4856; x_wconf 85' lang='lat' dir='ltr'><strong>nequaquam</strong></span> <span class='ocrx_word' id='word_1_753' title='bbox 3577 4800 3634 4838; x_wconf 90' lang='lat' dir='ltr'><strong>re</strong></span> 
     </span>
    </p>
   </div>
   <div class='ocr_carea' id='block_1_107' title="bbox 2057 4878 3635 4960">
    <p class='ocr_par' dir='ltr' id='par_1_107' title="bbox 2057 4878 3635 4960">
     <span class='ocr_line' id='line_1_107' title="bbox 2057 4878 3635 4960; baseline -0.006 -19"><span class='ocrx_word' id='word_1_754' title='bbox 2057 4888 2176 4960; x_wconf 89' lang='lat' dir='ltr'><strong>ipsa</strong></span> <span class='ocrx_word' id='word_1_755' title='bbox 2206 4884 2522 4956; x_wconf 85' lang='lat' dir='ltr'><strong>patraverit,</strong></span> <span class='ocrx_word' id='word_1_756' title='bbox 2550 4891 2733 4938; x_wconf 89' lang='lat' dir='ltr'><strong>tamen</strong></span> <span class='ocrx_word' id='word_1_757' title='bbox 2773 4880 2955 4938; x_wconf 89' lang='lat' dir='ltr'><strong>sicarii</strong></span> <span class='ocrx_word' id='word_1_758' title='bbox 2974 4880 3240 4950; x_wconf 85' lang='lat' dir='ltr'><strong>judicium</strong></span> <span class='ocrx_word' id='word_1_759' title='bbox 3266 4890 3318 4934; x_wconf 89' lang='lat' dir='ltr'><strong>et</strong></span> <span class='ocrx_word' id='word_1_760' title='bbox 3349 4878 3635 4933; x_wconf 72' lang='lat' dir='ltr'><strong>homicida:</strong></span> 
     </span>
    </p>
   </div>
   <div class='ocr_carea' id='block_1_108' title="bbox 2056 4967 3638 5043">
    <p class='ocr_par' dir='ltr' id='par_1_108' title="bbox 2056 4967 3638 5043">
     <span class='ocr_line' id='line_1_108' title="bbox 2056 4967 3638 5043; baseline -0.008 -10"><span class='ocrx_word' id='word_1_761' title='bbox 2056 4977 2392 5033; x_wconf 91' lang='lat' dir='ltr'><strong>subiturum.</strong></span> <span class='ocrx_word' id='word_1_762' title='bbox 2427 4974 2506 5030; x_wconf 85' lang='lat' dir='ltr'><strong>Ac</strong></span> <span class='ocrx_word' id='word_1_763' title='bbox 2538 4986 2887 5043; x_wconf 87' lang='lat' dir='ltr'><strong>nequaquam</strong></span> <span class='ocrx_word' id='word_1_764' title='bbox 2921 4970 2993 5024; x_wconf 87' lang='lat' dir='ltr'><strong>ita</strong></span> <span class='ocrx_word' id='word_1_765' title='bbox 3022 4985 3082 5026; x_wconf 88' lang='lat' dir='ltr'><strong>se</strong></span> <span class='ocrx_word' id='word_1_766' title='bbox 3118 4985 3204 5025; x_wconf 91' lang='lat' dir='ltr'><strong>res</strong></span> <span class='ocrx_word' id='word_1_767' title='bbox 3250 4969 3433 5025; x_wconf 88' lang='lat' dir='ltr'><strong>habet.</strong></span> <span class='ocrx_word' id='word_1_768' title='bbox 3489 4967 3638 5022; x_wconf 71' lang='lat' dir='ltr'><strong>Prte-</strong></span> 
     </span>
    </p>
   </div>
   <div class='ocr_carea' id='block_1_109' title="bbox 2060 5059 3632 5135">
    <p class='ocr_par' dir='ltr' id='par_1_109' title="bbox 2060 5059 3632 5135">
     <span class='ocr_line' id='line_1_109' title="bbox 2060 5059 3632 5135; baseline -0.006 -13"><span class='ocrx_word' id='word_1_769' title='bbox 2060 5076 2208 5122; x_wconf 88' lang='lat' dir='ltr'><strong>terea</strong></span> <span class='ocrx_word' id='word_1_770' title='bbox 2257 5066 2303 5122; x_wconf 88' lang='lat' dir='ltr'><strong>si</strong></span> <span class='ocrx_word' id='word_1_771' title='bbox 2366 5067 2462 5122; x_wconf 90' lang='lat' dir='ltr'><strong>tibi</strong></span> <span class='ocrx_word' id='word_1_772' title='bbox 2522 5066 2592 5121; x_wconf 90' lang='lat' dir='ltr'><strong>ad</strong></span> <span class='ocrx_word' id='word_1_773' title='bbox 2641 5064 2973 5135; x_wconf 86' lang='lat' dir='ltr'><strong>baptismum</strong></span> <span class='ocrx_word' id='word_1_774' title='bbox 3027 5061 3282 5131; x_wconf 90' lang='lat' dir='ltr'><strong>baptismi</strong></span> <span class='ocrx_word' id='word_1_775' title='bbox 3338 5059 3632 5128; x_wconf 82' lang='lat' dir='ltr'><strong>cupiditas,</strong></span> 
     </span>
    </p>
   </div>
   <div class='ocr_carea' id='block_1_110' title="bbox 2058 5152 3635 5231">
    <p class='ocr_par' dir='ltr' id='par_1_110' title="bbox 2058 5152 3635 5231">
     <span class='ocr_line' id='line_1_110' title="bbox 2058 5152 3635 5231; baseline -0.005 -17"><span class='ocrx_word' id='word_1_776' title='bbox 2058 5161 2517 5231; x_wconf 87' lang='lat' dir='ltr'><strong>propositumque</strong></span> <span class='ocrx_word' id='word_1_777' title='bbox 2566 5157 2784 5220; x_wconf 71' lang='lat' dir='ltr'><strong>sufficit,</strong></span> <span class='ocrx_word' id='word_1_778' title='bbox 2840 5167 3006 5226; x_wconf 87' lang='lat' dir='ltr'><strong>atque</strong></span> <span class='ocrx_word' id='word_1_779' title='bbox 3061 5154 3267 5210; x_wconf 91' lang='lat' dir='ltr'><strong>idcirco</strong></span> <span class='ocrx_word' id='word_1_780' title='bbox 3320 5168 3509 5208; x_wconf 90' lang='lat' dir='ltr'><strong>eorum</strong></span> <span class='ocrx_word' id='word_1_781' title='bbox 3539 5152 3635 5221; x_wconf 85' lang='lat' dir='ltr'><strong>qui</strong></span> 
     </span>
    </p>
   </div>
   <div class='ocr_carea' id='block_1_111' title="bbox 2056 5245 3636 5324">
    <p class='ocr_par' dir='ltr' id='par_1_111' title="bbox 2056 5245 3636 5324">
     <span class='ocr_line' id='line_1_111' title="bbox 2056 5245 3636 5324; baseline -0.006 -16"><span class='ocrx_word' id='word_1_782' title='bbox 2056 5253 2288 5324; x_wconf 84' lang='lat' dir='ltr'><strong>purifica</strong></span> <span class='ocrx_word' id='word_1_783' title='bbox 2319 5266 2460 5321; x_wconf 91' lang='lat' dir='ltr'><strong>aqua</strong></span> <span class='ocrx_word' id='word_1_784' title='bbox 2493 5248 2700 5318; x_wconf 88' lang='lat' dir='ltr'><strong>perfusi</strong></span> <span class='ocrx_word' id='word_1_785' title='bbox 2733 5261 2887 5314; x_wconf 90' lang='lat' dir='ltr'><strong>sunt,</strong></span> <span class='ocrx_word' id='word_1_786' title='bbox 2916 5248 3144 5319; x_wconf 86' lang='lat' dir='ltr'><strong>gloriam</strong></span> <span class='ocrx_word' id='word_1_787' title='bbox 3168 5246 3398 5317; x_wconf 80' lang='lat' dir='ltr'><strong>quaeris,</strong></span> <span class='ocrx_word' id='word_1_788' title='bbox 3423 5246 3488 5299; x_wconf 89' lang='lat' dir='ltr'><strong>ad</strong></span> <span class='ocrx_word' id='word_1_789' title='bbox 3520 5245 3636 5314; x_wconf 83' lang='lat' dir='ltr'><strong>glo-</strong></span> 
     </span>
    </p>
   </div>
   <div class='ocr_carea' id='block_1_112' title="bbox 2060 5334 3635 5416">
    <p class='ocr_par' dir='ltr' id='par_1_112' title="bbox 2060 5334 3635 5416">
     <span class='ocr_line' id='line_1_112' title="bbox 2060 5334 3635 5416; baseline -0.005 -16"><span class='ocrx_word' id='word_1_790' title='bbox 2060 5348 2198 5401; x_wconf 90' lang='lat' dir='ltr'><strong>riam</strong></span> <span class='ocrx_word' id='word_1_791' title='bbox 2235 5359 2455 5416; x_wconf 88' lang='lat' dir='ltr'><strong>quoque</strong></span> <span class='ocrx_word' id='word_1_792' title='bbox 2487 5342 2586 5397; x_wconf 87' lang='lat' dir='ltr'><strong>tibi</strong></span> <span class='ocrx_word' id='word_1_793' title='bbox 2646 5341 2881 5397; x_wconf 89' lang='lat' dir='ltr'><strong>sulIiciat</strong></span> <span class='ocrx_word' id='word_1_794' title='bbox 2933 5341 3051 5397; x_wconf 89' lang='lat' dir='ltr'><strong>sola</strong></span> <span class='ocrx_word' id='word_1_795' title='bbox 3109 5340 3295 5411; x_wconf 70' lang='lat' dir='ltr'><strong>gloria:</strong></span> <span class='ocrx_word' id='word_1_796' title='bbox 3341 5334 3635 5408; x_wconf 87' lang='lat' dir='ltr'><strong>cupiditas.</strong></span> 
     </span>
    </p>
   </div>
   <div class='ocr_carea' id='block_1_113' title="bbox 2054 5432 3636 5508">
    <p class='ocr_par' dir='ltr' id='par_1_113' title="bbox 2054 5432 3636 5508">
     <span class='ocr_line' id='line_1_113' title="bbox 2054 5432 3636 5508; baseline -0.008 -14"><span class='ocrx_word' id='word_1_797' title='bbox 2054 5440 2331 5507; x_wconf 82' lang='lat' dir='ltr'><strong>Quoniam</strong></span> <span class='ocrx_word' id='word_1_798' title='bbox 2365 5437 2508 5492; x_wconf 89' lang='lat' dir='ltr'><strong>enim</strong></span> <span class='ocrx_word' id='word_1_799' title='bbox 2536 5435 2721 5508; x_wconf 73' lang='lat' dir='ltr'><strong>gloria:</strong></span> <span class='ocrx_word' id='word_1_800' title='bbox 2746 5435 3079 5491; x_wconf 89' lang='lat' dir='ltr'><strong>desiderium</strong></span> <span class='ocrx_word' id='word_1_801' title='bbox 3103 5432 3293 5494; x_wconf 85' lang='lat' dir='ltr'><strong>habes,</strong></span> <span class='ocrx_word' id='word_1_802' title='bbox 3323 5445 3391 5485; x_wconf 89' lang='lat' dir='ltr'><strong>eo</strong></span> <span class='ocrx_word' id='word_1_803' title='bbox 3413 5439 3636 5484; x_wconf 90' lang='lat' dir='ltr'><strong>conten-</strong></span> 
     </span>
    </p>
   </div>
   <div class='ocr_carea' id='block_1_114' title="bbox 2061 5522 3634 5599">
    <p class='ocr_par' dir='ltr' id='par_1_114' title="bbox 2061 5522 3634 5599">
     <span class='ocr_line' id='line_1_114' title="bbox 2061 5522 3634 5599; baseline -0.007 -12"><span class='ocrx_word' id='word_1_804' title='bbox 2061 5543 2151 5588; x_wconf 88' lang='lat' dir='ltr'><strong>tus</strong></span> <span class='ocrx_word' id='word_1_805' title='bbox 2179 5546 2301 5587; x_wconf 89' lang='lat' dir='ltr'><strong>esse</strong></span> <span class='ocrx_word' id='word_1_806' title='bbox 2329 5530 2521 5594; x_wconf 88' lang='lat' dir='ltr'><strong>debes,</strong></span> <span class='ocrx_word' id='word_1_807' title='bbox 2557 5545 2658 5586; x_wconf 89' lang='lat' dir='ltr'><strong>nec</strong></span> <span class='ocrx_word' id='word_1_808' title='bbox 2689 5529 2927 5599; x_wconf 81' lang='lat' dir='ltr'><strong>graviter</strong></span> <span class='ocrx_word' id='word_1_809' title='bbox 2953 5542 3016 5581; x_wconf 86' lang='lat' dir='ltr'><strong>ac</strong></span> <span class='ocrx_word' id='word_1_810' title='bbox 3045 5525 3270 5587; x_wconf 82' lang='lat' dir='ltr'><strong>moleste</strong></span> <span class='ocrx_word' id='word_1_811' title='bbox 3302 5523 3464 5591; x_wconf 88' lang='lat' dir='ltr'><strong>ferre,</strong></span> <span class='ocrx_word' id='word_1_812' title='bbox 3489 5522 3634 5593; x_wconf 88' lang='lat' dir='ltr'><strong>quod</strong></span> 
     </span>
    </p>
   </div>
   <div class='ocr_carea' id='block_1_115' title="bbox 2060 5614 3634 5698">
    <p class='ocr_par' dir='ltr' id='par_1_115' title="bbox 2060 5614 3634 5698">
     <span class='ocr_line' id='line_1_115' title="bbox 2060 5614 3634 5698; baseline -0.008 -19"><span class='ocrx_word' id='word_1_813' title='bbox 2060 5626 2290 5698; x_wconf 90' lang='lat' dir='ltr'><strong>gloriam</strong></span> <span class='ocrx_word' id='word_1_814' title='bbox 2333 5625 2506 5693; x_wconf 86' lang='lat' dir='ltr'><strong>ipsam</strong></span> <span class='ocrx_word' id='word_1_815' title='bbox 2550 5638 2659 5678; x_wconf 90' lang='lat' dir='ltr'><strong>non</strong></span> <span class='ocrx_word' id='word_1_816' title='bbox 2696 5621 3033 5691; x_wconf 88' lang='lat' dir='ltr'><strong>assequaris,</strong></span> <span class='ocrx_word' id='word_1_817' title='bbox 3072 5633 3195 5673; x_wconf 84' lang='lat' dir='ltr'><strong>cum</strong></span> <span class='ocrx_word' id='word_1_818' title='bbox 3230 5633 3329 5689; x_wconf 88' lang='lat' dir='ltr'><strong>pro</strong></span> <span class='ocrx_word' id='word_1_819' title='bbox 3371 5616 3485 5685; x_wconf 89' lang='lat' dir='ltr'><strong>ipsa</strong></span> <span class='ocrx_word' id='word_1_820' title='bbox 3515 5614 3634 5685; x_wconf 83' lang='lat' dir='ltr'><strong>glo-</strong></span> 
     </span>
    </p>
   </div>
   <div class='ocr_carea' id='block_1_116' title="bbox 2061 5711 3635 5787">
    <p class='ocr_par' dir='ltr' id='par_1_116' title="bbox 2061 5711 3635 5787">
     <span class='ocr_line' id='line_1_116' title="bbox 2061 5711 3635 5787; baseline -0.007 -14"><span class='ocrx_word' id='word_1_821' title='bbox 2061 5720 2155 5773; x_wconf 85' lang='lat' dir='ltr'><strong>riae</strong></span> <span class='ocrx_word' id='word_1_822' title='bbox 2193 5718 2482 5787; x_wconf 83' lang='lat' dir='ltr'><strong>adeptione</strong></span> <span class='ocrx_word' id='word_1_823' title='bbox 2508 5718 2640 5773; x_wconf 87' lang='lat' dir='ltr'><strong>satis</strong></span> <span class='ocrx_word' id='word_1_824' title='bbox 2671 5729 2943 5785; x_wconf 83' lang='lat' dir='ltr'><strong>superque</strong></span> <span class='ocrx_word' id='word_1_825' title='bbox 2976 5713 3047 5769; x_wconf 90' lang='lat' dir='ltr'><strong>sit</strong></span> <span class='ocrx_word' id='word_1_826' title='bbox 3080 5712 3264 5785; x_wconf 67' lang='lat' dir='ltr'><strong>gloria:</strong></span> <span class='ocrx_word' id='word_1_827' title='bbox 3286 5711 3635 5783; x_wconf 87' lang='lat' dir='ltr'><strong>cupiditatem</strong></span> 
     </span>
    </p>
   </div>
   <div class='ocr_carea' id='block_1_117' title="bbox 2063 5807 2283 5864">
    <p class='ocr_par' dir='ltr' id='par_1_117' title="bbox 2063 5807 2283 5864">
     <span class='ocr_line' id='line_1_117' title="bbox 2063 5807 2283 5864; baseline -0.014 0"><span class='ocrx_word' id='word_1_828' title='bbox 2063 5807 2283 5864; x_wconf 87' lang='lat' dir='ltr'><strong>habere.</strong></span> 
     </span>
    </p>
   </div>
  </div>
