4048 6278
496 334 627 400 1271

1924 340 2281 406 ADDENDA
2294 390 2307 402 .

3610 346 3754 409 1272

549 448 787 505 Col.29l
814 449 877 506 Α.
905 448 1043 522 Ergo
1059 454 2068 525 posteaquam,etc.Quoniam,inquit,
2098 451 2149 509 Α
2172 457 2244 511 sit
2268 458 2336 513 ”.
2384 457 2649 524 Quocirca
2683 466 2990 530 properate,
3023 473 3092 514 ne
3132 458 3275 514 latro
3308 458 3465 515 vobis
3497 470 3752 515 antever-

494 543 595 597 has
628 558 778 599 meas
805 558 963 598 voces
1011 548 1320 613 audivistis,
1372 548 1440 604 de
1488 548 1712 607 Davidis
1744 548 1978 605 consilio
2011 558 2065 603 et

492 639 762 691 sententia
795 639 1025 693 accedite
1054 641 1121 692 ad
1165 641 1331 695 Deum
1384 642 1718 712 (accedendo
1766 644 1831 699 ad
1875 642 2063 698 Eccle-

494 727 682 798 siam),
720 739 769 780 et
824 729 1202 787 illuminantini
1275 750 1370 804 per
1411 736 1763 805 baptismum,
1807 747 1857 791 et
1903 738 2062 808 facies

494 830 681 873 vestrm
712 835 813 873 non
843 822 1232 890 confundeutur
1259 827 1326 892 ⁷⁸,
1360 829 1595 882 maxime
1624 827 1841 898 quidem
1872 829 2062 897 judicii

494 912 730 966 extremi
786 924 1063 984 tempore;
1145 934 1290 973 nunc
1346 935 1567 990 quoque
1612 927 1830 985 tamen,
1878 930 1937 974 ut
1969 921 2064 993 h_a—

492 1001 697 1070 pzisrno
737 1005 961 1060 minime
1013 1007 1313 1073 frustratae,
1370 1024 1399 1062 a
1433 1025 1542 1079 quo
1576 1026 1673 1065 nos
1723 1019 1969 1065 avertere
2000 1026 2065 1064 ac

490 1094 795 1150 distrahere
819 1097 1133 1153 adversaria
1164 1100 1336 1170 caligo
1370 1100 1616 1158 studiose
1636 1104 1876 1157 molitur.
1921 1101 2064 1157 Venit

500 1201 627 1251 nam,
658 1197 714 1242 ut
744 1188 817 1243 ait
852 1187 1138 1254 Dominus,
1179 1192 1229 1246 id
1256 1204 1358 1260 est,
1408 1195 1649 1249 futurum
1698 1195 1981 1260 smeulum,
2012 1197 2065 1248 in

490 1292 591 1345 quo
623 1278 772 1332 velut
800 1280 852 1332 in
887 1288 1069 1344 nocte,
1100 1285 1307 1349 operari
1356 1300 1459 1337 non
1501 1284 1620 1339 licet
1671 1287 1738 1340 7’.
1789 1286 2066 1341 invehitur

491 1385 710 1439 quoque
735 1372 787 1425 in
812 1388 1008 1443 segnes
1037 1384 1092 1430 et
1125 1375 1333 1431 laboris
1361 1376 1633 1447 fugientes
1666 1376 1948 1445 Salomon,
1979 1380 2072 1436 his

491 1463 676 1517 verbis
711 1481 725 1517 :
759 1463 1063 1535 Usquequo
1094 1469 1246 1538 piger
1271 1468 1478 1525 desidia
1547 1481 1601 1524 et
1635 1472 1829 1527 inertia
1879 1464 2067 1528 obtoré

492 1569 683 1623 pesces
711 1566 876 1627 atque
906 1559 1059 1615 humi
1086 1562 1334 1631 jacehis;
1364 1566 1652 1633 ecquando
1697 1581 1727 1619 a
1757 1567 2067 1622 cessatione

495 1649 599 1701 ista
624 1659 678 1702 et
711 1653 986 1718 socordia,
1020 1655 1177 1722 quasi
1207 1672 1270 1710 ex
1313 1671 1508 1713 somno
1564 1660 1965 1729 expergisceris
1994 1661 2068 1715 ⁸⁸2

492 1735 619 1793 llaec
650 1750 815 1810 atque
838 1741 928 1796 illa
958 1746 1205 1800 causaris
1263 1746 1405 1802 diem
1441 1764 1504 1803 ex
1535 1750 1621 1804 die
1651 1750 1876 1818 ducens,
1903 1762 2066 1823 atque

496 1833 581 1887 his
613 1832 790 1892 verbis
838 1846 995 1894 utens
1043 1840 1384 1897 :Luminum
1433 1844 1576 1899 diem
1622 1848 1975 1916 exspectabo,
2008 1858 2067 1902 ut

495 1942 614 1979 cum
667 1926 884 1983 Christo
917 1946 1013 2000 per
1041 1932 1369 2003 baptismum
1403 1936 1703 2001 illuminer,
1741 1942 2067 2009 exspectabo

493 2017 724 2085 Pascha,
750 2032 799 2075 ut
832 2036 955 2076 eum
987 2025 1205 2082 Christo
1232 2042 1328 2096 per
1362 2029 1692 2098 baptismum
1745 2047 2062 2104 resurgam;

493 2108 846 2167 Pentecostcn
874 2121 1223 2187 exspectabo,
1249 2129 1305 2175 ut
1327 2117 1565 2191 Spiritus
1584 2124 1754 2181 sancti
1777 2125 2065 2182 adventum

496 2216 559 2256 ac
586 2206 931 2271 praesentiam
985 2215 1273 2266 honorem.
1328 2211 1469 2277 Quid
1522 2217 1759 2286 postea?
1806 2219 2067 2275 Adveniet

494 2293 613 2359 tibi,
654 2296 803 2352 velut
826 2301 1004 2356 malus
1025 2302 1224 2369 viator,
1246 2305 1497 2374 baptismi
1515 2307 1780 2375 deiectus,
1809 2325 1872 2365 ac
1899 2327 2071 2380 penu-

494 2383 598 2449 ria,
647 2400 770 2455 qua:
819 2388 1071 2446 homines
1131 2407 1274 2462 quos
1320 2396 1603 2464 invaserit,
1646 2398 1852 2470 allligit,
1906 2411 2070 2472 atque

494 2474 561 2529 ad
600 2477 869 2547 supplicia
927 2484 1270 2539 transmittit.
1301 2489 1762 2556 quemadmodum
1813 2494 1879 2546 ad
1921 2508 2068 2548 mor-

495 2577 604 2620 tem
660 2568 770 2622 cibi
827 2573 1073 2638 penuria.
1115 2573 1290 2643 Atque
1344 2578 1398 2631 in
1439 2580 1609 2636 tantis
1668 2581 1832 2652 hujus
1884 2599 2069 2640 sacra-

496 2657 666 2713 menti
692 2659 889 2743 opihus
916 2676 1063 2718 nunc
1088 2666 1446 2737 constitutus,
1475 2678 1663 2742 utp0te
1691 2675 1777 2729 cui
1809 2689 1900 2730 eas
1927 2679 2071 2733 acci-

498 2764 626 2818 pere
655 2749 841 2818 liceat,
893 2764 1084 2824 postea
1124 2757 1266 2814 fame
1321 2761 1652 2828 conlicieris,
1698 2766 1805 2821 hoc
1834 2778 1936 2836 est,
1972 2771 2071 2824 ba-

497 2843 684 2912 ptismi
722 2846 1022 2917 cupiditate
1052 2851 1351 2920 teneberis,
1381 2870 1504 2910 cum
1544 2857 1691 2913 nulla
1715 2858 1826 2928 jam
1861 2863 2071 2918 ratione

502 2936 762 2992 damnum
806 2949 1091 3010 acceptum
1127 2945 1319 2999 sarciri
1349 2947 1567 3018 poterit.
1598 2951 1757 3020 Atqui
1786 2953 2072 3020 oportebat

499 3025 686 3085 labore
731 3044 794 3086 ac
837 3032 1139 3104 diligentia.
1188 3053 1310 3107 quer
1355 3041 1562 3096 inertiae
1591 3043 1931 3113 adversatur,
1981 3064 2067 3113 ea,

2171 556 2271 614 tat,
2315 552 2775 620 quemadmodum
2823 551 3101 605 iatro'ille
3150 551 3300 606 cruci
3348 566 3474 607 cum
3522 551 3752 608 Christo

2166 633 2357 698 allixus
2401 645 2654 700 omnibus
2697 644 3009 701 hominibus
3059 643 3207 712 illius
3255 645 3433 701 a-tatis
3488 654 3748 699 antever-

2169 738 2233 795 tit
2259 736 2355 803 ⁸⁸;
2420 744 2581 806 atque
2608 779 2622 800 ,
2677 745 2736 790 ιιι
2783 735 2954 791 Judmi
2988 778 3003 802 ,
3047 736 3177 790 illud
3233 737 3437 792 Christi
3486 738 3751 800 audatis,

2166 826 2446 882 Publiceni
2474 838 2522 882 et
2566 829 2858 882 meretrices
2887 828 3179 897 praecedant
3208 846 3295 883 vos
3330 829 3382 883 in
3427 846 3645 899 regnum
3671 829 3748 883 ⁸⁸.

2165 919 2397 990 Regnum
2436 921 2584 973 enim
2639 920 2886 974 caelorum
2932 921 3035 974 vim
3074 916 3302 989 patitur,
3360 921 3463 975 hoc
3511 930 3614 982 est.
3650 936 3753 989 per

2164 1010 2273 1064 vim
2340 1011 2588 1078 rapitur,
2652 1027 2714 1066 ac
2772 1011 2943 1067 multo
2994 1012 3182 1066 labore
3245 1021 3619 1081 comparatur.
3674 1012 3749 1065 Et

2165 1105 2377 1160 violenti
2428 1108 2640 1176 rapiunt
2693 1108 2827 1162 illud
2878 1108 2945 1175 ⁸⁷,
3001 1109 3094 1178 qui
3149 1108 3252 1164 sibi
3306 1109 3442 1178 ipsis
3496 1111 3603 1164 vim
3660 1109 3751 1163 af-

2167 1198 2373 1262 ferunt,
2422 1206 2586 1268 atque
2633 1198 2923 1254 affectuum
2977 1200 3321 1272 tyrannidem
3377 1200 3429 1255 vi
3484 1200 3750 1271 frangunt

2164 1299 2219 1344 et
2262 1291 2569 1345 debilitant.
2618 1290 2789 1349 Porro
2835 1308 2932 1363 per
2984 1308 3208 1363 regnum
3260 1295 3364 1348 hoc
3410 1295 3530 1348 loco
3576 1294 3748 1349 Citrio

2166 1391 2310 1437 stum
2348 1382 2623 1453 intelligit,
2671 1392 2731 1438 ut
2771 1384 3034 1440 oculorum
3088 1385 3309 1456 Regem,
3359 1386 3452 1455 qui
3502 1401 3602 1456 pro
3639 1401 3744 1440 sua

2168 1475 2409 1529 bonitate
2482 1475 2665 1539 ultro,
2741 1489 2956 1530 summo
3019 1484 3198 1530 tamen
3257 1490 3381 1530 cum
3442 1476 3631 1529 labore
3687 1485 3746 1528 et

2165 1579 2445 1631 azrumna,
2480 1565 2599 1636 capi
2649 1579 2708 1621 se
2745 1565 3123 1636 possiderique
3179 1564 3348 1634 sinit,
3403 1575 3461 1620 ut
3500 1565 3742 1621 salutem

2166 1671 2547 1726 assequamur.

2241 1752 2359 1809 Col.
2393 1753 2498 1809 394
2531 1754 2590 1808 Δ.
2629 1751 2908 1810 Enimvero
2933 1757 2982 1809 si
3006 1755 3133 1811 mihi
3154 1755 3585 1820 auscultandum,
3629 1764 3739 1812 etc.

2174 1845 2249 1901 Ad
2277 1855 2555 1913 peccatum
2585 1845 2774 1902 tardus
2796 1854 2914 1901 esto
2944 1865 2959 1901 :
2986 1846 3128 1902 celer
3154 1856 3334 1902 autem
3363 1846 3427 1900 ad
3454 1846 3736 1911 virtutem,

2171 1939 2363 1995 salutis
2395 1952 2699 2008 parentem.
2730 1937 2856 1993 Pari
2905 1940 3049 1994 enim
3096 1940 3149 1994 in
3192 1940 3323 1994 vitio
3355 1948 3483 1994 sunt
3507 1950 3560 1993 et
3590 1939 3733 1993 cele-

2172 2030 2304 2085 ritas
2355 2032 2421 2085 ad
2470 2030 2692 2095 vitium,
2740 2040 2791 2087 et
2843 2032 3069 2087 tarditas
3114 2032 3183 2087 ad
3234 2033 3509 2087 virtutem.
3561 2033 3621 2085 Si
3668 2032 3735 2085 ad

2171 2119 2521 2175 inhonestum
2563 2129 2618 2177 et
2648 2120 2983 2191 impudicum
3014 2122 3325 2178 convivium
3359 2121 3569 2176 voceris
3596 2122 3743 2191 (hoc

2171 2215 2316 2269 enim
2381 2215 2712 2272 comessatio
2770 2215 3076 2285 signiﬁcat)
3126 2232 3195 2270 ne
3242 2215 3632 2286 proliciscaris.
3679 2214 3741 2269 Si

2171 2308 2253 2372 ad,
2278 2308 2369 2362 Dei
2416 2309 2838 2378 abiurationem,
2863 2307 2943 2363 'ne
2972 2307 3122 2364 dicto
3167 2309 3474 2363 audientem
3517 2318 3568 2362 te
3597 2321 3740 2376 pm-

2171 2401 2321 2456 beas.
2377 2400 2433 2455 Si
2488 2401 2852 2469 improbitatis
2903 2400 3188 2469 operarius
3252 2401 3345 2456 tibi
3413 2402 3558 2465 lucc,
3618 2415 3745 2468 qua:

2172 2494 2311 2562 apud
2344 2491 2689 2547 Salomonem
2744 2492 3033 2557 habentur,
3088 2491 3289 2546 dixerit
3331 2511 3342 2545 :
3395 2489 3524 2545 Veni
3559 2492 3741 2544 nobis-

2171 2600 2289 2638 cum
2338 2583 2407 2648 ⁸⁸,
2457 2593 2513 2639 et
2559 2599 2680 2654 quae
2730 2592 3066 2654 sequuntur,
3121 2599 3190 2639 ne
3238 2597 3399 2638 aures
3448 2583 3546 2650 ipsi
3598 2598 3745 2651 prte-

2170 2675 2301 2731 beas
2327 2695 2338 2730 :
2367 2685 2426 2730 ut
2446 2684 2494 2729 et
2521 2677 2569 2731 ei
2601 2686 2881 2745 peceatum
2910 2692 3070 2731 suum
3102 2685 3290 2732 notum
3314 2684 3368 2729 et
3393 2685 3739 2746 perspectum

2171 2767 2389 2830 reddas,
2424 2767 2739 2836 hujusmodi
2771 2766 3023 2822 videlicet
3057 2766 3349 2823 consilium
3388 2781 3738 2836 nequaquam

2172 2859 2532 2923 admittendo,
2579 2869 2633 2915 et
2670 2869 2726 2915 tu
2763 2876 2792 2915 a
2838 2860 3103 2916 scelerata
3150 2860 3255 2915 hac
3303 2858 3565 2914 societate
3603 2859 3743 2913 libe-

2171 2954 2333 3009 reris.
2363 2955 2429 3008 At
2457 2954 2502 3008 si
2537 2952 2701 3008 David
2731 2962 2782 3008 te
2814 2956 2879 3008 ad
2912 2953 3241 3022 baptismum
3275 2952 3596 3006 cohortetur
3622 2951 3741 3020 (qui

2173 3047 2387 3116 quidem
2440 3046 2679 3101 ltetitiam
2733 3056 2787 3101 et
2839 3045 3256 3101 exsultationem
3309 3043 3494 3107 affert,
3552 3053 3743 3112 utpote

499 3136 621 3189 quae
658 3125 963 3192 paupertati
1007 3132 1277 3186 contraria
1313 3144 1466 3197 sunt,
1514 3134 1775 3203 elucrari,
1814 3137 1918 3194 hoc
1960 3150 2068 3205 est,
2096 3146 2140 3205 ο
2174 3148 2519 3208 peccatorum
2544 3138 2919 3193 remissionem
2944 3136 3220 3208 largiens).
3240 3136 3283 3193 si
3301 3138 3463 3191 etiam
3489 3134 3743 3189 Michteas

500 3217 721 3271 uberem
763 3226 817 3272 et
843 3222 1122 3289 copiosam
1159 3238 1415 3291 messem,
1447 3241 1511 3281 ac
1547 3228 1802 3297 baptismi
1840 3231 2067 3301 fontem,

498 3322 608 3376 quo
641 3325 668 3361 a
700 3312 905 3380 peccati
939 3322 1075 3369 aestu
1120 3324 1284 3386 atque
1330 3319 1527 3372 ardore
1574 3320 1791 3376 animus
1840 3324 2071 3394 refrige-

500 3408 673 3455 ratur.
728 3401 775 3453 Α
829 3401 1123 3459 Salomone
1186 3417 1366 3461 autem
1425 3407 1538 3463 haec
1587 3426 1806 3481 quoque
1855 3425 2068 3485 sumpta

500 3502 646 3547 sunt.
680 3492 816 3548 Nam
849 3510 970 3550 cum
1004 3496 1198 3552 inertia
1240 3511 1305 3553 ac
1335 3498 1542 3554 desidia
1590 3498 1785 3556 famem
1821 3506 2071 3561 contrahi

460 3640 463 3643 .
500 3585 763 3651 dixisset,
796 3588 863 3643 de
894 3589 1173 3660 diligentia
1229 3607 1449 3662 quoque
1494 3601 1549 3648 et
1598 3595 1890 3652 sedulitate
1938 3599 2071 3654 sub-

496 3679 750 3752 jungens,
802 3681 877 3737 ait
919 3700 933 3736 :
977 3682 1039 3737 Si
1073 3692 1249 3738 autem
1283 3686 1505 3757 impiger
1545 3687 1730 3756 fueris,
1784 3690 1947 3744 ueniet
1980 3690 2073 3745 tibi

500 3772 655 3841 quasi
685 3775 799 3838 fons
836 3775 1044 3840 messis,
1075 3775 1179 3831 hoc
1211 3786 1317 3842 est,
1351 3777 1513 3835 fontis
1541 3779 1716 3836 instar
1746 3783 1940 3837 messis
1974 3783 2069 3837 tibi

505 3864 778 3920 uberrime
799 3866 1050 3935 proﬂuet,
1076 3884 1138 3920 ac
1164 3871 1489 3938 paupertatis
1518 3880 1705 3924 testam
1728 3872 2073 3944 ardoremque

501 3957 764 4024 mitigabit
813 3957 881 4012 “.
938 3957 1250 4025 Quocirca,
1311 3962 1757 4031 quemadmodum
1810 3967 2071 4022 desiderat

500 4063 679 4101 cervus
724 4048 793 4101 ad
827 4048 998 4119 fontes
1030 4068 1289 4121 aquarum
1322 4051 1391 4117 '9,
1428 4053 1498 4108 ita
1536 4062 1591 4108 tu
1628 4071 1846 4127 quoque
1879 4059 1944 4113 ad
1978 4059 2073 4115 ba-

502 4138 760 4206 ptismum
813 4156 1086 4198 accurre:
1123 4159 1188 4198 ne
1222 4145 1520 4214 aliquando
1565 4147 1659 4201 tibi
1716 4149 1855 4203 idem
1925 4154 2070 4222 quod

499 4232 750 4300 Tantalo,
797 4235 1031 4300 accidat,
1076 4252 1238 4306 quem
1273 4240 1415 4308 apud
1456 4239 1661 4297 inferos
1710 4252 1882 4311 poetae
1914 4245 2071 4300 lahn-

498 4328 681 4382 iantur
715 4328 766 4382 in
819 4328 997 4386 medio
1039 4329 1187 4386 fonte
1225 4340 1458 4388 stantem
1511 4334 1597 4387 siti
1651 4334 2069 4401 contabescere,

497 4437 637 4491 atina
671 4422 937 4488 videlicet,
987 4438 1113 4478 cum
1162 4422 1378 4478 bibendi
1410 4439 1574 4479 causa
1611 4434 1771 4494 caput
1808 4427 2071 4482 inclinare

2174 3238 2269 3286 aut
2304 3230 2468 3285 Isaias
2499 3231 2774 3295 dixerint,
2813 3228 3011 3294 Venite,
3038 3231 3380 3284 ascendamns
3423 3230 3480 3281 in
3512 3240 3741 3281 montem

2177 3324 2386 3378 Domini
2409 3323 2454 3355 ⁸⁸
2485 3323 2613 3389 (hoc
2643 3333 2744 3386 est,
2774 3322 2839 3376 ad
2877 3320 3193 3385 Ecclesium,
3228 3321 3280 3374 in
3318 3335 3423 3387 qua
3455 3335 3518 3374 ex
3553 3335 3743 3389 perca-

2175 3427 2348 3470 torutn
2394 3430 2551 3471 emno
2593 3431 2689 3483 per
2734 3414 3063 3483 baptismum
3109 3412 3459 3482 emergitnus.
3491 3420 3657 3480 atque
3687 3411 3740 3465 in

2173 3505 2342 3561 altum
2391 3504 2712 3574 ell‘erimur),
2756 3505 2801 3559 si
2850 3504 3014 3559 etiam
3063 3502 3317 3559 Christus
3365 3503 3481 3573 ipse
3524 3518 3626 3557 nos
3655 3503 3740 3555 in—

2174 3598 2307 3652 vitet
2333 3597 2402 3660 ",
2436 3605 2495 3650 ut
2525 3590 2728 3660 peccati
2764 3594 3006 3661 pondere
3048 3592 3223 3648 fessos
3253 3591 3390 3646 levet
3420 3607 3484 3647 ac
3511 3600 3738 3653 recreet,

2174 3692 2432 3760 curisque
2478 3690 2690 3753 liberet,
2744 3696 2908 3758 atque
2935 3686 3061 3741 hinc
3093 3686 3203 3741 alio
3244 3684 3492 3739 traducat
3522 3701 3537 3738 :
3570 3682 3743 3745 Supra

2175 3787 2341 3839 nivem
2390 3782 2745 3853 splendentes,
2801 3789 2861 3833 ut
2907 3779 2983 3833 ait
3031 3776 3298 3832 Jeremias
3341 3777 3411 3838 ἰ,
3462 3783 3627 3845 atque
3664 3774 3741 3827 ad

2172 3877 2427 3947 pietatem
2461 3874 2684 3929 densius
2713 3881 3048 3940 compactos.
3078 3884 3241 3939 quam
3286 3869 3372 3923 lac
3420 3868 3475 3922 in
3517 3882 3738 3921 caseum

2173 3969 2513 4038 coagulctur,
2535 3981 2601 4019 ac
2624 3979 2785 4035 supra
2809 3963 3190 4033 sapphirinum
3220 3961 3450 4032 lapidem
3475 3961 3737 4023 illustres,

2173 4077 2242 4117 ne
2289 4074 2494 4115 moram
2539 4056 2705 4110 ullam
2741 4055 3156 4125 interponamus
3189 4071 3204 4108 :
3235 4067 3445 4114 verum,
3481 4061 3533 4106 et
3579 4051 3737 4105 simul

2173 4168 2480 4216 curramus,
2517 4160 2571 4205 et
2603 4150 2851 4206 certatim
2893 4163 3204 4211 curramus,
3232 4146 3301 4201 de
3339 4146 3566 4201 victoria
3611 4161 3736 4199 con-

2173 4249 2477 4307 tendentes,
2513 4252 2671 4311 atque
2705 4240 2853 4296 omni
2893 4240 3076 4295 studio
3116 4239 3169 4292 in
3207 4239 3308 4293 hoc
3339 4238 3734 4295 incumbentes.

2173 4344 2233 4389 ut
2268 4335 2600 4404 baptismum
2637 4342 2762 4387 ante
2792 4331 2930 4387 alios
2976 4330 3328 4400 arripiamus.
3363 4329 3439 4385 Ne
3485 4328 3554 4383 ad
3595 4344 3733 4387 eum.

2172 4427 2265 4496 qui
2310 4434 2360 4480 te
2394 4426 2668 4495 baptizare
2720 4432 2896 4493 parat,
2949 4422 3156 4477 dixeris
3191 4440 3203 4476 :
3235 4420 3429 4476 Adsint
3483 4419 3619 4472 mihi
3651 4434 3737 4472 co-

498 4524 677 4584 parat,
709 4515 957 4570 elabente
987 4532 1001 4569 :
1035 4515 1119 4569 vel
1149 4517 1310 4569 etiam
1341 4515 1482 4570 idem
1514 4517 1659 4584 quod
1693 4517 1928 4571 Ismaeli.
1961 4518 2068 4573 Ha-
2105 4501 2145 4555 D
2173 4519 2343 4590 gnati,
2380 4532 2445 4573 ac
2484 4525 2595 4572 tum
2645 4514 2978 4584 baptizabor.
3018 4513 3215 4567 Verum
3268 4511 3359 4566 hic
3401 4517 3583 4566 metus
3627 4507 3737 4563 ani-

498 4606 654 4659 hetur
697 4607 840 4660 enim
875 4606 930 4660 in
979 4604 1204 4661 Genesis
1252 4605 1412 4668 libro,
1457 4605 1600 4676 quod
1650 4607 1795 4677 Agar
1845 4608 2065 4676 ancilla,

496 4712 620 4751 cum
655 4697 762 4751 lilio
789 4713 887 4752 suo
929 4707 1146 4768 preptcr
1195 4696 1383 4752 Suram
1419 4699 1788 4768 indignatione
1838 4716 2068 4757 succen-

496 4805 613 4846 sam
656 4788 726 4844 ab
755 4788 1068 4844 Abrahamo
1099 4788 1352 4859 expulsa,
1397 4805 1490 4858 per
1518 4790 1866 4847 solitudinem
1910 4793 2071 4848 ober-

499 4882 673 4947 rabat,
705 4895 770 4935 ac
799 4890 1123 4948 consumpta
1162 4896 1325 4949 aqua,
1357 4897 1522 4951 quam
1555 4882 1606 4935 in
1641 4895 1762 4938 utre
1795 4887 2067 4954 portabat,

498 4987 728 5041 puerum
761 4970 863 5025 sub
895 4969 1072 5025 abiete
1104 4969 1334 5040 projecit
1362 4987 1375 5024 :
1405 4987 1489 5038 ac,
1522 4985 1589 5025 ne
1621 4972 1798 5041 ipsum
1834 4975 2073 5031 morien-

501 5078 606 5119 tem
637 5072 910 5125 cerneret,
940 5076 971 5116 e
1000 5062 1225 5133 regione
1255 5060 1428 5131 ipsius
1463 5064 1651 5133 procul
1680 5064 1820 5120 sedit
1847 5065 1911 5120 ³⁸.

568 5155 706 5210 Ibid.
769 5153 830 5208 Β.
885 5152 1138 5208 Miserum
1190 5168 1306 5219 est,
1367 5171 1485 5208 cum
1544 5156 1795 5210 nundino:
1846 5159 2073 5229 efﬂuxe-

496 5250 627 5315 rint,
679 5234 786 5305 etc.
840 5246 1048 5314 Nemo,
1103 5247 1319 5319 inquit,
1379 5258 1740 5304 mercatorum
1800 5263 2073 5306 conventu

498 5345 702 5411 soluto,
742 5342 1055 5415 negotiatur
1100 5358 1115 5396 :
1157 5341 1347 5396 eodem
1392 5342 1557 5397 modo
1607 5357 1707 5397 nec
1760 5353 1883 5413 post
1935 5342 2075 5398 hanc

498 5440 665 5494 vitam
701 5436 889 5509 pietati
929 5432 1151 5491 studere
1188 5433 1332 5488 licet.
1369 5431 1511 5489 Dens
1545 5435 1712 5499 enim,
1751 5443 1807 5488 ut
1839 5433 1941 5489 Job
1976 5436 2070 5498 ait,

501 5535 764 5587 adversus
801 5544 952 5596 eum,
995 5527 1089 5598 qui
1135 5534 1311 5582 morte
1355 5526 1656 5583 exstinctus
1704 5537 1807 5592 est,
1844 5526 2069 5581 concio--

565 5668 612 5702 ⁷⁸
647 5667 793 5721 Psal.
835 5681 1030 5729 xxxnt,
1065 5666 1119 5720 6.
1197 5666 1242 5697 ⁷³
1269 5664 1426 5720 Joan.
1463 5680 1538 5724 Ix.
1567 5665 1622 5720 4.

512 5739 593 5801 l3,
631 5739 720 5791 i6.
797 5736 961 5792 “Job
993 5753 1106 5799 ιιι,
1138 5737 1375 5803 lliseqq.
1479 5737 1524 5767 ⁸⁵
1559 5733 1667 5788 an
1692 5749 1846 5793 χχιιι,
1875 5733 1964 5803 39,
1992 5732 2078 5803 40,

503 5812 557 5866 1.
617 5812 662 5841 εδ
696 5808 859 5865 Miclt.
891 5823 967 5876 tv,
1005 5823 1077 5877 tv,
1113 5809 1180 5877 4;
1211 5806 1473 5869 lsa.n,5.

1720 5664 1767 5695 '°
1801 5662 1959 5717 Prov.
2002 5678 2077 5724 vr,
2111 5660 2265 5715 9-ll°

2176 4623 2324 4662 mum
2349 4617 2533 4675 angat,
2553 4620 2619 4659 ne
2639 4604 2968 4674 baptismum
2988 4602 3054 4657 de
3074 4602 3161 4657 die
3184 4604 3239 4657 in
3260 4602 3404 4656 diem
3423 4601 3733 4659 extrahens.

2177 4698 2296 4753 sine
2337 4698 2608 4767 baptismo
2643 4703 2874 4750 mortem
2912 4694 3099 4761 obeas,
3140 4709 3203 4746 ac
3235 4707 3432 4764 genere
3474 4693 3574 4746 tibi
3618 4704 3739 4761 pro-

2178 4791 2431 4861 pinquos,
2480 4790 2684 4851 luctus,
2733 4803 2841 4842 non
2889 4786 3070 4856 gaudii
3118 4785 3298 4842 socios
3344 4784 3599 4853 accipias.
3649 4784 3734 4848 At,

2177 4878 2416 4949 inquies,
2472 4890 2675 4932 munus
2747 4876 2971 4946 parabo,
3019 4874 3467 4946 splendidamque
3513 4884 3736 4933 vestem.

2177 4987 2341 5041 quam
2390 4979 2512 5041 post
2542 4970 2873 5038 baptismum
2922 4968 3168 5033 induam,
3197 4975 3363 5037 atque
3395 4966 3556 5022 etiam
3593 4980 3740 5018 meu-

2176 5080 2323 5129 sam,
2373 5079 2482 5136 qua
2534 5063 2865 5119 initiatorem
2927 5076 3105 5116 meum
3155 5060 3448 5131 excipiam.
3497 5057 3579 5114 Ne
3630 5059 3739 5112 lucc

2174 5158 2397 5229 quidem
2438 5156 2747 5212 necessaria
2803 5161 2955 5218 sunt,
3005 5168 3131 5218 nec,
3185 5153 3232 5209 si
3280 5153 3355 5207 ita
3407 5159 3740 5221 praeparatus

2173 5265 2282 5305 non
2334 5248 2524 5313 lueris,
2575 5255 2862 5317 prapterea
2915 5245 3173 5314 baptismi
3206 5245 3395 5316 gratiae
3442 5242 3737 5313 quidquam

2171 5343 2419 5398 decedet.
2478 5339 2736 5410 Baptismi
2793 5339 2940 5395 enim
3001 5339 3177 5408 gratia
3242 5335 3624 5407 splendoribus
3673 5333 3738 5387 iis

2171 5435 2264 5504 qui
2301 5433 2476 5489 oculis
2509 5441 2832 5496 cernuntur,
2866 5441 2952 5487 est
2986 5429 3296 5494 sublimior,
3341 5443 3445 5483 nec
3484 5428 3553 5481 iis
3585 5425 3740 5495 quid-

2172 5540 2335 5596 quam
2379 5539 2517 5595 opus
2561 5523 2771 5579 habet:
2803 5523 2933 5593 quin
2983 5521 3167 5592 potius
3207 5523 3443 5589 teipsum
3486 5517 3595 5571 Deo
3626 5531 3739 5568 ntu-

2374 5658 2418 5691 ⁸⁸
2460 5657 2593 5713 Ibid.
2630 5658 2718 5714 11.

2188 5731 2234 5762 ⁸⁸
2268 5728 2454 5782 Matth.
2491 5743 2605 5793 χχι,
2640 5728 2729 5784 3i.

3377 5653 3425 5687 ⁸³
3452 5652 3589 5709 Gen.
3622 5664 3734 5713 nt,

2795 5657 2841 5690 ”
2870 5656 3018 5712 Psai.
3052 5671 3187 5722 χιιι,
3220 5655 3275 5710 2.

3435 5723 3485 5757 ³⁸
3512 5722 3668 5778 Prov.
3696 5737 3735 5786 ι,

2835 5728 2881 5762 ⁸⁷
2903 5728 3095 5783 Matth.
3130 5743 3207 5794 XI,
3242 5725 3328 5782 12.

1550 5804 1595 5837 ⁸⁸
1623 5804 1811 5858 Matth.
1847 5802 2034 5868 x528.
2109 5802 2150 5836 "
2186 5800 2388 5855 Thren.
2425 5815 2499 5865 tv,
2537 5799 2586 5853 7.
