4048 6278
295 295 431 362 1273

1285 301 1608 363 NICETAS
1654 303 1734 363 IN
1777 303 2000 365 ORAT.
2046 307 2147 367 XL
2189 309 2250 372 Β.
2293 309 2524 374 GREG.

3437 311 3573 375 12H

292 417 447 472 neris
493 398 612 469 loco
643 412 798 470 oil‘er.
834 415 974 483 Quid
1015 417 1355 489 splendidam
1394 433 1600 479 vestem
1637 425 1882 495 quaeris?
1910 434 1953 491 Α
1988 426 2256 484 ministris
2299 427 2720 484 existimandum
2764 437 2868 484 est.
2904 428 3170 497 Quamvis
3202 429 3348 485 enim
3385 433 3492 485 vita
3522 442 3576 487 et

288 508 570 563 Christum
634 508 840 576 babes;
903 511 1049 566 hunc
1120 528 1216 582 per
1288 515 1623 582 baptismum
1684 516 1870 572 indue.

290 603 602 672 Quicunque
647 603 791 656 enim
848 604 900 657 in
953 604 1167 661 Christo
1215 607 1472 677 baptizati
1503 611 1653 674 estis,
1698 610 1875 678 inquit

287 695 606 764 Apostoius,
644 694 915 751 Christum
955 699 1201 753 induisti:
1234 703 1304 767 ’³,
1360 702 1465 758 hoc
1513 712 1614 769 est,
1667 702 1871 759 Christi

289 784 548 839 formam.
585 786 725 852 Quid
769 803 830 841 ea
879 803 1001 859 quae
1049 791 1114 843 ad
1170 790 1315 846 laute
1363 800 1417 847 et
1450 793 1673 863 opipare
1726 796 1874 849 acci-

291 877 551 945 piendum
593 877 853 947 baptismi
915 881 1234 936 ministrum
1286 885 1578 953 pertinent,
1632 886 1876 955 qumris?

290 967 385 1023 Ille
411 970 558 1023 enim
601 983 706 1023 non
741 971 882 1026 cibis
915 971 1240 1038 delectatur,
1278 974 1376 1030 sed
1422 978 1874 1046 praestantissima

290 1059 416 1113 vita!
464 1061 694 1126 ratione,
751 1078 860 1133 qua
911 1078 1010 1134 ego
1061 1067 1341 1134 delector,
1392 1076 1557 1139 atque
1610 1082 1737 1126 ante
1789 1087 1875 1127 me

290 1150 570 1218 Christus,
620 1168 708 1209 res
760 1155 1031 1212 maximas
1082 1157 1331 1228 largitus,
1384 1161 1486 1221 hoc
1531 1171 1634 1225 est,
1692 1164 1872 1234 ipsum

291 1244 663 1313 baptismum,
726 1262 791 1302 ac
855 1265 953 1318 per
1012 1265 1139 1305 eum
1200 1251 1433 1307 titiorum
1494 1254 1873 1326 adoptionem.

289 1338 479 1411 Neque
516 1342 661 1396 enim
709 1344 851 1414 apud
892 1343 1063 1400 Deum
1113 1346 1412 1418 quidquam
1466 1366 1722 1421 maguum
1765 1359 1871 1417 est,

294 1446 402 1485 non
439 1448 655 1497 aurum,
687 1449 792 1489 non
826 1443 1136 1502 argentum,
1168 1452 1278 1492 non
1315 1439 1594 1506 pellucida:
1624 1456 1872 1511 gemmae,

295 1535 402 1575 non
450 1523 607 1577 aliud
659 1523 962 1594 quiddam,
1028 1526 1176 1596 quod
1232 1543 1342 1582 non
1400 1543 1602 1599 pauper
1654 1545 1875 1598 quoque

292 1610 491 1667 oll‘erre
557 1623 739 1684 queat.
801 1613 1127 1685 Quanquam
1188 1617 1332 1670 enim
1425 1618 1478 1671 in
1551 1620 1638 1675 his
1709 1635 1875 1690 pecu-

295 1704 512 1758 niarum
556 1704 799 1761 materiis
854 1720 1124 1776 pauperes
1185 1721 1213 1761 a
1250 1708 1510 1763 divitibus
1548 1711 1868 1779 proculcan-

1978 533 2193 574 morum
2222 522 2433 575 ratione
2459 522 2601 576 alius
2626 523 2796 578 alium
2843 531 3062 592 superet
3093 521 3573 594 (quemadmodum

1978 608 2092 664 illic
2144 624 2338 664 aurum
2399 609 2546 666 ferro
2596 615 2864 679 praestat),
2935 620 3118 666 tamen
3166 612 3248 665 vis
3320 610 3572 677 baptismi

1975 699 2164 754 eadem
2219 710 2346 761 est,
2399 717 2507 755 non
2569 717 2731 757 secus
2786 713 2950 771 atque
3006 702 3310 771 sigillorum
3401 715 3570 755 nota:

1977 792 2266 861 omnisque
2311 792 2658 849 Christianus
2713 796 3005 857 sacerdos,
3068 795 3377 864 baptizandi
3448 811 3574 847 mu-

1978 899 2110 939 nere
2171 882 2425 956 fungens,
2487 901 2610 939 eum
2666 885 2758 954 qui
2815 887 3143 953 baptizatur,
3204 887 3306 939 rite
3359 885 3569 948 iniliat,

1976 976 2105 1030 dum
2139 987 2318 1031 tamen
2384 977 2672 1046 perspicue
2728 979 3015 1033 haereticus
3075 994 3184 1031 non
3241 978 3350 1040 sit,
3411 987 3573 1045 atque

1977 1066 2046 1120 ab
2112 1064 2352 1120 Ecclesia
2401 1081 2672 1129 aversus,
2722 1081 2912 1120 verum
2971 1066 3159 1121 eadem
3223 1066 3337 1121 title~
3403 1053 3574 1121 infor-

1960 1167 2183 1215 matus.

2050 1250 2186 1304 Ibid.
2215 1250 2277 1305 D.
2304 1249 2383 1305 Ne
2411 1251 2643 1305 alienum
2667 1251 2932 1322 dignitate
2961 1260 3053 1305 tua
3078 1260 3228 1322 putes
3252 1253 3432 1319 simul,
3463 1262 3571 1311 etc.

1977 1340 2155 1396 Herus
2185 1358 2282 1409 es;
2314 1358 2383 1397 ne
2409 1358 2533 1399 eum
2567 1359 2633 1398 eo
2662 1344 2754 1413 qui
2793 1347 3064 1397 hactenus
3085 1385 3099 1409 ,
3135 1344 3239 1398 hoc
3266 1355 3368 1410 est,
3398 1360 3573 1415 usque

1977 1432 2043 1486 ad
2097 1432 2432 1502 baptismum
2461 1477 2476 1500 ,
2512 1435 2612 1490 tibi
2653 1450 2847 1490 servus
2879 1437 3127 1501 exstitit,
3161 1437 3365 1493 initiari
3411 1455 3575 1508 grave

1977 1524 2173 1580 ducas.
2230 1522 2366 1579 Nam
2420 1535 2547 1595 post
2601 1526 2935 1596 baptismum
2991 1542 3098 1581 non
3151 1537 3235 1583 est
3277 1543 3468 1583 servus
3518 1531 3572 1585 iu

1976 1615 2196 1671 Christo
2239 1615 2392 1673 Jesu.
2448 1616 2563 1672 Hoc
2618 1619 2765 1673 enim
2822 1628 3046 1689 praestat
3113 1620 3460 1690 baptismus,
3515 1630 3577 1677 ut

1980 1706 2238 1778 deinceps
2282 1724 2475 1763 omnes
2512 1725 2668 1779 a‘quo
2713 1711 2919 1764 honore
2954 1711 3082 1767 sint.
3116 1712 3329 1765 Etenim
3363 1729 3428 1766 ex
3465 1730 3574 1781 quo

296 1804 387 1848 tur
444 1809 508 1848 ac
566 1802 937 1864 proteruntur,
980 1797 1067 1852 hic
1129 1807 1332 1863 tamen,
1370 1799 1477 1854 hoc
1508 1809 1614 1865 ρει,
1678 1802 1734 1856 in
1773 1804 1872 1858 ba-
1900 1787 1947 1845 B
1976 1796 2063 1849 die
2089 1812 2184 1865 per
2214 1798 2546 1867 baptismum
2573 1798 2878 1868 relingeris.
2907 1798 3009 1853 hoc
3046 1809 3150 1867 est,
3190 1800 3570 1855 abalTectuum

295 1888 498 1955 ptismo
533 1901 597 1941 ac
633 1887 756 1941 vita:
791 1889 1047 1958 degendae
1098 1891 1345 1958 ratione,
1396 1893 1667 1962 copiosior
1718 1906 1882 1966 atque

292 1980 607 2048 opulentior
659 1981 748 2034 ille
800 1990 902 2046 est,
961 1982 1053 2052 qui
1119 1982 1312 2053 majori
1364 1985 1533 2057 animi
1600 1987 1882 2044 alacritate

293 2067 557 2138 prmditus
579 2077 683 2121 est.

365 2158 483 2213 Col.
519 2159 627 2214 593
652 2160 711 2214 Α.
743 2158 897 2215 Nihil
924 2180 1264 2235 progressum
1300 2177 1446 2221 tuum
1473 2169 1727 2237 inhibeat,
1774 2182 1880 2228 etc.
1908 2206 1909 2209 η

293 2248 771 2313 Quemadmodum
805 2250 1011 2308 ferrum
1041 2255 1296 2321 ignitum,
1343 2260 1588 2328 quandiu
1628 2263 1790 2324 calet,
1826 2264 1879 2318 in

293 2359 492 2413 aquam
537 2345 800 2415 injicitur,
859 2360 916 2402 ut
970 2357 1337 2418 temperetur;
1390 2368 1497 2406 non
1534 2355 1706 2420 enim,
1758 2373 1881 2410 cum

293 2437 553 2503 refrixit,
612 2440 905 2509 temperari
968 2452 1134 2512 atque
1183 2444 1379 2499 exacui
1434 2455 1657 2515 potest:
1693 2449 1881 2502 eodem

295 2531 462 2586 modo
506 2539 561 2586 tu
618 2548 841 2602 quoque
887 2536 1131 2605 quandiu
1185 2545 1311 2592 tuus
1367 2552 1495 2606 erga
1552 2539 1885 2609 baptismum

293 2623 464 2676 animi
509 2622 687 2679 fervor
723 2641 830 2679 non
863 2626 1098 2698 intepuit
1141 2642 1319 2694 neque
1351 2629 1599 2695 refrixit,
1633 2629 1719 2686 fac
1752 2632 1885 2702 bap-

297 2714 448 2770 tismi
475 2732 615 2785 aqua
651 2719 990 2789 tempereris.
1027 2719 1163 2775 Nam
1201 2721 1291 2777 hic
1333 2739 1553 2792 quoque
1602 2726 1886 2780 mollitiem

294 2808 441 2862 illam
462 2810 654 2874 animi,
676 2827 782 2881 qua
805 2814 1319 2883 perturbationibus
1344 2817 1887 2887 vitiisquelaxamur.

294 2899 550 2957 obdurat.
584 2901 648 2956 Et
671 2905 1136 2972 quemadmodum
1165 2905 1427 2977 Ethiops
1455 2909 1544 2962 ille
1573 2909 1887 2975 eunuchus,

295 2994 456 3063 cujus
507 2993 562 3048 in
617 2996 852 3050 Actuum
886 2996 1028 3052 libro
1078 2985 1410 3054 mentienem
1444 2998 1625 3056 Lucas
1664 3001 1796 3056 facit
1820 3002 1890 3069 ⁸³,

293 3093 488 3156 postea
519 3101 684 3156 quam
717 3090 1019 3160 evangelici
1049 3091 1202 3161 regni
1236 3091 1544 3147 doctrinam
1582 3109 1611 3147 a
1636 3093 1889 3164 Philippo

296 3178 504 3241 hausit,
522 3179 771 3250 protinus
798 3181 958 3236 tidem
983 3182 1147 3237 corde
1171 3184 1402 3253 accepit,
1428 3201 1527 3239 nec
1548 3184 1788 3254 Spiritus
1809 3187 1886 3241 si-

296 3271 590 3341 gnaculum
604 3271 1032 3339 distulit,verum
1049 3273 1211 3327 simul
1230 3284 1393 3344 atque
1409 3276 1620 3345 objecta
1640 3277 1883 3346 ipsorum

298 3362 476 3417 oculis
504 3377 646 3432 aqua
686 3374 789 3428 est,
822 3365 960 3420 mira
995 3366 1162 3420 animi
1195 3366 1382 3421 laetitia
1412 3368 1686 3436 perfusus,
1713 3368 1882 3424 dixit:

301 3454 439 3510 Ecce
475 3471 613 3526 aqua
636 3496 652 3523 ,
690 3455 745 3510 id
781 3457 1032 3513 videlicet
1066 3459 1208 3528 quod
1256 3461 1608 3529 expetebam,
1640 3463 1768 3532 quid
1806 3480 1886 3518 me

298 3546 536 3615 prohibet
572 3549 880 3618 baptizari?
910 3550 1098 3605 eodem
1126 3553 1286 3606 modo
1319 3560 1372 3606 tu
1417 3570 1635 3624 quoque
1686 3553 1873 3612 facito.

303 3637 378 3694 Ne
401 3639 556 3696 dicas
586 3657 600 3694 :
635 3640 940 3712 Episcopus
975 3657 1062 3697 me
1096 3642 1356 3712 baptizet,
1400 3656 1563 3715 atque
1611 3648 1656 3701 is
1692 3646 1887 3704 Hiero-

302 3731 688 3803 solymitanus,
717 3744 770 3789 et
796 3735 1081 3791 nobilitate
1108 3736 1312 3803 clarus,
1341 3749 1397 3793 et
1425 3741 1761 3801 matrimonii
1791 3756 1887 3797 ex-

301 3836 425 3890 pers
492 3833 552 3878 ut
624 3840 725 3881 nec
797 3835 1018 3897 propter
1080 3827 1411 3897 baptizautis
1484 3831 1751 3885 vilitatem
1831 3840 1886 3887 et

302 3914 490 3969 talium
519 3916 910 3973 obscuritatem
945 3916 1205 3994 nobilitas
1238 3934 1356 3974 mea
1380 3920 1760 3989 dedecoretur,
1788 3938 1887 3978 nec

303 4008 347 4061 si
370 4008 437 4062 ab
468 4008 691 4080 indigno
716 4010 939 4066 homine
966 4010 1236 4081 baptizer,
1263 4012 1520 4067 sordibus
1541 4012 1881 4083 inquinetur.

300 4097 422 4155 Noli
463 4117 653 4157 eorum
686 4103 778 4173 qui
811 4102 1114 4175 baptizant,
1147 4104 1288 4159 vitas
1326 4105 1560 4159 scrutari
1595 4114 1760 4174 atque
1799 4105 1889 4160 in-

303 4193 545 4260 quirere.
602 4193 816 4250 Etenim
847 4234 864 4260 ,
899 4195 1054 4250 homo
1079 4237 1095 4263 ,
1148 4206 1206 4251 ut
1241 4212 1271 4251 a
1313 4195 1571 4252 Samuele
1607 4196 1628 4252 1
1668 4199 1882 4268 Regum

303 4283 509 4338 dictum
541 4296 656 4351 est,
688 4288 827 4342 videt
858 4289 911 4341 in
945 4289 1158 4357 faciem,
1205 4288 1343 4343 Deus
1388 4300 1565 4342 autem
1596 4289 1651 4342 iu
1688 4305 1778 4343 cor
1815 4288 1882 4346 ”.

306 4374 410 4429 hoc
446 4384 569 4444 est,
612 4379 775 4434 homo
812 4394 875 4433 ea
923 4396 1047 4451 quae
1089 4381 1266 4436 oculis
1312 4381 1655 4442 offeruntur,
1687 4381 1881 4446 cernit,

306 4465 451 4523 Deus
507 4478 687 4524 autem
738 4471 937 4527 mentis
992 4472 1172 4527 abdita
1210 4472 1475 4528 intuetur.
1508 4472 1628 4528 Noli
1656 4473 1884 4529 nimium

305 4560 468 4614 anxie
497 4576 561 4615 ac
590 4562 808 4618 curiose
844 4563 1175 4633 baptizantis
1206 4567 1441 4633 pretium
1487 4573 1540 4620 et
1565 4566 1883 4637 dignitatem

304 4655 637 4719 perscrutari
681 4663 736 4709 et
798 4658 1121 4726 explorare,
1159 4673 1286 4711 num
1331 4657 1542 4713 scilicet
1598 4658 1887 4727 episcopus

302 4753 401 4801 aut
440 4747 898 4818 metrupolitanus
931 4749 1037 4816 sit;
1067 4764 1165 4805 nec
1191 4750 1404 4823 ambige
1433 4760 1597 4821 atque
1624 4752 1884 4805 addubita

305 4839 522 4895 cuinam
590 4842 775 4912 potius
844 4851 897 4898 te
961 4858 1057 4913 per
1117 4844 1449 4914 baptismum
1526 4844 1887 4915 spiritualiter

306 4935 743 5004 regeneraudnm
800 4937 1068 5006 praebeas.
1096 4935 1569 5003 Quemadmodum
1602 4940 1747 4992 enim
1778 4938 1888 4992 duo

304 5028 516 5090 annuli,
553 5029 689 5084 alter
745 5045 901 5091 auro,
940 5031 1078 5086 alter
1129 5029 1279 5085 ferro
1332 5029 1663 5092 confectus,
1718 5046 1884 5083 unam

314 5120 683 5193 eamdemque
723 5123 993 5194 principis
1032 5123 1349 5193 imagimem
1401 5122 1735 5190 insculptum
1790 5121 1887 5175 ba-

304 5211 533 5279 bentes,
587 5229 651 5268 ac
707 5215 902 5269 deinde
974 5229 1155 5269 ceram
1221 5214 1620 5284 imprimeutes,
1671 5210 1886 5266 tametsi

307 5301 537 5355 materia
586 5300 836 5356 diti‘erant
870 5302 1084 5371 (aurum
1133 5301 1279 5356 enim
1331 5299 1622 5371 splendore
1678 5297 1884 5354 fei'rum

305 5392 605 5463 antecellit)
643 5405 822 5450 tamen
855 5403 1086 5464 utraque
1125 5394 1413 5465 impressio
1451 5391 1696 5447 eamdem
1733 5390 1889 5461 priu-

304 5482 445 5552 cipis
489 5485 716 5541 l‘urmam
755 5486 924 5541 refert
959 5505 973 5542 :
1023 5486 1296 5542 consimili
1342 5484 1504 5540 modo
1535 5484 1602 5539 de
1633 5482 1891 5553 baptismi

379 5662 424 5694 “
474 5661 650 5715 Calat.
705 5679 787 5729 Ill,
837 5664 931 5719 27.

1009 5665 1057 5699 ”
1116 5665 1241 5722 Act.
1305 5681 1426 5732 vtn,
1481 5664 1549 5719 27
1613 5679 1766 5734 seqq.

281 5731 353 5778 -"
372 5732 437 5789 ιιι
458 5730 584 5803 Reg.
612 5748 663 5801 κ,
691 5734 889 5804 lseqq.

1844 5661 1913 5697 ’δ’
1947 5660 1969 5715 ι
2005 5660 2138 5733 Reg.
2180 5675 2294 5730 xvr,
2344 5659 2401 5716 7.

1985 1887 2323 1945 turbulentia
2347 1890 2410 1941 ad
2436 1889 2603 1942 animi
2628 1890 3096 1959 tranquillitatem,
3118 1906 3146 1946 a
3176 1891 3299 1946 vita;
3321 1894 3572 1948 sordibus

1985 1978 2049 2031 ad
2092 1979 2404 2047 puritatem,
2448 1990 2657 2035 veteres
2697 1996 2886 2036 omnes
2941 1990 3086 2036 notae
3137 1994 3505 2046 recesserunt,
3541 2000 3572 2039 a

1984 2069 2187 2136 quibus
2211 2110 2225 2133 ,
2257 2079 2309 2124 et
2338 2071 2509 2132 dives,
2552 2081 2608 2126 et
2638 2073 2871 2135 nobilis,
2902 2073 3172 2141 dominus,
3207 2085 3368 2142 atque
3410 2076 3573 2145 hujus
3658 2112 3663 2121 ι

1985 2159 2202 2227 generis
2264 2162 2481 2214 nomina
2543 2161 2925 2232 designantur.
2977 2165 3155 2234 Atque
3215 2166 3472 2220 omnibus
3507 2166 3575 2222 iis

1985 2248 2074 2314 qui
2142 2248 2399 2317 baptizati
2460 2257 2610 2314 sunt,
2645 2266 2751 2305 una
2808 2251 2981 2306 forma
3037 2254 3334 2323 baptismi,
3381 2271 3574 2325 nempe

1985 2334 2240 2392 Christus
2263 2337 2332 2404 “,
2368 2341 2523 2408 quasi
2557 2342 2844 2395 character
2876 2344 3123 2412 quidam,
3155 2346 3440 2414 impositus
3467 2356 3571 2409 est,

1989 2434 2093 2483 hoc
2142 2441 2248 2495 est,
2291 2430 2495 2487 Christi
2553 2432 2687 2487 ﬁdes
2742 2449 2839 2503 per
2888 2450 3075 2505 quam,
3116 2437 3339 2506 quinam
3379 2438 3572 2500 simus.

1989 2520 2198 2589 liquido
2228 2533 2397 2591 patet.
2432 2524 2654 2589 Adhzee,
2689 2540 2810 2578 cum
2828 2527 3197 2595 exploratum.
3221 2529 3448 2594 habeas,
3474 2544 3572 2585 eos

1988 2618 2082 2690 qui
2131 2635 2160 2672 a
2203 2617 2413 2674 Joanne
2464 2619 2916 2689 baptizabantur,
2947 2622 2999 2676 id
3048 2623 3101 2676 in
3150 2638 3299 2677 more
3336 2625 3571 2692 positum

1993 2711 2292 2776 habuisse,
2345 2720 2403 2765 ut
2436 2721 2658 2781 peccata
2720 2727 2818 2767 sua
2866 2712 3343 2774 conﬁterentur”.
3380 2714 3462 2770 l'ac
3516 2726 3572 2770 tu

1990 2819 2210 2873 quoque
2250 2811 2473 2872 peccata
2526 2811 2620 2858 tua
2651 2818 2945 2873 expromas
2984 2821 2997 2857 :
3032 2814 3090 2859 ut
3124 2806 3570 2875 quandoquidem

1991 2893 2171 2963 pudor
2207 2902 2371 2963 atque
2427 2892 2728 2961 ignominia
2778 2892 2949 2946 futuri
2996 2895 3256 2965 supplicii
3312 2911 3436 2965 pars
3470 2905 3575 2962 est,

1993 2998 2112 3038 eam
2148 2982 2238 3038 hic
2266 2983 2643 3038 erubescendo
2687 2982 2865 3053 fugias
2890 3026 2905 3047 ,
2932 3000 2996 3039 ac
3029 2995 3313 3055 peccatum
3356 2987 3575 3057 publice

1997 3072 2355 3134 traducendo,
2398 3080 2453 3126 et
2501 3072 2646 3127 velut
2689 3072 2756 3127 de
2801 3088 2865 3127 eo
2902 3074 3289 3144 triumphando
3348 3076 3571 3145 planum

1917 3146 1960 3207 C
1996 3161 2163 3217 iacias
2208 3171 2261 3217 te
2308 3163 2441 3216 illttd
2475 3161 2661 3217 odisse
2709 3171 2873 3233 atque
2919 3164 3203 3220 detestari.
3238 3165 3380 3232 Quin
3438 3168 3569 3221 illud

1989 3269 2212 3324 quoque
2266 3254 2360 3308 tibi
2416 3254 2812 3324 providendum
2844 3267 2950 3319 est,
3000 3271 3068 3311 ne
3114 3258 3406 3313 exorcismi
3443 3274 3570 3329 pro-

1989 3347 2200 3401 lixitate
2249 3344 2567 3400 oil‘eudaris.
2618 3342 2946 3416 Longiorem
2995 3346 3140 3400 enim
3199 3348 3570 3403 exon-ismum

1989 3452 2336 3506 nequaquam
2374 3437 2606 3491 moleste
2636 3444 2800 3507 atque
2823 3452 2966 3508 aegre
2992 3436 3154 3503 ferre,
3187 3452 3571 3510 argumentum

1988 3537 2075 3583 est
2113 3528 2284 3583 animi
2324 3543 2452 3582 vero
2504 3542 2568 3581 ac
2598 3527 2815 3582 sincero
2847 3527 3043 3582 atiectu
3093 3530 3420 3597 baptismum
3453 3545 3572 3584 am-

1989 3620 2294 3688 plecteutis.
2351 3618 2447 3672 Est
2497 3626 2674 3672 autem
2709 3617 3075 3681 exorcismus,
3112 3620 3416 3689 conscripta
3454 3636 3576 3674 ver-

1989 3713 2181 3767 borum
2220 3711 2413 3774 series,
2438 3710 2492 3764 in
2526 3725 2632 3781 qua
2671 3709 2715 3765 is
2739 3710 2829 3779 qui
2858 3709 3121 3780 baptizat,
3152 3712 3448 3778 diabolum,
3479 3712 3571 3768 Dei
3636 3740 3645 3747 ο

1990 3804 2211 3857 nomine
2242 3801 2575 3868 adjuratuui,
2609 3801 2680 3855 ab
2711 3815 2799 3862 eo,
2829 3806 2921 3871 qui
2955 3801 3286 3869 baptizatur,
3313 3816 3445 3856 exce
3470 3806 3577 3857 'ere

1988 3910 2051 3949 ae
2079 3894 2264 3964 procul
2298 3893 2486 3964 fugere
2519 3894 2695 3963 jubet.
2750 3889 3068 3962 Ethiopum
3105 3893 3307 3963 regina,
3336 3893 3437 3948 hoc
3469 3904 3575 3961 est,

1988 3984 2210 4051 Austri,
2247 3999 2391 4055 quae.
2429 3995 2488 4037 ut
2525 3984 2681 4038 tertio
2734 3985 2941 4052 Regum
2995 3984 3226 4039 habetur
3252 4025 3267 4051 ,
3304 3984 3373 4038 ab
3424 3985 3577 4040 orbis

1989 4078 2190 4133 ﬁnibus
2225 4078 2505 4147 sapientiae
2539 4074 2857 4131 Salomonis
2892 4075 3037 4130 fama
3075 4086 3344 4146 permota.
3381 4076 3577 4131 Hiero-

1988 4170 2253 4241 siilymam
2289 4168 2617 4239 perrexit”.
2654 4168 2821 4237 Atqui
2849 4168 3131 4236 sapientiae
3162 4169 3306 4222 illius
3332 4209 3345 4231 ,
3371 4183 3493 4238 quae
3522 4167 3573 4221 in

1990 4261 2280 4316 Salomone
2329 4260 2557 4323 exstitit,
2610 4258 2882 4314 miraculo
2907 4298 2922 4322 ,
2961 4259 3214 4326 baptismi
3254 4258 3573 4311 miraculum

1990 4354 2170 4423 majus
2219 4363 2274 4408 et
2302 4352 2658 4407 excellentius
2692 4351 3027 4406 censendum
3070 4359 3153 4403 est
3182 4389 3196 4411 ,
3233 4352 3431 4418 quippe
3464 4363 3577 4418 quo

1994 4446 2244 4503 homines
2277 4461 2343 4499 ex
2372 4444 2652 4498 veteribus
2697 4442 2818 4496 novi
2851 4440 3173 4495 eﬂiciantur.
3210 4440 3574 4506 Quamobrem

1992 4539 2196 4595 nullius
2218 4535 2592 4606 impedimenti
2624 4542 2788 4602 atque
2814 4533 3085 4586 obstaculi
3121 4544 3264 4585 metu
3298 4531 3576 4585 deterrea-

1994 4631 2092 4695 ris,
2125 4627 2415 4698 quominus
2458 4624 2532 4680 ad
2563 4626 2898 4695 baptismum
2942 4623 3247 4694 pervenias.
3279 4623 3455 4693 Atque
3490 4623 3579 4679 bic

1995 4722 2160 4776 etiam
2194 4733 2284 4774 res
2312 4718 2387 4772 ita
2417 4724 2731 4786 comparata
2755 4724 2860 4780 est,
2893 4723 2952 4768 ut
2978 4714 3066 4767 ubi
3095 4722 3382 4784 promptus
3414 4724 3578 4780 atque

1995 4816 2178 4869 alacer
2225 4812 2392 4867 fuerit
2426 4815 2679 4874 animus,
2733 4808 2880 4878 quod
2937 4808 3158 4863 obstare
3211 4806 3406 4877 possit,
3441 4807 3577 4860 nihil

1991 4922 2114 4963 esse
2143 4915 2330 4977 queat.
2387 4902 2496 4958 Nec
2530 4916 2661 4957 vero
2697 4901 2765 4956 ad
2799 4901 2849 4955 id
2895 4907 3148 4969 sumptus
3185 4899 3276 4952 ulli
3316 4898 3575 4963 faciendi,

1990 5012 2093 5052 nec
2122 4997 2292 5051 ullum
2326 4995 2608 5065 negotiqu
2641 4992 3048 5061 suscipiendum
3077 5002 3186 5047 est.
3215 4988 3384 5045 Isaias
3407 4989 3578 5053 enim,

1987 5090 2052 5144 ad
2112 5088 2446 5157 baptismum
2525 5102 2625 5140 nos
2682 5085 2985 5140 exhortans
3020 5125 3035 5149 ,
3087 5084 3220 5137 ait:
3286 5080 3577 5148 Sitieutes,

1994 5183 2097 5239 hoc
2138 5191 2248 5245 εει,
2280 5180 2373 5247 qui
2416 5177 2672 5245 baptismi
2700 5176 2976 5232 desiderio
3006 5175 3248 5246 ﬂagratis
3270 5214 3285 5239 ,
3317 5174 3387 5228 ad
3436 5172 3581 5229 refu-

1996 5271 2292 5329 cillationis
2338 5286 2532 5339 aquam
2579 5268 2797 5338 pergite,
2832 5268 2935 5323 hoc
2968 5276 3087 5331 est,
3120 5269 3187 5322 ad
3223 5270 3578 5336 baptismum,

1999 5363 2206 5435 peccati
2235 5361 2508 5416 ﬂammam
2541 5361 2909 5429 ardoremque
2940 5360 3394 5428 restinguentem,
3420 5366 3469 5409 et
3495 5357 3583 5425 qui

1999 5474 2102 5512 non
2142 5454 2345 5510 habetis
2383 5461 2696 5524 argentum,
2737 5461 2795 5506 ut
2825 5451 3059 5522 pretium
3101 5448 3266 5515 detis,
3296 5448 3452 5502 emite
3484 5448 3586 5503 bu—

2485 5659 2532 5693 ⁸⁸
2563 5657 2741 5715 Galat.
2789 5671 2875 5722 tu,
2929 5655 2999 5710 2"
3088 5655 3134 5690 "
3177 5652 3369 5712 Ma'tb.
3408 5670 3493 5721 ιιι,
3527 5654 3581 5711 ϐ.
