4064 6274
540 262 673 331 1215

1992 261 2378 324 ADDENDA.

3675 266 3693 331 i
3708 267 3813 329 3-76

529 377 773 450 jusmotli
815 394 1047 452 aquam,
1094 390 1348 452 prompto
1399 388 1564 453 atque
1605 381 1772 437 alacri
1837 381 2021 435 animo
2056 379 2122 434 ad
2153 387 2198 441 Α
2231 380 2667 467 utortatinmrst
2708 380 2880 449 gratia
2909 418 2923 443 ,
2968 394 3074 434 non
3129 396 3289 437 secus
3324 369 3488 453 atque
3518 398 3619 439 aer
3649 402 3815 456 quem

532 488 657 528 eam
700 473 1008 530 accedendo
1033 475 1099 530 ⁸⁷.
1130 475 1258 529 Solo
1289 476 1434 531 enim
1467 475 1767 531 voluntatis
1798 475 1975 545 pretio
2020 474 2119 529 ba-

532 568 773 637 ptis-uus
821 569 1043 623 emitur.
1099 568 1269 624 Porro
1313 585 1436 623 cum
1483 570 1818 624 voluntatem
1848 568 2121 638 cupidita-

535 669 761 728 temque
810 659 957 726 dico,
1010 676 1118 713 non
1154 660 1357 717 nudam
1405 677 1470 717 ac
1498 662 1801 732 simplicem
1835 661 2116 731 intelligo:

537 764 636 803 nec
653 751 799 805 enim
822 765 880 804 ea
907 748 1099 806 sulﬁeit
1131 766 1351 807 :terum
1379 765 1500 807 eam
1519 767 1641 818 quae
1663 752 1928 806 actionem
1950 751 2120 803 couti-

534 853 644 897 tem
689 843 852 898 habet
875 886 891 910 ,
926 858 1086 912 atque
1132 860 1194 899 ex
1233 861 1299 899 eo
1326 851 1469 914 qtunl
1500 846 1566 899 ad
1602 860 1712 898 rem
1743 845 2034 915 expetitum
2069 852 2122 897 et

530 931 881 998 concupitant
912 946 1010 986 nos
1038 930 1410 995 conferemus,
1432 933 1669 987 maxime
1698 925 2122 1004 apparetcteln-

535 1018 730 1073 cescit.
761 1020 1042 1075 lneessum
1080 1023 1281 1091 quippe
1304 1030 1363 1075 et
1396 1020 1793 1091 profectionem
1821 1024 1976 1094 pretii
2003 1023 2123 1076 locu

537 1106 709 1161 ducit.
745 1105 983 1177 Profecti
1023 1110 1195 1176 enim,
1231 1110 1432 1178 inquit.
1468 1111 1620 1165 emite
1659 1121 1709 1165 et
1749 1112 1905 1166 bibite
1942 1113 2123 1165 vinum

536 1199 651 1252 sine
673 1204 842 1264 pretio
870 1200 938 1266 ",
993 1199 1098 1255 hoc
1151 1213 1255 1265 est,
1301 1202 1581 1272 voluptate
1628 1201 1937 1257 alliciamini
1977 1203 2123 1256 nulla

540 1294 770 1360 pecunia
849 1296 1145 1363 persoluta.
1211 1294 1411 1349 Vinum
1489 1296 1636 1351 enim
1705 1296 2122 1351 oblectationem

538 1386 807 1456 designat.
830 1387 907 1441 Ac
937 1388 1162 1455 proinde
1188 1388 1388 1442 dictum
1415 1399 1498 1444 est
1525 1405 1541 1444 :
1570 1387 1636 1443 Et
1668 1390 2123 1446 vinuntexhilarat

538 1490 630 1527 car
659 1475 889 1529 hominis
917 1478 983 1530 ⁹⁹.
1025 1474 1115 1531 Vel
1146 1476 1379 1532 fortasse
1410 1480 1597 1534 vinum
1637 1482 1926 1551 mysticum
1968 1484 2127 1536 intelo

540 1565 677 1634 ligit,
715 1566 816 1621 hoc
846 1576 949 1626 est.
983 1569 1190 1624 Christi
1219 1572 1569 1640 sanguinem,
1602 1573 1760 1643 cujus
1791 1584 1909 1643 post
1948 1575 2128 1644 bapti-

536 1673 720 1712 smum
746 1660 916 1733 gratis
940 1661 1257 1731 participem
1282 1662 1394 1719 ﬁeri
1421 1665 1563 1719 licet.
1595 1666 1719 1721 Sitit
1738 1679 1903 1738 atque
1923 1656 2127 1739 appetit

544 1750 809 1807 Dominus
869 1768 896 1807 a
952 1755 1109 1810 nobis
1163 1757 1337 1809 amari
1390 1774 1405 1811 :
1458 1757 1662 1828 datque
1711 1760 2011 1829 jucundius
2063 1775 2126 1815 ac

539 1844 834 1905 libentius,
869 1861 1031 1915 quam
1085 1847 1175 1901 alii
1225 1849 1521 1919 accipiant,
1567 1851 1867 1908 dummodo
1912 1869 2126 1924 nequa-

538 1954 705 2008 quam
748 1954 916 2009 parva
943 1949 998 1994 et
1023 1940 1208 2007 exilia,
1244 1957 1432 1997 verum
1469 1959 1535 1997 eo
1561 1944 1725 2013 digna
1760 1948 2123 2016 postulemus.

543 2031 706 2087 Petiit
735 2047 764 2086 a
803 2030 1148 2090 Samaritana
1199 2045 1410 2105 potum,
1442 2038 1546 2094 hoc
1584 2049 1688 2105 est,
1731 2040 1888 2096 iidem
1913 2082 1929 2106 ,
1963 2050 2128 2112 atque

542 2124 711 2195 hujus
733 2125 860 2179 doni
885 2126 1218 2182 desiderium
1245 2149 1257 2181 :
1279 2130 1392 2197 ipse
1414 2140 1594 2185 autem
1614 2147 1732 2187 eam
1755 2134 2027 2203 baptismo
2045 2143 2129 2189 est

544 2216 857 2286 impartitus
879 2217 917 2272 ί.
944 2218 1045 2284 Qui
1076 2220 1196 2274 fons
1218 2223 1438 2289 quidem
1463 2224 1685 2288 dcitur,
1717 2227 1845 2295 quia
1874 2228 2128 2297 perenni-

543 2320 627 2365 ter
647 2310 802 2377 ﬂuit;
827 2326 983 2381 aquae
1012 2322 1217 2374 autem,
1245 2315 1371 2383 quia
1400 2315 1655 2372 vitiorum
1677 2321 1868 2375 sordes
1889 2320 2130 2376 abluitct

545 2411 761 2473 purgat,
787 2414 954 2474 atque
980 2404 1143 2458 etiam
1178 2404 1470 2462 atfectuum
1495 2407 1766 2471 ﬂammas,
1793 2411 2126 2480 exstinguit;

543 2496 793 2551 salientis
844 2497 1119 2567 denique,
1172 2498 1277 2553 hoc
1326 2510 1453 2565 est,
1491 2512 1639 2556 metu
1697 2505 1911 2571 agitaue
1959 2514 2127 2577 atque

545 2586 804 2651 efﬁcacis,
832 2595 887 2641 et
925 2588 992 2641 ad
1034 2590 1199 2643 vitam
1229 2601 1487 2646 aiternam
1520 2592 1817 2650 eﬂ‘erentis.
1852 2593 1971 2650 Jam
1996 2611 2126 2652 vero

548 2678 718 2733 Isaias
737 2679 989 2734 doctores
1008 2695 1105 2735 eos
1134 2683 1322 2737 beatos
1347 2683 1610 2754 praedicat
1632 2686 1795 2754 ','qui
1819 2687 2124 2741 doctrinam

543 2788 711 2843 super
772 2788 990 2829 onmem
1055 2790 1254 2845 aquam
1317 2786 1604 2845 spargunt,
1674 2779 1777 2831 huc
1828 2791 1913 2833 est
1961 2795 2128 2848 super

543 2881 765 2920 omnem
812 2868 1050 2923 animam
1112 2869 1363 2937 baptismi
1411 2886 1551 2940 aqua
1605 2872 1905 2940 perfusam,
1960 2893 2124 2946 quam

547 2956 810 3010 hesterno
859 2956 968 3020 die,
1024 2958 1126 3012 hoc
1180 2968 1300 3026 est,
1359 2970 1484 3015 ante
1543 2961 1873 3032 baptismum
1930 2950 2128 3022 divinat

2223 472 2521 543 spiramus,
2566 486 2630 524 ac
2666 472 2863 527 caelum
2897 472 3162 541 orbisque
3196 482 3475 542 aspectus.

2295 564 2408 622 Col.
2442 566 2546 621 599
2577 567 2641 619 Α.
2680 563 2795 619 Sint
2825 581 2950 618 sane
2993 565 3126 629 Ita’c,
3170 566 3363 619 dixerit
3410 566 3607 634 aliquis
3639 581 3806 633 quan-

2224 669 2357 721 tum,
2407 669 2513 713 etc.
2575 657 2696 712 S‘nt
2742 673 2878 713 sane
2907 674 3055 725 vera,
3087 659 3323 727 inquies,
3375 674 3498 727 qua:
3527 660 3597 711 de
3633 660 3816 724 nobis,

2223 754 2315 824 qui
2351 768 2379 806 a
2403 753 2534 807 'ulta
2564 760 2722 807 actate
2771 767 2990 813 sumus,
3050 738 3115 806 ac
3150 752 3482 822 baptismum
3523 752 3817 821 requirere

2225 860 2534 914 possumus,
2584 845 2682 900 abs
2708 852 2758 899 te
2786 845 2926 899 dicta
2956 853 3083 899 sunt
3112 862 3124 898 :
3158 860 3348 900 verum
3379 846 3446 901 dc
3474 846 3814 910 infantibus,

2223 937 2316 1006 qui
2355 937 2491 991 nihil
2517 938 2795 999 sentiunt,
2851 937 2983 1007 quid
3030 936 3159 992 ais?
3187 938 3271 992 An
3308 939 3406 993 bos
3439 953 3668 1009 quoque
3720 940 3815 994 ba-

2226 1032 2573 1102 ptizahitnus.
2613 1029 2691 1085 Ita
2725 1047 2897 1095 sane,
2953 1033 2998 1085 si
3049 1032 3194 1101 quod
3238 1032 3539 1103 periculum
3597 1043 3815 1104 urgeat.

2225 1125 2406 1193 Atque
2463 1123 2627 1191 hujus
2681 1122 2758 1176 rei
2822 1122 3213 1177 documentum
3270 1123 3401 1177 hinc
3460 1122 3571 1193 peti
3611 1135 3819 1193 potest,

2226 1216 2371 1287 quod
2409 1231 2476 1271 ne
2505 1215 2729 1271 Judaeus
2749 1217 2970 1285 quidem
3004 1216 3486 1272 circumcisiouem
3519 1226 3818 1272 aversatur

2226 1327 2321 1366 aut
2353 1309 2558 1374 diﬂ'erl,
2595 1304 2796 1363 minaci
2826 1310 2928 1363 bac
2966 1310 3219 1365 oratione
3241 1318 3522 1380 permotus
3554 1328 3569 1364 :
3618 1309 3813 1365 Omnis

2227 1404 2429 1457 anima.
2458 1417 2574 1467 qua:
2609 1410 2793 1455 octavo
2827 1401 2911 1454 die
2940 1400 3258 1454 circumcisa
3289 1416 3393 1454 non
3424 1400 3609 1469 fuerit,
3643 1410 3821 1452 exter-

2228 1491 2565 1546 minabitur".
2604 1490 2970 1546 Circuntcisio
3003 1499 3186 1545 autem
3227 1492 3317 1544 illa
3352 1490 3820 1544 Circumcisiunis

2229 1599 2336 1638 non
2364 1582 2690 1637 manul'acta:
2724 1582 2949 1651 ligurant
2981 1583 3225 1652 gerebat,
3280 1599 3411 1652 quas
3434 1583 3487 1636 in
3533 1582 3819 1652 baptismo

2231 1690 2326 1742 per
2378 1676 2566 1730 carnis
2601 1675 3058 1743 exspoliationem
3089 1674 3565 1743 abjct-tionemque
3598 1674 3820 1744 peragi-

2233 1765 2388 1819 tur'.
2413 1765 2491 1818 Ac
2525 1776 2812 1835 propterea
2850 1764 2963 1818 haec
2996 1764 3148 1819 nullo
3179 1765 3341 1818 modo
3375 1763 3680 1820 diﬂeren-la
3711 1776 3820 1830 ιιςι,

2231 1872 2356 1912 cum
2394 1856 2654 1911 Dominus
2680 1858 2925 1912 dixerit:
2962 1854 3086 1911 Nisi
3142 1857 3258 1931 quis
3315 1869 3475 1911 natus
3524 1858 3696 1925 luerit
3752 1873 3819 1911 με

2230 1968 2369 2022 aqua
2395 1961 2444 2006 et
2472 1950 2699 2021 Spiritu,
2751 1968 2852 2005 non
2895 1949 3116 2004 intrabit
3149 1950 3201 2005 in
3235 1966 3449 2019 regnum
3490 1947 3648 2003 Dei“.
3702 1948 3819 2004 "uc

2232 2041 2461 2105 accedit,
2498 2042 2641 2112 quod
2674 2050 2859 2111 postes
2898 2055 3121 2110 queque
3147 2048 3201 2093 et
3239 2039 3284 2095 si
3317 2054 3481 2093 sensu
3534 2048 3818 2103 carentes,

2230 2133 2498 2204 sanguine
2532 2133 2896 2203 ungebantur:
2916 2132 2937 2162 ⁸
2958 2140 3014 2186 et
3046 2140 3228 2185 tamen
3249 2130 3650 2185 exterminatur
3676 2144 3817 2184 cou-

2233 2228 2478 2297 signatas
2534 2225 2731 2281 domos
2788 2225 3104 2295 praeteribat
3146 2241 3160 2279 :
3208 2226 3262 2278 in
3301 2223 3371 2277 iis
3428 2231 3642 2286 autem,
3694 2237 3821 2289 qua

2231 2321 2447 2389 signum
2489 2318 2696 2373 nullum
2751 2316 3141 2389 prmierebant,
3202 2316 3557 2387 primigenum
3607 2316 3818 2384 prolem

2232 2409 2614 2464 itttetliciebat.
2645 2408 2877 2464 Proinde
2893 2423 3114 2478 quoque
3137 2408 3312 2462 satius
3328 2416 3432 2471 est,
3465 2420 3517 2461 ut
3548 2406 3817 2469 infantes,

2232 2502 2451 2555 tametsi
2481 2515 2647 2555 sensu
2681 2510 2922 2556 careant.
2954 2499 3324 2569 baptizentur,
3365 2515 3531 2570 quam
3566 2509 3633 2553 ut.
3676 2500 3818 2568 signi

2227 2602 2481 2661 expertes
2546 2607 2577 2647 e
2623 2593 2729 2647 vita
2781 2592 3068 2648 decedant.
3105 2590 3376 2658 Quoniam
3433 2592 3584 2644 enim
3634 2597 3818 2654 uiola,

2229 2685 2322 2755 qui
2379 2683 2690 2755 baptizatus
2743 2699 2849 2738 non
2900 2691 3028 2747 est,
3061 2684 3244 2737 dicere
3298 2690 3463 2751 queat
3512 2681 3607 2735 Dei
3649 2697 3820 2736 sum:

2232 2794 2354 2831 cum
2392 2779 2468 2832 rei
2502 2778 2668 2847 hujus
2696 2778 2850 2849 signa
2882 2788 2937 2831 et
2968 2785 3126 2831 notas
3156 2790 3341 2831 secum
3384 2788 3493 2827 nou
3531 2773 3678 2827 (erat
3698 2774 3723 2826 Ἰ
3753 2775 3821 2828 At

2232 2879 2361 2920 vero
2388 2864 2456 2919 de
2505 2865 2628 2920 aliis
2662 2864 2930 2931 puerulis,
2956 2879 3097 2933 quos
3126 2862 3311 2917 nullus
3335 2862 3607 2916 adversus
3635 2877 3821 2923 casus,

2232 2971 2334 3009 nec
2352 2955 2665 3025 periculurn
2705 2955 2874 3009 ullum
2903 2953 3167 3024 Baptismi
3208 2953 3544 3021 suscipiendi
3573 2954 3815 3007 necessi-

548 3046 744 3117 pluvia;
804 3048 1031 3118 penuria
1100 3049 1441 3107 ιαιιθηηιρηι
1471 3093 1487 3119 ,
1569 3066 1778 3110 vastam
1836 3067 1889 3112 ει
1953 3058 2126 3113 tum”-
2155 3067 2199 3126 ο
2233 3048 2700 3118 tateconstringit,
2728 3048 2780 3101 in
2806 3062 2866 3102 ea
2891 3062 3013 3101 sum
3035 3048 3325 3112 sententia,
3349 3055 3408 3100 ut
3430 3046 3573 3101 circa
3595 3046 3815 3100 tertium

544 3149 656 3195 tam
699 3141 877 3196 bruta:
927 3141 1096 3197 animi
1135 3146 1573 3212 perturbationes
1604 3150 1893 3205 ealea'baut
1919 3166 1983 3205 ac
2011 3169 2129 3221 prc-

547 3233 792 3291 utcbant.
815 3234 949 3289 Nam
985 3237 1235 3319 quirem
1270 3238 1511 3310 aliquam
1549 3243 1777 3310 pedibus
1824 3247 1970 3312 terit,
2005 3261 2128 3303 eam

545 3342 765 3399 quoque
805 3332 1137 3400 comprimit.
1198 3332 1491 3388 Dementia
1530 3342 1713 3391 autem
1766 3352 1832 3393 ac
1874 3342 2127 3396 vecordia

545 3436 646 3491 per
693 3422 886 3477 bovem
936 3434 1104 3494 atque
1152 3424 1370 3479 asinum
1405 3426 1767 3495 signiﬁcatur.
1802 3428 2127 3502 Quanquam

546 3511 716 3567 etiam
750 3516 837 3569 his
866 3513 1083 3582 verbis,
1121 3516 1479 3584 naturalium,
1529 3533 1594 3574 ac
1648 3533 1845 3589 praeter
1878 3534 2126 3581 naturam

546 3604 932 3661 exsistcntium
978 3604 1272 3660 aﬂectuum
1305 3606 1613 3664 discrimen.
1640 3614 1818 3668 notari
1849 3614 2128 3684 existimo,

468 3729 480 3741 ς
547 3696 806 3767 quoniam
863 3697 962 3752 bos
1029 3712 1231 3769 purum
1283 3710 1371 3756 est
1401 3701 1648 3766 animal,
1700 3707 1891 3763 asinus
1946 3718 2129 3766 autem

549 3788 821 3857 impurum
857 3799 912 3845 et
943 3788 1316 3844 immundum.
1348 3790 1468 3846 Joel
1501 3793 1725 3865 insuper
1752 3797 1870 3852 ait:
1898 3796 2045 3855 Fons
2064 3816 2130 3855 ex

545 3878 703 3941 domo
766 3878 978 3934 Domini
1039 3882 1341 3951 egredietur
1387 3900 1457 3937 ac
1502 3892 1790 3942 torrentem
1842 3890 2131 3960 juncorum

546 3973 752 4039 potitet
776 3973 818 4026 ³.
844 3973 1141 4032 Est-autern
1163 3984 1428 4046 quantum
1451 3978 1517 4033 ad
1539 3980 1856 4037 historicum
1880 4001 2127 4051 sensum,

550 4059 705 4113 locus
757 4059 900 4115 baud
934 4064 1124 4131 procul
1171 4063 1240 4119 ab
1273 4063 1663 4141 Hierosolymis
1698 4072 1946 4139 dissitus,
1987 4092 2130 4147 aqua

550 4165 766 4214 carens,
790 4161 844 4205 et
861 4152 1062 4221 juncos
1080 4154 1386 4221 proterens.
1410 4160 1716 4230 Allegorico
1736 4176 1916 4220 autem
1941 4182 2129 4236 sensu,

549 4258 649 4313 per
715 4242 921 4299 inritent
1000 4247 1330 4315 evangelica:
1394 4253 1801 4321 praedicationis
1879 4259 2130 4316 doctrina

550 4338 1022 4410 signiﬁcatumper
1040 4351 1333 4397 torrentem
1353 4356 1533 4400 autem
1549 4347 1868 4417 jnncorum,
1890 4350 2129 4407 ﬁdelium

2236 3141 2412 3197 mtatis
2437 3157 2666 3208 animm,
2688 3151 2778 3196 aut
2794 3143 3021 3195 omnino
3044 3141 3184 3194 intra
3207 3140 3314 3194 hoc
3330 3150 3559 3207 tempus,
3585 3138 3689 3192 hoc
3709 3137 3818 3189 ali-

2236 3246 2444 3306 quanto
2464 3236 2604 3290 ultra
2640 3237 2746 3291 hoc
2768 3234 3032 3304 spatium,
3054 3234 3403 3302 baptizentur
3433 3250 3446 3286 :
3468 3242 3519 3285 ut
3543 3230 3807 3284 nonnulla

2237 3336 2602 3383 sacrosancte
2628 3325 2958 3382 initiationis
2977 3325 3143 3379 verba
3176 3318 3371 3379 audire
3396 3339 3459 3379 ac
3485 3321 3809 3391 respondere

2238 3427 2489 3489 queant.
2555 3417 2707 3474 verbi
2768 3419 2946 3489 gratia
2993 3435 3008 3473 :
3062 3417 3405 3473 Abrenuutio
3474 3415 3690 3470 Satana:
3756 3429 3827 3468 ac

2236 3512 2457 3570 Christo
2490 3512 2774 3583 adjungor.
2807 3511 2915 3566 Res
2955 3511 3103 3566 enim
3131 3511 3238 3573 ita,
3284 3519 3336 3566 ut
3377 3509 3635 3564 dicturus
3676 3522 3829 3569 sunt,

2238 3621 2299 3661 se
2333 3606 2518 3669 habet,
2546 3605 2689 3674 quod
2743 3604 2894 3674 pueri
2927 3612 3042 3657 tum
3089 3603 3300 3659 demum
3333 3600 3454 3654 vitae
3482 3614 3602 3654 suae
3639 3600 3835 3652 ratio-

2239 3713 2361 3751 nem
2400 3698 2626 3752 reddere
2651 3696 2939 3766 incipiunt,
2967 3711 3094 3750 cum
3141 3693 3265 3749 tidei
3296 3693 3623 3763 mysterium
3650 3692 3837 3746 intel-

2239 3789 2491 3857 lexerint,
2512 3799 2569 3844 et
2597 3804 2723 3843 cum
2744 3789 2799 3843 in
2833 3788 2964 3859 ipsis
2988 3787 3146 3858 plena
3180 3797 3231 3843 et
3257 3784 3437 3842 adulta
3465 3785 3614 3837 ratio
3638 3781 3830 3846 fuerit,

2239 3885 2347 3939 hoc
2397 3892 2505 3947 est,
2532 3883 2777 3938 delectus
2804 3883 2931 3938 boui
2964 3891 3018 3936 et
3048 3883 3197 3936 maii.
3227 3879 3369 3936 Tum
3407 3886 3596 3933 autem
3624 3877 3695 3931 ad
3729 3876 3835 3946 pte-

2239 3991 2371 4031 num
2400 3975 2490 4030 illa
2524 3976 2785 4046 perducta
2816 3984 2920 4041 est,
2943 3990 3066 4029 eum
3094 3971 3449 4030 conscientia:
3478 3969 3761 4039 judicium
3783 3974 3833 4019 et

2239 4083 2502 4126 sensuum
2553 4082 2759 4137 organa
2810 4066 3112 4123 secundum
3166 4071 3419 4119 naturam
3468 4075 3636 4131 agere
3694 4059 3832 4111 inci-

2239 4161 2415 4231 piunt.
2440 4148 2562 4213 'lloc
2596 4172 2763 4227 pot-ro
2811 4157 2953 4213 circa
2987 4156 3377 4211 duodecimum
3437 4166 3645 4207 annum
3688 4163 3820 4201 eor:-

2242 4251 2418 4323 tingit.
2446 4249 2714 4306 Ceterum
2757 4249 3006 4322 quamvis
3032 4248 3246 4320 pueruli
3281 4247 3440 4302 venia
3482 4253 3826 4311 nequaquam

2240 4360 2379 4416 opus
2401 4344 2657 4409 habeant,
2678 4353 2865 4413 utpote
2890 4343 3130 4397 nondum
3159 4341 3215 4395 in
3241 4349 3528 4410 peccatum
3549 4333 3833 4406 prolapsi:

551 4429 824 4500 Ecclesia,
859 4448 981 4502 qua:
1010 4448 1134 4488 cum
1172 4435 1327 4505 prius
1353 4437 1505 4492 arida
1536 4449 1591 4494 et
1632 4440 1880 4497 siccitate
1909 4453 2128 4512 perusta
2169 4432 2210 4486 D
2240 4447 2294 4493 at
2323 4437 2426 4508 ipsi
2457 4446 2635 4491 tamen
2673 4435 2956 4506 signaculo
2984 4443 3039 4489 et
3073 4432 3331 4504 praesidio
3368 4430 3642 4499 indigent,
3668 4434 3841 4493 atque

550 4536 719 4590 esset,
755 4528 1016 4592 quoniam
1071 4530 1219 4584 nulla
1255 4530 1571 4600 hujusnmdi
1628 4534 1895 4591 doc-trime
1933 4535 2134 4594 ﬂuenta

556 4617 844 4682 hauserat,
876 4635 977 4675 nec
1005 4621 1296 4692 frugiferas
1327 4626 1469 4681 tilias
1499 4628 1745 4684 actiones
1778 4627 2130 4697 produxerat.

549 4721 747 4779 postea
766 4710 987 4780 irrigata
1012 4722 1117 4779 est,
1146 4715 1469 4788 fructusque
1491 4720 1629 4776 tulit.
1656 4719 1926 4787 Quoniam
1951 4732 2133 4780 autem

546 4801 774 4872 juncus,
814 4803 906 4873 qui
944 4804 1050 4858 feni
1081 4817 1171 4862 est‘
1192 4811 1425 4876 species,
1458 4811 1634 4866 brutis
1665 4812 2041 4871 animantibus
2078 4815 2131 4871 in

552 4891 812 4961 pabulum
838 4893 1002 4961 objici
1027 4897 1183 4962 solet,
1210 4899 1415 4954 ideirco
1437 4904 1675 4955 animam
1706 4905 1872 4959 stulte
1903 4913 2132 4963 temereL

551 4999 669 5054 que:
718 4984 993 5041 viventem
1052 4989 1365 5060 'lilteotogus
1416 4990 1746 5060 juncil‘eram
1804 4998 2126 5055 nominavitt

545 5077 707 5132 lianc
761 5094 927 5149 porro
980 5080 1338 5150 baptismatis
1370 5082 1540 5151 fonte,
1589 5091 1863 5160 extemplo
1912 5092 2132 5151 Domini

553 5182 811 5224 manante
831 5211 845 5231 ,
881 5173 1199 5241 irrigatam,
1233 5190 1334 5246 pro
1361 5176 1532 5247 junco
1561 5181 1811 5238 triticum
1859 5184 2003 5241 ferre
2034 5187 2130 5252 ait,

552 5261 659 5316 hoc
712 5270 825 5326 est,
876 5264 1124 5320 actiones
1159 5265 1403 5325 hominis
1452 5281 1663 5328 natura
1719 5281 2130 5336 convenientes.

540 5353 821 5420 Quocirca
856 5357 1005 5411 omni
1035 5357 1229 5412 statutio!
1250 5359 1344 5414 tibi
1375 5359 1445 5414 ad
1471 5364 1936 5436 vigilanduntest,
1964 5386 2040 5425 ne
2056 5372 2133 5427 sis

542 5459 757 5516 expers
786 5445 1042 5514 baptismi
1074 5463 1089 5501 :
1120 5446 1217 5516 qui
1245 5449 1481 5517 quidem
1515 5453 1831 5509 communis
1884 5457 2130 5513 omnium

626 5649 797 5704 "lsa.
826 5665 910 5711 tv,
941 5654 989 5706 Ι.
1051 5653 1096 5686 ⁸⁸
1132 5652 1262 5707 ibid.

547 5734 712 5785 :vut,
749 5722 832 5776 li.
914 5723 1165 5780 'Coloss.
1205 5738 1263 5790 tt,
1302 5725 1322 5777 l
1357 5739 1510 5794 seqq.
1581 5725 1622 5755 "
1648 5724 1808 5779 Juan.
1849 5741 1953 5793 ,ttt,
1990 5727 2043 5781 5.

1344 5653 1389 5685 "
1411 5650 1555 5709 Psalt
1585 5668 1701 5711 cru.
1741 5654 1829 5709 15.
1901 5655 1915 5685 ‘
1946 5653 2103 5710 Joan.
2131 5666 2204 5717 ιν,
2256 5660 2278 5712 ι
2314 5674 2466 5727 seqq.

1357 5739 1510 5786 seqq.
1581 5725 1622 5755 "
1648 5724 1808 5779 Juan.
1849 5741 1953 5786 ,tu,
1990 5727 2043 5781 5.
2119 5730 2139 5760 ‘
2166 5727 2337 5786 Exod.
2374 5745 2471 5786 xu.
2506 5730 2535 5783 7

2215 5745 2337 5786 κου.
2374 5745 2471 5797 xu,
2515 5745 2556 5788 ι.

2238 4529 2375 4599 ipsis
2430 4528 2735 4599 baptismns
2790 4525 3101 4582 efferendus
3149 4533 3204 4580 et
3241 4523 3589 4579 adhibendus
3619 4530 3733 4579 est,
3778 4526 3841 4571 ut

2236 4621 2719 4693 propugnaculum
2755 4619 3029 4689 quoddam
3081 4627 3137 4674 et
3182 4614 3553 4687 praemunitio,
3598 4620 3842 4682 propter

2235 4711 2572 4784 improvisos
2603 4725 2669 4765 ac
2719 4709 3037 4779 repentinos
3089 4723 3297 4763 casus:
3334 4707 3531 4776 quibus
3585 4717 3853 4773 persaepe

2245 4828 2313 4868 ne
2341 4824 2636 4865 occurrere
2674 4809 2894 4879 quidem
2921 4823 2985 4862 ac
3009 4808 3211 4862 mederi
3240 4805 3529 4875 quisquam
3563 4800 3775 4868 possit.

2310 4904 2443 4959 lhid.
2494 4902 2556 4958 C.
2608 4902 2676 4957 At
2721 4903 2877 4965 ilices,
2915 4898 3158 4956 Christus
3201 4898 3464 4951 tricesimo
3505 4909 3670 4954 anno,
3730 4900 3852 4945 etc.

2239 4997 2376 5053 Illud
2405 5012 2623 5066 quoque
2653 4994 2872 5066 obiicis,
2908 4994 3054 5064 quod
3088 4992 3345 5048 Christus
3371 4988 3653 5045 tricesimo
3692 4999 3856 5039 arino

2244 5090 2549 5160 baptizatus
2589 5098 2671 5144 est
2712 5107 2727 5143 :
2762 5088 2927 5159 idque
2955 5102 3081 5141 cum
3122 5086 3265 5140 Deus
3294 5094 3458 5141 esset.
3488 5080 3763 5135 Pluribus
3788 5090 3863 5132 ac

2240 5183 2474 5240 diversis
2504 5182 2682 5237 modis
2725 5189 3119 5250 argumentum
3179 5184 3282 5234 hoc
3309 5176 3479 5231 diluo.
3516 5172 3782 5227 Primum
3823 5185 3858 5224 τι

2242 5290 2501 5346 persona,
2531 5275 2660 5343 quia
2697 5274 2790 5329 ille
2834 5274 2977 5327 Deus
3007 5282 3147 5335 erat,
3183 5282 3238 5323 tn
3297 5278 3481 5324 autem
3530 5265 3749 5328 homo;
3790 5277 3864 5317 ac

2241 5369 2471 5438 proinde
2507 5367 2595 5422 ille
2623 5361 3405 5438 purgationenoniudigebat:
3442 5373 3633 5413 verum
3671 5370 3867 5424 prop»

2243 5469 2326 5515 ter
2350 5469 2402 5515 te
2432 5459 2746 5529 baptizatus
2773 5468 2875 5523 est,
2909 5454 3373 5528 quemadmodum
3408 5461 3463 5506 et
3491 5451 3863 5504 incarnatus:

2584 5660 2604 5692 '
2637 5660 2746 5716 lsa.
2784 5673 2950 5725 um,
2985 5656 3077 5712 20'.
3151 5655 3170 5687 ³
3204 5651 3323 5710 Joel
3352 5668 3433 5719 ιιι,
3476 5650 3565 5706 18.
3645 5649 3666 5681 ⁵
3702 5648 3862 5705 Gen.
