4064 6274
250 295 278 358 1
305 294 410 356 277

1232 287 1557 348 NICETAS
1601 285 1680 345 ΙΝ
1724 281 1947 344 ΟἷὶΑΤ.
1989 279 2090 341 XL
2132 278 2194 342 S.
2234 278 2471 340 GBEG.

3387 279 3528 344 1278-

247 421 326 466 tu
355 425 482 464 vero
514 423 842 479 magnopere
871 425 932 465 ea
958 425 1095 480 opus
1128 408 1320 465 habes.
1360 407 1559 462 Deinde
1595 423 1622 460 a
1653 421 1844 478 perso-
1875 410 1919 464 Α
1949 412 2074 458 ante
2120 402 2340 459 unicum
2373 402 2651 476 passionis
2681 401 2822 456 diem
2876 399 3131 457 Christus
3171 399 3376 456 Pascha
3410 411 3533 454 tra-

244 519 466 557 narum
501 500 954 556 circumstantiis.
988 500 1196 553 Etenim
1225 515 1289 554 ex
1320 498 1576 567 baptismi
1613 513 1762 550 mora
1788 505 1843 550 et

243 581 532 650 dilatione
577 595 715 648 nihil
747 594 971 662 periculi
1009 603 1146 660 erat,
1190 595 1336 662 qttod
1369 594 1416 648 ei
1472 593 1838 662 suspicionem

244 689 462 746 amarre
490 697 696 756 posset.
731 686 966 743 Utenim
1007 675 1147 754 quod
1191 685 1382 750 voluit,
1409 692 1570 738 natus
1601 689 1683 736 est
1717 701 1732 736 :
1767 681 1841 736 ita

243 780 460 834 mortis
512 793 731 850 quoque
773 794 896 833 cum
949 778 1048 848 ipsi
1109 777 1405 844 videretur,
1451 778 1737 834 arbitrium
1788 785 1842 831 et

242 878 587 940 potestatem
641 871 895 934 habebat,
937 870 1323 939 cruciatusque
1369 879 1423 923 et
1462 871 1745 937 supplicia,
1784 869 1838 922 in

241 965 410 1033 quod
440 972 656 1032 tempus
689 962 868 1028 libuit,
918 978 1138 1016 reserva
1177 963 1236 1016 it.
1271 967 1338 1016 At
1375 963 1470 1018 tibi
1504 963 1840 1032 periclitatur

238 1059 468 1120 anima,
491 1057 537 1116 si
571 1073 601 1112 e
632 1057 771 1110 vivis
804 1057 1124 1122 excesseris,
1167 1057 1506 1126 corruptioni
1549 1057 1650 1111 soli
1684 1056 1836 1124 geni—

234 1159 375 1214 ltts,
421 1151 525 1205 hoc
565 1159 670 1219 est,
727 1151 995 1205 nativitati
1051 1151 1333 1206 aﬂ'ectibus
1378 1151 1647 1214 obnoxia},
1705 1158 1759 1203 et
1801 1163 1831 1202 a

229 1244 613 1311 corruptione
641 1250 822 1297 ortum
858 1243 1104 1308 habenti,
1157 1259 1222 1296 ac
1250 1259 1355 1296 non
1386 1257 1480 1312 per
1503 1243 1832 1311 baptismum

228 1335 726 1404 incorruptionem
780 1333 1046 1396 indueris,
1090 1335 1192 1389 hoc
1238 1346 1341 1400 est,
1390 1334 1832 1404 tranquillitatem

229 1436 428 1495 atque
455 1427 855 1482 immunitatem
899 1443 928 1481 a
990 1427 1517 1496 perturbationibus,
1559 1429 1835 1496 animique

227 1519 572 1588 puritatem.
619 1519 952 1574 Dissolvetur
997 1535 1214 1589 quoque
1242 1519 1479 1590 objectio
1521 1529 1609 1573 tua
1637 1535 1666 1573 a
1697 1529 1834 1572 tem-

227 1625 412 1679 ptare.
439 1608 659 1664 Christo
680 1610 825 1663 enim
872 1619 926 1664 tu
959 1610 1222 1679 baptizari
1248 1626 1472 1666 necesse
1523 1621 1661 1677 erat,
1705 1627 1828 1666 cum

229 1702 570 1770 baptizatus
599 1711 702 1768 est,
737 1701 806 1755 oh
839 1716 932 1756 eas
984 1716 1202 1766 causas,
1237 1718 1374 1772 quas
1405 1711 1724 1757 recensebo.
1765 1704 1831 1756 At

224 1803 293 1846 tu
323 1833 336 1856 ,
373 1807 538 1862 quam
577 1793 882 1862 speciosam
910 1792 1189 1849 dilationis
1234 1809 1458 1849 causam
1493 1797 1822 1863 praetendas,

225 1883 463 1938 nullam
525 1884 693 1940 habes
744 1884 999 1941 Christus
1051 1885 1192 1940 enim
1251 1885 1456 1954 duplici
1535 1886 1602 1942 de
1658 1902 1824 1941 causa

226 1990 602 2044 nequaquam
667 1975 820 2044 prius
884 1975 1164 2041 inclaruit,
1221 1984 1383 2046 atque
1446 1973 1499 2030 iit
1542 1976 1823 2030 hominum

226 2071 429 2124 lucem
465 2070 685 2138 prodiit.
711 2085 836 2124 cum
885 2069 1222 2125 tricesimum
1254 2085 1456 2124 annum
1497 2071 1765 2140 attigisset
1809 2083 1823 2124 :

227 2163 445 2226 allera,
507 2177 574 2215 ne
627 2161 1008 2216 ostentationis
1068 2164 1304 2229 speciem
1354 2163 1616 2231 praeberet
1675 2163 1822 2233 (nam

233 2255 640 2310 ostentationis
672 2255 864 2310 vitium
915 2256 1222 2324 ineptorum
1258 2267 1342 2310 est
1380 2256 1684 2319 hominum,
1721 2256 1826 2309 hoc

237 2357 358 2411 εει,
392 2347 834 2412 ambitiosorum,
871 2357 1035 2417 atque
1083 2347 1385 2402 honestatis
1419 2357 1470 2401 et
1499 2347 1824 2407 humilitatis

239 2441 581 2512 expertium,
617 2451 712 2496 aut
759 2456 949 2496 eorum
991 2440 1081 2510 qui
1119 2441 1408 2496 immodice
1441 2440 1548 2495 sibi
1583 2440 1820 2510 placent,

239 2532 440 2600 quales
483 2532 596 2588 fere
628 2541 777 2597 sunt,
821 2534 914 2600 qui
979 2532 1280 2602 juvenilem
1339 2543 1550 2588 aetatem
1607 2531 1819 2602 agunt).

145 2694 152 2698 .
242 2646 457 2708 Altera,
509 2643 638 2713 quia
689 2645 806 2700 haec
833 2654 987 2708 aetas,
1026 2659 1222 2710 nempe
1267 2644 1491 2714 triginta
1528 2659 1822 2709 annorum,

244 2735 516 2789 absolutae
543 2735 759 2789 virtutis
804 2734 1068 2788 iudicium
1113 2743 1167 2788 et
1203 2742 1584 2802 argumentum
1633 2735 1820 2797 habet,

245 2839 486 2897 aptaque
520 2838 603 2882 est
632 2829 697 2881 ad
739 2827 1064 2882 docendum.
1109 2826 1210 2881 His
1236 2827 1303 2880 de
1337 2826 1519 2880 causis
1547 2825 1821 2882 tricesimo

244 2919 468 2972 demunt
523 2934 668 2973 anno
719 2920 772 2973 in
831 2917 1111 2986 publicum
1175 2915 1396 2985 prodiit.
1456 2915 1817 2985 Posteaquam

244 3019 431 3064 autem
463 3010 750 3063 imminere
783 3009 949 3075 erepit
985 3008 1116 3061 illud
1149 3020 1382 3075 tempus,
1424 3020 1534 3074 quo
1555 3005 1824 3074 supplicio.

244 3110 364 3152 erat
392 3099 737 3162 alliciendas,
773 3097 958 3150 omnia
989 3112 1110 3165 (mat
1141 3097 1209 3149 ad
1259 3095 1578 3166 passionem
1611 3105 1822 3165 specta.
1851 3096 1904 3158 C

247 3193 399 3253 bant,
429 3194 483 3246 in
509 3207 676 3245 unum
715 3191 965 3247 coierunt
1007 3203 1061 3245 et
1104 3190 1486 3245 conﬂuxerunt
1523 3207 1536 3242 :
1567 3205 1632 3244 ac
1669 3187 1818 3244 velut

242 3297 447 3352 corpus
483 3283 753 3350 quoddam
812 3284 1136 3337 continuum.
1176 3283 1380 3337 fartum
1421 3291 1520 3336 est.
1556 3281 1626 3336 Ut
1669 3283 1814 3336 enim

244 3370 313 3421 ad
358 3369 643 3424 hominum
676 3371 861 3425 oculos
889 3372 1248 3439 notitiamque
1279 3372 1544 3441 pervenit,
1581 3372 1819 3443 baptiza-

244 3467 340 3514 tus
360 3468 476 3525 est;
501 3476 569 3515 ex
607 3461 877 3530 baptismo
906 3462 1100 3518 deinde
1130 3466 1196 3518 ad
1231 3479 1363 3518 eum
1401 3463 1595 3533 ingens
1610 3473 1817 3518 morta-

245 3563 379 3617 lium
427 3564 718 3621 multitudo
766 3565 1049 3633 conﬂuxit,
1120 3578 1304 3638 atque,
1349 3578 1407 3623 ttt
1461 3569 1636 3638 inquit
1676 3570 1814 3624 Mat-

244 3657 416 3712 thaaus
434 3659 478 3722 ⁸,
513 3669 785 3716 commota
841 3669 896 3715 et
949 3661 1096 3715 velut
1143 3670 1376 3715 tremore
1419 3677 1691 3718 concussa
1733 3673 1816 3718 est

243 3751 504 3808 universa
538 3753 752 3816 civitas,
795 3761 1167 3807 concurrente
1223 3752 1480 3807 videlicet
1524 3754 1724 3822 populo
1751 3767 1816 3810 ac

242 3857 364 3897 sese
392 3853 768 3900 commovente
800 3862 814 3897 :
849 3852 962 3897 tum
990 3855 1216 3913 promer.
1263 3844 1629 3899 multitudinis
1681 3861 1816 3898 con.-

244 3950 466 3989 cursum
497 3935 760 3989 miracula
800 3943 928 3989 sunt
967 3935 1132 3998 edita,
1177 3944 1236 3988 ut
1300 3935 1368 3989 iis
1411 3945 1652 4002 permota
1688 3950 1814 4004 pro-

245 4027 454 4080 miscua
483 4026 636 4094 plebs
662 4026 726 4079 ad
747 4025 1022 4096 Evangelii
1044 4025 1202 4079 tidem
1236 4039 1297 4080 se
1316 4023 1814 4080 conferret.Postea

243 4117 299 4170 in
368 4117 625 4170 invidiam
683 4126 846 4185 atque
902 4117 1086 4171 odium
1150 4115 1441 4181 adductus,
1494 4115 1826 4185 insidiisque.

242 4209 514 4278 appetitus
549 4219 603 4265 et
626 4211 894 4280 proditus,
927 4225 992 4265 ac
1022 4210 1242 4266 tandem
1279 4210 1428 4266 cruci
1482 4209 1680 4264 afﬁxus
1707 4216 1811 4274 est,

242 4313 404 4372 atque
451 4318 514 4358 ea
579 4303 844 4373 supplicia
903 4304 1143 4371 pertulit,
1184 4303 1388 4372 quibus
1447 4303 1607 4357 nobis
1664 4301 1824 4356 salus.

243 4406 392 4461 parta
423 4405 525 4452 est.
564 4395 740 4466 Atque
774 4395 855 4449 ha:
884 4410 1062 4450 causa
1117 4393 1357 4461 fuerunt,
1411 4409 1508 4449 cur
1562 4392 1814 4448 Christus

240 4500 308 4540 eo
334 4488 549 4541 demum
585 4496 828 4556 tempore
870 4487 1262 4557 baptizaretur,
1293 4498 1558 4558 quantum
1593 4485 1811 4555 quidem

242 4578 356 4646 ipse
401 4581 712 4649 cognitione
759 4595 1044 4648 assequor.
1086 4578 1206 4632 Tibi
1247 4595 1372 4633 vero
1408 4579 1538 4648 quid
1588 4593 1814 4633 necesse

1865 1745 1902 1799 B

1945 496 2082 550 didit
2111 513 2125 551 :
2151 505 2206 550 at
2232 512 2330 552 nos
2365 497 2418 550 in
2457 497 2630 551 sacris
2679 494 2934 547 domibus
2972 503 3026 546 et
3070 493 3264 562 jejuni,
3301 502 3357 545 et
3400 501 3527 559 post

1947 587 2177 640 reditum
2212 587 2414 642 Christi
2445 587 2511 641 ad
2547 588 2711 640 vitam
2755 584 2882 638 illud
2921 585 3287 638 celebramus.
3326 582 3399 636 Ita
3430 599 3519 637 res

1942 676 2167 742 Christi,
2187 688 2243 732 ttt
2269 679 2486 744 quidem
2517 679 2689 731 forma
2719 686 2880 746 atque
2905 675 3234 744 exetnplum,
3267 689 3293 726 a
3319 675 3522 728 nostris

1943 773 2106 825 rebus
2141 788 2250 826 non
2278 772 2501 824 omnino
2537 771 2781 838 abrupta:
2815 784 2879 823 ac
2916 768 3191 820 distractae
3211 775 3340 820 sont
3376 781 3391 818 :
3423 780 3522 818 nec

1942 878 2137 918 rursus
2178 863 2252 916 ita
2308 861 2636 931 conjunctae.
2674 860 2807 930 quin
2866 856 3372 912 dissimilitudinem
3421 856 3520 908 ali-

1943 970 2102 1022 qnam
2129 953 2442 1007 admittant.
2475 951 2671 1006 Eadem
2701 965 2918 1020 quoque
2947 959 3031 1003 est
3063 949 3316 1016 baptismi
3359 949 3516 1012 ratio,

1941 1059 2100 1111 quem
2153 1042 2417 1097 Dominus
2441 1051 2661 1110 propter
2691 1056 2791 1093 nos
2822 1040 2890 1092 ita
2943 1039 3204 1108 suscepit,
3248 1048 3303 1092 ιιι
3335 1048 3516 1092 tamen

1939 1136 2198 1204 temporis
2233 1136 2409 1204 spatio
2471 1142 2634 1199 atque
2665 1132 2952 1185 intervallo
2978 1130 3208 1185 diﬂ‘erat.
3241 1129 3517 1197 Quamob-

1939 1241 2052 1279 rem
2108 1239 2215 1278 non
2298 1235 2425 1288 est,
2480 1223 2629 1294 quod
2690 1234 2744 1277 ttt
2800 1223 2904 1275 hoc
2951 1231 3328 1290 argumentum
3363 1219 3516 1289 quasi

1939 1316 2104 1369 telum
2154 1317 2424 1385 quoddam
2499 1315 2764 1370 adversus
2838 1312 3068 1366 salutem
3137 1321 3283 1365 tuam
3339 1311 3518 1364 intor-

1937 1419 2132 1475 queas:

2007 1495 2122 1550 Col.
2156 1496 2262 1551 402
2301 1495 2362 1549 D.
2406 1493 2588 1558 Quare
2628 1495 2672 1547 si
2719 1492 2848 1564 quid
2880 1509 2960 1546 me
2997 1491 3317 1544 audiendum
3355 1499 3513 1558 puta-

1937 1586 2025 1648 tis,
2056 1595 2161 1641 etc.
2189 1584 2383 1639 Valere
2405 1583 2615 1654 jttbete.
2647 1583 2742 1638 Gr.
2775 1583 2991 1651 χαῖρειν
3033 1583 3251 1635 ἐάσατε.
3287 1581 3514 1634 Prover-

1937 1680 2095 1736 bialis
2145 1681 2258 1733 haec
2310 1679 2536 1733 locutio.
2605 1679 2824 1732 Veteres
2868 1678 3013 1731 enim
3066 1691 3160 1731 eos
3206 1692 3344 1744 quos
3385 1676 3513 1730 odio

1938 1767 2441 1837 prosequebantur,
2501 1765 2696 1819 obvios
2753 1764 3016 1819 habentes
3066 1766 3248 1819 valere
3303 1773 3510 1819 tantum

1938 1856 2127 1924 jussos
2159 1856 2529 1924 praeteribant.
2561 1852 2734 1906 Porro
2766 1855 2865 1906 hoe
2898 1856 3122 1907 verbum
3159 1855 3292 1921 ipsis
3323 1852 3508 1908 ﬂetum

1937 1961 2000 2000 ac
2038 1946 2332 2014 perniciem
2372 1945 2733 2013 signiﬁcabat.
2773 1945 3008 1997 Proinde
3041 1955 3095 1999 tu
3129 1960 3374 2014 quoque,
3431 1945 3515 1998 in-

1935 2036 2052 2104 quit
2082 2032 2416 2104 Theologus.
2444 2033 2758 2098 httjusmodi
2786 2035 3048 2095 rationes,
3074 2050 3212 2103 quas
3236 2035 3509 2103 prtetexis,

1935 2129 2113 2183 valere
2147 2128 2373 2195 jubens,
2426 2126 2494 2180 ad
2547 2127 2883 2203 baptismum
2930 2142 3180 2192 accurre,
3221 2144 3284 2183 ac
3313 2128 3508 2198 duplex

1934 2229 2209 2274 certamen
2291 2219 2512 2288 suscipe
2568 2237 2582 2274 :
2633 2219 2906 2284 alterum,
2961 2228 3023 2274 ut
3090 2221 3324 2290 teipsum
3386 2230 3512 2274 ante

1935 2310 2265 2376 baptismum
2292 2324 2530 2378 purges:
2567 2309 2820 2372 alterum,
2858 2319 2916 2364 ut
2948 2311 3275 2381 baptismum
3301 2311 3510 2368 tuearis

1932 2408 2099 2467 atque
2125 2415 2440 2455 conserves.
2466 2397 2920 2470 Quandoquidem
2946 2401 3101 2471 juxta
3131 2400 3510 2457 Demosthenis

1931 2492 2280 2550 sententiam.
2329 2491 2649 2560 plerumque
2683 2493 2908 2563 majoris
2943 2494 3150 2562 negotii
3184 2509 3247 2549 ac
3277 2494 3509 2549 diilicul—

1935 2584 2062 2638 latis
2089 2599 2214 2638 esse
2244 2583 2460 2636 videtur
2484 2582 2640 2636 ‘bona
2678 2598 3033 2649 conservare,
3063 2600 3224 2652 quam
3256 2585 3506 2653 adipisci.

1933 2675 2003 2728 At
2061 2674 2212 2729 dices
2248 2690 2263 2727 :
2297 2673 2586 2743 Permagni
2639 2673 2843 2743 negotii
2899 2683 2983 2728 est
3049 2675 3198 2729 hunc
3259 2676 3507 2744 baptismi

1930 2764 2250 2818 thesaurum
2288 2764 2448 2817 tueri.
2489 2762 2691 2817 Sedulo
2721 2777 2849 2816 vero
2883 2763 3142 2834 invigila‘,
3177 2764 3376 2831 frater,
3414 2773 3509 2834 ttt,

1929 2855 2074 2921 quod
2130 2867 2324 2916 amas,
2389 2853 2671 2918 retineas,
2731 2853 2832 2906 hoc
2891 2863 3012 2918 est,
3073 2863 3134 2909 ut
3199 2865 3506 2926 perceptam

1930 2944 2188 3013 baptismi
2225 2945 2456 3012 gratiam
2489 2944 2784 2998 custodias.
2815 2943 3018 2998 Pratsto
3051 2953 3178 3000 sunt
3213 2945 3306 3000 tibi
3348 2946 3508 3002 auxi-

1929 3035 2097 3089 liares
2131 3036 2324 3104 copias,
2373 3034 2418 3088 si
2452 3034 2715 3097 volucris,
2765 3034 3024 3088 nimirum
3066 3036 3244 3090 oratio
3287 3047 3509 3091 noctur-

1929 3142 2029 3180 nas
2059 3126 2329 3180 excubias
2351 3140 2540 3194 agens,
2569 3126 2747 3180 inedia
2779 3125 3066 3180 familiaris
3091 3141 3154 3181 ac
3182 3127 3502 3194 domestica,

1924 3216 2226 3285 psalmodia
2279 3217 2524 3270 animum
2576 3216 2862 3272 obiectans
2916 3225 3082 3286 atque
3127 3219 3501 3288 permulcens.

1925 3306 2035 3362 llas
2067 3307 2245 3362 socias
2277 3305 2374 3360 tibi
2417 3307 2626 3363 ascisce
2658 3325 2672 3361 :
2703 3308 2786 3362 lue
2817 3307 2883 3362 ad
2921 3322 3101 3371 rerum
3139 3308 3500 3365 charissima-

1924 3415 2044 3451 ruut
2077 3399 2382 3454 custodiam
2416 3399 2581 3453 simul
2608 3407 2947 3464 pcrnoctent.
2988 3398 3253 3455 Praeclara
3285 3415 3504 3471 quoque

1924 3491 2088 3546 fetet-it
2119 3491 2353 3561 largitio,
2386 3500 2439 3544 et
2468 3506 2592 3559 qua}
2621 3505 2742 3545 eam
2769 3491 3042 3560 praecedit,
3083 3491 3456 3548 misericordia
3484 3509 3500 3549 :

1921 3599 2045 3653 quae
2079 3583 2247 3637 animi
2301 3581 2516 3637 affectio
2553 3579 2661 3646 est,
2705 3598 2768 3638 ac
2819 3584 2967 3638 nuda
3011 3593 3066 3638 et
3096 3584 3324 3653 simplex
3368 3600 3500 3639 con-

1921 3674 2282 3730 dolescentia.
2327 3674 2536 3726 Etenim
2591 3674 2837 3729 studium
2875 3675 2942 3730 de
2976 3677 3309 3744 pauperibus
3361 3677 3499 3730 bene

1921 3763 2165 3818 merendi
2218 3771 2514 3832 utrumque
2564 3765 2669 3819 hoc
2717 3765 2812 3819 tibi
2869 3764 3166 3834 praesta-bit,
3213 3775 3273 3819 ut
3323 3774 3378 3820 et
3432 3765 3500 3820 de

1923 3853 2054 3916 Deo,
2089 3855 2181 3925 qui
2210 3863 2262 3908 te
2299 3869 2392 3922 per
2440 3854 2780 3924 baptismum
2815 3855 3088 3910 beneﬁcio
3121 3855 3322 3923 alieeit,
3354 3871 3496 3926 prae-

1924 3945 2074 3999 clare
2111 3946 2371 4001 merearis
2403 3963 2417 4000 :
2448 3954 2504 4000 et
2541 3954 2698 4004 tutu-s
2731 3947 2825 4002 tibi
2856 3948 2928 4002 sit
2963 3949 3288 4018 baptismus.
3316 3949 3498 4005 Habes

1921 4035 2102 4089 multa.
2138 4035 2434 4106 Scriptura
2488 4037 2826 4102 testimonia,
2880 4052 3000 4106 quae
3041 4048 3092 4093 te
3140 4041 3499 4110 eleemosyuae

1921 4125 2312 4192 submoneant,
2365 4137 2532 4196 atque
2585 4128 2653 4182 ad
2699 4143 2820 4183 eam
2868 4141 2920 4184 te
2969 4131 3228 4185 excitent.
3281 4129 3497 4196 Pauper

1919 4215 2182 4278 accessit,
2211 4216 2414 4272 Lazaro
2446 4217 2668 4283 similis,
2701 4226 2979 4288 quatenus
3008 4219 3224 4273 scilicet
3248 4219 3326 4272 ad'
3351 4217 3496 4273 fores

1924 4316 2046 4362 tuas
2104 4309 2430 4377 provolutus
2481 4317 2605 4371 est,
2677 4319 2841 4381 atque
2895 4310 2949 4362 in
3007 4309 3196 4362 eadem
3254 4317 3497 4378 egeState

1879 4457 1885 4470 ᾖ
1923 4401 2228 4470 iisdemque
2253 4400 2641 4456 aﬂlictionibus
2675 4399 3192 4469 calamitatibusque
3215 4397 3498 4453 versatur?

1918 4492 1973 4546 In
2020 4501 2258 4547 mentem
2311 4493 2407 4546 tibi
2441 4492 2648 4553 veniat,
2697 4491 2853 4560 (μιοὼ
2882 4491 2998 4561 ipse
3045 4504 3266 4560 quoque
3300 4505 3492 4559 magna

1917 4585 2134 4639 virtutis
2191 4584 2377 4654 inopia
2440 4593 2570 4638 ante
2623 4581 2958 4652 baptismum
3015 4581 3286 4635 laborasti.
3321 4595 3336 4633 :
3370 4589 3496 4648 post

239 4679 341 4733 est,
369 4683 425 4725 ut
456 4673 570 4725 haec
603 4671 656 4724 in
702 4671 1006 4740 exetnplutn
1044 4671 1288 4736 trahens,
1321 4671 1462 4724 male
1489 4670 1584 4725 tibi
1613 4685 1814 4725 consu-
1859 4718 1862 4720 .
1915 4675 2249 4746 baptismum
2303 4685 2486 4730 autem
2533 4676 2610 4730 ad
2657 4673 3038 4743 amplissimas
3081 4686 3215 4741 opes
3262 4681 3488 4727 evectus

242 4759 358 4816 las?
415 4762 865 4832 quandoquidem
911 4772 965 4816 et
1009 4763 1264 4830 pleraque
1319 4761 1422 4816 alia
1471 4761 1528 4816 in
1591 4761 1812 4817 Christo

240 4855 502 4923 reperies,
564 4870 686 4924 quae
737 4869 862 4909 cum
928 4855 1134 4908 nostris
1192 4854 1376 4918 rebus,
1429 4863 1694 4923 quantum
1741 4854 1807 4908 ad

241 4953 502 5015 tempore,
548 4961 656 5000 non
713 4945 1081 5001 consentiant.
1139 4945 1231 5000 ille
1312 4947 1458 4999 enim
1509 4947 1691 5000 statim
1751 4953 1819 4999 ut

241 5036 542 5105 baptizatus
585 5045 690 5101 est,
746 5037 1065 5107 priusquam
1111 5051 1146 5091 α
1195 5036 1424 5092 diabolo
1481 5045 1808 5100 tentaretur,

239 5130 726 5200 quadragenarium
806 5127 1074 5199 jejunium
1152 5131 1422 5184 adversus
1482 5130 1812 5184 mutationes

238 5220 480 5274 obtendit
517 5237 531 5275 :
565 5230 736 5275 atnos
769 5229 897 5274 ante
924 5219 1128 5276 Pascha
1153 5221 1488 5291 jejunamus,
1510 5219 1808 5289 jejunium.-

239 5312 531 5382 queipsum
572 5313 637 5367 ad
672 5313 870 5368 virium
897 5325 1212 5368 nostrarum
1258 5313 1490 5366 modum
1540 5321 1811 5379 attempeo

239 5419 438 5460 ramus.
475 5402 587 5458 Hoc
628 5403 1094 5475 porrojejunium
1138 5405 1295 5458 nobis
1357 5403 1811 5460 facietnlumesse

239 5495 524 5563 signiﬁcat,
550 5505 608 5550 ut
669 5496 977 5565 per-ipsum
1020 5510 1143 5549 cum
1203 5496 1425 5550 Christo
1483 5496 1804 5552 moriamur.

237 5589 514 5643 (Imtsimili
563 5589 727 5645 etiam
793 5585 1005 5643 ratione
1064 5588 1350 5657 discipulis
1413 5601 1534 5658 post
1589 5606 1803 5647 coenam

274 5749 314 5778 “
360 5747 548 5801 Matth.
586 5763 702 5807 ut.
746 5746 828 5804 l0.
950 5746 1126 5804 ’Joan
1166 5764 1204 5807 ι.
1247 5749 1332 5804 ιι.

1910 4782 1992 4832 es,
2041 4767 2302 4822 nimirum
2337 4767 2402 4822 ad
2445 4766 2850 4837 purgationem,
2902 4763 3256 4832 adoptionem
3311 4762 3489 4817 etelo-

1909 4875 2030 4914 rum
2067 4875 2318 4930 regnum,
2367 4859 2710 4914 divinitatem
2742 4857 2916 4927 ipsam
2951 4873 2965 4910 :
2998 4856 3126 4909 item
3171 4854 3324 4924 quod
3371 4869 3494 4908 eor-

1912 4966 2042 5021 pore
2101 4967 2166 5005 ac
2224 4951 2493 5020 sanguine
2543 4949 2746 5005 Christi
2810 4947 3058 5002 nutritus
3109 4960 3210 5012 es,
3273 4959 3337 4998 ac
3396 4960 3494 5012 per

1909 5042 2280 5098 Christianum
2336 5043 2665 5114 hujusmodi.
2703 5040 3044 5096 sacriﬁcium.
3088 5037 3483 5106 perfecti'mtem

1911 5133 2148 5202 adeptus
2179 5148 2260 5189 es.
2306 5132 2618 5202 Peregriuis
2651 5132 2938 5202 quispiam.
2981 5145 3041 5186 se
3093 5129 3490 5193 obtulit,.teeto

1912 5241 2142 5291 carens,
2199 5225 2460 5280 advena-2‘
2510 5225 2625 5279 Per:
2671 5225 2944 5294 hospitem
3005 5231 3061 5278 et
3108 5222 3506 5292 peregrinum,

1905 5316 2190 5374 Christum
2242 5317 2496 5386 suscipe,
2525 5318 2618 5385 qui
2655 5317 2801 5370 velut
2835 5325 3098 5370 externus
3145 5331 3212 5367 ac
3243 5311 3487 5381 perremi-

1905 5422 2011 5461 nus
2048 5409 2108 5460 in.
2157 5407 2419 5462 mundum
2449 5408 2618 5462 venit.
2651 5407 2738 5462 Ait
2785 5407 2932 5462 enim
3001 5403 3387 5474 evangelista:
3423 5400 3490 5452 l-n

1904 5501 2122 5570 propria
2158 5501 2332 5564 venil,
2352 5508 2400 5554 et
2441 5503 2522 5554 sui
2560 5515 2815 5554 emrtuos
2847 5505 3146 5565 recwerunt
3171 5492 3488 5562 '..l‘rupria.

1905 5604 2085 5647 autem
2122 5593 2319 5665 ipsius,
2365 5609 2607 5664 praesens
2653 5593 2742 5648 hic
2773 5588 3012 5645 mundus
3055 5597 3160 5655 est,
3196 5595 3387 5657 utpote
3417 5584 3494 5643 ab

3127 5841 3242 5861 ...Δ
