4048 6278
570 308 705 378 1279

1994 337 2383 402 ADDENDA.

3685 370 3829 435 1230

562 440 629 479 ⁸ο
675 436 916 488 "eat-"3'
969 431 1072 487 Per
1122 434 1286 489 (ίοτηο
1343 444 1646 502 carentem:
1708 452 1831 492 cum
1888 440 1977 506 ‘l'Ii
2043 439 2520 508 βενΔιςιιγοιιὶηἰῖ
2557 459 2775 527 quidem
2823 466 3203 527 remissionem
3248 474 3506 545 baptismi
3553 482 3830 537 beneficio

566 515 893 545 Ennium“-.-
951 525 1000 545 ι--
1055 534 1100 545 .-
1171 542 1218 545 -A
1503 530 1536 545 ι.
1642 538 1653 545 .
1828 531 1842 545 ι
1904 531 1972 545 ι..
2055 532 2087 545 ..

565 515 894 585 baptismum
951 525 1002 576 in
1054 534 1105 579 te
1160 529 1543 598 commigravit
1605 538 1770 602 atque
1827 531 2135 596 habitavit.

562 609 712 664 velut
758 614 1016 679 templum
1061 616 1154 672 Dei
1214 620 1465 676 effectum
1509 624 1807 694 (Templum
1839 627 1979 681 enim
2014 625 2133 687 Dei,

563 700 762 768 inquit,
795 705 921 757 estis
948 706 1014 776 ⁸).
1066 707 1170 764 Per
1197 713 1462 768 advenam
1506 693 1723 783 rursus,
1778 733 1903 773 eum
1939 719 2031 787 qui
2065 719 2133 773 ab

558 791 726 861 hujus
755 795 876 850 vitae
906 801 1347 869 peregrinatione
1376 816 1430 860 et
1462 808 1702 863 incolatu
1745 812 1809 865 ad
1837 827 2129 878 supernam

559 885 952 945 habitationem
985 902 1036 947 te
1070 899 1358 963 pertraxit.
1390 899 1523 955 Cum
1550 904 1719 966 enim,
1748 904 1945 971 inquit,
1977 906 2131 958 exal-

557 988 701 1031 tatus
738 980 910 1048 fuero.
946 1002 1123 1042 omnes
1155 992 1363 1045 traham
1399 994 1468 1048 ad
1498 996 1810 1065 meipsum’.
1848 997 2128 1067 thuem-

553 1068 848 1126 admodum
889 1072 1173 1144 Zaehieus,
1208 1094 1565 1153 posteaquam
1606 1087 1886 1143 Christum
1934 1090 1989 1143 in
2027 1091 2130 1144 do-

554 1175 703 1215 mum
741 1178 896 1220 suam
945 1172 1180 1240 excepit,
1212 1175 1492 1231 dimidiam
1528 1179 1749 1248 quidem
1798 1178 2120 1236 facultatum

553 1267 780 1309 suarum
845 1270 1057 1327 partem
1120 1268 1454 1335 pauperibus
1505 1273 1791 1341 erogavit,
1856 1274 2124 1343 reliquam

551 1355 732 1400 autem
767 1351 1012 1418 retinuit,
1040 1370 1146 1408 non
1180 1368 1235 1409 ut
1264 1360 1381 1427 ipse
1414 1362 1481 1415 iis
1516 1362 1812 1429 frueretur,
1842 1367 1934 1418 sed
1973 1376 2027 1419 ut
2060 1383 2124 1421 ea

548 1440 843 1514 quadrupli
881 1444 1088 1502 faenore
1120 1452 1452 1517 restitueret,
1486 1472 1606 1526 quae
1638 1457 1858 1527 injustis
1892 1459 2123 1515 rationi-

549 1531 653 1586 bus
691 1542 745 1587 et
784 1535 974 1591 fraude
1006 1555 1071 1593 ac
1105 1556 1199 1609 per
1235 1545 1562 1600 calumniam
1593 1549 1884 1620 collegerat
1909 1554 1951 1585 ¹⁰
1987 1572 2001 1607 :
2044 1557 2125 1610 sic

551 1630 606 1675 tu
641 1639 857 1694 quoque
893 1632 1274 1699 magnanimus
1309 1647 1449 1702 esto,
1483 1639 1590 1695 hoc
1621 1651 1724 1704 est,
1764 1646 2119 1712 pecuniarum

549 1724 925 1786 contemplor,
974 1737 1037 1776 ac
1082 1740 1248 1794 supra
1308 1744 1394 1782 res
1445 1739 1688 1787 terrenas
1738 1748 2003 1808 assarge,
2063 1745 2120 1790 ut

547 1823 781 1877 magnus
837 1817 1139 1871 secundum
1194 1821 1537 1889 spiritualem
1594 1835 1831 1890 aetatem,
1885 1846 2007 1898 qute
2064 1830 2116 1885 in

543 1900 764 1956 virtutis
796 1903 1134 1963 incremento
1170 1911 1415 1983 sita‘est,
1444 1929 1729 1984 appareas,
1763 1928 1925 1983 atque
1955 1921 2115 1977 Chri-

544 1993 723 2048 stiana
766 1997 1101 2055 theoremata
1129 2004 1286 2072 plene
1307 2016 1359 2061 et
1382 2018 1571 2063 exat-te
1603 2011 1894 2083 intelligas.
1931 2012 2117 2071 Saucii

544 2092 599 2138 et
653 2090 781 2158 aegri
829 2101 880 2146 te
936 2096 1193 2152 misereat
1235 2115 1250 2154 :
1297 2103 1742 2173 quandoquidem
1795 2116 1848 2162 te
1900 2125 2119 2179 quoque

544 2177 797 2260 Christus
850 2184 1231 2254 spiritualibus
1278 2193 1596 2251 vulneribus
1644 2213 1738 2266 per
1782 2177 2117 2267 baptismum

541 2269 812 2330 liberavit.
843 2274 905 2331 Si
928 2279 1119 2335 videris
1142 2283 1362 2347 nudum,
1387 2298 1618 2359 contage,
1647 2296 2113 2360 quemadmodum

538 2362 712 2421 Isaias
754 2367 1005 2425 hortatur
1030 2374 1095 2440 “,
1129 2384 1191 2429 ut
1235 2376 1616 2435 indumentum
1655 2393 1833 2452 tuum,
1869 2386 1975 2442 hoc
2003 2397 2110 2453 est,

538 2455 845 2524 Christum,
897 2478 1059 2530 quem
1113 2482 1208 2536 per
1261 2469 1592 2539 baptismum
1646 2479 1853 2543 induis,
1906 2480 2113 2539 honore

538 2545 767 2601 allieias.
831 2549 885 2603 Si
929 2553 976 2606 is
1009 2554 1100 2620 qui
1150 2556 1247 2609 tibi
1303 2560 1487 2614 debito
1537 2562 1834 2619 obstrictus
1883 2579 1986 2632 est.
2042 2573 2109 2626 ad

540 2637 703 2703 pedes
733 2647 853 2693 tuos
880 2657 939 2696 se
972 2645 1277 2712 provolvat,
1311 2647 1476 2705 Isaias
1517 2655 1736 2722 quidem
1770 2659 1935 2715 debiti
1969 2678 2110 2717 eou-

539 2726 892 2784 douatiouem
925 2735 1161 2793 suadens
1190 2742 1265 2794 ait
1296 2760 1309 2796 :
1346 2742 1566 2799 Omnem
1598 2749 1853 2818 injustam
1883 2772 2109 2826 syngra-

535 2817 695 2879 pham
728 2837 976 2892 concerpe
1005 2828 1084 2895 ¹¹;
1115 2844 1216 2900 ego
1253 2843 1434 2889 autem
1469 2838 1783 2910 adjungam,
1820 2857 1873 2898 ut
1901 2817 2105 2917 j'us'tam

534 2926 755 2980 quoque
791 2918 1123 2977 conscindas
1158 2940 1171 2978 :
1211 2926 1471 2995 quoniam
1524 2919 1594 2986 et.
1624 2932 1880 2992 Christus
1922 2942 2108 2998 chiro-

532 3002 801 3072 graphum
865 3018 1014 3064 tuum
1060 3012 1221 3084 fregit
1267 3028 1432 3089 atque
1477 3021 1737 3081 laceravit
1780 3039 1939 3099 teque
1997 3049 2107 3089 aere

2241 556 2571 604 consecutus
2593 560 2678 607 est
2711 571 2725 609 :
2763 570 2949 612 verum
2983 565 3303 620 retentionis
3329 568 3500 631 illius.
3537 588 3647 640 qua
3680 574 3825 627 bmm

2238 649 2395 707 rapto
2439 639 2661 712 fruitur,
2712 663 2820 703 non
2877 651 3026 709 itetn.
3085 652 3297 712 Etenim
3348 639 3608 730 iniuriam
3658 666 3824 721 infert

2235 732 2400 786 etiam
2428 749 2549 804 post
2574 739 2928 811 baptismum,
2959 758 3227 816 quatenus
3258 753 3437 808 aliena
3466 755 3608 810 bona
3636 761 3819 815 adhuc

2233 828 2453 883 retinet.
2488 829 2800 900 Baptismus
2836 839 2982 893 enim
3033 844 3402 910 praecedentia
3446 862 3671 917 peccata
3715 852 3817 905 de-

2233 917 2327 981 let,
2382 937 2487 975 uon
2540 940 2601 979 ea
2656 943 2778 997 quas
2829 943 3016 999 postea
3069 946 3378 1003 patrantur.
3431 937 3671 995 Proinde
3723 945 3818 1012 qui

2232 1010 2409 1067 aliena
2456 1019 2655 1085 rapuit,
2713 1036 2776 1077 ac
2807 1024 3003 1080 deinde
3049 1027 3386 1097 baptizatur.
3424 1033 3661 1103 ideoque
3708 1010 3814 1090 sibi

2233 1117 2429 1158 noxam
2462 1110 2745 1166 remissam
2774 1130 2896 1171 esse
2929 1119 3227 1187 existimat,
3263 1139 3323 1178 se
3374 1126 3553 1194 ipsum
3583 1129 3812 1199 decipit,

2230 1203 2284 1248 et
2312 1197 2583 1266 baptismo
2614 1203 2798 1260 fucum
2843 1208 2991 1264 facit.
3030 1212 3193 1281 Atqui
3233 1231 3430 1284 purum
3481 1234 3605 1273 esse
3637 1235 3811 1289 Opur-

2232 1295 2325 1351 tet,
2358 1304 2462 1343 non
2497 1300 2705 1348 tantum
2742 1297 2910 1352 videri
2940 1310 3104 1370 atque
3127 1304 3454 1362 existimari.
3477 1308 3808 1380 Quanquam

2227 1382 2371 1434 cnim
2411 1384 2534 1441 talis
2583 1387 2853 1453 videatur,
2887 1393 3017 1460 quia
3065 1409 3132 1448 ex
3181 1407 3337 1466 parte
3385 1413 3656 1470 purgatus
3708 1407 3808 1469 sit,

2227 1472 2452 1526 minime
2489 1484 2666 1531 tamen
2699 1468 2801 1546 est,
2850 1493 3075 1552 propter
3106 1487 3179 1551 id,
3216 1492 3361 1558 quod
3400 1492 3453 1546 in
3487 1509 3552 1548 eo
3579 1494 3809 1550 deside-

2225 1571 2400 1616 ratur.
2435 1564 2622 1635 Neque
2644 1569 2786 1622 enim
2825 1571 2992 1628 infixa
3023 1584 3077 1628 et
3102 1576 3370 1647 impressa
3423 1594 3506 1637 est
3541 1585 3810 1655 baptismi

2227 1658 2501 1725 purgatio,
2556 1659 2659 1714 hoc
2702 1671 2807 1728 est,
2865 1680 3212 1736 nequaquam
3259 1672 3561 1731 inustionis
3623 1679 3807 1734 instar

2155 1790 2191 1841 Β
2223 1751 2330 1804 aitc
2363 1764 2609 1820 grassata
2644 1765 2730 1810 est
2762 1776 2777 1812 :
2818 1759 2911 1813 sed
2950 1759 3144 1817 leviter
3189 1774 3403 1820 tantum
3437 1770 3586 1824 illata
3622 1783 3675 1826 et
3708 1789 3806 1827 ce.-

2225 1843 2415 1897 lorata.
2460 1843 2591 1912 Quae
2648 1864 2736 1904 res
2788 1850 3057 1907 duntaxat
3105 1856 3237 1925 tegit
3284 1867 3449 1928 atque
3500 1867 3801 1918 occultat:

2219 1936 2363 2003 quod
2388 1946 2568 1992 autem
2600 1943 2930 2007 occultatur,
2955 1956 3154 2003 manet.
3183 1948 3339 2015 Quod
3371 1968 3497 2005 vero
3522 1960 3806 2010 contectio

2219 2028 2517 2094 penetralia
2554 2030 2666 2098 ipsa
2705 2047 2811 2086 non
2852 2045 3067 2105 purget,
3111 2037 3275 2093 David
3325 2043 3645 2096 testimonio
3691 2060 3799 2098 suo

2219 2116 2548 2184 confirmat,
2604 2130 2715 2176 tres
2774 2125 2996 2180 ordines
3046 2127 3335 2188 inducens.
3395 2131 3583 2187 Primo
3648 2138 3799 2189 enim

2219 2223 2283 2262 ac
2330 2211 2608 2279 praecipuo
2659 2214 2782 2269 loco
2818 2216 3010 2273 beatos
3050 2234 3147 2274 eus
3193 2223 3518 2289 proclamat,
3555 2242 3798 2294 quorum

2219 2303 2537 2372 iniquitates
2592 2307 2839 2365 remissa:
2866 2311 3098 2380 sunt“;
3144 2316 3388 2370 secundo
3432 2332 3551 2380 eos,
3582 2321 3678 2389 qui
3727 2337 3801 2374 ex

2214 2404 2371 2465 parte
2398 2399 2613 2468 purgati
2653 2411 2807 2466 sunt,
2861 2418 3095 2472 quorum
3134 2414 3274 2460 tecta
3303 2423 3523 2478 quoque
3569 2423 3795 2480 peccata

2212 2501 2335 2542 esse
2362 2489 2493 2543 dicit
2518 2491 2583 2556 “’,
2648 2501 2832 2562 utpote
2881 2495 2971 2561 qui
3035 2497 3273 2552 nondum
3325 2499 3377 2553 in
3432 2502 3799 2570 penitissimis

2212 2570 2401 2632 auimi’
2430 2580 2656 2637 latebris
2706 2593 2871 2653 atque
2922 2588 3235 2642 recessibus
3288 2592 3491 2658 expiati
3547 2594 3683 2647 sint.
3730 2594 3790 2647 ln

2212 2671 2376 2725 tertio
2403 2671 2622 2727 demum
2651 2676 2848 2730 ordine
2876 2676 2999 2733 illos
3023 2681 3307 2735 constituit
3335 2681 3401 2745 ",
3421 2684 3538 2751 qui,
3569 2688 3792 2740 tante'si

2212 2760 2406 2816 vitiose
2463 2764 2668 2834 aliquid
2731 2765 2978 2835 fecerint,
3032 2769 3106 2823 ita
3158 2779 3334 2825 tamen
3392 2770 3670 2841 fecerunt,
3733 2789 3797 2831 ut

2209 2853 2460 2909 voluntas
2480 2871 2667 2909 eorum
2697 2859 2975 2929 animique
3005 2863 3272 2917 sententia
3305 2863 3542 2919 crimine
3576 2877 3788 2932 careat,

2206 2944 2358 3014 quia,
2402 2946 2482 3000 vel
2530 2947 2927 3017 imprudentes,
2977 2952 3061 3007 vel
3095 2953 3272 3021 inviti,
3304 2956 3387 3010 vel
3420 2956 3565 3010 bona
3606 2959 3790 3012 inten-

2208 3033 2359 3087 tione
2410 3042 2466 3091 et
2523 3038 2844 3106 proposito,
2908 3040 2964 3094 in
3019 3040 3268 3099 fraudem
3318 3045 3654 3103 inciderunt.
3717 3050 3791 3106 Ut

530 3095 710 3150 “"0"”
740 3098 991 3157 liberam
1014 3106 1077 3161 ¹³ο
1109 3106 1288 3173 Quare
1340 3129 1463 3168 cum
1507 3116 1603 3170 tibi
1653 3134 1848 3190 magna
1885 3140 2099 3182 summa
2127 3115 2170 3173 C
2204 3136 2386 3182 autem
2439 3131 2724 3186 nonnullis
2763 3132 2961 3202 placet,
3002 3138 3362 3192 remittuntur
3392 3141 3613 3209 quidem
3651 3159 3785 3213 pec-

532 3189 829 3213 ΛΑ...ΙΑ...-·-
886 3194 947 3213 ,9.
1218 3203 1229 3213 ι
1400 3208 1430 3213 --
1459 3209 1469 3213 -

530 3189 835 3246 condonata
881 3194 973 3258 sit,
1025 3203 1327 3259 cavendum
1378 3208 1469 3261 tibi
1520 3222 1623 3273 est.
1670 3231 1737 3269 ne
1796 3217 1850 3272 in
1903 3220 2099 3278 minori

531 3279 716 3337 debito
768 3301 991 3368 gravem
1048 3303 1102 3348 et
1154 3298 1411 3352 acerbum
1465 3315 1773 3361 exactorem
1820 3315 2100 3371 conservis

532 3372 642 3429 tuis
674 3384 726 3431 te
762 3380 1029 3448 praebeas.
1077 3387 1294 3455 Alioqui
1330 3390 1577 3450 futurum
1634 3407 1738 3464 est,
1775 3413 1835 3456 ut
1885 3419 1946 3459 ea
1978 3422 2100 3474 quae

527 3463 626 3518 tibi
659 3468 886 3523 remissa
914 3482 1065 3536 sunt,
1095 3490 1291 3533 rursus
1316 3497 1345 3534 a
1382 3492 1430 3536 te
1459 3495 1798 3556 repetantur,
1826 3507 1889 3547 ac
1910 3508 2100 3562 pcenas

523 3557 686 3611 etiam
726 3576 791 3616 eo
830 3566 1053 3620 nomine
1086 3572 1384 3639 persolvas,
1423 3579 1551 3645 quia
1595 3583 2097 3644 commiseratiunis

521 3653 832 3721 exemplum
878 3658 950 3712 ob
1005 3663 1194 3718 oculos
1239 3670 1476 3735 positum
1535 3671 1778 3739 habens,
1834 3678 2093 3735 nituit-uta

523 3745 620 3802 Dei
647 3762 776 3816 erga
807 3758 859 3805 te
885 3752 1343 3821 misericordiam,
1377 3761 1506 3815 illud
1543 3764 1741 3821 imitari
1773 3770 2018 3827 noluisti.

588 3839 707 3896 Col.
760 3844 867 3901 403
905 3844 969 3900 C.
1008 3846 1100 3903 Sic
1153 3858 1202 3903 te
1242 3868 1516 3920 compara,
1551 3867 1608 3910 ut
1661 3859 1935 3916 lavacrum
1990 3882 2095 3921 non

520 3933 678 3987 modo
706 3949 922 4004 corpus,
955 3947 1064 3994 etc.
1099 3939 1172 3993 Da
1219 3956 1469 4012 operam,
1508 3957 1563 4000 ut
1601 3963 1705 4003 non
1756 3966 1958 4022 corpus
1997 3971 2092 4012 so-

520 4021 633 4075 lum
671 4038 813 4092 aqua
858 4041 1272 4098 conspergatur,
1308 4048 1495 4090 verum
1535 4040 1697 4095 etiam
1725 4044 1946 4114 aliima;
1991 4064 2095 4106 nec

522 4126 747 4181 peccata
810 4117 1082 4176 duntaxat
1137 4124 1430 4181 abluantur
1463 4144 1528 4184 ac
1571 4130 1944 4204 detergantur,
2000 4155 2095 4196 ve-

518 4220 638 4259 rum
674 4216 725 4261 et
751 4223 952 4273 mores,
994 4213 1094 4268 hoc
1145 4226 1252 4282 est,
1296 4218 1608 4289 huiusmodi
1639 4226 1809 4281 animi
1852 4229 2088 4298 affectio,

515 4312 620 4365 qua
674 4310 896 4368 peccata
944 4307 1392 4379 committuntur;
1444 4330 1543 4370 nec
1601 4332 1817 4374 omnum
1879 4331 2087 4379 tantum

512 4391 732 4444 eluatur
764 4401 928 4462 atque
966 4397 1351 4467 exhauriatur,
1400 4419 1591 4460 verum
1627 4418 1682 4462 et
1715 4410 1839 4467 fons
1871 4413 1990 4483 ipse
2022 4432 2088 4472 ac

513 4483 849 4559 staturigo,_
898 4500 928 4539 a
979 4505 1086 4558 qua
1142 4506 1361 4548 caenum
1420 4497 1661 4566 profluit.
1725 4504 1858 4559 Illud
1918 4509 2085 4564 etiam

512 4575 753 4640 addisce,
804 4586 864 4631 ut
907 4594 1015 4633 non
1068 4584 1231 4637 modo
1274 4585 1505 4642 honeSte
1540 4600 1593 4644 et
1645 4606 1769 4647 cum
1817 4595 1979 4652 laude
2017 4615 2082 4656 ea

509 4681 632 4734 quae
658 4666 845 4734 habes,
873 4672 1177 4738 possideas,
1203 4691 1388 4730 verum
1414 4695 1475 4733 ea
1501 4683 1758 4749 praeclare
1780 4688 2082 4756 profundas

509 4773 575 4809 ac
622 4758 924 4828 dispergas.
970 4763 1127 4827 Quod
1176 4767 1223 4820 si
1275 4783 1342 4822 eo
1390 4773 1587 4829 adduci
1644 4793 1750 4832 non
1797 4791 1971 4851 potes,
2025 4798 2081 4843 ut

510 4846 802 4903 facultates
861 4850 1024 4919 justis
1088 4857 1396 4915 rationibus
1452 4874 1636 4930 partas
1692 4870 1745 4922 in
1797 4846 2077 4941 pauperes

507 4936 779 5005 ell'uudas,
812 4939 863 4994 id
897 4942 1113 5006 saltem,
1146 4950 1292 5015 quod
1328 4950 1502 5008 levius
1534 4965 1635 5019 est,
1670 4974 1699 5012 a
1738 4970 1791 5015 te
1824 4963 2082 5032 impetre-

511 5039 620 5093 tur,
654 5040 715 5086 ut
755 5047 845 5087 res
875 5035 1147 5092 scelerate
1175 5043 1434 5109 quaesitas
1463 5050 1733 5105 excutias.
1765 5051 1900 5109 Nam
1935 5059 2077 5114 alie-

507 5135 702 5176 norum
737 5124 1006 5180 bonorum
1049 5140 1235 5198 raptor
1263 5132 1468 5203 duplici
1512 5153 1739 5208 peccato
1785 5147 2074 5207 devinctus

507 5220 722 5268 lcttcttlt‘
751 5231 765 5268 :
801 5216 996 5284 altero,
1030 5222 1159 5288 quia
1192 5227 1405 5296 rapuit;
1439 5231 1636 5300 altero,
1678 5239 1802 5305 quia
1847 5241 1899 5296 id
1928 5245 2075 5312 quod

505 5305 709 5371 rapuit,
768 5309 988 5368 retinet.
1051 5312 1361 5383 Quocirca,
1423 5323 1471 5377 si
1516 5328 1658 5395 apud
1709 5328 1887 5399 ipsum
1945 5305 2075 5405 post

501 5396 835 5467 baptismum
891 5415 1097 5470 manet,
1140 5410 1285 5476 quod
1344 5412 1496 5482 prius
1555 5433 1652 5487 per
1703 5396 1967 5492 rapinam.
2011 5443 2074 5485 ac

501 5490 852 5549 latrocinium
875 5495 1108 5567 adeptus
1139 5508 1248 5567 est,
1276 5517 1557 5573 peceatum
1611 5490 1960 5573 interciditur
2010 5536 2075 5578 ae

568 5677 894 5778 Ἶρον..)ιῇ
920 5683 1039 5778 _ll6.'
1068 5683 1256 5778 “Inani.
1292 5704 1390 5757 xu,
1428 5690 1517 5749 32.
1562 5693 1604 5726 "
1629 5693 1762 5751 Luc.
1808 5715 1921 5768 xix,
1951 5698 2005 5755 8.
2047 5703 2088 5735 “
2112 5701 2217 5761 lsa.
2249 5720 2402 5775 Lvut,
2437 5710 2487 5764 7.
2567 5707 2610 5742 ¹¹
2638 5705 2771 5765 ibid.
2821 5707 2873 5778 6,

495 5764 647 5818 xxxi.
670 5754 719 5808 Ι.
795 5756 837 5787 ³⁸
858 5754 992 5813 ibid.
1068 5758 1110 5789 "
1137 5757 1269 5814 ibid.

2203 3228 2324 3275 cata
2372 3236 2468 3290 per
2516 3223 2892 3293 baptismum:
2926 3235 3183 3299 teguntnr
3235 3239 3414 3286 autem
3461 3248 3558 3303 per
3602 3236 3785 3304 poeni.

2204 3314 2456 3379 tentiam,
2502 3326 2563 3368 ut
2609 3331 2670 3370 ea
2707 3318 2818 3385 jam
2864 3316 3133 3376 Dominus
3167 3337 3277 3377 non
3329 3324 3581 3394 imputet,
3614 3337 3785 3398 atque

2203 3405 2257 3459 in
2292 3408 2557 3459 rationem
2595 3418 2771 3463 vocet.

2270 3478 2391 3552 Col.
2437 3496 2542 3553 406
2579 3498 2641 3552 Β.
2687 3498 2827 3565 Quid
2872 3501 3035 3572 igitur
3064 3504 3224 3559 dico?
3256 3516 3305 3560 et
3337 3523 3439 3577 quo
3481 3523 3598 3562 mea
3653 3525 3779 3580 spec

2200 3598 2336 3652 etat,
2384 3600 2491 3645 etc.
2525 3591 2709 3647 Altera
2745 3603 2828 3648 est
2871 3596 3068 3651 tnulict‘
3100 3609 3379 3653 contracta
3404 3611 3458 3654 et
3492 3601 3778 3667 inclinata,

2199 3682 2369 3737 altera
2426 3683 2756 3740 Chanamea.
2800 3686 2954 3742 Illius
3003 3690 3143 3756 apud
3194 3690 3503 3746 Matthaeum
3539 3736 3555 3759 ,
3612 3694 3783 3765 hujus

2200 3776 2343 3844 apud
2378 3774 2580 3830 Lucam
2617 3779 2823 3833 mentio
2859 3779 2936 3834 fit.
2985 3778 3296 3853 Theologus
3346 3794 3527 3840 autem
3582 3789 3783 3844 ambas

2196 3868 2264 3921 ad
2321 3883 2469 3930 eum.
2522 3871 2615 3939 qui
2673 3872 2914 3926 nondum
2974 3872 3289 3943 baptizatus
3346 3885 3451 3943 est,
3489 3877 3600 3933 hoc
3654 3879 3777 3935 loco

2196 3964 2595 4018 accommodat.
2634 3965 2998 4022 Chauanaeam
3022 3969 3245 4037 quidem
3278 3982 3499 4041 propter
3548 3985 3773 4042 peccata

2194 4069 2313 4109 eam
2346 4056 2594 4111 nominat
2622 4056 2866 4127 (gentilis
2896 4059 3044 4113 enim
3077 4072 3196 4116 erat
3229 4062 3345 4117 haec
3372 4061 3689 4119 Chananma
3720 4075 3773 4119 et

2193 4161 2224 4200 a
2255 4146 2373 4217 lege
2403 4147 2638 4218 aliena);
2685 4160 3020 4205 contractam
3071 4165 3275 4218 autem,
3328 4168 3554 4225 propter
3597 4159 3771 4212 scele-

2194 4254 2314 4293 rum
2356 4243 2681 4310 gravitatem
2720 4242 3046 4313 Salariaeque
3094 4245 3335 4302 vincula.
3373 4247 3533 4314 Quod
3587 4266 3769 4304 autem

2192 4330 2289 4398 ait,
2318 4331 2468 4391 lleri,
2501 4342 2718 4401 tempus
2752 4335 3077 4405 baptismum
3108 4344 3424 4406 praecedens
3453 4342 3763 4410 significat;

2119 4426 2355 4519 Dhodie
2410 4441 2540 4481 vero
2580 4426 2734 4491 illud,
2784 4428 2930 4496 quod
2979 4430 3312 4498 baptismum
3373 4439 3651 4501 sequitur.
3709 4433 3762 4488 Si

2197 4518 2387 4586 igitur,
2436 4520 2635 4589 inquit,
2679 4536 2771 4587 per
2829 4521 3161 4590 baptismum
3215 4538 3244 4577 a
3291 4523 3513 4579 Christe
3553 4538 3767 4582 erectus

2192 4607 2385 4667 fueris.
2421 4625 2488 4662 ne
2525 4625 2714 4663 rursus
2760 4612 2824 4663 ad
2868 4618 3113 4665 terrenas
3146 4614 3475 4681 cupiditates
3514 4632 3765 4684 procum-

2192 4701 2311 4767 bas,
2349 4702 2497 4756 velut
2527 4702 2854 4772 quibusdam
2881 4703 3090 4757 catenis
3118 4703 3370 4759 inflexus.
3397 4704 3535 4760 Nam
3564 4710 3611 4762 si
3646 4719 3765 4779 post

2191 4792 2525 4862 baptismum
2560 4809 2778 4862 quoque
2815 4794 2866 4846 in
2902 4801 3101 4860 terram
3132 4797 3514 4865 procubueris,
3550 4800 3763 4854 uitlicile

2190 4884 2284 4938 tibi
2334 4884 2445 4953 jam
2505 4884 2610 4938 erit
2663 4884 2793 4940 huic
2848 4887 3213 4941 contractioni
3269 4891 3526 4944 mederi:
3579 4902 3763 4961 ttlpule

2183 4990 2307 5030 cum
2340 4975 2489 5029 nulla
2522 4976 2761 5046 supersit
2787 4976 2899 5044 jam
2941 4981 3182 5035 secunda
3219 4983 3583 5048 regent-ratio.
3619 4983 3759 5038 Itur-

2182 5081 2279 5120 sus
2323 5064 2663 5129 tabescebas,
2706 5069 2832 5137 quia
2872 5068 3023 5123 salus
3071 5080 3123 5124 te
3160 5071 3457 5134 defecerat.
3494 5076 3758 5142 quemad-

2184 5156 2405 5211 modum
2436 5158 2524 5212 illa
2551 5160 2837 5229 sanguinis
2859 5162 3131 5230 proﬂuvio
3163 5163 3447 5230 laborans,
3472 5167 3757 5224 deﬁciente

2179 5250 2471 5318 sanguine.
2499 5252 2679 5319 Atque
2728 5252 3046 5321 impuritate
3091 5264 3148 5309 et
3176 5257 3437 5313 sordibus
3482 5262 3753 5324 seatebas,

2178 5338 2283 5393 hoc
2314 5348 2418 5404 est,
2455 5342 2776 5409 sanguinem
2822 5353 2878 5398 et
2921 5345 3214 5404 exitiosum
3252 5360 3539 5417 peccatum
3589 5352 3752 5409 fontis

2176 5433 2233 5486 in
2271 5432 2494 5484 modum
2529 5433 2841 5503 emittebas,
2877 5445 3000 5505 post
3030 5436 3363 5506 baptismum
3397 5456 3530 5497 vero
3560 5444 3748 5499 saluti-

2172 5517 2303 5575 fera:
2323 5537 2483 5593 aquae
2505 5524 2840 5594 purgatione
2870 5523 3193 5594 reﬂoruisti,
3216 5536 3383 5595 atque
3412 5532 3748 5617 ἰιιςιιυνὶιαιίς

2952 5711 2996 5744 ⁸³
3018 5709 3231 5771 Coloss.
3264 5714 3329 5783 ti,
3361 5715 3451 5774 Η.
3532 5718 3576 5751 ¹⁸
3600 5718 3741 5775 Psal.
