4064 6274
277 313 408 377 1³281

1279 330 1600 394 NICETAS
1644 335 1721 395 ΙΝ
1762 333 1985 396 ORAT.
2028 338 2126 397 XL
2168 340 2231 400 S.
2271 339 2500 405 GREG.

3399 348 3536 413 1‘82

274 434 533 526 ﬂuentum
584 437 817 504 exaruit,
871 450 1230 515 posteaquam
1292 446 1477 503 animo
1518 449 1854 519 baptismum
1880 451 1934 511 Α
1960 453 2222 510 vitiorum
2273 457 2530 526 sepulcro
2561 472 2684 514 cum
2725 458 2982 517 triduano
3010 460 3228 517 Christo
3274 476 3303 516 a
3361 474 3539 519 morte

272 523 537 594 tetigisti,
600 528 691 596 qui
746 531 966 599 quidem
1025 534 1229 592 Christi
1284 539 1667 596 vestimentum
1721 550 1849 608 est,

271 621 462 682 utpote
488 614 916 689 incorruptionis
942 624 1322 682 indumentum
1360 645 1375 682 :
1412 629 1641 686 fimbriae
1669 639 1852 687 autem

269 704 467 774 ipsius,
518 722 663 778 aqua
720 720 775 764 et
819 713 928 768 alia
982 717 1251 786 sytnbola.
1308 718 1444 775 Vide
1479 722 1644 792 igitur
1687 738 1756 778 ne
1797 724 1852 778 in

272 797 503 852 rubrum
540 812 593 854 et
631 813 922 858 cruentum
952 817 1240 876 peccatum
1281 828 1476 868 rursus
1504 815 1714 872 incidas
1745 830 1855 873 :ne

270 904 468 944 rursus
532 894 949 960 apprehendere
1017 899 1221 956 Christi
1278 903 1550 960 fimbriam
1611 923 1852 977 nequeas

268 982 498 1055 (quippe
533 1001 679 1050 cum,
716 997 775 1042 ut
797 989 910 1059 jam
942 992 1147 1048 dictum
1177 1006 1280 1061 est,
1317 999 1470 1053 nulla
1510 999 1582 1053 sit
1610 1001 1853 1057 secunda

270 1078 639 1147 regeneratio)
694 1091 751 1135 ut
790 1085 1020 1139 salutem
1077 1088 1175 1143 tibi
1210 1099 1352 1157 tuto,
1403 1093 1548 1148 velut
1589 1094 1643 1147 itt
1676 1095 1854 1161 bapti-

268 1180 390 1220 smo
431 1168 713 1245 donatam,
757 1172 944 1230 furtim
998 1178 1179 1236 tollas.
1226 1179 1338 1238 Nec
1389 1185 1536 1239 enim
1595 1187 1853 1246 Christus

270 1259 457 1314 libenti
510 1263 698 1319 animo
752 1265 854 1321 fert
908 1270 1011 1324 sibi
1055 1287 1083 1325 a
1144 1282 1195 1329 te
1238 1275 1469 1331 salutem
1518 1282 1714 1337 crebro
1757 1299 1854 1353 per

266 1350 600 1419 baptismum
643 1358 869 1428 surripi,
905 1362 1000 1416 sed
1037 1365 1206 1420 semel
1255 1367 1542 1425 duntaxat.
1587 1373 1703 1428 Hoc
1751 1350 1852 1429 au-

269 1452 377 1496 tem
433 1459 501 1497 eo
543 1444 625 1511 fit,
684 1463 751 1502 ne
808 1452 855 1502 si
893 1453 1082 1521 gratia:
1127 1471 1319 1512 rursus
1363 1475 1457 1529 per
1516 1461 1850 1531 baptismum

268 1535 580 1591 obtinendae
616 1554 742 1609 spes
773 1542 933 1599 nobis
968 1544 1278 1617 aﬂ‘ulgeret,
1309 1550 1362 1604 in
1391 1561 1765 1623 contemptum
1797 1566 1853 1611 et

266 1627 535 1683 incuriam
583 1630 917 1700 laberemur,
956 1640 1349 1711 acceptamqite
1398 1645 1632 1715 gratiam
1686 1646 1850 1706 facile

266 1719 647 1787 perderemus.
678 1723 832 1789 Quod
870 1725 1049 1796 ipsum
1084 1745 1305 1802 quoque
1334 1735 1519 1791 eximii
1556 1747 1720 1809 atque
1762 1741 1847 1796 in-

266 1811 437 1880 signis
479 1811 570 1867 Dei
607 1829 734 1885 erga
776 1833 877 1873 nos
913 1821 1122 1875 amoris
1156 1835 1537 1894 argumentum
1572 1840 1674 1886 est.

340 1902 475 1958 Ibid.
509 1903 567 1958 Β.
614 1905 745 1960 Heri
779 1909 833 1963 in
863 1909 1005 1965 lecto
1030 1913 1275 1981 jacebas,
1301 1929 1408 1972 etc.
1437 1916 1538 1974 ilic
1564 1923 1848 1996 paralytici

271 1996 557 2052 historiam
591 2002 658 2054 ad
691 2001 1000 2058 institutam
1048 2008 1332 2063 materiam
1379 2016 1845 2071 accommodatam

271 2088 690 2159 interpretatur.
743 2094 821 2149 Ac
895 2111 991 2165 per
1053 2098 1253 2154 lectum
1313 2103 1532 2173 quidem
1593 2107 1846 2177 supinam

269 2185 579 2238 socordiam
632 2196 685 2239 et
745 2188 1061 2256 pestiferam
1110 2193 1347 2261 quietem
1413 2195 1696 2269 intelligit;
1751 2215 1849 2270 per

267 2282 484 2330 artuum
514 2287 693 2334 autem
729 2281 1167 2351 dissolutionem,
1198 2287 1444 2357 delicias,
1477 2291 1757 2363 animique
1791 2295 1869 2349 in.

267 2369 638 2439 voluptatibus
714 2377 1127 2432 enervationem
1203 2388 1257 2434 et
1327 2382 1691 2453 languorem;
1752 2402 1849 2455 per

267 2476 423 2530 aqua:
454 2478 583 2519 vero
618 2466 1008 2538 turbationem,
1044 2488 1164 2527 eam
1192 2490 1315 2544 quae
1350 2476 1404 2531 iu
1438 2476 1716 2548 baptismo
1752 2482 1846 2548 sit,

270 2554 593 2621 motionem,
623 2572 686 2613 ac
714 2557 955 2629 Spiritus
982 2565 1343 2635 advenientis,
1392 2570 1553 2638 eique
1583 2572 1848 2628 sanctita-

269 2656 375 2700 tem
434 2647 739 2716 afferentis,
796 2656 904 2708 vim
976 2665 1031 2710 et
1089 2658 1412 2715 efﬁcaciam.
1475 2661 1605 2718 Heri
1656 2665 1846 2733 igitur,

267 2737 469 2806 inquit,
499 2739 781 2797 hominem
830 2746 1075 2801 nancisci
1114 2764 1222 2803 non
1255 2759 1515 2820 poteras;
1553 2755 1718 2810 hodie
1753 2773 1851 2813 na-

268 2836 391 2884 ctus
424 2844 483 2884 es
513 2829 787 2889 hominem
820 2838 1069 2892 eumdem
1103 2849 1157 2895 et
1190 2841 1361 2897 Deum
1395 2843 1673 2916 (divinitas
1703 2850 1847 2906 cnim

271 2919 607 2978 humanitati
649 2923 858 2982 Christi
911 2931 1221 3001 hypostasis
1256 2934 1397 2991 facta
1432 2940 1571 3008 est);
1624 2951 1787 3012 atque
1814 2960 1845 2998 a

265 3016 510 3083 peccatis
555 3017 732 3095 lapsu,
776 3030 1034 3093 tanquam
1075 3042 1103 3080 a
1162 3030 1415 3099 grabato,
1472 3034 1720 3091 sublatus
1762 3053 1843 3103 es,

1960 547 2026 601 ad
2055 547 2222 602 vitam
2250 549 2521 606 excitatus
2564 550 2715 622 (nam
2751 567 2847 622 per
2888 553 3089 623 trinam
3127 542 3532 608 demersionem

1957 649 2012 694 et
2041 641 2405 697 emet-sionem
2439 643 2694 699 triduana
2722 661 2870 701 mors
2898 644 3100 700 Christi
3121 655 3175 700 et
3209 648 3536 701 resurrectio

1961 737 2414 804 repraesentetur)
2452 752 2465 789 :
2499 750 2563 789 ac
2594 738 2804 804 peccati
2835 735 3072 790 vinculis
3103 738 3319 791 solutus
3350 752 3429 789 es.
3461 734 3533 787 Da

1956 839 2089 892 ergo
2128 841 2377 895 operam,
2416 842 2485 882 ne
2527 844 2721 883 rursus
2752 829 2821 884 iis
2874 829 3281 892 adnttmereris,
3325 829 3442 898 qui,
3475 837 3536 880 ut

1959 914 2178 972 Davidis
2208 918 2391 972 verbis
2433 927 2556 973 utar
2580 919 2647 984 ⁸⁸,
2674 920 2748 987 εἰη
2805 922 3073 990 sepulcris
3128 922 3398 983 habitant,
3437 935 3536 973 nec

1959 1019 2304 1078 peccatorum
2342 1019 2565 1066 tuorum
2606 1011 2792 1069 fasciis
2827 1015 3245 1083 constringaris.
3281 1013 3439 1077 Nam,
3478 1021 3536 1065 ut

1956 1110 2041 1155 est
2066 1103 2208 1170 apud
2239 1102 2587 1157 Salomonem
2626 1122 2640 1157 :
2672 1102 3022 1158 Peccatorum
3058 1121 3279 1158 suorum
3310 1104 3535 1158 vinculis

1955 1191 2175 1261 quisque
2205 1195 2591 1264 constringitur
2615 1195 2685 1250 ".
2722 1195 2934 1250 Etenim
2966 1196 3012 1250 si
3037 1197 3223 1249 animo
3254 1196 3534 1261 moriaris,

1956 1282 2223 1338 incertum
2256 1294 2361 1348 est,
2394 1296 2581 1340 utrum
2608 1287 2675 1341 ad
2706 1289 2871 1341 vitam
2905 1302 3099 1342 rursus
3135 1288 3213 1342 sis
3239 1287 3534 1351 rediturus,

1957 1390 2135 1443 usque
2185 1376 2252 1430 ad
2307 1392 2658 1432 communem
2707 1380 3169 1433 resurrectionem
3207 1396 3221 1431 :
3254 1396 3375 1449 quze
3415 1381 3540 1447 qui-

1956 1466 2116 1530 dem,
2179 1478 2239 1522 ut
2297 1477 2381 1523 est
2426 1470 2567 1537 apud
2626 1469 3172 1534 Ecclesiastieum",
3228 1482 3537 1526 creaturam

1956 1574 2176 1615 omnem
2233 1560 2298 1615 ad
2330 1561 2604 1633 judicium
2652 1563 2919 1632 adducet,
2968 1565 3094 1619 vita:
3129 1571 3266 1619 actae
3302 1564 3540 1618 rationes

1954 1652 2318 1710 reddituram.

2025 1743 2141 1799 Col.
2159 1744 2251 1800 40.
2268 1745 2336 1800 Α.
2357 1744 2419 1803 Si
2449 1745 2615 1811 lepra,
2639 1746 2732 1801 hoc
2756 1747 3095 1818 est,deformi
3122 1748 3400 1819 pravitate,
3432 1756 3539 1804 etc.

1951 1837 2108 1905 Apud
2171 1837 2378 1891 Lucam
2406 1837 2457 1891 in
2495 1836 2789 1907 Evangelio
2822 1841 3086 1909 scriptum
3123 1848 3218 1899 est.
3255 1839 3397 1910 quod
3447 1839 3544 1893 dc-

1952 1944 2069 1984 cem
2102 1928 2206 1983 viri
2232 1929 2433 1998 leprosi
2477 1928 2710 1984 Domino
2762 1941 3122 1985 occurrerunt
3156 1949 3171 1985 :
3206 1931 3321 2001 ipse
3358 1943 3539 1984 autem

1953 2021 2192 2078 faustum
2240 2023 2585 2092 purgationis
2634 2024 2884 2078 nuntium
2921 2024 3028 2077 illis
3061 2022 3315 2082 aﬂerens.
3350 2022 3484 2078 dixit
3519 2039 3536 2078 :

1950 2111 2056 2178 Ile,
2085 2113 2345 2168 ostendite
2378 2130 2466 2168 vos
2496 2115 2761 2185 sacerdoti
2783 2115 3157 2175 ".Sacerdos
3188 2116 3331 2169 enim
3363 2114 3544 2169 homi-

1952 2218 2075 2256 nem
2121 2204 2266 2273 lepra
2322 2214 2637 2274 purgatum,
2679 2204 2921 2274 periculo
2971 2206 3313 2287 purgationis
3372 2204 3539 2266 facto,

1950 2293 2174 2363 reliquae
2204 2302 2390 2363 postea
2422 2295 2562 2364 plebi
2586 2296 2925 2351 accensebat.
2960 2297 3028 2352 Ut
3056 2306 3232 2351 autem
3267 2297 3537 2357 abierunt,

1951 2387 2164 2456 purgati
2214 2396 2341 2442 sunt
2376 2404 2389 2441 :
2424 2403 2612 2442 verum
2665 2404 2859 2442 novem
2908 2405 2970 2443 ex
3008 2389 3114 2460 iis,
3138 2389 3312 2459 patria
3341 2388 3539 2452 Judari,

1952 2478 2199 2534 beneficii
2243 2479 2453 2547 accepti
2493 2480 2863 2545 immemores,
2892 2496 3001 2535 non
3037 2481 3365 2536 redierunt:
3398 2496 3542 2535 unus

1951 2586 2106 2633 vero,
2164 2570 2257 2640 qui
2296 2569 2679 2627 Samaritanus
2717 2581 2857 2637 erat,
2910 2573 2976 2626 ad
3013 2573 3208 2627 salutis
3260 2581 3539 2627 auctorem

1955 2678 2210 2719 reversus
2237 2671 2344 2729 est,
2380 2663 2696 2734 gratiasque
2718 2665 2851 2734 egit,
2880 2680 2947 2717 ac
2970 2663 3139 2719 Deum
3180 2666 3432 2721 laudibus
3451 2680 3541 2720 ce-

1954 2757 2204 2811 lebravit.
2234 2755 2424 2826 Leptae
2444 2756 2631 2827 igitur,
2651 2767 2710 2811 ut
2731 2765 2927 2826 praeter
2957 2765 3206 2811 naturam
3238 2756 3541 2817 exsisteuti.

1956 2848 2269 2917 Theologus
2305 2855 2590 2915 peccatum
2626 2858 2928 2917 comparat,
2966 2856 3153 2916 utpote
3178 2847 3322 2916 quod
3351 2855 3539 2916 praeter

1958 2949 2213 2995 naturam
2270 2954 2491 3009 quoque
2541 2940 2633 3004 sit,
2675 2951 2839 3008 atque
2882 2940 3121 2993 animam
3175 2938 3541 3003 deformitate,

1958 3031 2421 3101 quemadmodum
2481 3031 2572 3086 illa
2612 3046 2835 3101 corpus,
2878 3029 3095 3085 alliciat.
3150 3029 3205 3084 Si
3237 3031 3421 3099 igitur,
3455 3030 3544 3084 in-

266 3106 592 3179 lapsumque
625 3113 942 3182 bujusmodi
989 3118 1134 3173 velut
1179 3122 1449 3190 extulisti,
1488 3126 1746 3181 nimirum
1778 3130 1846 3185 de
1878 3145 1920 3201 ο
1958 3126 2095 3194 quit,
2144 3124 2475 3179 virulentum
2527 3132 2582 3179 et
2624 3123 2914 3178 exitiosum
2965 3130 3248 3192 peccatum
3304 3122 3398 3177 tibi
3448 3136 3540 3192 per

266 3213 336 3255 eo
365 3216 459 3269 per
509 3202 921 3261 confessionem
981 3211 1333 3276 triumphans
1367 3231 1381 3268 :
1410 3215 1849 3288 beneficiumque

266 3306 366 3361 per
386 3292 719 3363 baptismum
749 3308 1035 3367 acceptum
1063 3304 1319 3362 omnibus
1345 3307 1680 3377 praedicasti.
1708 3310 1850 3367 Cave

268 3383 435 3451 igitur
490 3401 684 3444 rursus
731 3392 1044 3458 prolabare.
1096 3395 1323 3460 Verum.
1381 3408 1442 3454 ut
1495 3415 1576 3466 es,
1624 3403 1848 3472 prolici-

269 3488 449 3540 scerc,
488 3475 539 3531 id
590 3487 694 3544 εει,
730 3496 901 3536 sanus
951 3494 1006 3539 et
1045 3485 1360 3556 incolumis,
1393 3495 1649 3563 praecepti
1684 3482 1848 3566 huius

268 3580 504 3630 memor,
548 3572 845 3644 paralytico
888 3577 942 3631 in
975 3578 1093 3635 haec
1124 3583 1289 3637 verba
1322 3583 1433 3639 dati
1468 3602 1482 3640 :
1514 3584 1651 3640 Ecce
1683 3605 1847 3648 sanus

266 3658 442 3727 factus
472 3676 524 3715 es
552 3663 615 3729 ",
646 3673 753 3722 etc.
789 3665 932 3733 Quin
967 3671 1032 3724 ad
1063 3671 1210 3728 hunc.
1235 3689 1453 3743 quoque
1480 3678 1703 3734 modum
1734 3683 1851 3738 hmo

263 3753 524 3821 explicari
557 3768 779 3825 queant.
810 3759 915 3824 Qui
946 3766 1199 3832 corporis
1233 3768 1606 3838 voluptatibus
1637 3772 1849 3830 fractus

262 3852 370 3909 est,
410 3844 455 3900 is
490 3862 591 3901 nec
621 3848 689 3901 ad
740 3849 1001 3906 virtutem
1040 3854 1231 3910 efficax
1259 3868 1364 3923 est,
1401 3877 1502 3917 nec
1551 3865 1618 3918 ad
1665 3866 1849 3920 scien-

267 3935 400 3989 tiam
453 3944 508 3990 et
574 3940 945 4007 c0gnitionem
1005 3942 1166 4002 facile
1227 3954 1436 4006 moveri
1494 3965 1679 4024 potest
1724 3973 1741 4012 :
1786 3973 1852 4014 ac

265 4026 496 4092 proinde
535 4043 635 4083 nec
681 4030 961 4088 hominem
1005 4036 1188 4103 habet,
1229 4040 1335 4097 hoc
1387 4052 1491 4111 cst,
1551 4046 1849 4104 humanam

263 4124 323 4171 et
360 4117 684 4187 prudentem
723 4124 1017 4194 rationem,
1063 4145 1093 4185 a
1125 4146 1233 4201 qua
1267 4134 1334 4188 ad
1371 4136 1630 4194 virtutem
1663 4140 1851 4195 scien-

268 4209 360 4265 tiae
389 4226 646 4280 capacem
680 4218 840 4287 quasi
878 4220 933 4276 in
973 4223 1242 4292 piscinam
1294 4226 1573 4297 injiciatur
1608 4248 1623 4286 :
1667 4233 1850 4303 quoad

263 4318 439 4371 usque
466 4303 706 4364 Verbum
737 4314 964 4369 veniens
989 4319 1439 4389 compendiosam
1467 4322 1519 4377 ei
1543 4323 1850 4394 depellendi

266 4398 444 4452 merbi
492 4402 762 4459 rationem
797 4406 1108 4478 tradiderit,
1160 4415 1329 4469 menti
1369 4414 1628 4471 nimirum
1681 4417 1855 4488 impe-

1952 3216 2288 3287 haptismum
2331 3217 2587 3271 ahrasum
2623 3225 2728 3279 est,
2764 3230 2829 3270 ac
2865 3214 3120 3281 formam,
3155 3214 3247 3268 Dei
3281 3214 3542 3269 similitu-

1952 3308 2080 3364 dine
2139 3322 2478 3377 expressam,
2529 3308 2596 3361 ad
2636 3322 2801 3377 quam
2853 3316 3073 3369 creatus
3127 3321 3209 3372 es,
3265 3309 3540 3378 recepisti,

1954 3398 2291 3469 purgationis
2339 3408 2446 3454 tuae
2475 3398 2606 3452 mihi
2642 3398 2917 3468 specimen
2966 3399 3088 3466 ede,
3124 3400 3354 3467 teipsum
3396 3399 3545 3456 vide-

1952 3492 2126 3546 liceta
2159 3492 2367 3561 peccati
2415 3490 2744 3560 contagione
2800 3506 2996 3560 purum
3040 3506 3291 3547 servans.
3330 3490 3540 3562 Hujus-

1953 3585 2100 3640 modi
2136 3599 2376 3653 namque
2409 3582 2661 3653 purgatio
2697 3583 2856 3653 legali
2888 3594 2939 3638 et
2959 3581 3212 3638 Mosaicae
3232 3584 3543 3654 purgationi

1951 3675 2248 3731 antecellit.
2280 3674 2375 3729 Illa
2403 3676 2550 3729 enim
2574 3688 2866 3744 corporum
2890 3684 3009 3730 erat
3038 3693 3052 3729 :
3080 3675 3193 3730 haec
3211 3676 3542 3731 animarum.

1952 3766 2032 3818 Ac
2060 3764 2188 3818 vide
2235 3779 2305 3819 ne
2330 3764 2637 3833 spiritualis
2679 3764 2831 3836 lepra
2863 3780 3057 3820 rursus
3080 3780 3146 3820 ex
3176 3775 3229 3820 te
3257 3774 3541 3831 nascatur,

1952 3857 2172 3926 Alioqui
2203 3857 2398 3912 vitiosa
2427 3857 2624 3913 animae
2654 3858 2916 3914 habitudo
2945 3873 3086 3928 aegre
3126 3859 3399 3913 medelam
3449 3858 3545 3914 ad-

1955 3950 2191 4005 missura
2224 3960 2328 4005 est.
2355 3950 2619 4019 Asperior
2646 3951 2820 4018 enim,
2856 3950 3190 4022 maiorisque
3247 3950 3543 4006 difficulta-

1955 4039 2024 4094 tis
2058 4050 2113 4094 et
2142 4039 2350 4108 laboris
2386 4054 2449 4095 ea
2469 4041 2738 4097 medicina
2768 4051 2872 4105 est,
2896 4058 3018 4113 quae
3053 4043 3106 4096 in
3138 4058 3333 4115 magna
3369 4042 3545 4114 lacry-

1955 4146 2168 4186 marum
2203 4132 2622 4204 gemituumquc
2652 4133 2976 4203 profusione
3005 4137 3281 4191 consistit.

2024 4222 2160 4278 ibid.
2186 4223 2246 4278 Β.
2280 4222 2466 4295 Nuper
2504 4226 2738 4279 avaritia
2772 4238 2822 4281 et
2861 4229 3122 4281 tenacitas
3168 4244 3406 4290 manum,
3433 4235 3539 4281 etc.

1955 4317 2224 4373 Praeclara
2254 4319 2470 4381 animae.
2501 4335 2531 4373 a
2558 4319 2847 4388 largitione
2875 4330 2927 4374 et
2965 4320 3301 4385 benignitate
3347 4319 3547 4376 abhore

1957 4411 2150 4477 rentis,
2178 4419 2234 4467 et
2265 4426 2460 4468 manus
2485 4411 2728 4466 avaritiae
2759 4425 2824 4467 ac
2846 4410 3156 4465 tenacitatis
3185 4411 3376 4466 morbo
3400 4411 3546 4467 labo-

265 4503 423 4554 rans,
456 4502 514 4547 ut
541 4509 569 4548 a
602 4497 944 4568 voluptatum
980 4503 1274 4572 illecebris,
1314 4508 1520 4578 quibus
1542 4477 1847 4575 detinetur,
1885 4477 1928 4533 θ
1956 4506 2153 4568 rantis,
2179 4502 2391 4558 curatio
2420 4512 2530 4569 est,
2561 4500 2849 4557 facultates
2879 4502 2932 4557 in
2950 4516 3218 4572 pauperes
3241 4500 3543 4567 effundere,

269 4594 564 4653 exsurgat,
632 4589 1013 4663 virtutumque
1071 4596 1320 4653 humeris
1378 4613 1584 4669 corpus
1648 4601 1847 4666 tollat,

269 4681 435 4743 atque
467 4677 518 4730 in
551 4677 775 4736 domum
812 4700 994 4751 suam,
1035 4688 1139 4743 hoc
1167 4699 1274 4756 est,
1309 4691 1361 4745 in
1393 4691 1593 4747 cmlum
1626 4693 1848 4764 proiici-

266 4773 476 4823 scatur.
528 4770 756 4829 Praestat
808 4778 977 4843 enim,
1041 4789 1101 4834 ιιι
1156 4782 1303 4851 quod
1363 4783 1618 4850 inferius,
1669 4786 1738 4840 ab
1784 4801 1851 4841 eo

266 4858 410 4926 quod
437 4863 801 4923 excellentius
826 4878 926 4934 est,
958 4873 1193 4928 actionis
1220 4874 1467 4931 humeris
1499 4879 1566 4931 ad
1588 4877 1845 4934 virtutem

265 4960 535 5024 gestetur,
586 4972 752 5028 quam
807 4973 867 5017 ut
911 4966 1273 5021 excellentior
1312 4982 1439 5038 pars
1495 4985 1591 5038 per
1640 4970 1843 5026 fmdam

265 5045 555 5107 mollitiem
584 5067 613 5104 a
645 5052 909 5109 deteriori
943 5070 1095 5127 parte
1123 5061 1189 5114 ad
1231 5062 1536 5131 voluptates
1566 5064 1838 5118 trahatur.

341 5138 474 5197 Ibid.
501 5143 563 5199 C.
593 5144 843 5217 Magnam
866 5152 1001 5206 hanc
1035 5169 1227 5217 vocem,
1254 5154 1480 5221 Lazare,
1504 5158 1615 5209 veni
1642 5157 1706 5221 ⁸⁸,
1732 5166 1841 5212 etc.

265 5230 739 5297 Quemadmodum
782 5242 936 5312 prius
970 5246 1024 5298 in
1074 5244 1301 5312 Lazaro,
1334 5248 1407 5301 ita
1431 5246 1588 5302 'nune
1628 5263 1848 5318 quoque

267 5322 327 5379 in
383 5334 434 5380 te
490 5327 754 5386 Dominus
806 5334 915 5389 alta
965 5351 1101 5390 voce
1159 5338 1493 5404 inclamavit,
1556 5348 1616 5393 ut
1671 5339 1738 5393 ad
1796 5348 1849 5392 te

263 5429 486 5487 quoque
523 5431 827 5489 mortuum,
884 5427 987 5482 hoc
1021 5438 1126 5485 est.
1158 5430 1314 5485 vitali
1364 5432 1431 5485 ad
1464 5432 1722 5487 virtutem
1763 5433 1846 5488 fa-

260 5505 469 5564 cultate.
501 5514 775 5581 orbatum,
827 5518 1179 5589 pertingeret.
1232 5521 1312 5576 Tu
1368 5531 1577 5588 autem,
1640 5526 1844 5580 tnultos

256 5599 375 5671 jam
428 5604 544 5662 dies
600 5618 869 5672 mortuus,
920 5626 1015 5681 per
1062 5612 1394 5683 baptismum
1450 5615 1728 5687 prod‘iiSIi,
1777 5634 1842 5672 ex

306 5780 527 5839 "Joau.
570 5802 618 5850 v,
655 5785 738 5841 Ν.
823 5786 864 5819 ¹⁸
891 5784 1051 5842 Joan.
1092 5803 1168 5854 χι,
1206 5787 1295 5843 43.

1377 5789 1423 5863 ’⁵,
1448 5786 1592 5862 Ρδὲὶι.
1622 5803 1793 5857 LXV",
1835 5786 1884 5839 7ο
1942 5787 1987 5821 ²⁰
2013 5786 2175 5845 Prov.
2215 5803 2271 5857 ν,
2298 5785 2387 5842 22.
2466 5786 2508 5819 ²¹
2541 5783 2725 5843 Ecclc.
2752 5783 2950 5853 ιιι,14.

1956 4609 2200 4665 opesque
2238 4604 2288 4650 et
2317 4609 2500 4648 rerum
2550 4594 2743 4664 copias
2792 4594 2844 4648 in
2881 4608 2948 4647 eo
2988 4594 3198 4663 positas
3231 4608 3351 4648 esse
3401 4594 3532 4647 arbi-

1956 4687 2111 4753 trari,
2143 4698 2202 4742 ut
2225 4688 2406 4757 inopia
2426 4697 2648 4757 propter
2668 4687 2944 4743 Christum
2974 4685 3267 4747 afllicteris,
3287 4696 3449 4753 atque
3475 4689 3543 4739 ita

1953 4781 2221 4851 prolixam
2267 4781 2656 4849 benignitatem
2708 4779 2933 4845 habere,
2986 4788 3207 4847 tamque
3247 4780 3543 4835 liberaliter

1955 4889 2089 4943 opes
2117 4873 2436 4938 exhaurire,
2474 4881 2534 4927 ut
2577 4887 2644 4927 ne
2670 4871 2898 4927 fundum
2929 4873 3149 4941 quidem
3194 4873 3370 4942 ipsum
3408 4873 3521 4927 iuta

1954 4975 2105 5021 ctum
2133 4965 2437 5035 relinquas.
2467 4964 2724 5020 Fortasse
2757 4964 2901 5019 enim
2931 4964 3048 5033 ipse
3096 4979 3317 5034 quoque
3343 4963 3546 5017 exhau-

1948 5069 2069 5114 stus
2099 5073 2291 5113 rursus
2317 5058 2632 5112 alimoniam
2659 5058 2755 5113 tibi
2778 5055 3036 5127 proferet,
3070 5072 3133 5112 ac
3163 5056 3465 5127 praesertim
3501 5052 3547 5108 si

1951 5152 2229 5206 hominem
2261 5150 2553 5220 quemdam
2582 5149 2808 5219 justitia:
2826 5150 2997 5204 ~laude
3028 5158 3375 5220 prastautem
3399 5149 3541 5200 alen-

1953 5245 2083 5299 dum
2144 5242 2477 5307 susceperis,
2536 5246 2995 5311 quemadmodum
3057 5241 3396 5310 Sarephtana
3444 5238 3537 5293 He

1952 5337 2103 5400 liam,
2127 5345 2188 5390 ut
2230 5334 2371 5389 libro
2390 5332 2598 5404 Regum
2639 5335 2800 5389 tertio
2819 5336 3095 5405 proditum
3131 5335 3389 5387 habetur.

2028 5427 2165 5484 Ibid.
2194 5425 2255 5482 Si
2281 5427 2475 5481 surdus
2519 5444 2582 5481 ac
2614 5438 2794 5482 mutus
2849 5444 2992 5492 eras,
3031 5434 3135 5480 etc.
3172 5425 3229 5478 Si
3281 5423 3543 5478 hactenus

1953 5520 2155 5576 surdus
2181 5517 2461 5585 fuisti,Dei
2494 5529 2760 5589 praecepta
2785 5534 2891 5574 non
2923 5517 3232 5576 addiscens,
3256 5524 3307 5567 et
3340 5521 3542 5571 mutus.

1951 5627 2013 5668 ea
2053 5628 2159 5666 non
2193 5612 2419 5677 docens,
2453 5612 2538 5667 l‘ac
2575 5612 2667 5667 tibi
2695 5613 2827 5681 legis
2876 5610 3074 5665 divina:
3104 5606 3354 5661 doctrina
3397 5605 3535 5658 inso-

3032 5785 3078 5819 ¹²
3115 5783 3252 5840 Luc.
3280 5795 3415 5848 xm,
3446 5779 3533 5838 ιι.
