4048 6278
307 343 451 411 1283

1283 343 1609 410 NICETAS
1653 338 1734 401 IN
1781 340 2005 403 ORAT.
2049 341 2151 402 XL
2192 339 2253 401 S.
2301 339 2534 403 GBEG.

3442 333 3583 398 1986

304 468 453 526 Quod
518 463 570 518 in
632 461 1053 525 Dettteronomio
1107 465 1337 523 habetur
1387 485 1401 521 :
1442 462 1701 520 Dominus
1752 456 1894 513 Deus
1922 458 1969 516 Δ
2002 463 2184 511 tamen
2215 471 2277 512 se
2304 471 2426 512 esse
2455 457 2628 529 tingit.
2663 458 2769 512 Aut
2801 456 3033 514 fortasse
3066 457 3443 528 propheticum
3477 457 3586 512 hoc

307 568 430 611 tuus
463 558 595 627 ignis
630 572 943 614 consumens
966 568 1045 614 est
1065 560 1130 614 π.
1164 558 1262 614 Est
1288 567 1469 613 autem
1503 565 1559 612 et
1589 553 1726 611 alter
1750 550 1892 621 ignis

307 651 506 706 vindex
542 665 604 704 ac
639 649 907 704 scelerum
943 652 1110 706 ultor.
1168 652 1348 721 Atque
1392 649 1506 713 hic,
1568 646 1765 717 partim
1836 643 1890 695 in

307 742 410 796 hac
449 740 553 794 vita
584 743 882 796 sceleratos
910 741 1213 806 excruciat,
1265 749 1323 795 ut
1352 739 1628 810 quondam
1668 735 1758 790 ille
1788 732 1892 788 So-

305 835 625 891 domiticus.
660 833 915 889 Dominus
972 835 1143 900 enim,
1183 834 1384 905 inquit,
1417 833 1551 902 pluit
1590 845 1747 899 super
1789 825 1891 882 So-

305 927 519 980 domam
545 935 594 979 et
626 923 942 981 Gomorram
977 926 1201 993 sulphur
1231 936 1279 979 et
1305 927 1475 996 ignem
1503 940 1536 978 a
1571 921 1799 974 Domino
1823 919 1889 984 ‘3;

303 1033 416 1085 quo
448 1018 610 1070 etiam
652 1027 969 1086 peccatores
996 1033 1188 1075 omnes
1242 1018 1543 1087 periumlit,
1565 1014 1722 1084 juxta
1757 1010 1890 1065 illud

307 1108 529 1164 Davidis
557 1106 754 1163 :“Pluet
806 1125 962 1177 super
997 1118 1295 1178 peccatores
1341 1107 1575 1178 laqueos,
1629 1107 1798 1176 ignem
1841 1114 1891 1159 et

304 1201 529 1271 sulphur
555 1211 603 1256 et
635 1202 883 1271 spiritum
908 1200 1353 1272 prorellarum”.
1392 1201 1473 1254 Ac
1500 1199 1733 1269 sulphur
1768 1196 1892 1266 qui-

304 1293 428 1348 dem
465 1294 644 1363 ignem
703 1293 834 1361 alit;
890 1294 1153 1362 procellas
1184 1304 1366 1347 autem
1421 1300 1745 1348 exsuscuat.
1791 1288 1892 1344 Hic

308 1395 489 1440 autem
528 1386 669 1456 ignis
700 1387 1026 1440 tentationes
1064 1394 1123 1440 et
1170 1384 1513 1441 calamitates
1548 1399 1643 1440 eas
1675 1381 1888 1450 signiﬁ-

306 1493 436 1534 care
464 1487 648 1547 queat,
669 1478 724 1531 in
754 1491 914 1547 quas,
944 1477 1037 1547 qui
1070 1476 1310 1549 graviter
1340 1484 1590 1546 peccant,
1622 1474 1888 1528 incidunt.

307 1570 633 1639 Quanquam
666 1570 833 1624 etiam
869 1584 966 1639 per
1016 1570 1196 1639 ignem
1254 1570 1401 1623 hunc
1435 1569 1574 1636 ignis
1611 1567 1700 1621 ille
1731 1564 1891 1619 intel-

309 1665 402 1734 ligi
429 1663 618 1733 possit,
647 1662 740 1733 qui
768 1662 822 1716 in
870 1663 1044 1717 altero
1079 1677 1196 1716 aevo
1226 1662 1425 1731 impios
1454 1660 1684 1723 cruciat,
1720 1657 1890 1711 nimi-

308 1773 431 1811 rum
484 1761 531 1812 is
555 1756 649 1827 qui
705 1754 925 1810 diabolo
983 1764 1208 1825 paratus
1261 1763 1346 1809 est
1374 1762 1427 1808 et
1479 1752 1689 1823 angelis
1741 1751 1883 1823 ejus,
1920 1792 1964 1849 Β

306 1847 771 1918 quemadmodum
842 1845 1105 1900 Dominus
1137 1845 1193 1900 in
1256 1842 1553 1913 Evangelio
1604 1843 1763 1897 docet
1787 1839 1834 1872 ⁸⁸
1868 1857 1884 1895 :

306 1942 391 1994 vel
415 1940 579 1996 etiam
601 1939 715 2006 ille,
747 1939 814 1993 de
831 1952 942 2009 quo
967 1937 1130 1993 David
1156 1936 1234 1992 ait
1257 1953 1272 1990 :
1299 1935 1447 2007 Ignis
1475 1944 1598 1990 ante
1619 1950 1735 1988 eum
1756 1948 1890 2004 prae-

306 2039 474 2100 cedet,
498 2042 547 2086 et
573 2036 626 2086 in
659 2034 889 2086 circuitu
909 2031 952 2061 “
982 2030 1087 2086 hoc
1115 2040 1218 2096 est,
1251 2030 1616 2096 undecunque
1635 2027 1888 2081 inimicos

307 2127 430 2196 ejus
459 2124 859 2181 inllatnmahit:
901 2140 1064 2193 quem
1116 2123 1280 2179 etiam
1309 2122 1450 2192 ignis
1485 2119 1711 2175 ﬂuvium
1761 2130 1889 2173 ante

306 2232 434 2273 eum
448 2217 807 2287 proﬂuentem
829 2216 1109 2286 Scriptura
1133 2214 1461 2279 nominat“,
1481 2212 1640 2283 cujus
1661 2212 1889 2266 mentio-

310 2327 434 2365 nem
466 2324 684 2380 quoque
709 2308 880 2364 Isaias
914 2307 1238 2375 faciens,uit
1274 2324 1289 2363 :
1333 2305 1533 2361 Vermis
1562 2320 1744 2359 eorum
1781 2319 1886 2359 non

307 2403 587 2467 morietur,
599 2411 647 2455 et
667 2402 805 2471 ignis
819 2416 1000 2455 eorum
1022 2402 1387 2470 exstinguetur
1400 2400 1469 2452 υ.
1485 2398 1562 2455 Eo
1574 2409 1755 2453 autem
1781 2396 1888 2451 ior-

310 2490 628 2546 midahilior
645 2499 812 2561 atque
833 2491 1143 2568 horribilior
1159 2502 1240 2547 est
1273 2490 1363 2545 ltie
1397 2490 1564 2561 ignis,
1588 2488 1733 2559 quod
1759 2502 1886 2544 cum

307 2585 825 2654 vermeconjunetus
847 2585 936 2649 sit,
953 2599 1016 2640 ac
1033 2585 1304 2655 duplicem
1322 2598 1539 2654 pmnam
1560 2581 1889 2637 habeaLPer

310 2696 550 2739 vermem
574 2696 737 2752 porro
759 2692 924 2752 atque
944 2681 1122 2752 ignem
1146 2680 1444 2736 materialis
1464 2678 1734 2739 crassitiei
1774 2677 1888 2733 col-

307 2766 750 2853 liquefamiouem
797 2779 853 2833 et
890 2770 1355 2831 excruciationem
1389 2769 1648 2840 iutellige.
1684 2767 1887 2824 Omnes

304 2875 439 2915 vero
465 2861 519 2915 hi
564 2863 716 2929 ignes
757 2864 1221 2920 exterminatricis
1264 2872 1395 2919 sunt
1450 2861 1746 2926 facultatis,
1780 2859 1887 2916 hoc

304 2960 412 3017 est,
450 2952 678 3020 ultricis,
713 2971 820 3011 non
857 2965 1038 3011 tamen
1094 2957 1162 3010 ad
1219 2954 1496 3011 interitum
1522 2953 1887 3022 essentia:tu

306 3047 670 3118 pritationem
695 3046 1037 3102 adducentis.
1061 3047 1260 3116 Duplex
1276 3055 1362 3101 est
1384 3046 1530 3099 enim
1554 3045 1890 3099 extermina-

1997 549 2204 604 dictum
2262 551 2565 618 apostolico
2621 551 2696 607 illi
2741 552 2920 606 simile
2969 562 3071 607 est.
3126 551 3279 616 Quod
3323 552 3368 606 si
3414 552 3579 603 etiam

1997 651 2234 709 opertum
2263 653 2340 697 est
2370 641 2716 715 Evangelium
2751 653 3014 710 nostrum,
3041 645 3095 697 in
3125 644 3189 697 iis
3216 645 3306 713 qui
3332 651 3581 711 pereunt,

1995 743 2073 789 est
2108 745 2349 804 opertum
2376 736 2444 791 δ’.
2489 736 2863 807 Uudecunque
2910 738 3057 792 enim
3097 736 3341 791 veritatis
3387 737 3573 790 lumen

1997 829 2229 884 meridie
2262 830 2463 885 clarius
2492 830 2737 893 irradiat,
2769 841 2880 884 tum
2916 844 2947 884 a
2976 829 3201 892 mundo,
3230 839 3340 883 tum
3369 844 3398 882 a
3430 828 3587 882 Scr?-

1996 923 2193 992 pturis,
2221 932 2389 977 tutna
2416 924 2574 977 uoltis
2599 939 2819 994 quoque
2848 924 3003 994 ipsis,
3033 938 3242 986 verum,
3268 923 3359 991 qui
3386 923 3584 974 oculos

1996 1014 2207 1083 aperire
2240 1015 2454 1080 nolunt,
2483 1030 2511 1069 a
2543 1016 2690 1070 nulla
2738 1032 2924 1069 earum
2966 1031 3173 1082 rerum,
3223 1029 3346 1083 qum
3394 1015 3444 1067 in
3481 1029 3577 1066 na~

1997 1115 2117 1160 tura
2153 1117 2302 1172 sunt,
2336 1105 2505 1162 Deum
2542 1108 2854 1177 perspicere
2890 1116 3053 1177 atque
3085 1108 3282 1161 intueri
3321 1115 3580 1174 possunt.

1996 1199 2071 1253 Ea
2102 1201 2248 1254 enim
2294 1210 2421 1255 sunt
2451 1199 2617 1254 animi
2656 1200 2943 1270 pravitate,
2978 1210 3036 1253 ut
3077 1197 3332 1252 meridies
3365 1197 3439 1249 illi
3477 1209 3575 1264 pro

1995 1292 2227 1360 caligine
2256 1294 2348 1346 sit.
2399 1293 2469 1347 At
2508 1294 2671 1347 etiam
2713 1293 2970 1355 Satanas,
3001 1300 3054 1345 et
3103 1306 3209 1345 nox
3242 1298 3344 1348 est.
3378 1298 3432 1342 et
3482 1290 3573 1342 lux

1996 1397 2176 1442 tamen
2226 1386 2293 1441 iis
2340 1401 2465 1442 esse
2518 1386 2752 1449 videtur,
2788 1386 2880 1455 qui
2930 1387 3209 1454 voluptate
3255 1397 3318 1437 ac
3365 1383 3583 1437 deliciis

1994 1480 2235 1547 corrupti
2263 1488 2412 1533 sunt.
2447 1480 2537 1530 Ait
2561 1479 2762 1548 quippe
2791 1478 2959 1530 David
2987 1495 2999 1531 :
3027 1476 3093 1529 El
3123 1492 3228 1531 uox
3255 1477 3582 1531 illuminutio

1992 1590 2109 1628 mea
2146 1573 2202 1626 in
2229 1571 2434 1626 deliciis
2464 1573 2591 1626 meis
2621 1571 2688 1636 ",
2714 1570 2816 1625 hoc
2849 1579 2954 1633 est,
2989 1571 3241 1624 tenebras
3276 1570 3418 1633 illas,
3454 1570 3581 1639 qui-

1994 1667 2100 1722 bus
2121 1667 2175 1722 in
2199 1666 2411 1722 deliciis
2435 1666 2592 1729 meis,
2617 1665 2836 1736 vitaque
2863 1663 3241 1734 voluptatibus
3269 1661 3577 1725 dililueute,

1993 1759 2366 1815 circumfusus
2404 1773 2576 1826 erant,
2618 1757 2884 1813 tenebras
2934 1771 3057 1813 esse
3106 1756 3445 1819 nesciebam,
3482 1770 3580 1809 ve-

1994 1866 2116 1907 rum
2157 1851 2334 1905 lucem
2387 1862 2512 1905 esse
2565 1849 2896 1904 arbitrabar.
2946 1848 3127 1918 Atque
3166 1846 3220 1901 hi
3273 1863 3429 1914 sane,
3480 1847 3578 1917 qui

1994 1945 2126 2001 luxu
2152 1943 2348 2014 perditi
2381 1951 2532 2008 sunt,
2558 1942 2663 1998 hoc
2692 1944 2850 1995 mqu
2883 1957 2947 1996 se
2978 1941 3218 2007 habent;
3258 1955 3359 1995 nos
3393 1951 3575 1995 autem

1993 2038 2165 2095 Oseas
2195 2039 2475 2101 admonet,
2503 2045 2561 2091 ut
2587 2034 2833 2091 scientiae
2863 2035 3046 2088 lumen
3077 2034 3235 2089 nobis
3266 2033 3400 2102 ipsis
3425 2031 3578 2087 exci-

1994 2141 2194 2188 temus.
2244 2128 2496 2196 Quonam
2544 2134 2727 2182 autem
2782 2126 2944 2180 modo
2993 2125 3045 2179 id
3094 2123 3208 2188 flat,
3264 2124 3405 2179 idem
3443 2136 3577 2193 pro-

1994 2224 2153 2294 pheta
2197 2221 2287 2277 bis
2321 2220 2503 2276 verbis
2537 2217 2763 2289 subjicit
2804 2235 2819 2272 :
2866 2217 3137 2272 Sentinate
3168 2216 3308 2270 vobis
3344 2216 3472 2284 ἔμιξε
3504 2213 3575 2268 ad

1983 2316 2282 2386 justitiam,
2324 2311 2644 2369 uindemiate
2689 2309 2924 2381 fructum
2958 2310 3080 2363 rita:
3124 2308 3192 2363 “.
3240 2305 3318 2363 Ita
3349 2307 3576 2362 demum

1992 2408 2173 2480 inquit
2209 2406 2496 2478 propinata,
2544 2402 2708 2459 nobis
2757 2404 3003 2458 scientia:
3051 2403 3235 2455 lumen
3282 2414 3576 2469 compara-

1993 2500 2195 2564 bimus,
2234 2497 2281 2554 si
2320 2496 2545 2566 iustitiae
2580 2503 2636 2550 et
2681 2493 2900 2549 virtutis
2943 2508 3108 2562 opera
3157 2506 3430 2555 seramus,
3472 2490 3579 2544 hoc

1954 2591 1968 2610 '
1992 2602 2100 2660 est,
2130 2607 2442 2663 operemur,
2472 2602 2637 2660 atque
2669 2588 2915 2644 actiones
2979 2588 3103 2640 vita:
3129 2595 3347 2639 a‘ternm
3381 2597 3576 2653 paren-

1994 2697 2075 2744 tes
2125 2687 2487 2756 decerpamus
2549 2692 2605 2738 et
2657 2681 2986 2751 colligamus
3042 2696 3057 2733 :
3127 2674 3577 2746 quandoquidem

1993 2780 2136 2836 actio
2190 2774 2575 2847 comparanda:
2614 2771 3010 2843 speculationis
3065 2768 3173 2823 vim
3223 2768 3404 2823 habet.
3463 2765 3572 2822 Lu-

1998 2873 2146 2927 mine
2187 2872 2369 2939 itaque
2423 2866 2668 2924 scientiee
2724 2866 3082 2927 illustremur,
3139 2869 3197 2916 ut
3251 2863 3431 2916 lumen
3480 2873 3581 2914 ve-

1997 2980 2120 3020 rum
2155 2979 2187 3017 a
2222 2962 2357 3016 falso
2389 2969 2444 3015 et
2487 2957 2753 3014 ementito
2791 2956 2999 3010 lumine
3039 2954 3354 3009 discernere
3405 2966 3576 3021 quea—

1995 3071 2138 3119 mus,
2187 3068 2251 3107 ac
2306 3067 2412 3107 non
2464 3050 2521 3103 iu
2565 3047 2768 3104 malum
2814 3056 3072 3113 tanquam
3127 3045 3180 3099 in
3222 3043 3424 3100 bonum
3480 3058 3582 3112 per

304 3148 407 3201 tto,
433 3137 895 3208 queuiadmodum
913 3145 967 3191 et
988 3137 1241 3207 perditio.
1276 3134 1394 3193 Nisi
1430 3134 1558 3204 quis
1575 3131 1715 3190 forte
1742 3134 1890 3190 hunc
1921 3148 1964 3207 ε
1996 3160 2242 3203 errorem
2294 3142 2623 3198 incidamus.
2677 3137 2790 3194 Nec
2850 3153 2980 3193 vero
3023 3136 3322 3207 nobisipsis
3361 3143 3578 3190 tantum

307 3230 578 3289 vindicem
594 3230 770 3298 ignem
788 3228 1064 3289 mitiorem
1077 3237 1132 3282 et
1146 3227 1571 3285 moderationem
1586 3225 1892 3297 intelligere

307 3321 460 3384 velit,
481 3336 644 3390 quam
666 3320 933 3385 scelerum
957 3333 1270 3379 nostrorum
1289 3320 1554 3381 atrocitas
1572 3329 1850 3377 mereatur
1872 3333 1889 3382 ;

309 3421 498 3482 utpote
526 3415 655 3483 quia
676 3411 818 3475 Deus
849 3414 1043 3473 vindex
1071 3413 1276 3485 justam
1318 3428 1537 3484 poenam
1578 3411 1893 3471 misericor-

305 3506 398 3563 dia
436 3514 497 3567 et,
528 3508 751 3566 imitate
778 3517 1081 3577 temperare
1111 3508 1305 3564 soleat.

377 3597 496 3653 Col.
542 3598 652 3653 ωδ
697 3598 758 3660 Β.
811 3599 1270 3665 Quemadmodum
1312 3614 1472 3670 porro
1515 3597 1711 3668 duplex
1749 3595 1891 3668 ignis

306 3706 468 3760 genus
492 3700 590 3757 est,
617 3698 723 3753 etc.
753 3689 1229 3757 Quemadmodum
1257 3690 1531 3758 dutd'tcem
1562 3691 1742 3759 ignem
1764 3703 1892 3749 esse

306 3785 670 3852 ustemiimus,
701 3789 935 3843 alterum
970 3791 1320 3854 purgantem,
1354 3783 1593 3842 alterum
1619 3783 1891 3841 scelerum

304 3877 576 3934 vindicem
610 3893 631 3932 :
666 3879 740 3935 ita
774 3878 974 3947 duples
1025 3892 1245 3948 quoque
1293 3877 1481 3937 lumen
1513 3884 1620 3941 est,
1652 3876 1891 3935 alterum

306 3975 510 4031 bonurn
545 3972 856 4042 mentisque
885 3980 1088 4026 nostra:
1113 3968 1495 4033 illuminanda
1517 3969 1633 4025 vim
1655 3968 1889 4037 habens,

305 4064 538 4119 alterum
566 4063 729 4119 fallax
758 4072 812 4119 et
839 4061 1107 4126 fucatam,
1131 4076 1375 4132 veroque
1396 4060 1615 4127 lumini,
1643 4060 1750 4117 hoc
1780 4069 1889 4128 est,

305 4158 546 4224 Christo,
596 4157 960 4220 contrarium,
1017 4155 1100 4209 vel
1154 4163 1215 4210 ut
1261 4153 1646 4222 caliginosum,
1697 4151 1782 4208 vel
1829 4161 1893 4209 ut

308 4251 567 4307 infestum
600 4250 761 4305 nobis
801 4257 857 4304 et
905 4248 1125 4312 hostile,
1156 4245 1602 4318 quandoquidem
1652 4243 1891 4303 Satanas

305 4358 524 4414 quoque
554 4351 801 4407 vocatur,
846 4341 954 4395 hoc
991 4352 1096 4406 est,
1144 4338 1515 4396 adversarius.
1548 4335 1655 4405 Qui
1698 4340 1888 4405 etiam,

307 4451 435 4493 cura
462 4435 636 4506 caligo
663 4435 756 4500 sit,
780 4433 969 4488 lumen
997 4442 1178 4489 tamen
1209 4432 1380 4487 videri
1407 4431 1523 4486 vult
1552 4449 1566 4487 :
1598 4431 1891 4504 transﬁgu-

307 4540 462 4583 ratur
488 4530 634 4583 enim
661 4529 715 4589 iu
749 4528 1003 4599 angelum
1032 4526 1192 4591 lucis,
1221 4536 1282 4581 ut
1309 4525 1413 4581 sub
1437 4540 1503 4582 ea
1529 4527 1712 4596 specie
1739 4538 1888 4581 mor-

308 4621 443 4677 tales
476 4622 530 4675 in
562 4620 814 4676 fraudem
844 4620 1087 4690 impellat
1126 4618 1197 4673 ⁸⁵.
1240 4620 1319 4674 Ae
1356 4619 1616 4688 permulti
1662 4618 1891 4689 quidem

305 4728 432 4770 eum
462 4715 749 4786 caliginem
775 4728 900 4773 esse
928 4728 1037 4769 nou
1069 4712 1578 4768 animadverterunt
1600 4726 1667 4768 ac
1692 4713 1887 4783 depre-

309 4808 615 4863 henderunt
663 4826 678 4864 :
725 4821 917 4863 verum
972 4805 1255 4863 meridiem
1307 4818 1431 4861 esse
1476 4805 1883 4872 existimarunt,

306 4903 412 4956 hoc
451 4910 558 4965 est,
607 4899 973 4956 clarissimam
1007 4898 1208 4964 lucem,
1238 4897 1695 4968 quandoquidem
1734 4897 1891 4953 circa

307 4995 589 5048 meridiem
620 4994 712 5048 lus
758 4994 997 5047 maxime
1039 4993 1199 5062 viget.
1245 4991 1424 5062 Atque
1472 4991 1528 5046 in
1574 4991 1724 5048 hunc
1754 5007 1887 5047 sen-

307 5100 430 5142 sum
473 5086 605 5155 illud
635 5086 703 5141 de
735 5086 919 5156 impiis
950 5099 1013 5140 ac
1057 5085 1286 5155 perditis
1306 5085 1621 5141 hominibus
1647 5086 1716 5142 ab
1741 5086 1883 5142 leuia

302 5180 512 5234 dictum
558 5179 803 5249 intelligo
831 5196 846 5235 :
878 5177 944 5233 In
989 5180 1302 5234 meridianis
1332 5177 1556 5233 tenebris
1584 5181 1785 5252 fugient
1812 5180 1883 5246 ⁴⁸,

307 5274 363 5328 id
412 5284 516 5340 est,
563 5273 619 5327 in
656 5274 905 5329 dmmone
951 5288 1227 5329 summum
1261 5275 1467 5330 bonum
1517 5274 1748 5343 fugient,
1795 5284 1890 5329 aut

308 5365 478 5421 variis
526 5377 581 5420 et
633 5364 964 5420 turbulentis
1012 5366 1297 5421 erroribus
1337 5366 1735 5431 distrahentur,
1793 5366 1889 5436 qui

306 5457 529 5527 quidem
584 5461 835 5526 damron,
896 5460 1150 5529 quamvis
1203 5460 1380 5531 caligo
1435 5461 1548 5524 sit,
1604 5459 1888 5515 meridiem

385 5615 426 5647 ³⁷
454 5616 613 5670 Deut.
647 5629 721 5676 tv.
773 5614 864 5670 2i.
943 5615 988 5648 ³⁸
1027 5615 1164 5671 Gen.
1203 5632 1319 5682 ris,
1352 5617 1443 5672 51.

313 5685 404 5740 10·
478 5686 525 5718 ⁸⁸
554 5687 664 5741 lsa.
708 5701 856 5747 LXVI,
890 5686 985 5740 24.

310 5756 358 5790 ⁸⁸
393 5756 536 5813 Osee
569 5773 624 5825 χ,
663 5760 748 5812 12.
824 5760 870 5791 δ’
901 5757 1137 5827 ιἸιίῐιιρ.
1174 5773 1235 5823 ιι,
1277 5759 1363 5813 l5.

1087 5687 1133 5718 ’⁵⁸
1166 5687 1204 5739 ll
1241 5688 1366 5741 Cor.
1410 5703 1484 5752 XI,
1518 5687 1604 5740 14.

1549 5617 1594 5650 ⁸θ
1617 5614 1765 5673 Psal.
1803 5633 1856 5683 x,
1893 5619 1946 5673 7.

1705 5688 1751 5719 "
1791 5689 1891 5742 lsa.
1929 5704 2035 5742 LVI.
2074 5690 2158 5743 10.

1494 5758 1541 5790 ⁸⁸
1568 5757 1769 5813 Jeretn.
1801 5774 1917 5821 xm,
1957 5760 2035 5812 lii.
2116 5760 2157 5791 '“
2192 5759 2345 5812 Rom.
2388 5775 2503 5822 xm,
2539 5759 2608 5813 i2
2637 5758 2718 5810 Η.

1994 3239 2239 3297 scientia:
2275 3236 2461 3292 lumen
2499 3234 2828 3297 excitemus,
2862 3232 2958 3287 sed
2995 3231 3185 3295 etiam,
3217 3228 3361 3299 quod
3397 3243 3579 3297 majus

1991 3343 2112 3400 est,
2170 3331 2322 3386 velut
2376 3328 2673 3385 luminaria-
2726 3325 3047 3390 eﬁiciamut‘,
3107 3323 3580 3394 quemadmodum

1992 3426 2069 3482 ait
2116 3423 2413 3495 Apostolus
2457 3421 2527 3489 δ’,
2580 3430 2635 3477 at
2683 3420 2831 3491 quod
2874 3420 3175 3473 maximam
3214 3424 3322 3481 est,
3373 3414 3583 3471 divini-

1996 3525 2161 3572 tatem
2196 3514 2550 3592 _arripiamus
2585 3525 2601 3565 :
2637 3525 2765 3580 qua
2812 3507 3034 3580 quidem
3092 3506 3331 3578 primum
3374 3518 3440 3560 ac
3476 3519 3578 3574 pu-

1993 3608 2277 3665 rissimum
2325 3605 2513 3660 lumen
2566 3613 2686 3671 est,
2744 3618 2808 3658 ac
2860 3600 3244 3672 perceptibile,
3300 3612 3407 3654 non
3448 3595 3574 3667 qui.

1992 3703 2117 3758 dem
2149 3709 2368 3761 natura,
2402 3697 2497 3752 sed
2531 3697 2704 3767 gratia
2733 3703 2788 3750 et
2818 3694 3007 3749 divina
3036 3691 3465 3748 illuminatione.
3497 3689 3577 3747 Ita

1991 3792 2256 3849 Jeremias
2285 3791 2554 3856 hortatur,
2573 3789 2763 3858 Arripe
2792 3803 2911 3842 eam
2945 3802 2966 3842 :
3002 3788 3073 3841 ad
3104 3787 3429 3856 splendorem
3453 3799 3585 3854 pro-

1991 3886 2244 3957 ﬁciscere,
2276 3894 2436 3953 atque
2471 3883 2728 3952 eragioue
2766 3880 2900 3935 lucis
2924 3880 3094 3942 illius,
3127 3887 3410 3946 antequam
3445 3892 3577 3930 cana

1992 3956 2335 4035 tenebreseat.
2362 3956 2417 4031 et
2459 3976 2769 4046 priusquam
2807 3974 2961 4043 pedes
2983 3972 3152 4028 nostri
3180 3972 3249 4025 ad
3277 3979 3475 4025 montes
3497 3979 3579 4025 te-

1992 4071 2236 4125 nebrosus
2293 4068 2625 4138 impinguant
2648 4067 2717 4122 ⁸ο.
2751 4067 2873 4133 Quo
2924 4065 3045 4122 loco
3088 4080 3186 4136 per
3232 4065 3398 4135 pedes
3453 4066 3581 4119 vitm

1991 4164 2257 4220 rationem
2311 4171 2368 4218 et
2421 4160 2732 4217 institutum
2809 4160 3057 4231 accipere
3110 4174 3404 4229 possumus
3435 4175 3449 4210 :
3483 4171 3577 4226 per

1990 4266 2204 4313 montes
2272 4264 2481 4321 autem,
2560 4254 2837 4309 daemones
2916 4263 3138 4323 propter
3207 4251 3580 4321 lrrOgantium

1989 4357 2046 4405 et
2078 4347 2414 4418 superbiam,
2440 4346 2527 4402 vel
2546 4345 2713 4401 etiam
2762 4360 2952 4401 eorum
3009 4346 3256 4415 laqueos,
3284 4344 3378 4413 qui
3416 4358 3575 4396 mon-

1996 4452 2078 4497 tes
2101 4439 2323 4512 quidem
2377 4440 2659 4505 dicuntur,
2695 4438 2840 4508 quod
2885 4452 2982 4507 per
3010 4450 3106 4491 eos
3152 4437 3468 4505 prudentes,
3522 4441 3578 4487 et

1995 4549 2143 4591 satus
2175 4532 2375 4588 mentis
2404 4530 2659 4587 homines
2690 4543 3037 4601 nequaquam
3072 4527 3347 4595 incedant,
3365 4536 3419 4582 et
3447 4527 3575 4595 quia

1990 4624 2256 4700 ραι-ιιι)ιὶ
2315 4638 2379 4679 ac
2428 4622 2670 4694 pestiferi
2719 4605 2897 4677 sum:
2938 4619 3215 4675 tenebrosi
3257 4632 3458 4690 autem,
3517 4630 3576 4676 ut

1995 4721 2218 4777 obscuri
2257 4727 2421 4790 atque
2451 4716 2673 4773 oculum
2709 4714 2976 4769 fallentes.
3010 4712 3161 4780 Quos
3192 4725 3251 4767 ut
3279 4713 3570 4784 fugiamus.

1993 4812 2192 4882 inquit,
2223 4809 2518 4882 Apostolus
2537 4807 2607 4872 ἰ,
2636 4806 2877 4877 quandiu
2909 4805 3026 4879 dies
3052 4814 3158 4870 est,
3208 4804 3259 4861 id
3291 4815 3396 4868 est,
3454 4806 3577 4859 vitae

1991 4911 2045 4957 et
2076 4901 2281 4957 laboris
2323 4909 2563 4971 tempus,
2610 4906 2673 4953 ut
2720 4899 2773 4952 in
2818 4899 2907 4953 die
2943 4896 3173 4953 honeste
3205 4896 3575 4962 ambulemus,

1992 4995 2127 5050 nihil
2159 5002 2338 5065 turpe,
2370 4993 2507 5049 nihil
2541 4993 2611 5048 ab
2643 4992 2876 5048 honesto
2905 4999 2959 5047 et
2993 4991 3195 5047 decoro
3223 4990 3460 5045 alienum
3492 4991 3575 5041 l'a-

1991 5090 2220 5151 cientes,
2253 5103 2353 5143 nec
2392 5086 2908 5153 contessationibus,
2939 5094 2990 5140 et
3020 5082 3293 5149 ebrietati,
3324 5092 3485 5151 atque
3506 5096 3575 5136 et

1990 5180 2058 5235 iis
2084 5189 2265 5236 ortum
2304 5179 2632 5235 habentibus
2662 5178 2935 5234 cubilibus
2964 5187 3021 5233 et
3040 5176 3392 5249 impudicitiis
3421 5175 3573 5229 addi,

1992 5280 2197 5336 centes,
2227 5287 2350 5340 quae
2394 5271 2615 5342 quidem
2657 5269 2856 5326 furtiva
2901 5271 3082 5329 noctis
3118 5286 3281 5341 ειμι-η
3313 5277 3460 5330 situt,
3510 5280 3576 5320 ac

1992 5372 2216 5435 propter
2268 5360 2654 5417 verecundiam
2687 5362 2877 5431 reique
2927 5362 3321 5418 obscenitatem
3360 5363 3573 5412 occulte

1993 5456 2295 5526 furtimque
2318 5464 2677 5528 peraguntur,
2722 5455 3185 5528 quemadmodum
3228 5459 3418 5507 contra
3463 5448 3572 5503 diei

2048 5617 2095 5650 ⁸ο
2126 5616 2319 5673 Matth.
2354 5634 2408 5681 v,
2458 5619 2555 5673 Al.

2261 5688 2307 5720 “
2349 5687 2390 5741 ll
2425 5690 2553 5743 Cor.
2581 5703 2656 5750 tv,
2708 5688 2762 5743 5.

2627 5615 2674 5649 ⁸⁸
2707 5615 2855 5673 Psal.
2900 5628 3044 5680 xcvi,
3073 5613 3127 5668 5.
3200 5609 3246 5642 “
3285 5610 3416 5667 Dan.
3469 5625 3571 5674 vn,

2876 5686 2920 5717 '"
2955 5686 3116 5755 .l’sal.
3164 5696 3428 5749 cxxxvnt,
3477 5683 3569 5738 ﬂ.
