4064 6274
564 273 698 341 1237

1983 274 2233 336 ᾹΟἿΕΝ
2242 274 2362 333 DA.

3728 272 3883 333 ιεεε

559 405 749 462 opera,
779 400 999 463 propter
1030 389 1371 446 honestatem
1406 387 1582 461 palam
1636 395 1930 456 aperteque
1980 383 2151 439 conli-
2177 391 2227 449 Α
2256 386 2383 438 huic
2421 386 2603 440 studio
2633 385 2920 449 incumbit,
2952 394 3010 440 ut
3045 401 3142 439 nos
3179 383 3395 437 insidiis
3431 384 3883 438 circumventos

561 484 806 538 ciuntur.

630 574 746 629 Col.
765 575 890 639 ιιι,
908 573 1234 628 A.0mnibus
1250 571 1495 625 membris
1507 571 1867 641 puri/icemus,
1884 565 2149 622 rtc.Nuuc

560 667 627 721 de
657 668 897 736 quinque
923 680 1179 719 sensuum
1202 665 1523 733 purgatione
1541 670 1755 718 tractat.
1776 669 2097 728 argumento
2117 670 2147 709 a

561 757 841 825 Scriptura
884 756 1071 824 petito.
1100 757 1175 808 At:
1200 754 1433 821 primum
1467 752 1533 804 de
1557 753 1697 812 visu,
1744 750 1988 802 omnium
2020 762 2145 800 seu-

558 866 719 905 suum
752 849 1021 919 prim-ipe,
1058 849 1358 905 disserens,
1396 846 1470 898 ait
1505 863 1515 897 :
1548 842 1925 896 Illuminentur
1983 840 2144 905 oculi,

557 954 635 1007 ut,
667 942 813 1011 quod
861 942 934 993 ait
971 940 1252 999 Salomon,
1290 946 1434 991 recta
1484 952 1759 990 cernamus
1784 934 1852 996 ",
1902 948 1965 986 ac
2013 949 2143 997 nou,

556 1033 700 1102 quod
735 1042 877 1085 vetat
901 1032 1192 1095 Dominus,
1220 1030 1459 1086 curiose.
1493 1038 1547 1082 et
1580 1026 2037 1096 concupiscentiae
2081 1040 2146 1077 ac

557 1125 800 1178 libidinis
821 1138 986 1178 causa
1021 1123 1315 1185 intuentes,
1353 1122 1523 1188 smpti
1559 1120 1911 1173 simulacrum
1963 1117 2015 1170 in
2047 1131 2146 1169 n0-

558 1215 641 1267 his
685 1214 1109 1268 constituamus.
1145 1210 1386 1280 Alioqui,
1410 1210 1574 1262 etiam
1610 1208 1655 1262 si
1679 1206 1886 1260 libidini
1910 1220 2005 1275 per
2027 1219 2146 1258 cor-

555 1320 781 1374 poreum
831 1318 1185 1372 congressum
1235 1316 1345 1355 non
1374 1300 1799 1355 succumbamus
1842 1299 1968 1368 (hoc
1997 1296 2143 1351 enim

555 1395 799 1449 adoratio
834 1391 1124 1463 signiﬁcat)
1164 1401 1342 1445 tamen
1374 1391 1427 1444 in
1465 1392 1648 1443 animo
1689 1388 1881 1445 sordes
1910 1387 2147 1454 excipie-

555 1501 734 1551 e;nus,
766 1487 1049 1555 impressis
1076 1483 1326 1537 videlicet
1359 1484 1411 1537 in
1456 1482 1611 1536 nobis
1644 1481 1849 1552 peccati
1880 1479 2069 1535 formis
2092 1489 2145 1532 et

558 1579 896 1633 simulacris.
940 1577 1205 1646 Quisquis
1247 1576 1391 1630 enim
1444 1572 1675 1644 cupidos
1732 1573 1919 1628 oculos
1949 1572 2002 1625 in
2047 1572 2145 1625 ali-

558 1685 721 1739 quem
756 1667 1024 1737 iujecerit,
1066 1668 1175 1733 iam
1213 1666 1544 1719 adulterium
1577 1664 1852 1719 commisit
1884 1663 1937 1716 in
1980 1661 2144 1716 corde

2252 479 2554 546 Opprimat.
2588 477 2857 544 Quocirca
2897 494 3209 543 t-axeatnus,
3251 494 3317 531 ne
3347 479 3483 547 quid
3521 477 3879 546 hujnsmmj

2254 569 2557 635 faciamus;
2591 586 2803 635 verum,
2831 572 2973 625 sicut
3004 571 3069 623 ad
3099 568 3414 624 Corinthios
3454 569 3672 623 Paulus
3712 571 3875 623 scri-

2251 663 2345 723 bit.
2374 663 2665 732 loquamur
2689 663 2915 733 mystice
2951 671 3005 717 et
3030 674 3188 717 caute
3218 677 3281 716 ea
3315 678 3438 731 quae
3471 664 3728 731 impuris
3756 666 3871 716 bo-

2252 754 2491 810 minihus
2527 762 2666 809 tecta
2697 763 2826 808 sunt
2850 765 2903 808 et
2925 755 3242 808 abscondita
3272 754 3338 808 “.
3383 753 3588 824 Igneus
3625 756 3866 823 linquas

2249 861 2502 913 verentes,
2528 848 2580 900 in
2612 863 2843 917 quarum
2881 846 3054 900 forma
3083 842 3323 915 Spii‘itus
3343 856 3579 902 sanctus
3618 849 3678 900 in
3719 863 3869 916 apo—

2249 938 2421 992 stolos
2466 936 2681 991 inﬂuxit
2710 936 2775 992 ".
2822 938 2897 991 Ita
2946 947 3126 991 autem
3159 952 3254 992 eas
3295 938 3645 994 verebimur.
3687 938 3769 1001 si,
3807 949 3869 988 ut

2250 1029 2317 1086 iis
2344 1046 2465 1100 qua:
2501 1030 2809 1100 linguarum
2844 1029 3196 1099 splendorem
3240 1039 3295 1083 et
3322 1029 3633 1098 puritatem
3706 1028 3866 1080 desic

2249 1131 2440 1192 guant,
2482 1122 2704 1192 dignum
2736 1131 2838 1185 est,
2876 1121 3036 1175 verba
3071 1120 3364 1176 faciamus.
3411 1119 3536 1175 lam
3567 1135 3717 1174 vero
3760 1135 3865 1172 cu-

2251 1222 2365 1267 rata
2403 1216 2585 1281 lingua
2617 1212 2838 1267 olfactui
2875 1228 3095 1283 quoque
3124 1214 3442 1268 medeamur
3471 1256 3485 1277 ,
3514 1228 3589 1266 ne
3629 1212 3862 1267 cile-ni-

2252 1321 2446 1359 nemnr
2477 1293 2783 1373 (muliebris
2812 1306 2955 1359 enim
2980 1314 3035 1359 et
3059 1306 3347 1360 effeminati
3375 1315 3457 1360 est
3494 1307 3683 1359 animi
3721 1321 3859 1359 aro-

2252 1395 2491 1448 tnatibus
2543 1394 2620 1448 uti
2680 1410 2694 1448 :
2754 1403 2918 1463 atque
2978 1395 3183 1448 crebrze
3244 1398 3477 1448 odorum
3533 1394 3860 1448 suavitates

2247 1486 2544 1556 appetitum
2571 1499 2921 1556 corrumpere
2947 1495 3109 1556 atque
3134 1487 3377 1541 emo‘lire
3404 1486 3858 1554 consueverunt)

2249 1595 2315 1632 ne
2347 1579 2395 1630 id
2420 1578 2578 1632 nobis
2611 1570 2847 1640 accidat,
2867 1578 3011 1646 quod
3041 1577 3210 1633 Isaias
3240 1576 3442 1631 Iudaeis
3464 1578 3688 1631 minaci
3725 1591 3857 1629 Ora-

2249 1670 2393 1723 tione
2421 1667 2765 1723 denuntiavit
2798 1683 2814 1721 :
2849 1667 2967 1721 Erit
2997 1671 3169 1733 enim,
3215 1669 3411 1738 inquit,
3446 1685 3548 1737 pro
3590 1669 3856 1738 jucunda

561 1776 663 1815 suo
685 1760 752 1817 ⁸³.
784 1760 840 1814 Si
877 1775 1072 1830 magna
1101 1759 1348 1828 quaedam
1373 1758 1539 1811 animi
1574 1755 1917 1826 perilll'balio
1948 1753 2001 1808 in
2044 1768 2144 1807 ηο-
2177 1732 2220 1787 Β
2250 1762 2409 1816 odore
2438 1760 2609 1831 pulvis
2635 1761 2701 1812 “.
2732 1760 2826 1815 Ille
2849 1777 2977 1815 vero
3008 1773 3407 1829 unguentorum
3441 1762 3852 1832 profusionem

555 1851 660 1914 bis,
681 1852 838 1920 quasi
866 1851 1070 1917 trabes,
1103 1849 1288 1912 fuerit,
1325 1857 1418 1902 aut
1445 1863 1633 1917 parva,
1665 1856 1724 1901 ut
1751 1844 1979 1909 festuca,
2006 1845 2147 1906 hanc

559 1945 921 2015 depellamus,
946 1952 1005 1998 ut
1038 1944 1267 1997 aliorum
1300 1954 1520 2011 quoque
1565 1938 1792 1993 vitiosos
1822 1937 1988 1990 animi
2014 1937 2146 1990 alie-

557 2048 678 2091 Ctus
708 2037 1016 2104 perspicere
1043 2036 1343 2103 possimus.
1398 2031 1542 2098 Ejice
1573 2034 1738 2092 enim,
1794 2028 1990 2098 inquit,
2034 2029 2146 2096 pri-

555 2144 701 2181 mum
736 2129 934 2180 trabem
975 2127 1037 2179 ab
1069 2127 1222 2180 oculo
1249 2136 1358 2191 tuo,
1400 2132 1451 2178 et
1482 2132 1591 2176 tum
1616 2121 1941 2191 respicies,ut
1963 2119 2144 2189 ejicias

554 2221 813 2291 festuram
845 2223 909 2271 ab
943 2212 1094 2272 oculo
1126 2219 1312 2286 fratris
1346 2217 1424 2271 tui
1450 2215 1515 2269 “.
1543 2213 1931 2268 llluminentur
1959 2226 2142 2272 aures,

558 2325 761 2368 utcnm
820 2312 1017 2375 Davide
1073 2312 1344 2368 dicamus.
1410 2307 1662 2369 Audiam,
1718 2306 1845 2376 quid
1897 2306 2196 2374 loquatur-

555 2404 609 2456 in
664 2418 744 2455 me
779 2401 1034 2454 Dominus
1064 2402 1130 2453 ".
1187 2398 1251 2453 Et
1281 2413 1474 2452 rursus
1512 2414 1527 2451 :
1569 2396 1830 2449 Auditum
1878 2394 1965 2462 {ac
2015 2393 2144 2446 mihi

556 2509 708 2546 mane
735 2492 1151 2545 misericordiam
1177 2501 1322 2543 tuam
1339 2492 1406 2542 ".
1436 2488 1548 2542 Hoc
1575 2497 1679 2551 est,
1711 2486 2141 2540 misericordiam

557 2595 729 2647 tuam,
749 2600 870 2652 qum
909 2584 977 2635 ab
1000 2583 1065 2636 iis
1099 2582 1190 2651 qui
1219 2583 1269 2634 in
1288 2579 1586 2649 spiritualis
1610 2579 1744 2633 lucis
1759 2579 1967 2632 oriente
1992 2587 2141 2641 sunt,

564 2675 928 2743 conspicitur,
986 2673 1255 2727 accelera.
1318 2673 1379 2724 Et
1434 2670 1543 2724 alio
1575 2670 1696 2725 loco
1727 2688 1740 2724 :
1776 2670 1997 2723 Auditui
2027 2685 2142 2722 meo

559 2766 711 2819 dabis
748 2764 1001 2834 gaudium
1054 2774 1101 2818 et
1129 2762 1535 2817 exsultationem
1567 2764 1636 2828 ",
1696 2763 1799 2816 hoc
1821 2771 1926 2828 cst,
1977 2775 2141 2814 aures

557 2873 709 2910 meas
746 2857 936 2910 la-titia
967 2854 1381 2923 etjucuuditate
1406 2855 1732 2917 cumulabis,
1766 2851 2021 2923 mysteria
2049 2860 2138 2903 tua

555 2948 689 3001 mihi
737 2948 1021 3001 insonans.
1059 2945 1399 2998 lllumiuetur
1426 2945 1633 3014 lingua,
1659 2959 1729 2996 ne
1757 2943 1945 2996 eadem
1982 2940 2138 2995 nobis

556 3035 798 3090 infamia:
828 3044 951 3089 nota
990 3035 1390 3103 inuratur,qute
1411 3032 1540 3096 illis,
1571 3035 1639 3087 de
1672 3031 1878 3129 quibus.
1914 3031 1989 3084 ait
2032 3029 2138 3083 Dav
2166 3072 2209 3129 ϐ

557 3126 644 3181 vid
679 3142 694 3180 :
728 3134 777 3179 et
807 3125 987 3195 lingua
1025 3139 1206 3178 eorum
1262 3123 1473 3193 gladius
1510 3130 1702 3175 acutus
1732 3121 1820 3186 ης
1867 3120 1967 3174 hoc
2018 3127 2134 3184 est,

560 3229 851 3271 SCI‘mOIleS
885 3216 1151 3285 ipsorum,
1207 3213 1301 3283 qui
1363 3228 1459 3282 per
1517 3212 1710 3265 dentes
1760 3207 2132 3278 proferuntur,

554 3306 702 3362 noxii
752 3321 816 3360 ac
851 3306 1143 3374 perniciosi
1209 3312 1337 3358 sunt
1368 3319 1383 3358 :
1420 3310 1472 3355 et
1519 3301 1978 3370 quemadmodum
2019 3297 2136 3367 gla-

558 3400 684 3453 dius
719 3399 785 3452 ad
819 3407 996 3452 cotem
1022 3406 1238 3450 amotus
1267 3402 1320 3447 et
1348 3401 1633 3455 exacutus,
1667 3391 1942 3445 hominem
1975 3387 2135 3443 facile

551 3490 619 3545 de
650 3491 828 3545 medio
857 3490 1016 3553 tollit,
1062 3497 1171 3540 tam
1229 3485 1390 3539 etiam
1436 3485 1622 3553 lingua
1652 3496 1870 3546 eorum,
1918 3480 2134 3536 calum.

560 3583 670 3637 niis
723 3592 776 3636 et
850 3575 1347 3635 obtrectationibus
1399 3584 1654 3641 exacuta,
1688 3572 1848 3629 facile
1894 3571 2135 3630 homini-

553 3676 658 3729 bus
713 3669 898 3727 neceiu
959 3670 1136 3724 adfert.
1172 3667 1321 3723 Talis
1351 3677 1470 3722 erat
1504 3665 1649 3736 Doeg
1699 3665 1788 3719 ille
1816 3664 2006 3734 Syrus,
2039 3665 2132 3735 qui

552 3767 891 3823 sacerdotem
925 3760 1243 3818 Abimelech
1277 3758 1420 3828 apud
1466 3758 1686 3812 Sauletn
1735 3756 1952 3822 detulit,
1985 3757 2132 3826 quod

552 3859 811 3913 Davidem
867 3856 1163 3927 fugientem
1221 3851 1576 3922 suscepisset,
1632 3866 1699 3906 ac
1743 3850 2132 3921 propositionis

552 3966 724 4021 panes
741 3951 842 4019 ipsi
867 3949 1123 4013 dedisset,
1151 3956 1313 4015 atque
1337 3943 1490 3999 necis
1513 3943 1760 3998 omnium
1786 3943 2128 3999 sacerdotum

551 4051 746 4095 auctor
781 4038 963 4093 fuit”.
1000 4038 1072 4091 De
1102 4052 1209 4107 quo
1236 4048 1290 4091 et
1320 4036 1373 4089 in
1401 4035 1632 4090 Psalmis
1660 4036 1734 4090 ita
1764 4036 1964 4091 dictum
1997 4043 2080 4090 est
2112 4051 2127 4090 :

559 4130 708 4185 Velut
731 4128 987 4183 novacula
1008 4136 1167 4181 acuta
1186 4127 1357 4196 fecisti
1379 4125 1557 4181 dolum
1574 4127 1642 4192 '°,
1662 4126 1764 4181 hoc
1777 4136 1860 4181 est
1876 4125 2130 4181 callidum

550 4233 607 4278 et
638 4221 1048 4275 fraudulentum
1080 4218 1373 4273 consilium
1419 4217 1604 4272 animo
1637 4216 1970 4285 concepisti,
2019 4230 2131 4285 quo

553 4312 697 4367 facili
728 4311 948 4381 negotio
1005 4310 1354 4364 sacerdotum
1411 4307 1685 4363 civitatem
1726 4307 2000 4371 excidisti,
2036 4321 2130 4359 ve-

2246 1852 2449 1909 Judacis
2488 1854 2786 1908 criminose
2808 1854 3094 1924 objiciens,
3134 1871 3231 1921 pro
3263 1871 3325 1909 ea
3359 1857 3655 1926 pulverem
3688 1857 3849 1911 illum

2248 1947 2383 2015 ipsis
2414 1946 2782 2001 comminatus
2813 1955 2916 2012 est,
2949 1962 3113 2016 quem
3157 1948 3189 2001 ii
3235 1959 3425 2017 postea
3485 1949 3851 2015 excitarunt,

2247 2052 2276 2089 a
2312 2039 2509 2106 quibus
2534 2036 2840 2092 Jerusalem
2873 2053 3062 2094 eversa
3113 2050 3216 2093 est.
3270 2040 3587 2108 Theologus
3645 2053 3845 2097 autem

2248 2142 2343 2196 per
2382 2143 2607 2181 suavem
2654 2128 2881 2183 odorem
2913 2129 3173 2184 virtutum
3224 2130 3581 2199 fragrantiam
3637 2133 3851 2186 intelli-

2247 2221 2367 2287 git:
2398 2234 2492 2288 per
2535 2220 2812 2288 pulverem
2868 2230 3072 2285 autem,
3127 2221 3608 2291 inquinamentum
3678 2224 3844 2286 illud,

2245 2314 2389 2380 quod
2412 2312 2595 2365 auitua
2628 2327 2721 2381 per
2745 2312 2966 2367 sensilia
2994 2323 3293 2383 unguenta,
3312 2329 3435 2384 qua:
3455 2315 3639 2384 ipsius
3672 2317 3844 2370 robur

2246 2401 2559 2470 infringunt
2605 2416 2667 2456 ac
2698 2401 2983 2472 dejiciunt,
3020 2404 3349 2458 contrahere
3403 2406 3568 2458 solet.
3629 2403 3837 2459 Verum

2243 2492 2540 2546 odoremur
2583 2490 2885 2557 Christum,
2912 2494 2977 2546 ad
3007 2494 3170 2549 breve
3236 2503 3448 2562 tempus
3490 2493 3677 2562 gloria
3738 2510 3835 2548 sua

2242 2583 2609 2648 exinanitum,
2640 2582 2799 2651 juxta
2829 2583 2882 2637 id
2907 2584 3050 2654 quod
3085 2585 3139 2637 in
3168 2582 3411 2638 Cauticis
3440 2585 3507 2637 ad
3539 2584 3831 2641 Christum

2242 2673 2491 2727 dicitur:
2530 2672 2865 2743 Unguentum
2917 2676 3142 2743 effusum
3190 2691 3374 2729 nomen
3431 2685 3586 2728 tuum
3640 2678 3719 2731 ⁸³.
3768 2676 3834 2733 Ut

2240 2766 2385 2820 enim
2412 2775 2751 2834 unguentum
2785 2765 3018 2822 elfusum
3049 2768 3274 2822 suavius
3297 2767 3525 2838 fragrat,
3548 2778 3727 2838 atque
3747 2784 3832 2834 ea,

2241 2860 2443 2928 quibus
2481 2860 2830 2924 admovetur,
2861 2858 3017 2915 suavi
3050 2860 3218 2915 odore
3261 2858 3545 2929 perfundit
3574 2878 3590 2915 :
3616 2863 3819 2917 eodem

2240 2966 2457 3021 quoque
2478 2950 2641 3006 modo
2669 2950 2950 3017 Dominus,
2979 2962 3333 3022 posteaquam
3388 2962 3598 3008 nostra:
3628 2956 3830 3010 salutis

2240 3057 2406 3097 causa
2438 3043 2751 3098 exinanitus
2782 3054 2885 3109 est,
2922 3044 3239 3113 cognitione
3266 3046 3375 3111 sui,
3406 3046 3555 3100 velut
3607 3050 3831 3102 suavis-

2241 3132 2385 3184 simo
2417 3129 2655 3199 quodam
2693 3131 2885 3197 odore,
2920 3133 3238 3187 universum
3293 3133 3484 3187 orbem
3542 3144 3820 3189 terrarum

2241 3220 2508 3289 implevit.
2540 3223 2720 3292 Atque
2750 3221 2897 3277 hunc
2944 3237 2976 3276 a
3024 3223 3182 3279 nobis
3231 3224 3586 3293 spiritualiter
3626 3226 3818 3295 accipi

2238 3326 2462 3368 necesse
2480 3322 2584 3379 est,
2621 3313 2725 3369 hoc
2756 3324 2859 3381 est,
2888 3323 2946 3368 ut
2980 3314 3244 3370 beneficia
3289 3317 3360 3372 ab
3386 3318 3525 3372 eoin
3550 3332 3650 3372 nos
3682 3325 3813 3374 eol-

2239 3405 2346 3459 lata
2381 3406 2684 3461 sentiamus
2721 3414 2776 3461 et
2825 3421 3210 3478 agnoscamus,
3263 3418 3429 3480 atque
3477 3410 3545 3464 ab
3577 3426 3645 3465 eo
3670 3410 3817 3467 adeo

2235 3497 2609 3566 eﬂ'ormemur,
2661 3508 2716 3553 et
2749 3498 2802 3552 in
2830 3500 3065 3554 alteram
3117 3500 3438 3571 qualitatem
3485 3503 3818 3573 migremus,

2238 3598 2297 3642 ut
2335 3588 2435 3658 ipsi
2468 3604 2689 3659 quoque
2722 3591 2910 3646 suavis
2953 3592 3089 3647 odor
3122 3593 3290 3648 simus
3321 3592 3385 3655 ⁸⁸,
3421 3608 3489 3647 ac
3533 3595 3611 3649 de
3650 3599 3820 3653 nobis

2234 3680 2403 3744 idem,
2454 3695 2566 3749 quo
2597 3680 2665 3736 de
2714 3681 2988 3737 sacriﬁcio
3050 3682 3185 3749 Noe,
3241 3685 3469 3750 dicatur,
3525 3684 3823 3745 Oderatu

2233 3781 2309 3826 est
2336 3771 2594 3826 Dominus
2627 3772 2841 3826 odorem
2887 3775 3175 3831 suavitatis
3214 3776 3279 3839 ",
3305 3776 3408 3830 hoc
3433 3785 3543 3841 est,
3579 3777 3825 3834 libenter

2232 3874 2290 3919 et
2347 3862 2591 3933 jucunde
2629 3866 2860 3936 accepit.
2913 3867 3117 3923 Tactus
3176 3878 3463 3938 purgetur,
3516 3878 3582 3923 ut
3626 3886 3701 3926 ne
3736 3887 3820 3926 res

2232 3954 2424 4010 molles
2456 3964 2511 4010 et
2541 3962 2783 4022 teneras,
2805 3972 3035 4027 quaeque
3065 3959 3229 4012 animi
3260 3962 3505 4028 vigorem
3539 3962 3815 4027 molliunt,

2231 4055 2639 4103 cOutrectemus
2667 4066 2683 4103 :
2718 4064 2906 4104 verum
2938 4050 3288 4104 intellectuali
3320 4066 3388 4105 ac
3411 4052 3689 4121 spirituali
3720 4064 3806 4107 ta-

2231 4150 2321 4194 ctu
2353 4140 2634 4195 Christum
2668 4149 2982 4211 tangamus,
3015 4142 3120 4195 hoc
3142 4152 3228 4197 est
3260 4143 3440 4212 ipsius
3493 4145 3802 4215 mysterium

2230 4242 2291 4286 ut
2326 4230 2434 4286 Deo
2461 4232 2687 4302 dignum
2711 4241 2817 4298 est,
2840 4242 3268 4302 perscrutemur.
3290 4232 3506 4291 Gustus
3524 4243 3793 4305 purgetur,

2232 4330 2292 4376 ut
2311 4337 2419 4376 non
2445 4324 2628 4379 succis
2661 4331 2718 4378 et
2749 4324 3073 4393 liquoribus,
3106 4339 3172 4379 ac
3195 4324 3460 4395 iucundis
3492 4336 3545 4383 et
3580 4326 3797 4397 pingui-

550 4403 740 4471 lutqne
768 4400 1050 4455 abrasisti.
1082 4396 1355 4489 Noviacula
1395 4396 1539 4453 enim
1572 4410 1788 4489 comam
1829 4394 1991 4489 facile
2014 4398 2127 4489 _de-
2162 4432 2206 4489 υ
2234 4413 2335 4470 bus
2367 4413 2543 4483 epulis
2603 4415 2887 4470 “quem”,
2928 4424 2983 4471 ει
3011 4394 3373 4485 obruamur,
3402 4427 3567 4489 atque
3585 4394 3661 4473 ξύ
3686 4394 3809 4487 μη,

550 4495 726 4549 metit.
778 4490 893 4546 Hoc
948 4501 1130 4545 autem
1191 4488 1410 4543 Davidis
1469 4488 1675 4542 dictum
1738 4486 1797 4540 in
1845 4485 2124 4540 diabolum

549 4599 769 4654 quoque
797 4583 1040 4652 torqueri
1068 4590 1254 4652 queat.
1291 4578 1364 4636 Ut
1391 4581 1537 4635 enim
1578 4579 1845 4634 novacula
1881 4580 2130 4648 apprime

549 4683 782 4730 exacnta
813 4674 887 4727 ita
924 4688 1139 4728 comam
1170 4672 1466 4738 abscindit,
1493 4680 1552 4726 ut
1590 4672 1684 4742 qui
1717 4670 1950 4736 raditur,
1987 4669 2126 4725 nihil

549 4765 752 4821 sentiat
783 4780 798 4817 :
829 4764 909 4818 sic
937 4764 1100 4819 etiam
1132 4762 1408 4826 diabolus,
1441 4777 1550 4832 qua
1578 4770 1663 4817 est
1686 4757 1988 4817 calliditate
2041 4769 2127 4814 at-

549 4872 657 4927 que
687 4855 950 4922 versutia,
981 4856 1140 4911 dolos
1192 4853 1266 4908 ita
1323 4854 1673 4910 machinatur
1726 4865 1889 4924 atque
1929 4855 2127 4909 anima:

549 4949 806 5020 gratiam,
844 4948 947 5001 hoc
991 4954 1096 5010 est,
1150 4944 1403 5000 virtutem
1432 4953 1486 5001 et
1513 4946 1797 5001 scientiam
1845 4946 2122 5011 detondet,

551 5050 604 5094 ut
636 5053 697 5094 ea
742 5038 845 5093 sibi
875 5037 990 5092 haec
1026 5043 1348 5091 ornamenta
1383 5035 1596 5091 detrahi
1636 5051 1741 5091 non
1795 5037 2015 5093 sentiat.
2050 5036 2125 5093 De

549 5146 662 5202 quo
701 5140 756 5186 et
794 5132 847 5185 in
874 5132 1003 5191 hoc,
1028 5140 1082 5183 et
1114 5129 1166 5183 in
1205 5143 1354 5184 nono
1381 5129 1593 5200 psalmo
1651 5130 1795 5185 idem
1855 5129 2127 5200 Propheta

547 5225 625 5279 ait
661 5238 675 5276 :
713 5219 882 5291 Cujus
912 5221 1283 5275 maledictione
1320 5239 1377 5277 os
1400 5222 1614 5292 plenum
1661 5234 1740 5278 est
1775 5233 1825 5277 et
1859 5225 2128 5277 amaritu-

548 5313 668 5368 dine
700 5321 748 5366 et
782 5311 926 5372 dolo,
967 5310 1063 5365 sub
1093 5311 1275 5381 lingua
1311 5312 1425 5381 ejus
1459 5311 1612 5366 labor
1642 5322 1692 5367 et
1724 5313 1877 5368 dolor
1910 5314 1979 5366 ⁶¹.
2016 5314 2125 5366 Do-

552 5409 631 5461 los
659 5408 804 5461 enim
841 5407 1083 5468 censuit,
1131 5420 1196 5459 ac
1244 5407 1383 5459 tuala
1418 5407 1584 5463 struit
1608 5409 1932 5474 etmolitur,
1964 5417 2129 5481 atque

622 5543 666 5573 δ’
700 5543 855 5596 Prov.
894 5558 967 5604 IV,
1008 5543 1098 5598 25.

549 5614 623 5667 al.
667 5628 718 5674 L,
746 5614 831 5666 10.
905 5615 951 5644 ⁸⁸
980 5614 1121 5667 Psal.
1150 5630 1258 5676 LVI,
1293 5617 1346 5666 4.

1424 5616 1470 5645 ⁵⁸³
1504 5619 1518 5669 l
1555 5615 1683 5685 lit-g.
1720 5634 1832 5684 xxi,
1863 5636 1999 5675 ml.

551 5726 568 5751 ,
602 5699 660 5749 ιι,
692 5683 713 5735 1
751 5698 901 5752 seqq.
982 5686 1027 5715 “
1061 5684 1165 5739 ιω.
1203 5701 1286 5751 tu,
1316 5684 1404 5738 2t.

1486 5686 1529 5717 σε
1570 5686 1724 5743 Cant.
1763 5705 1801 5756 1,
1856 5690 1911 5744 2.

1177 5543 1221 5574 ³³
1250 5541 1438 5597 Matth.
1475 5560 1524 5608 v,
1574 5545 1664 5601 28.
1740 5548 1788 5581 “
1817 5548 2008 5606 Matth.
2045 5567 2118 5614 tv,
2160 5553 2216 5607 5.

1189 5630 1233 5654 νι
1294 5617 1344 5654 .l,
1424 5615 1663 5654 “tum
1720 5634 1806 5654 η.
1864 5636 1975 5654 nm
2075 5623 2121 5654 so
2164 5624 2216 5654 ι).

2075 5624 2121 5654 ⁵ο
2162 5624 2305 5679 Psal.
2337 5644 2410 5703 ιη,
2441 5629 2473 5681 4

2027 5692 2071 5723 “
2105 5691 2150 5748 ll
2189 5694 2312 5752 Cor.
2361 5715 2419 5762 tl,
2456 5698 2542 5751 15.

2233 4518 2322 4558 res
2358 4505 2514 4558 cibos
2538 4505 2888 4575 accipiendos
2919 4505 3235 4565 incitemur.
3267 4506 3373 4575 Qui
3402 4510 3625 4578 quidem
3656 4510 3812 4565 succi

2229 4605 2284 4651 et
2313 4596 2572 4663 liquores,
2603 4606 2871 4664 quatenus
2900 4596 3143 4662 titillant,
3182 4597 3558 4655 illecebrarum
3584 4614 3655 4655 ac
3683 4616 3816 4669 pru-

2230 4687 2436 4743 rituutn
2462 4687 2708 4743 libidinis
2729 4686 2926 4744 fratres
2956 4698 3111 4756 sunt,
3144 4691 3262 4760 qui,
3301 4700 3586 4760 postquam
3613 4706 3814 4759 pecca-

2232 4786 2349 4833 tum
2408 4779 2478 4833 ab
2527 4779 2596 4832 iis
2653 4788 2876 4833 enatum
2935 4788 3104 4849 atque
3162 4791 3436 4851 patratum
3497 4784 3708 4838 sentire
3758 4796 3814 4839 et

2231 4870 2535 4940 intelligere
2555 4871 2849 4940 cmpimus,
2880 4872 3063 4926 acerbi
3105 4883 3271 4943 atque
3313 4872 3484 4927 amari
3515 4881 3667 4927 sunt.
3707 4875 3811 4926 lit-

2231 4961 2377 5016 enim
2401 4961 2631 5018 obsonia
2657 4962 2723 5016 ad
2751 4963 3048 5033 ingluviem
3094 4979 3195 5019 nos
3224 4965 3577 5029 extimulant;
3625 4966 3816 5033 inglu-

2233 5054 2347 5108 vies
2372 5062 2554 5107 autem
2587 5055 2655 5108 ad
2707 5054 3010 5111 libidinem.
3057 5053 3310 5112 Praesens
3357 5070 3519 5126 porro
3553 5055 3816 5123 voluptas

2233 5147 2514 5201 insuavem
2544 5147 2763 5201 tandem
2784 5157 2840 5202 et
2873 5149 3132 5203 acerbum
3170 5147 3332 5203 finem
3380 5148 3539 5202 nobis
3565 5149 3811 5205 allatura

2233 5252 2315 5295 est
2342 5257 2356 5293 :
2387 5253 2451 5294 ac
2484 5238 2724 5293 titillatio
2751 5240 2863 5305 illa,
2900 5255 3006 5310 qua
3031 5254 3233 5310 corpus
3257 5252 3501 5296 nostrum
3527 5240 3819 5309 voluptate

2233 5329 2484 5395 afﬁcitur,
2520 5329 2822 5385 veneﬁcum
2849 5339 2905 5385 et
2930 5329 3271 5386 mortiferum
3305 5342 3546 5386 vermem
3596 5334 3817 5401 sempi-

2235 5430 2388 5476 terne
2408 5422 2462 5475 in
2485 5420 2703 5476 inferno
2730 5423 3134 5477 excruciantem
3162 5421 3485 5492 procreabit.
3511 5420 3815 5479 Enimvero

3672 5562 3719 5594 ⁸⁷
3748 5560 3821 5616 Ps

3639 5632 3689 5662 ⁸³
3717 5633 3822 5687 Ad

2329 5557 2373 5587 "
2408 5555 2554 5613 Psal.
2586 5573 2809 5622 Lxxxw,
2845 5556 2900 5613 9.
3013 5558 3059 5590 ⁸⁶
3086 5557 3231 5613 Psal.
3259 5573 3500 5621 eunti,
3538 5560 3591 5615 8.

2337 5644 2384 5659 ιι
2447 5629 2466 5659 ﬁ
2609 5628 2651 5658 6!
2693 5627 2808 5659 Donl
2867 5644 2895 5659 ν
2951 5627 2983 5659 ’7
3116 5629 3196 5659 εει
3234 5631 3343 5659 ΓΛ.-
3403 5648 3438 5659 ..
3507 5631 3537 5659 ’7

2692 5627 2832 5681 Psal.
2867 5644 2919 5687 κ,
2951 5627 3004 5680 7.
3116 5629 3198 5682 ⁶¹Ι
3234 5631 3343 5684 Cor
3403 5648 3460 5691 ll,
3507 5631 3558 5685 7.

2656 5698 2699 5730 ⁶⁷
2733 5699 2870 5754 Gen.
2906 5713 3021 5765 vni,
3052 5696 3142 5751 2i.
