4064 6274
311 282 446 346 12ὸ9

1266 291 1588 354 NICETAS
1633 291 1716 353 IN
1756 289 1984 352 ORAT.
2024 289 2126 349 XI.
2165 286 2225 348 S.
2271 285 2499 347 GREG.

3425 290 3562 352 1290

309 399 498 454 Dividi
529 413 839 469 pareamus,
896 400 1093 456 dicenti
1131 417 1146 455 :
1178 397 1403 456 Gustate
1431 415 1478 456 et
1510 403 1698 469 uidete,
1745 421 1878 474 quo-
1906 409 1951 466 Α
1979 403 2271 460 admodum
2297 406 2374 461 ait
2404 405 2704 476 Apostolus
2740 406 2808 472 ⁷³,
2847 405 2900 460 in
2937 405 3089 460 omni
3121 405 3239 460 loco
3274 421 3443 474 puras
3471 422 3568 462 cas

307 495 452 546 niam
497 491 677 544 suavis
705 500 780 546 ut
807 491 1066 546 Dominus
1096 492 1176 557 ⁸⁸,
1234 503 1451 563 gustate
1492 511 1684 566 panem
1729 496 1877 561 vitai,

305 585 518 646 cibum,
550 582 798 650 inquam,
834 583 1010 651 illum,
1042 585 1137 656 qui
1164 600 1272 640 non
1299 585 1382 657 (ut
1417 587 1695 642 sensibilis
1726 588 1882 656 panis

305 674 593 744 alimonia)
647 676 807 743 peril,
857 677 950 731 sed
1003 687 1212 746 manet,
1264 689 1322 734 ut
1379 680 1456 733 ait
1516 679 1780 735 Dominus
1812 681 1880 733 ".

305 765 505 821 Gustat
548 775 730 820 autem
765 765 981 822 Domini
1022 771 1370 836 suavitatem,
1401 772 1502 826 hoc
1531 784 1636 837 est,
1669 772 1885 842 experi-

308 867 555 912 mentum
592 857 766 928 ipsius
795 859 958 929 capit,
997 861 1090 930 qui
1119 863 1242 916 sine
1289 863 1395 917 uIla
1451 864 1796 919 dubitatione
1828 865 1882 917 in

307 949 489 1018 ipsum
538 958 740 1017 sperat,
775 963 1030 1018 eumque,
1059 951 1318 1018 utdecct,
1353 953 1590 1007 invocat.
1629 952 1739 1007 Nec
1764 953 1884 1007 esui

307 1052 367 1096 et
392 1041 660 1094 vorationi
716 1040 1089 1096 Ienocinemur
1121 1043 1328 1114 (postea
1361 1046 1504 1100 enim
1540 1047 1646 1101 cibi
1696 1061 1887 1101 omnes

309 1135 430 1204 pari
472 1135 592 1188 loco
616 1133 844 1188 honoris
878 1135 1025 1206 sunt)
1054 1151 1153 1191 nec
1192 1138 1491 1206 cupiditate
1540 1148 1701 1208 atque
1725 1153 1889 1208 appe-

315 1229 416 1281 titu
449 1226 768 1296 flagrantem
817 1227 1085 1298 ingratam
1128 1229 1276 1283 illam
1306 1230 1510 1298 gulam,
1563 1239 1751 1299 utpote
1797 1231 1891 1283 be-

312 1317 496 1372 nclieii
551 1319 957 1381 immemorem,
1011 1317 1426 1389 refrigeremus,
1471 1330 1520 1374 et
1561 1320 1891 1389 obsequiose

311 1411 584 1474 colamus,
615 1410 778 1478 idque
811 1409 877 1462 ad
911 1409 1076 1466 breve
1105 1420 1340 1480 tempus,
1377 1412 1519 1480 quod
1553 1428 1614 1465 ea
1637 1428 1759 1480 qna.-
1787 1409 1889 1479 ipsi

313 1502 695 1574 porriguntur,
756 1502 1042 1557 celerrime
1103 1504 1460 1568 transmittat,
1510 1519 1631 1569 nec,
1677 1501 1891 1558 etiamsi

315 1603 580 1666 perpetuo
611 1592 991 1657 infundantur,
1043 1595 1279 1648 retinuere
1323 1608 1510 1664 queat.
1538 1594 1681 1660 Quin
1712 1593 1892 1664 potius

314 1702 540 1757 operam
577 1685 792 1750 demus,
836 1695 895 1739 ut
927 1685 1227 1754 spiritualis
1273 1695 1467 1755 gustus
1515 1687 1672 1742 nobis
1724 1687 1892 1758 probe

1984 495 2210 560 attollat,
2247 496 2366 550 sine
2396 498 2475 551 ira
2508 505 2563 552 et
2592 497 3104 567 disceptationibus,
3141 506 3320 566 atque,
3355 504 3415 550 ut
3439 511 3566 550 cum

1986 588 2183 643 Davide
2212 587 2498 657 loquar",
2535 589 2878 658 disciplinam
2928 588 3319 658 apprehendat,
3365 587 3569 640 Christi

1985 677 2233 744 scilicet,
2261 681 2375 734 sive
2428 681 2866 749 evangelicorum
2920 694 3342 749 przecepwrnm,
3373 695 3437 734 ac
3478 696 3573 748 per

1987 769 2094 820 vim
2124 784 2268 833 eam,
2309 785 2431 838 qua:
2465 769 2518 823 in
2557 772 2765 840 agendo
2809 779 3078 832 versatur,
3116 771 3269 839 quasi
3321 786 3417 839 per
3452 783 3573 822 ma-

1989 875 2119 914 num
2158 863 2474 930 quamdam,
2511 875 2843 925 sermonem,
2877 861 2978 915 hoc
3007 869 3112 924 est,
3148 861 3573 930 contemplatio-

1991 967 2113 1005 nem
2150 951 2204 1005 in
2251 951 2410 1006 ﬁdem
2459 952 2715 1021 accipiat.
2751 951 2960 1006 Etenim
2995 968 3060 1006 ex
3109 953 3350 1006 honestae
3384 964 3438 1006 ct
3461 952 3576 1004 Ian-

1991 1044 2187 1098 dabilis
2219 1043 2340 1096 vitae
2368 1043 2549 1096 studio
2575 1041 2966 1109 contemplatio
3003 1041 3163 1096 nobis
3199 1052 3574 1111 comparatur,

1986 1135 2142 1202 juxta
2175 1134 2305 1187 illud
2346 1131 2645 1203 Scriptum)
2677 1153 2690 1189 :
2730 1132 2930 1187 Factus
2960 1144 3035 1187 est
3072 1150 3243 1187 sermo
3275 1133 3488 1187 Domini
3521 1135 3576 1187 iu

1993 1241 2154 1277 manu
2190 1225 2454 1295 Aggwi".
2492 1225 2557 1279 Et
2604 1227 2761 1294 juxta
2820 1225 2948 1279 illud
3007 1225 3293 1280 Malachia':
3332 1243 3347 1279 :
3391 1224 3577 1280 Sermo

1992 1317 2204 1370 Domini
2231 1319 2300 1370 ad
2328 1317 2577 1372 lsraelem
2609 1320 2664 1372 in
2695 1335 2856 1372 manu
2887 1317 3065 1388 angeli
3089 1319 3255 1372 sui".
3291 1317 3412 1372 Jatn
3450 1334 3579 1371 vero

1995 1406 2194 1476 pedum
2253 1407 2517 1474 perfectio
2552 1409 2604 1460 in
2638 1423 2702 1461 eo
2733 1408 3006 1472 consistit,
3039 1416 3092 1459 ιιι
3130 1409 3290 1462 nobis
3345 1423 3470 1462 cum
3515 1407 3582 1462 iis

1997 1499 2132 1553 nihil
2173 1499 2245 1554 sit
2285 1515 2600 1564 connnune,
2636 1501 2701 1553 de
2735 1500 2935 1569 quibus
2970 1501 3044 1553 ait
3075 1497 3334 1553 Salomon
3365 1517 3378 1552 :
3415 1498 3583 1552 Pedes

1995 1607 2171 1644 eorum
2204 1593 2272 1644 ad
2304 1593 2499 1645 malum
2545 1601 2788 1657 currunt,
2822 1601 2871 1644 et
2927 1592 3124 1645 veloces
3157 1600 3281 1645 sunt
3309 1591 3376 1643 ad
3408 1589 3584 1658 eﬂ'uu-

1997 1683 2224 1735 dendum
2261 1683 2655 1753 sanguinem";
2693 1697 2883 1737 verum
2935 1700 3056 1738 cum
3097 1683 3202 1737 illis
3260 1681 3583 1737 societatem

315 1788 702 1848 componatur,
735 1787 793 1833 ut
819 1794 942 1833 cum
982 1775 1185 1833 Davide
1230 1778 1481 1833 dicamus
1515 1794 1530 1832 :
1570 1778 1740 1844 Quam
1773 1777 1894 1831 dul-
1925 1752 1971 1812 Β
2003 1777 2269 1840 ineamus,
2323 1776 2418 1844 qui
2473 1776 2543 1829 ab
2584 1774 2724 1829 Isaia
2784 1774 2870 1829 his
2902 1774 3080 1828 verbis
3137 1774 3521 1828 collaudantur
3569 1791 3583 1827 :

311 1873 402 1924 cia
436 1870 678 1937 faucibus
709 1869 837 1922 meis
858 1869 1068 1938 eloquia
1101 1881 1215 1932 tua,
1251 1886 1409 1939 super
1436 1869 1539 1923 mel
1577 1870 1658 1924 ori
1685 1886 1797 1924 utea
1826 1871 1893 1926 ⁷ο.

317 1967 398 2016 Ac
426 1961 682 2015 Salomon
730 1975 947 2030 quoque
978 1961 1094 2030 ipse
1142 1960 1196 2014 in
1226 1959 1537 2016 Proverbiis
1581 1961 1656 2016 ait
1699 1979 1711 2014 :
1765 1959 1893 2027 Fili,

323 2054 428 2108 mel
457 2053 687 2119 comede,
730 2062 784 2105 ut
818 2051 1123 2105 dulcescunt
1154 2055 1331 2122 fauces
1366 2061 1468 2109 tute
1500 2053 1569 2116 τε,
1602 2055 1706 2108 mel
1742 2055 1894 2109 vide-

319 2149 446 2202 licet
478 2145 716 2216 figurata
755 2145 1035 2201 locutione
1061 2145 1304 2200 divinam
1350 2147 1660 2203 doctrinam
1718 2149 1897 2201 nomi-

319 2253 482 2294 nans.

389 2327 510 2383 Col.
541 2326 647 2381 414
676 2324 740 2382 C.
772 2324 1104 2381 Praeclarum
1151 2326 1363 2394 insuper
1391 2327 1573 2397 fuerit,
1617 2337 1724 2384 etc.
1758 2328 1897 2383 Pur-

319 2420 557 2490 gandum
589 2435 830 2489 quoque,
858 2420 1054 2488 inquit,
1080 2430 1241 2490 caput
1263 2430 1365 2486 est,
1398 2421 1451 2474 in
1481 2435 1591 2491 quo
1620 2432 1674 2476 et
1700 2436 1897 2476 sensus

321 2528 516 2568 omnes
548 2511 639 2567 siti
678 2521 834 2579 sunt,
872 2521 926 2567 et
959 2512 1233 2567 actionem
1278 2513 1504 2580 habent,
1557 2514 1784 2569 cerebro
1815 2514 1901 2568 ni-

227 2646 230 2647 ν
323 2607 525 2660 mirum
577 2605 686 2658 vim
727 2615 781 2660 ct
830 2604 1148 2659 facultatem
1189 2605 1325 2675 ipsis
1383 2607 1786 2675 suppeditante,
1841 2613 1902 2660 ut

322 2698 546 2750 Christo
576 2696 741 2756 capiti
770 2705 960 2748 nostro
991 2695 1198 2749 haerere
1222 2711 1510 2764 queamus.
1547 2713 1610 2750 ac
1653 2713 1779 2750 cum
1812 2713 1899 2763 eo,

325 2787 469 2840 velut
496 2786 668 2854 ipsius
702 2799 931 2854 corpus,
963 2786 1222 2854 conjungi
1255 2802 1271 2840 :
1305 2797 1495 2841 contra
1530 2803 1694 2856 quam
1726 2788 1904 2858 impo-

329 2887 447 2930 stor
477 2876 590 2942 ille,
623 2875 715 2946 qui
747 2877 836 2944 .ab
882 2876 1131 2945 apostolo
1184 2874 1352 2930 Paulo
1404 2877 1795 2946 proscinditur,
1844 2892 1904 2935 ut

329 2981 533 3024 temere
567 2971 959 3037 intumescens,
1001 2986 1102 3025 nec
1128 2979 1311 3040 caput,
1360 2971 1412 3025 id
1462 2980 1568 3036 est,
1619 2973 1900 3029 Christum

329 3075 571 3128 tenens,
635 3077 703 3115 ex
763 3078 874 3132 quo
939 3071 1114 3116 totum
1198 3079 1402 3133 corpus
1468 3067 1806 3120 construitur
1852 3076 1904 3121 et

327 3160 762 3221 coagtnentatur,
791 3153 897 3207 hoc
923 3162 1026 3217 est,
1049 3153 1419 3222 compingitur
1441 3165 1493 3208 et
1519 3171 1652 3224 pace
1682 3155 1901 3214 fruitur.

327 3241 464 3298 Nam
490 3244 536 3299 si
559 3252 744 3314 caput,
779 3245 887 3300 hoc
916 3254 1019 3310 est,
1050 3245 1353 3316 principem
1389 3247 1556 3302 animi
1587 3249 1756 3304 nostri
1787 3266 1907 3321 par-

330 3349 462 3404 tem,
497 3340 937 3409 purgaverimus,
981 3342 1438 3408 quemadmodum
1483 3342 1658 3413 ipsius
1709 3352 1904 3400 natura

333 3431 457 3498 fert,
519 3446 714 3501 nempe
761 3446 857 3502 per
901 3432 1154 3488 virtutem
1199 3448 1264 3489 ac
1313 3435 1644 3491 scientiam:
1683 3437 1907 3495 minime

332 3522 634 3577 timendum
661 3525 784 3591 erit,
808 3539 876 3580 ne
904 3525 956 3580 id
983 3525 1142 3581 nobis
1174 3528 1412 3596 accidat,
1450 3530 1595 3600 quod
1626 3528 1796 3587 David
1826 3533 1909 3587 in-

332 3615 638 3685 gemiscens
669 3618 746 3672 ait
781 3635 794 3672 :
831 3618 1154 3690 lniquitates
1207 3636 1334 3675 mew
1387 3638 1735 3692 supergressa:
1785 3635 1906 3680 sunt

331 3716 488 3776 caput
540 3723 712 3762 nteant
744 3709 812 3776 τ’,
871 3693 1109 3765 mentem
1161 3711 1541 3785 rationemque
1596 3728 1907 3785 prementes

331 3806 498 3867 atque
525 3809 839 3854 onerantes.
872 3799 1076 3855 Verum
1114 3801 1484 3870 iniquitatem,
1518 3822 1684 3877 supra
1733 3821 1898 3878 caput

332 3899 581 3943 nostrum
611 3904 734 3945 sese
759 3889 1096 3955 efferentem,
1124 3907 1189 3947 ac
1215 3893 1577 3964 principatum
1611 3908 1906 3966 tenentem,

336 3981 485 4032 humi
522 3989 850 4043 sternenius,
892 3983 1270 4052 rationemque
1306 3987 1375 4040 ab
1425 4002 1490 4042 ea
1536 4004 1907 4061 compressam

335 4081 499 4140 atque
527 4070 782 4125 afflictam
808 4071 860 4126 in
904 4073 1212 4129 libertatem
1245 4077 1670 4137 vindicahimus.

405 4161 541 4219 Ibid.
584 4160 918 4216 Praeclarum
978 4164 1140 4217 etiam
1189 4166 1423 4221 humeris
1482 4171 1810 4239 sanctiﬁcari
1848 4190 1910 4228 ac

333 4251 574 4321 purgari,
613 4259 719 4306 etc.
753 4251 856 4306 Per
886 4252 1143 4309 humeros
1178 4256 1287 4308 vim
1333 4270 1453 4310 eam
1482 4264 1537 4311 et
1571 4256 1907 4326 facultatem,

335 4360 460 4412 quae
510 4343 563 4397 in
618 4345 833 4400 actione
892 4346 1071 4416 posita
1103 4358 1208 4414 est,
1251 4348 1455 4404 indicat
1487 4367 1501 4403 :
1533 4351 1601 4404 ab
1635 4351 1702 4406 iis
1762 4353 1910 4407 enim

339 4451 534 4491 manus
560 4439 702 4492 vires
745 4453 876 4494 suas
925 4439 1220 4508 accipiunt.
1283 4440 1389 4497 Per
1438 4456 1659 4498 crucem
1703 4455 1911 4514 autem,

339 4537 540 4581 statum
577 4545 701 4584 eum
731 4532 922 4597 animi,
950 4547 1082 4600 quo,
1117 4533 1266 4588 velut
1305 4545 1560 4591 mortuus
1614 4546 1669 4592 et
1698 4540 1910 4594 exstin-

339 4627 487 4683 ctus,
549 4620 616 4674 ad
673 4621 911 4677 vitiosos
969 4634 1025 4677 et
1074 4625 1420 4681 turbulentos
1476 4629 1705 4687 allectus
1763 4633 1913 4689 nullo

339 4723 490 4765 motu
518 4711 838 4778 impellitur.
867 4713 1000 4768 Nam
1035 4731 1131 4786 per
1156 4718 1378 4774 virtutis
1427 4720 1634 4776 cultum
1692 4739 1756 4778 ac
1800 4735 1915 4779 stu-

337 4803 486 4856 dium
521 4818 588 4858 co
623 4805 839 4860 tandem
877 4809 1250 4877 pervenimus,
1305 4820 1364 4865 ut
1391 4813 1559 4868 animi
1616 4817 1790 4870 nostri
1843 4817 1912 4872 ab

341 4895 600 4949 otnnibus
656 4897 1165 4966 perturbationibus
1218 4904 1496 4973 tranquilli
1547 4906 1660 4960 sint
1708 4920 1764 4963 et
1823 4925 1910 4979 pa-

339 4987 466 5040 cali.
525 4986 781 5044 Humeris
839 4991 1022 5061 itaque
1053 4994 1400 5050 sanctitatem
1454 4997 1631 5064 ati‘ert,
1666 5003 1758 5071 qui
1789 5018 1916 5056 cru-

340 5093 456 5130 cem
488 5093 631 5144 eam,
684 5094 791 5149 qua
825 5081 1008 5136 vitiosi
1065 5082 1376 5138 animorum
1439 5086 1666 5142 affectus
1713 5090 1917 5144 eXstin-

341 5177 605 5236 guuntur,
679 5170 922 5224 humeris
981 5170 1138 5237 tollit,
1197 5172 1588 5246 Christumque
1644 5183 1914 5248 sequitur.

339 5257 532 5314 Manus
593 5269 772 5312 autem
834 5269 1049 5330 purgat,
1103 5263 1260 5331 quia
1297 5266 1488 5335 rapina
1521 5277 1575 5321 et
1627 5270 1917 5328 latrocinio

340 5365 404 5402 ac
441 5347 876 5404 diverberatione
918 5350 1159 5420 integras
1213 5365 1307 5408 eas
1366 5364 1588 5411 servat:
1624 5365 1684 5413 ut
1726 5376 1917 5430 quent-

412 5505 458 5578 [ἢ
494 5503 638 5560 Psal.
668 5523 855 5573 xxxm,
882 5507 935 5578 9.
1013 5509 1059 5540 "
1089 5507 1249 5566 Joan.
1281 5528 1356 5578 vt,
1381 5511 1474 5569 27.

345 5573 361 5646 I
398 5574 532 5628 'l'im.
577 5593 636 5640 ιι,
663 5578 715 5630 8.
819 5581 863 5611 ⁷⁸
896 5577 1044 5644 Psal,
1097 5596 1218 5646 vm,
1249 5583 1334 5638 12.

344 5645 505 5719 itum.
535 5661 613 5710 ιι,
652 5649 734 5704 15.
810 5650 856 5681 "
891 5648 1126 5719 Philipp.
1159 5645 1240 5716 ιιι,
1277 5655 1364 5711 14.

339 5713 541 5772 Jeteut.
584 5732 660 5780 IV,
689 5719 773 5774 19.
849 5720 895 5752 ⁸³
930 5713 1088 5776 Ρδιιῖξ
1113 5736 1164 5784 ι,
1199 5713 1281 5776 ιὲι..

576 5812 846 5874 ΡΑΤιιυι..
876 5815 968 5871 Gn
1034 5817 1342 5884 CXXVII.

1441 5586 1486 5657 τ’
1531 5586 1664 5657 Agg.
1708 5603 1748 5652 ι,
1782 5591 1832 5644 1.

1443 5656 1489 5688 ⁸ο
1517 5656 1717 5728 Ephes.
1754 5676 1824 5726 vt,
1855 5661 1942 5716 15.

1569 5515 1615 5548 το
1641 5516 1787 5572 Psal.
1827 5523 2168 5586 cxvut,1ti3.
2282 5524 2324 5554 '“
2357 5521 2386 5576 Ρ

1569 5601 1664 5648 κα.
1708 5603 1748 5648 ι,
1782 5591 1832 5644 1.
1939 5593 1985 5623 ⁷⁸
2025 5593 2254 5647 Malach.
2292 5610 2328 5648 ι.
2362 5596 2386 5648 1

1944 5605 1985 5623 "
2025 5605 2254 5647 malacn.
2292 5610 2328 5659 I,
2362 5605 2415 5648 ι.

2001 1865 2175 1931 Quam
2246 1865 2469 1935 formosi
2532 1874 2655 1918 sunt
2729 1865 2882 1934 pedes
2947 1864 3430 1934 euangelizantium
3488 1881 3588 1933 pa-

2000 1973 2107 2010 cem
2134 1965 2184 2011 ει
2225 1956 2430 2010 bona"
2468 1973 2482 2010 :
2514 1957 2728 2027 quales,
2755 1972 2880 2010 cum
2916 1956 3150 2010 aliorum
3188 1957 3586 2027 apostolorum.

2003 2060 2115 2104 tum
2151 2047 2305 2103 Pauli
2362 2050 2529 2118 pedes
2579 2058 2756 2102 erant.
2789 2046 2893 2114 Qui
2923 2048 3087 2103 etiam
3123 2049 3239 2118 ipsc
3269 2050 3338 2103 de
3367 2064 3426 2103 se
3461 2050 3534 2102 ait
3573 2068 3588 2104 :

1999 2141 2080 2194 Ad
2136 2141 2466 2211 propositum
2510 2156 2790 2210 persequor
2815 2141 2899 2204 "’;
2928 2151 3092 2210 atque
3121 2141 3258 2194 alios
3285 2141 3370 2194 his
3406 2143 3588 2196 verbis

2001 2235 2248 2288 hortatur
2284 2251 2298 2288 :
2327 2233 2567 2288 Calceati
2602 2235 2756 2302 pedes
2790 2233 2843 2286 in
2875 2235 3274 2304 pra'paratione
3314 2231 3590 2304 Evangelii

1999 2328 2146 2395 pacis
2169 2327 2237 2382 ⁸⁸.
2290 2326 2619 2395 llujusmodi
2659 2326 2844 2397 pedes,
2869 2327 2913 2380 si
2954 2327 3087 2396 quid
3119 2327 3284 2380 etiam
3325 2337 3450 2397 post
3480 2329 3591 2380 ba-

2001 2419 2257 2486 ptismum
2307 2431 2622 2488 susct-ptum
2681 2435 2776 2486 per
2829 2421 3080 2473 humana:
3112 2421 3233 2473 vita:
3265 2421 3364 2474 iter
3406 2421 3588 2474 sordis

2002 2511 2402 2572 contraxerint,
2440 2511 2612 2564 abluit
2640 2512 2930 2574 Dominus,
2959 2526 3025 2564 ac
3059 2526 3124 2564 ne
3157 2511 3439 2565 minimam
3464 2511 3589 2581 qui-

2003 2599 2124 2653 dem
2161 2602 2516 2670 inlimamquc
2550 2613 2757 2671 partem
2782 2603 3030 2670 despicit,
3059 2602 3156 2656 sed
3212 2619 3333 2656 eam
3371 2619 3594 2673 quoque

2004 2703 2219 2764 purgat.
2279 2681 2464 2747 Parati
2519 2704 2702 2748 autem
2753 2695 2917 2763 pedes
2955 2694 3216 2747 dicuntur
3246 2697 3312 2748 ad
3347 2693 3594 2764 Evange-

2005 2785 2164 2847 ilum,
2208 2785 2312 2840 huc
2343 2795 2446 2849 est,
2487 2785 2554 2838 ad
2601 2799 2824 2838 cursum
2887 2785 3291 2856 evangelicum,
3329 2787 3592 2855 capt-diti,

2006 2893 2130 2933 cum
2197 2876 2454 2931 videlicet
2496 2888 2548 2930 et
2578 2877 2752 2948 ipsiUs
2776 2887 3049 2947 praecepta
3081 2889 3480 2948 essequuntur,
3541 2893 3595 2935 ct

2006 2985 2069 3026 ea
2099 2969 2220 3023 aliis
2261 2969 2507 3023 tradunt.

1931 3093 1974 3152 ο
2077 3061 2160 3114 CI.
2184 3059 2374 3115 415A.
2400 3059 2551 3124 Quod
2581 3061 2627 3114 si
2654 3077 2757 3131 qua
2785 3061 2975 3115 ventris
3005 3077 3204 3131 quoque
3227 3042 3397 3124 illius,
3423 3070 3528 3116 etc.
3550 3062 3593 3115 A

2009 3154 2254 3209 sensibili
2312 3167 2500 3208 ventre
2540 3154 2607 3208 ad
2638 3154 3000 3224 spiritualcm,
3036 3157 3140 3210 hoc
3166 3163 3249 3209 est
3280 3157 3346 3209 ad
3381 3172 3595 3210 memo-

2010 3247 2149 3301 riam
2194 3247 2480 3304 transitum
2520 3246 2651 3302 facit
2681 3264 2695 3300 :
2725 3263 2848 3316 qua:
2872 3263 3043 3318 capax
3069 3249 3289 3318 quidem
3329 3259 3412 3304 est
3443 3251 3597 3318 cogi.-

2011 3345 2275 3402 talionum
2309 3345 2415 3417 (Ιιέε
2453 3345 2599 3400 enim
2650 3345 2881 3399 rationis
2928 3354 3058 3400 sunt
3104 3346 3388 3415 alimenta)
3443 3347 3599 3416 dige-

2010 3437 2150 3492 strix
2185 3445 2364 3491 antem
2399 3453 2462 3491 ac
2500 3436 2870 3503 distributrix,
2902 3446 3089 3507 utpote
3117 3447 3242 3508 p..st
3287 3438 3594 3493 adhibitum

2006 3529 2296 3600 judicium,
2329 3543 2394 3583 ac
2426 3528 2575 3582 velut
2606 3528 3047 3594 concoctionem,
3077 3529 3143 3584 ad
3173 3529 3368 3584 animm
3399 3530 3603 3585 alimo-

2013 3620 2156 3673 niam
2214 3633 2308 3673 eas
2364 3617 2675 3674 diﬂ‘undens
2722 3627 2885 3689 atque
2915 3619 3278 3676 distribuens.
3320 3621 3402 3676 Ah
3453 3622 3601 3691 Apo-

2013 3711 2157 3765 stolo
2201 3719 2384 3764 autem
2423 3709 2591 3780 hujus
2619 3711 2772 3766 verbi
2802 3711 3100 3779 Θεοποιεῖν,
3136 3713 3240 3770 hoc
3283 3724 3386 3783 est,
3426 3714 3596 3769 Deum

2010 3801 2243 3867 edicere,
2287 3816 2447 3857 usum
2511 3803 2773 3870 traduxit,
2804 3805 2898 3875 qui
2953 3806 3020 3860 de
3076 3806 3146 3860 iis
3196 3805 3288 3876 qui
3343 3805 3506 3862 vitam
3542 3809 3596 3861 in

2011 3891 2223 3948 deliciis
2273 3902 2478 3964 agunt,
2509 3896 2676 3950 verba
2725 3895 2957 3964 faciens,
3010 3896 3133 3952 ait:
3173 3898 3412 3966 Quorum
3458 3900 3598 3955 Deus

2012 3997 2191 4042 venter
2239 3989 2396 4043 est".
2451 3985 2586 4042 Nam
2645 3988 2741 4059 qui
2799 3991 2971 4044 ventri
3033 3993 3157 4062 plus
3212 4007 3371 4062 atquo
3421 3993 3597 4050 inser-

2013 4079 2221 4145 viunt,
2338 4078 2676 4149 deliciasque
2772 4081 2821 4135 ei
2909 4083 3380 4150 subministrant,
3473 4101 3599 4140 eum

2013 4169 2422 4239 quodammodo
2491 4167 2662 4226 Deum
2733 4172 2965 4227 iaciunt.
3056 4175 3229 4228 Porro
3297 4176 3602 4244 Spit’itttnlis

2015 4260 2243 4322 ventris,
2275 4263 2378 4316 hoc
2431 4270 2538 4326 est,
2577 4265 2854 4319 memoriae
2899 4265 3081 4330 luxus,
3114 4275 3196 4319 est
3251 4267 3587 4323 auscultatio

2017 4353 2379 4422 studiumque
2410 4362 2655 4408 externa:
2711 4364 2767 4408 et
2802 4354 3045 4424 profana:
3071 4355 3374 4424 sapientiae,
3393 4355 3600 4424 jucun-

1947 4435 1992 4491 Ι)
2020 4449 2101 4500 da:
2118 4444 2337 4514 quidem
2372 4445 2520 4500 illius
2548 4455 2602 4500 et
2638 4460 2890 4511 atnmnm,
2943 4447 3036 4500 sed
3077 4461 3182 4500 non
3215 4447 3443 4517 perinde
3483 4450 3598 4501 fru-

2019 4549 2246 4604 ctuosae,
2281 4553 2346 4594 ac
2365 4537 2566 4608 leporis
2587 4549 2642 4593 et
2661 4539 2946 4608 elegantiae
2966 4538 3114 4594 illius
3133 4539 3541 4594 condimentum
3579 4557 3592 4592 :

2019 4633 2113 4699 qui
2155 4630 2320 4686 etiam
2361 4630 2612 4686 dilllucns
2672 4643 2837 4701 atque
2889 4645 3227 4686 evanescens
3281 4630 3438 4685 cibus
3490 4639 3596 4686 est.

2022 4723 2139 4779 Iloc
2187 4739 2408 4794 quoque
2441 4725 2510 4778 ab
2543 4725 2808 4794 Apostolo
2872 4731 3158 4792 sumptum
3207 4733 3310 4778 est.
3356 4721 3431 4778 De
3463 4725 3604 4781 cibis

2019 4815 2166 4868 enim
2217 4824 2271 4869 et
2303 4822 2493 4868 ventre
2539 4814 2850 4884 disputans,
2909 4814 3023 4867 haec
3061 4813 3224 4868 verba
3276 4813 3603 4883 subjnnxit:

2021 4908 2163 4963 Deus
2202 4919 2399 4975 autem,
2449 4918 2497 4964 et
2553 4911 2711 4974 hunc,
2749 4918 2798 4963 et
2842 4908 2934 4963 hos
2987 4910 3221 4963 destruet
3241 4909 3309 4975 ⁸⁸,
3345 4912 3446 4967 hoc
3497 4923 3601 4976 est,

2021 5001 2344 5071 Comprimet
2368 5010 2532 5070 atque
2555 5001 2811 5056 abolebit.
2841 5001 2904 5054 At
2933 5016 3060 5055 vero
3107 5001 3387 5055 memoriae
3416 5011 3606 5055 venter

2019 5109 2114 5163 per
2137 5104 2518 5162 corruptarum
2542 5102 2596 5148 et
2615 5093 2984 5162 improbarum
3001 5092 3420 5164 cogitationum,
3442 5095 3604 5163 quasi

2021 5182 2313 5236 noxiorum
2365 5187 2727 5251 quorumdam
2799 5187 3088 5240 humerum
3149 5185 3470 5255 cjcctionem
3529 5194 3606 5238 te-

2022 5275 2186 5328 nuior
2215 5274 2472 5340 efﬁcitur,
2508 5285 2674 5344 atque
2729 5277 2800 5330 ita
2855 5278 3076 5333 demum
3127 5278 3345 5333 Domini
3375 5277 3602 5332 verbum

2024 5365 2248 5435 excipit,
2279 5366 2740 5436 quemadmodum
2777 5368 2854 5424 ait
2905 5369 3074 5424 David
3109 5387 3124 5424 ε
3162 5373 3231 5423 Ει
3257 5367 3421 5439 legem
3454 5378 3603 5422 tuam

2282 5524 2324 5554 τί
2357 5521 2519 5578 Prov.
2548 5542 2676 5582 mv
2726 5529 2816 5583 13.
2931 5528 2977 5560 "
3012 5529 3153 5583 P~al.
3188 5541 3394 5594 xxxvn,
3423 5527 3478 5587 5.
3557 5529 3603 5562 "

2513 5595 2741 5652 "Prov.
2778 5616 2816 5660 ι.
2853 5599 2941 5653 16.
3055 5600 3102 5630 ⁷⁸
3124 5599 3360 5652 Νιιιιιιιιι.
3411 5615 3448 5660 ι,
3491 5598 3596 5666 i5;

2022 5663 2065 5695 ⁸¹
2092 5664 2324 5737 Philipp.
2351 5682 2432 5733 ιιι,
2469 5668 2550 5724 19.
2632 5670 2677 5702 ⁸⁸
2713 5671 2875 5724 ibid..
2955 5669 3001 5700 "
3032 5667 3178 5725 Psal.
3207 5684 3394 5735 xxxix,
3421 5673 3477 5724 υ.

2935 5830 3002 5891 ιι
