4048 6278
524 267 661 337 1⁵291

1963 275 2347 337 ADDENDA.

3634 267 3777 332 3292

525 382 581 431 in
612 377 779 431 medio
826 379 1018 434 ventris
1049 380 1207 434 mei”
1239 398 1250 434 :
1287 395 1398 448 quo
1431 379 1551 435 loco
1583 395 1676 450 per
1716 390 1962 436 ventrem
2003 400 2097 436 cor
2123 393 2174 450 Α
2200 383 2393 440 ditates
2464 397 2598 439 suas
2675 383 2893 454 spiritui
2945 383 3305 445 adversatur,
3370 381 3424 436 in
3481 383 3777 452 procinctu

529 467 799 539 intelligit.
828 473 1006 541 Atque
1037 471 1200 524 etiam
1260 471 1332 524 ita
1376 482 1644 539 purgatus
1677 482 1864 544 venter
1906 488 2095 527 eorum

529 560 702 616 vicem
733 562 900 624 dolet,
933 564 1025 632 qui
1080 562 1132 616 in
1178 573 1463 631 peccatum
1513 562 1792 626 labuntur,
1824 573 1988 630 atque
2041 565 2096 618 in

531 656 625 710 Dei
654 658 1013 710 oﬁ‘ensionem
1048 656 1356 710 incurrunt.
1393 652 1861 720 Quemadmodum
1915 664 1970 708 et
2003 651 2098 708 Je-

529 749 730 818 remias
779 756 999 816 propter
1052 744 1272 800 Judteos
1327 745 1511 797 animo
1569 743 1960 807 discruciatur.
2013 746 2098 799 his

532 840 710 892 verbis
733 850 920 892 utens:
961 836 1198 891 Ventrem
1231 852 1421 898 meum,
1441 845 1664 889 ventrem
1693 852 1862 889 meum
1881 836 2098 890 doleo“.

531 927 671 992 Quin
705 930 866 980 etiam
907 928 1166 982 Davidem
1200 943 1296 996 pro
1352 927 1518 981 corde
1575 941 1640 981 ac
1675 929 1973 981 visceribus
2009 927 2099 981 Dei

531 1034 686 1087 Opem
718 1018 1100 1087 implorantem
1131 1016 1342 1085 reperio
1361 1016 1427 1080 ⁸⁸,
1443 1031 1743 1086 eorumque
1762 1017 2024 1070 rationem
2050 1025 2104 1070 et

531 1125 718 1164 curam
756 1109 1065 1163 habentem.
1095 1110 1202 1163 Cor
1223 1116 1405 1162 autem
1442 1109 1550 1162 \‘im
1583 1109 1974 1178 intelligetttem
2007 1123 2103 1178 ap-

536 1200 728 1268 prllat;
761 1204 969 1255 viscera
1003 1213 1127 1252 vero
1155 1198 1328 1266 ipsius
1362 1213 1523 1251 sensa
1555 1207 1611 1252 et
1649 1197 2029 1267 cogitationes.

602 1293 720 1347 Col.
760 1291 864 1346 M5
905 1293 971 1344 Δ.
1030 1289 1170 1354 Quid
1217 1288 1422 1343 lumbi?
1485 1290 1612 1359 quid
1669 1289 1865 1343 renes?
1905 1287 2101 1349 Juda‘i,

533 1399 654 1437 cum
719 1383 993 1454 paschalis
1056 1381 1180 1451 agni
1231 1380 1524 1451 participes
1589 1381 1813 1445 fiebant,
1859 1380 2106 1446 corporis

536 1476 753 1531 lumbos
785 1476 1098 1530 succinctos
1127 1473 1434 1539 habebant;
1463 1486 1493 1525 a
1521 1473 1678 1526 nobis
1705 1485 1886 1526 autem
1924 1469 2108 1540 requi.

425 1568 442 1576 ’
537 1570 675 1622 ritur
738 1578 796 1620 ut
843 1582 965 1638 pars
1009 1581 1069 1620 ea
1118 1567 1338 1628 animte,
1396 1565 1452 1618 in
1497 1579 1604 1633 qua
1652 1564 1822 1618 libido
1871 1564 2107 1628 exsistit,

538 1660 808 1730 spirituali
864 1661 1027 1714 modo
1088 1673 1186 1728 per
1244 1657 1642 1712 continentiam
1720 1657 2104 1724 restringatnr.

2203 484 2429 530 stantes.
2475 475 2830 546 ignobiliores
2859 489 3025 546 porro
3050 485 3102 531 et
3134 475 3540 530 inhunesﬁores
3565 485 3777 544 partes,

2201 577 2330 622 sunt
2369 568 2537 623 lumbi
2579 578 2634 623 et
2666 584 2844 634 renes,
2883 577 3068 637 utpote
3115 582 3355 638 quorum
3395 581 3562 638 opera
3604 583 3775 623 vene-

2200 672 2326 713 rans
2352 673 2677 728 congressus
2699 662 2996 729 peragitur.

2273 749 2412 805 Ibid.
2460 750 2522 804 C.
2567 748 2760 806 Omnia
2804 751 3057 816 membra,
3111 768 3228 822 qua:
3265 762 3388 808 sunt
3446 769 3609 824 super
3661 765 3776 810 ter-

2205 858 2344 904 ram,
2385 849 2492 897 etc.
2543 840 2651 896 Lex
2691 841 2922 896 lllosaira
2979 858 3250 897 summam
3289 843 3498 912 hepatis
3541 856 3779 914 partem,

2202 943 2258 986 et
2293 947 2471 997 renes,
2511 948 2616 987 una
2647 948 2772 986 cum
2813 934 2995 1002 adipe,
3025 949 3078 987 tn
3123 934 3450 1003 quibusdam
3484 937 3780 992 sacriﬁciis

2206 1025 2317 1079 Deo
2371 1039 2696 1081 consecrare
2734 1025 2984 1094 jubebat,
3029 1026 3163 1080 illud
3215 1026 3561 1096 signiﬁcans,
3617 1030 3784 1095 iram,

2206 1132 2326 1187 quae
2354 1132 2452 1186 per
2500 1117 2690 1171 ﬁbram
2728 1117 3048 1186 designatur
3084 1116 3238 1187 (huic
3271 1118 3420 1172 enim
3467 1135 3566 1174 vas
3613 1121 3784 1175 bilem

2208 1211 2520 1280 concipiens
2552 1209 2881 1280 .adjunctum
2911 1209 3040 1279 est),
3078 1218 3132 1264 et
3183 1209 3492 1278 libidinem,
3527 1227 3652 1282 qua:
3688 1229 3790 1279 per

2209 1314 2368 1354 rencs
2426 1308 2480 1353 et
2536 1299 2750 1368 adipem
2824 1298 3183 1368 significatur,
3255 1301 3607 1368 potissimum
3675 1303 3789 1357 Deo

2209 1390 2518 1444 consecrari
2571 1390 2788 1444 debere.
2859 1389 3069 1446 Rursus
3122 1389 3301 1447 Moses
3365 1392 3657 1449 brachium
3719 1411 3792 1450 ac

2212 1482 2584 1550 pectusculum
2637 1482 2690 1536 in
2750 1482 3030 1536 nonnullis
3075 1483 3358 1538 sacriﬁciis
3404 1487 3793 1542 sacerdotibus

2212 1572 2583 1652 assignavit:
2643 1573 2775 1628 illud
2825 1574 3062 1630 obscure
3111 1575 3360 1632 indicans
3389 1617 3407 1643 ,
3469 1577 3788 1634 faciendum

2217 1665 2373 1720 nobis
2419 1678 2560 1730 esse,
2603 1675 2662 1720 ut
2708 1673 2764 1720 et
2802 1666 2967 1721 corda
3002 1676 3188 1722 nostra
3245 1682 3341 1736 per
3381 1669 3788 1725 confessionem

536 1751 640 1807 Per
691 1753 905 1814 lumbos
955 1752 1098 1805 enim
1142 1765 1215 1804 ac
1266 1765 1427 1804 renes
1455 1747 1900 1818 concupiscentia
1939 1746 2106 1818 signi-

2219 1756 2592 1812 sacerdotibus
2659 1755 2955 1812 offeramus
3011 1756 3131 1828 (per
3193 1760 3573 1827 pectusculum
3638 1762 3788 1816 enim

539 1847 732 1900 ﬁcatur
764 1861 778 1898 :
814 1843 958 1914 quod
992 1843 1046 1897 in
1091 1842 1159 1898 iis
1201 1843 1450 1912 partibus
1483 1849 1693 1895 aestuet.
1741 1840 1882 1894 Sunt
1925 1848 2106 1893 autem

540 1937 709 1990 tumbi
763 1937 816 1988 in
875 1935 1053 1989 antica
1101 1943 1253 2004 parte
1312 1949 1327 1985 :
1377 1947 1536 1987 renes
1582 1946 1712 1986 vero
1767 1931 1820 1983 in
1865 1932 2105 2000 postica.

540 2027 774 2082 Pulchra
829 2038 993 2096 porro
1021 2035 1075 2080 et
1105 2025 1322 2096 egregia
1359 2039 1550 2078 renum
1597 2022 1827 2078 mutatio
1864 2031 1949 2076 est
1976 2036 2110 2075 con-

538 2119 966 2188 cupiscentiaein
1011 2118 1213 2172 bonum
1267 2115 1576 2178 conversio,
1623 2129 1688 2169 ac
1735 2113 2106 2183 spiritualium

541 2228 723 2267 rerum
780 2227 936 2265 amor
984 2223 1038 2265 et
1087 2210 1358 2279 cupiditas
1405 2224 1420 2262 :
1483 2208 1556 2260 ita
1609 2216 1667 2260 ut
1727 2221 1853 2260 cum
1910 2203 2110 2258 Davide

539 2306 722 2360 dicere
762 2319 1026 2373 queamus
1069 2321 1082 2357 :
1140 2303 1544 2370 lnﬂammatum
1594 2309 1670 2353 est
1719 2314 1811 2352 cor
1839 2313 2030 2363 meum,
2061 2303 2111 2349 et

540 2413 688 2450 renes
731 2397 835 2450 mei
887 2395 1204 2448 commutati
1240 2405 1360 2446 sunt
1391 2392 1459 2445 ⁸⁸.
1491 2388 1556 2443 Et
1604 2403 1797 2444 rursus
1836 2405 1851 2440 :
1901 2387 2036 2440 Ante
2066 2397 2114 2440 te

543 2502 690 2540 omne
749 2485 1072 2538 desiderium
1121 2498 1296 2535 meum
1343 2477 1427 2544 ⁸⁷,
1485 2479 1633 2533 omni
1669 2493 1739 2531 ex
1779 2486 1932 2546 parte
1977 2490 2112 2528 con-

528 2558 819 2640 strictum,
873 2591 973 2628 nec
999 2575 1065 2626 ad
1103 2571 1246 2626 aliud
1277 2570 1573 2640 quidquam
1607 2567 1887 2634 diffusum,
1923 2583 2112 2622 verum

541 2672 608 2724 ad
645 2679 695 2722 te
724 2681 892 2719 unum
940 2667 1234 2718 intensum.
1282 2665 1460 2730 Atque
1502 2662 1630 2716 item
1663 2675 1787 2714 cum
1826 2657 2062 2712 Jeremia
2096 2676 2110 2712 :

543 2760 698 2813 Diem
736 2758 964 2812 hominis
1005 2771 1108 2808 non
1138 2753 1410 2820 concupiui
1437 2751 1504 2816 ⁸⁸,
1546 2751 1648 2805 hoc
1678 2760 1782 2814 est,
1817 2750 2111 2802 humanam

543 2861 599 2906 et
639 2863 960 2920 corpoream
1013 2847 1349 2900 felicitatem.
1404 2841 1517 2898 Nos
1551 2843 1696 2896 enim
1740 2840 2113 2911 spiritualium

544 2959 724 2998 rerum
764 2940 1062 3010 cupiditate
1095 2937 1266 2992 teneri
1301 2935 1705 3004 convenit,quo
1731 2933 1895 2988 etiam
1931 2933 2113 2992 modo,

543 3050 595 3091 et
630 3036 902 3090 Dattielem
943 3032 1172 3102 angelus
1209 3027 1566 3099 nuncupavit,
1623 3026 1707 3080 his
1741 3026 1921 3080 verbis
1953 3041 1967 3079 :
2008 3024 2117 3078 Da-

543 3129 664 3194 niel,
714 3128 791 3182 rir
821 3125 1224 3189 desideriorum,
1256 3121 1490 3190 ittteilige
1534 3133 1820 3184 sermones,
1867 3133 1996 3187 quos
2045 3115 2114 3169 ad
2143 3121 2185 3179 c

547 3231 596 3271 te
629 3215 908 3272 habiturus
951 3211 1163 3268 sum”.
1209 3210 1678 3278 Quemadmodum
1732 3219 1915 3262 autem
1949 3207 2116 3261 homo

549 3312 702 3384 pacis
735 3311 956 3374 dicitur,
987 3307 1081 3378 qui
1125 3303 1421 3374 tranquillo
1455 3311 1508 3355 et
1548 3310 1737 3370 pacato
1773 3309 1855 3353 est
1889 3302 2070 3352 animo
2101 3316 2114 3352 :

551 3415 624 3459 tta
653 3406 735 3458 vir
785 3403 1205 3464 desideriorum,
1255 3397 1348 3468 qui
1399 3395 1670 3451 desiderio
1725 3391 2113 3446 inflammatur.

547 3495 735 3550 Daniil
791 3496 933 3548 enim
998 3492 1305 3545 futurarum
1371 3502 1554 3541 rerum
1611 3485 2114 3554 cognoscendarum

547 3591 840 3658 iupthtate
871 3587 1178 3655 flagrabat:
1216 3598 1278 3637 ac
1305 3579 1533 3648 proinde
1562 3594 1647 3643 ea,
1689 3593 1809 3647 qua:
1841 3591 2016 3645 usque
2051 3575 2117 3628 ad

549 3681 734 3736 saeculi
761 3680 922 3732 finem
957 3685 1220 3731 eventura
1260 3682 1438 3737 erant,
1491 3672 1777 3727 intellexit.
1818 3667 2038 3724 Etenim
2071 3667 2116 3722 si

550 3785 661 3829 tota
729 3781 913 3826 nostra
963 3768 1232 3840 cupiditas
1278 3767 1346 3820 ad
1395 3766 1565 3820 Deum
1621 3763 1883 3819 translata
1934 3762 2116 3829 fuerit,

548 3881 578 3920 a
609 3867 769 3921 nobis
813 3865 1004 3932 utique
1045 3861 1347 3933 spiritualis
1377 3874 1441 3915 ac
1487 3857 1711 3929 pestifer
1750 3867 1804 3912 ct
1861 3857 2121 3911 sinuosus

547 3959 637 4013 ille
669 3960 834 4011 draco
868 3959 1116 4012 vitientur
1144 3962 1200 4009 et
1220 3953 1582 4022 opprimetur,
1610 3951 1677 4007 de
1707 3966 1815 4020 quo
1846 3951 1988 4005 Deus
2016 3947 2120 4004 Job

551 4051 860 4118 alloquens,
895 4049 970 4102 ait
1004 4065 1018 4100 :
1068 4046 1202 4100 Ecce
1237 4046 1494 4116 fortitudo
1537 4044 1684 4098 illius
1725 4046 1780 4097 in
1824 4042 2041 4107 lumbis,
2071 4052 2120 4096 et

547 4141 785 4209 potentia
811 4140 958 4195 illius
991 4141 1045 4192 in
1068 4139 1316 4192 umbilico
1343 4139 1536 4192 ventris
1565 4138 1632 4191 °°.
1683 4137 1895 4202 Quibus
1940 4137 2120 4191 verbis

549 4237 880 4304 ostenditur,
928 4234 1206 4290 diabolum
1251 4233 1307 4286 in
1341 4231 1447 4296 his,
1481 4245 1618 4301 quas
1649 4229 1906 4294 diximus,
1944 4228 2122 4283 homi-

549 4341 677 4379 num
709 4325 955 4395 partibus
998 4321 1294 4393 plurimum
1329 4320 1525 4374 virium
1583 4319 1805 4386 habere,
1868 4320 1970 4373 hoc
2015 4329 2120 4385 est,

2211 1862 2308 1902 cor
2368 1847 2729 1917 signiﬁcatur,
2797 1858 2985 1916 utpote
3036 1849 3211 1918 ipsius
3257 1852 3658 1906 munimentum
3721 1869 3792 1908 ac

2213 1940 2574 2010 praesidium),
2615 1950 2672 1996 et
2705 1942 2869 1994 etiam
2903 1940 3167 2005 actiones,
3205 1958 3324 2012 quae
3367 1959 3462 2012 per
3496 1943 3786 1999 brachium

2213 2031 2570 2103 designantur
2596 2073 2613 2100 ,
2650 2045 2814 2102 atque
2847 2049 2947 2104 per
2983 2035 3294 2090 sacerdOtes
3329 2036 3396 2090 ad
3440 2037 3608 2091 Deum
3653 2038 3788 2092 alre-

2214 2134 2431 2179 runtur.
2464 2126 2643 2195 Atque
2669 2126 2786 2179 haec
2813 2125 3033 2194 quidem
3071 2125 3157 2180 lex
3182 2135 3338 2182 vetus
3360 2129 3788 2197 prazseribebat;

2215 2231 2315 2272 nos
2344 2224 2526 2272 autem
2560 2255 2576 2282 ,
2622 2216 2778 2286 juxta
2831 2218 3268 2273 cohortationem
3319 2221 3678 2289 apostolicam
3717 2224 3766 2256 "

2215 2309 2400 2364 omnia
2457 2307 2732 2374 membra,
2771 2324 2894 2378 qua:
2938 2318 3066 2364 sunt
3112 2325 3275 2380 super
3323 2320 3549 2379 terram,
3599 2313 3654 2368 id
3685 2327 3790 2378 est,

2217 2415 2442 2455 munere
2483 2416 2584 2456 suo
2622 2400 2676 2455 in
2713 2410 2854 2455 terra
2892 2400 3214 2472 funguntur,
3261 2402 3351 2457 vel
3391 2405 3558 2459 etiam
3595 2411 3794 2462 veteris

2219 2493 2480 2558 hominis,
2508 2494 2614 2549 hoc
2666 2504 2753 2550 est
2799 2495 3030 2564 peccati,
3080 2495 3324 2550 membra
3357 2498 3788 2567 mortiﬁcemns;

2217 2604 2282 2642 ac
2310 2603 2412 2643 nos
2438 2597 2581 2643 totos
2614 2587 2724 2642 Deo
2768 2587 2822 2642 in
2855 2586 3187 2642 sacriﬁcium
3222 2587 3543 2656 oﬁ‘cramus,
3572 2591 3794 2660 jugula-

2219 2677 2288 2732 tis
2312 2678 2566 2731 nimirum
2597 2677 2748 2732 verbi
2773 2675 2940 2731 divini
2970 2676 3150 2747 gladio
3175 2678 3424 2747 turpibus
3451 2693 3520 2734 ac
3553 2689 3794 2736 temera-

2221 2771 2320 2825 riis
2348 2779 2402 2824 et
2436 2769 2692 2824 belluinis
2743 2768 3052 2836 affectibus,
3094 2778 3255 2838 atque
3303 2770 3496 2826 hostia:
3538 2771 3798 2842 perfectae

2217 2860 2541 2916 efﬁciamur.
2583 2860 2720 2916 Nam
2763 2865 2906 2931 quod
2947 2878 3012 2916 ex
3042 2872 3196 2932 parte
3221 2876 3307 2918 est
3358 2863 3791 2934 haudquaquam

2219 2952 2519 3024 perfectum
2549 2963 2651 3009 est.
2691 2953 2761 3008 At
2796 2953 2888 3023 qui
2931 2954 3174 3024 seipsum
3205 2962 3377 3008 totum
3418 2955 3530 3010 Deo
3557 2957 3794 3022 addixit,

2220 3047 2380 3117 eique
2402 3046 2633 3102 salutem
2683 3061 2836 3101 suam
2885 3046 3255 3116 consecravit,
3287 3045 3373 3101 hic
3403 3049 3598 3117 procul
3624 3049 3795 3104 dubio

2221 3140 2460 3208 seipsum
2497 3147 2670 3192 totum
2704 3137 2915 3206 accepit
2943 3136 3080 3206 (fi).

2289 3230 2409 3285 Col.
2437 3229 2541 3284 418
2565 3235 2628 3284 Α.
2673 3228 2878 3284 Ρνατιει·
2909 3232 3019 3284 haec
3053 3230 3250 3292 omnia,
3280 3239 3386 3286 etc.
3425 3232 3566 3286 Ante
3587 3232 3794 3297 omnia,

2222 3322 2419 3392 inquit,
2449 3319 2736 3375 Trinitatis
2761 3322 2919 3376 fidem
2952 3330 3006 3375 et
3031 3321 3463 3388 confessionem,
3506 3333 3568 3378 ut
3621 3326 3797 3393 magis

2223 3413 2614 3474 neces~ariam,
2651 3412 2745 3466 tibi
2787 3414 3126 3466 committam
3156 3421 3324 3480 atque
3363 3416 3790 3469 commendabo.

2222 3507 2356 3560 Cum
2399 3507 2520 3568 hac,
2553 3514 2606 3560 et
2635 3515 2685 3560 te
2736 3504 3023 3575 baptizabo
3055 3519 3150 3574 per
3187 3506 3467 3575 triplicem
3500 3507 3794 3564 dimersio-

2223 3614 2370 3663 nem,
2401 3607 2454 3652 et
2485 3607 2536 3652 te
2577 3597 2802 3652 totidem
2857 3597 3067 3653 vicibus
3099 3613 3166 3652 ex
3206 3600 3365 3667 aquis
3393 3610 3706 3655 extractum
3739 3603 3793 3654 iu

2225 3692 2394 3745 altum
2423 3689 2666 3745 efferam.
2727 3689 2921 3744 Postea
2966 3705 2996 3744 a
3029 3689 3380 3746 confessione
3411 3692 3480 3746 ad
3526 3691 3795 3747 divinita-

2227 3793 2332 3837 tem
2367 3782 2584 3848 transit,
2629 3781 2680 3834 in
2734 3797 2898 3852 quam
2935 3781 3058 3836 fidei
3093 3782 3372 3839 confessio
3416 3783 3498 3848 ﬁt,
3527 3799 3655 3854 quae
3677 3786 3800 3854 qni-

2220 3874 2344 3930 dem
2377 3875 2431 3929 in
2457 3876 2629 3929 tribus
2674 3874 2922 3943 personis
2967 3873 3306 3944 coniunctim
3340 3883 3394 3930 et
3435 3875 3796 3946 singulariter

2224 3967 2490 4036 reperitur
2519 3970 2646 4037 (una
2671 3966 2814 4020 enim
2837 3966 2890 4020 in
2937 3964 3117 4034 Patre,
3146 3966 3308 4031 Filio,
3338 3976 3394 4022 et
3423 3966 3641 4037 Spiritu
3671 3983 3797 4022 san-

2224 4066 2312 4112 cto
2343 4068 2426 4112 est
2453 4056 2774 4125 divinitas);
2821 4065 2876 4112 et
2918 4068 3030 4112 tres
3076 4073 3341 4127 personas
3391 4057 3610 4113 divisim
3647 4073 3797 4112 cont-

2226 4150 2516 4218 plectitur;
2551 4148 2605 4203 in
2630 4149 2912 4204 divinitate
2941 4151 3085 4203 enim
3123 4158 3252 4208 sunt
3283 4149 3444 4206 Pater
3471 4161 3524 4204 et
3555 4148 3730 4205 Filius
3752 4159 3802 4202 et

2225 4241 2460 4311 Spiritus
2489 4249 2734 4307 sanctus,
2762 4256 2863 4296 nec
2891 4241 3202 4310 disparibus
3232 4241 3577 4305 substantiis,
3607 4253 3724 4303 aut,
3755 4240 3800 4295 si

2225 4335 2416 4400 mavis,
2453 4334 2694 4399 naturis,
2725 4333 3014 4402 inaequalis
3039 4345 3143 4388 est.
3178 4332 3335 4398 Nam,
3371 4343 3430 4386 ut
3461 4332 3672 4388 sanctis
3701 4330 3800 4386 Pa-

549 4416 603 4470 in
655 4414 1070 4485 concupiscibili
1116 4426 1288 4483 parte,
1343 4427 1508 4484 quam
1550 4410 1784 4480 graviori
1829 4410 2115 4482 tyrannide

2229 4428 2403 4481 tribus
2456 4427 2651 4496 placet,
2689 4427 2926 4481 essentia
2959 4435 3014 4481 et
3060 4434 3276 4488 natura,
3320 4440 3445 4480 cum
3491 4428 3560 4479 de
3612 4436 3797 4480 sancta

550 4511 763 4579 premit,
801 4519 989 4579 utpote
1041 4509 1162 4578 plus
1215 4509 1334 4580 opis
1386 4508 1487 4577 ipsi
1541 4507 1606 4560 ad
1665 4505 1941 4559 hominem
1983 4505 2135 4558 bello

548 4602 922 4656 lacessendum
969 4601 1282 4656 aﬁ‘erentem
1313 4639 1328 4665 ,
1366 4609 1589 4669 pr0ptcr
1630 4597 1924 4668 voluptatis
1980 4597 2121 4651 acri-

551 4693 788 4747 moniam
818 4707 870 4747 et
898 4694 1319 4747 vehementiam.
1349 4691 1461 4746 Nec
1489 4691 1586 4745 tibi
1618 4691 1816 4745 mirum
1860 4689 2122 4754 videatur,

551 4784 594 4836 si
655 4786 1113 4852 quemadmodum
1171 4784 1349 4853 inquit
1409 4781 1703 4854 Apostolus
1760 4782 1827 4847 ⁹¹,
1885 4779 1950 4833 iis
2004 4795 2125 4848 quae

550 4873 876 4943 ignobiliora
900 4884 950 4928 et
968 4873 1452 4944 contemptibiliora
1476 4874 1529 4927 in
1555 4874 1916 4941 corporeiesse
1940 4871 2126 4925 viden-

557 4979 666 5031 tnr,
711 4967 1174 5021 abundantiorem
1222 4967 1487 5021 honorem
1519 4965 1830 5029 tribuimus,
1859 4981 1920 5019 ea
1963 4964 2126 5017 nimi-

554 5076 674 5113 rum
708 5069 787 5113 tot
830 5061 1102 5130 tantisque
1152 5060 1331 5114 verbis
1375 5068 1786 5128 prosequentes,
1835 5069 1997 5128 atque
2029 5058 2123 5111 ad-

554 5167 743 5206 versus
774 5154 954 5209 carnis
990 5153 1270 5208 materiam
1295 5161 1348 5208 et
1370 5151 1675 5207 crassiticm
1704 5167 1823 5220 qua:
1850 5165 1942 5220 per
1975 5151 2098 5220 cupi

610 5336 657 5367 ⁸³
684 5333 829 5390 Psal.
868 5332 1126 5398 xxx:x,9.
1197 5332 1241 5364 ⁸³
1271 5330 1469 5386 Jerem.
1505 5346 1576 5394 tv,
1611 5329 1696 5386 f9.
1772 5331 1817 5362 ⁸⁵
1845 5329 1992 5385 Psal.
2021 5347 2072 5394 ι,
2103 5331 2188 5386 12.

555 5424 682 5474 xvn,
719 5410 806 5460 tu.
883 5405 927 5436 ⁸⁸
973 5409 1103 5459 Dan.
1140 5419 1190 5468 x,
1227 5404 1313 5456 fi.
1390 5402 1435 5432 ⁹⁰
1473 5401 1577 5456 Job
1609 5417 1696 5466 xc,
1729 5403 1816 5455 if.

631 5547 741 5617 (Η)
783 5547 1053 5614 Scriptum
1093 5552 1262 5617 totum
1288 5541 1508 5617 accepit.
1531 5538 1635 5617 _Sic
1655 5540 1800 5617 enim
1827 5539 1947 5610 lego
1979 5551 2036 5617 ut
2068 5542 2121 5595 in

565 5611 782 5686 Reginae
813 5611 1020 5679 codice,
1073 5615 1211 5686 quia
1253 5615 1367 5666 bare
1419 5611 1581 5664 lectio
1633 5611 1804 5679 magis
1852 5613 2124 5686 quadrare

561 5682 774 5744 vidEtur
803 5703 924 5740 cum
962 5695 1109 5741 textu
1145 5703 1159 5740 ς
1201 5683 1254 5736 ἰιι
1305 5697 1425 5736 meo
1461 5691 1638 5733 tamen
1679 5682 1973 5751 exemplari
2012 5698 2121 5736 non

1896 5401 1938 5432 ⁹¹
1985 5401 2002 5454 l
2041 5401 2166 5456 Cor.
2205 5403 2414 5466 xu,25.

2228 4515 2490 4572 Triuitate
2520 4518 2717 4588 agitur,
2750 4517 2891 4572 idem
2920 4525 3072 4573 sunt.
3115 4515 3228 4571 Nec
3262 4515 3424 4572 l’ater
3448 4514 3489 4570 [ι’
3495 4516 3673 4578 dium,
3705 4531 3801 4569 nec

2226 4627 2420 4666 rursus
2462 4609 2633 4666 Filius
2688 4609 2951 4680 Spiritum
3003 4619 3224 4680 superat
3258 4608 3296 4664 ε’
3328 4624 3429 4664 nec
3464 4607 3706 4678 Spiritus
3735 4605 3800 4662 ad

2229 4700 2427 4756 Filium
2481 4703 2879 4770 permutatione
2921 4702 3154 4770 quadam
3210 4702 3426 4768 transit,
3479 4711 3667 4770 utpote
3709 4701 3798 4768 qui

2219 4796 2441 4864 genitus
2472 4809 2577 4848 non
2611 4795 2703 4859 sit,
2737 4810 2837 4850 nec
2867 4793 3037 4850 Filius
3068 4794 3133 4848 ad
3160 4793 3404 4860 Patrem,
3434 4802 3496 4848 ut
3525 4794 3622 4861 qui
3651 4792 3799 4861 inge-

2231 4885 2378 4938 nitus
2407 4899 2514 4938 non
2548 4885 2650 4948 sit,
2681 4885 3143 4954 quemadmodum
3174 4883 3358 4940 Pater.
3397 4884 3596 4940 Verum
3633 4884 3800 4938 unde-

2235 4989 2452 5044 cunque
2501 4974 2729 5042 thualis
2762 4985 2926 5044 atque
2961 4974 3147 5028 eadem
3191 4983 3277 5030 est
3323 4973 3610 5038 divinitus,
3659 4971 3800 5026 haud

2231 5079 2389 5120 secus
2411 5075 2575 5135 atque
2606 5082 2710 5121 una
2749 5067 3048 5134 eademque
3100 5065 3223 5120 coeli
3271 5065 3612 5136 magnitudo,
3653 5074 3798 5125 omni

2233 5155 2480 5210 videlicet
2528 5172 2591 5211 ex
2641 5166 2792 5226 parte
2825 5157 3051 5227 atqualis
3082 5172 3372 5227 apparens.
3406 5154 3475 5210 Ut
3507 5156 3655 5210 enim
3691 5157 3800 5210 haec

2265 5329 2310 5362 “
2336 5331 2481 5388 Psal.
2513 5348 2682 5398 Lxxn,
2710 5333 2797 5386 9.7.
2857 5333 2903 5365 ⁸⁷
2942 5333 3086 5390 Psal.
3119 5350 3327 5402 xxxvii,
3361 5334 3445 5390 10.
3521 5334 3567 5366 ⁸⁸
3601 5332 3802 5389 lenem.

2493 5403 2540 5434 "
2578 5405 2792 5459 Coloss.
2825 5421 2908 5471 ιιι,
2940 5405 2994 5458 5.

2235 5543 2458 5669 ,ἐλαϐεἰη
2497 5543 2591 5625 sed
2622 5543 2834 5611 ἔθυσεν,
2862 5543 3081 5614 legitur,
3129 5543 3182 5599 id
3214 5554 3316 5608 est,
3357 5542 3611 5598 mactavit
3643 5552 3800 5611 atque

2235 5630 2400 5669 Immo
2427 5625 2559 5669 av'tt.

2233 5625 2509 5670 lmlIIOIaVI
2519 5625 2559 5672 ῑο

3769 2264 3791 2290 ο
3865 2283 3878 2290 -
