  <div class='ocr_page' id='page_1' title='image "/cluster/home/n/w/nwhite01/storage/ocr_20150623/127/mdp.39015038085968/122.png"; bbox 0 0 4064 6274; ppageno 0'>
   <div class='ocr_carea' id='block_1_1' title="bbox 354 281 493 343">
    <p class='ocr_par' dir='ltr' id='par_1_1' title="bbox 354 281 493 343">
     <span class='ocr_line' id='line_1_1' title="bbox 354 281 493 343; baseline -0.014 0"><span class='ocrx_word' id='word_1_1' title='bbox 354 281 493 343; x_wconf 71' lang='lat'><strong>1293</strong></span> 
     </span>
    </p>
   </div>
   <div class='ocr_carea' id='block_1_2' title="bbox 1341 283 2571 346">
    <p class='ocr_par' dir='ltr' id='par_1_2' title="bbox 1341 283 2571 346">
     <span class='ocr_line' id='line_1_2' title="bbox 1341 283 2571 346; baseline 0 -2"><span class='ocrx_word' id='word_1_2' title='bbox 1341 284 1662 344; x_wconf 77' lang='lat' dir='ltr'><strong>NICETAS</strong></span> <span class='ocrx_word' id='word_1_3' title='bbox 1704 285 1783 344; x_wconf 87' lang='lat' dir='ltr'><strong>IN</strong></span> <span class='ocrx_word' id='word_1_4' title='bbox 1821 284 2045 346; x_wconf 78' lang='lat' dir='ltr'>ORAT.</span> <span class='ocrx_word' id='word_1_5' title='bbox 2087 286 2188 346; x_wconf 82' lang='lat' dir='ltr'><strong>XL</strong></span> <span class='ocrx_word' id='word_1_6' title='bbox 2233 286 2293 346; x_wconf 85' lang='lat' dir='ltr'><strong>S.</strong></span> <span class='ocrx_word' id='word_1_7' title='bbox 2338 283 2571 344; x_wconf 73' lang='lat' dir='ltr'><strong>GREG.</strong></span> 
     </span>
    </p>
   </div>
   <div class='ocr_carea' id='block_1_3' title="bbox 3456 267 3592 333">
    <p class='ocr_par' dir='ltr' id='par_1_3' title="bbox 3456 267 3592 333">
     <span class='ocr_line' id='line_1_3' title="bbox 3456 267 3592 333; baseline -0.015 0"><span class='ocrx_word' id='word_1_8' title='bbox 3456 267 3592 333; x_wconf 64' lang='grc' dir='ltr'>ιειι</span> 
     </span>
    </p>
   </div>
   <div class='ocr_carea' id='block_1_4' title="bbox 345 375 3599 460">
    <p class='ocr_par' dir='ltr' id='par_1_4' title="bbox 345 375 3599 460">
     <span class='ocr_line' id='line_1_4' title="bbox 345 375 3599 460; baseline -0.004 -14"><span class='ocrx_word' id='word_1_9' title='bbox 345 395 450 446; x_wconf 91' lang='lat' dir='ltr'><strong>tria</strong></span> <span class='ocrx_word' id='word_1_10' title='bbox 487 387 694 444; x_wconf 86' lang='lat' dir='ltr'><strong>inlinita</strong></span> <span class='ocrx_word' id='word_1_11' title='bbox 724 397 777 444; x_wconf 93' lang='lat' dir='ltr'><strong>et</strong></span> <span class='ocrx_word' id='word_1_12' title='bbox 807 389 1255 460; x_wconf 86' lang='lat' dir='ltr'><strong>imperceptihilia</strong></span> <span class='ocrx_word' id='word_1_13' title='bbox 1308 399 1437 446; x_wconf 90' lang='lat' dir='ltr'><strong>sunt</strong></span> <span class='ocrx_word' id='word_1_14' title='bbox 1467 408 1482 446; x_wconf 89' lang='lat'><strong>:</strong></span> <span class='ocrx_word' id='word_1_15' title='bbox 1521 391 1594 446; x_wconf 91' lang='lat' dir='ltr'><strong>ita</strong></span> <span class='ocrx_word' id='word_1_16' title='bbox 1624 375 1678 445; x_wconf 86' lang='lat' dir='ltr'><strong>et</strong></span> <span class='ocrx_word' id='word_1_17' title='bbox 1719 390 1914 447; x_wconf 84' lang='lat' dir='ltr'><strong>horum</strong></span> <span class='ocrx_word' id='word_1_18' title='bbox 1943 400 1995 457; x_wconf 66' lang='grc' dir='ltr'>Α</span> <span class='ocrx_word' id='word_1_19' title='bbox 2021 407 2208 447; x_wconf 89' lang='lat' dir='ltr'><strong>verum</strong></span> <span class='ocrx_word' id='word_1_20' title='bbox 2241 392 2404 448; x_wconf 90' lang='lat' dir='ltr'><strong>etiam</strong></span> <span class='ocrx_word' id='word_1_21' title='bbox 2435 406 2629 445; x_wconf 87' lang='lat' dir='ltr'><strong>rursus</strong></span> <span class='ocrx_word' id='word_1_22' title='bbox 2667 389 2782 460; x_wconf 85' lang='lat' dir='ltr'><strong>ipsa</strong></span> <span class='ocrx_word' id='word_1_23' title='bbox 2815 385 3022 442; x_wconf 91' lang='lat' dir='ltr'><strong>creatio</strong></span> <span class='ocrx_word' id='word_1_24' title='bbox 3047 384 3204 456; x_wconf 89' lang='lat' dir='ltr'><strong>juxta</strong></span> <span class='ocrx_word' id='word_1_25' title='bbox 3253 393 3446 438; x_wconf 86' lang='lat' dir='ltr'><strong>eorum</strong></span> <span class='ocrx_word' id='word_1_26' title='bbox 3475 382 3599 450; x_wconf 70' lang='lat' dir='ltr'><strong>opio</strong></span> 
     </span>
    </p>
   </div>
   <div class='ocr_carea' id='block_1_5' title="bbox 340 479 1913 553">
    <p class='ocr_par' dir='ltr' id='par_1_5' title="bbox 340 479 1913 553">
     <span class='ocr_line' id='line_1_5' title="bbox 340 479 1913 553; baseline 0 -15"><span class='ocrx_word' id='word_1_27' title='bbox 340 480 661 552; x_wconf 84' lang='lat' dir='ltr'><strong>eoujunctio</strong></span> <span class='ocrx_word' id='word_1_28' title='bbox 705 489 1017 550; x_wconf 70' lang='lat' dir='ltr'><strong>naturaeque</strong></span> <span class='ocrx_word' id='word_1_29' title='bbox 1067 481 1342 535; x_wconf 86' lang='lat' dir='ltr'><strong>identitas.</strong></span> <span class='ocrx_word' id='word_1_30' title='bbox 1373 479 1514 537; x_wconf 86' lang='lat' dir='ltr'><strong>Deus</strong></span> <span class='ocrx_word' id='word_1_31' title='bbox 1572 498 1913 553; x_wconf 79' lang='lat' dir='ltr'><strong>unaquaeque</strong></span> 
     </span>
    </p>
   </div>
   <div class='ocr_carea' id='block_1_6' title="bbox 342 574 1916 646">
    <p class='ocr_par' dir='ltr' id='par_1_6' title="bbox 342 574 1916 646">
     <span class='ocr_line' id='line_1_6' title="bbox 342 574 1916 646; baseline -0.001 -16"><span class='ocrx_word' id='word_1_32' title='bbox 342 590 598 646; x_wconf 45' lang='lat' dir='ltr'><strong>persona,</strong></span> <span class='ocrx_word' id='word_1_33' title='bbox 634 574 678 630; x_wconf 89' lang='lat' dir='ltr'><strong>si</strong></span> <span class='ocrx_word' id='word_1_34' title='bbox 726 575 1015 643; x_wconf 71' lang='lat' dir='ltr'><strong>separatim</strong></span> <span class='ocrx_word' id='word_1_35' title='bbox 1058 574 1456 637; x_wconf 74' lang='lat' dir='ltr'><strong>consideretur,</strong></span> <span class='ocrx_word' id='word_1_36' title='bbox 1499 585 1680 627; x_wconf 90' lang='lat' dir='ltr'><strong>mente</strong></span> <span class='ocrx_word' id='word_1_37' title='bbox 1706 574 1916 629; x_wconf 86' lang='lat' dir='ltr'><strong>scilicet</strong></span> 
     </span>
    </p>
   </div>
   <div class='ocr_carea' id='block_1_7' title="bbox 345 661 1912 734">
    <p class='ocr_par' dir='ltr' id='par_1_7' title="bbox 345 661 1912 734">
     <span class='ocr_line' id='line_1_7' title="bbox 345 661 1912 734; baseline -0.004 -12"><span class='ocrx_word' id='word_1_38' title='bbox 345 683 434 721; x_wconf 88' lang='lat' dir='ltr'><strong>res</strong></span> <span class='ocrx_word' id='word_1_39' title='bbox 483 674 676 719; x_wconf 86' lang='lat' dir='ltr'><strong>natura</strong></span> <span class='ocrx_word' id='word_1_40' title='bbox 723 663 1123 734; x_wconf 86' lang='lat' dir='ltr'><strong>inscparabiles</strong></span> <span class='ocrx_word' id='word_1_41' title='bbox 1172 671 1476 730; x_wconf 88' lang='lat' dir='ltr'><strong>separante.</strong></span> <span class='ocrx_word' id='word_1_42' title='bbox 1523 661 1736 734; x_wconf 85' lang='lat' dir='ltr'><strong>(Neque</strong></span> <span class='ocrx_word' id='word_1_43' title='bbox 1769 663 1912 718; x_wconf 89' lang='lat' dir='ltr'><strong>enitn</strong></span> 
     </span>
    </p>
   </div>
   <div class='ocr_carea' id='block_1_8' title="bbox 342 753 1914 828">
    <p class='ocr_par' dir='ltr' id='par_1_8' title="bbox 342 753 1914 828">
     <span class='ocr_line' id='line_1_8' title="bbox 342 753 1914 828; baseline -0.002 -15"><span class='ocrx_word' id='word_1_44' title='bbox 342 762 600 828; x_wconf 83' lang='lat' dir='ltr'><strong>cuiquam</strong></span> <span class='ocrx_word' id='word_1_45' title='bbox 633 756 825 810; x_wconf 91' lang='lat' dir='ltr'><strong>horum</strong></span> <span class='ocrx_word' id='word_1_46' title='bbox 869 756 1029 809; x_wconf 88' lang='lat' dir='ltr'><strong>trium</strong></span> <span class='ocrx_word' id='word_1_47' title='bbox 1065 755 1172 808; x_wconf 92' lang='lat' dir='ltr'><strong>ulla</strong></span> <span class='ocrx_word' id='word_1_48' title='bbox 1199 753 1500 808; x_wconf 76' lang='lat' dir='ltr'><strong>divinitatis</strong></span> <span class='ocrx_word' id='word_1_49' title='bbox 1534 762 1659 806; x_wconf 88' lang='lat' dir='ltr'><strong>nota</strong></span> <span class='ocrx_word' id='word_1_50' title='bbox 1691 754 1861 822; x_wconf 91' lang='lat' dir='ltr'><strong>deest)</strong></span> <span class='ocrx_word' id='word_1_51' title='bbox 1899 772 1914 810; x_wconf 88' lang='lat'><strong>:</strong></span> 
     </span>
    </p>
   </div>
   <div class='ocr_carea' id='block_1_9' title="bbox 344 842 1920 914">
    <p class='ocr_par' dir='ltr' id='par_1_9' title="bbox 344 842 1920 914">
     <span class='ocr_line' id='line_1_9' title="bbox 344 842 1920 914; baseline -0.003 -11"><span class='ocrx_word' id='word_1_52' title='bbox 344 862 404 903; x_wconf 93' lang='grc' dir='ltr'><strong>ιιι</strong></span> <span class='ocrx_word' id='word_1_53' title='bbox 433 848 617 912; x_wconf 90' lang='lat' dir='ltr'><strong>Pater,</strong></span> <span class='ocrx_word' id='word_1_54' title='bbox 667 848 737 900; x_wconf 89' lang='lat' dir='ltr'><strong>ita</strong></span> <span class='ocrx_word' id='word_1_55' title='bbox 785 845 957 901; x_wconf 87' lang='lat' dir='ltr'><strong>Filius</strong></span> <span class='ocrx_word' id='word_1_56' title='bbox 992 861 1005 898; x_wconf 90' lang='lat'><strong>:</strong></span> <span class='ocrx_word' id='word_1_57' title='bbox 1041 854 1098 899; x_wconf 88' lang='lat' dir='ltr'><strong>ut</strong></span> <span class='ocrx_word' id='word_1_58' title='bbox 1128 842 1319 912; x_wconf 87' lang='lat' dir='ltr'><strong>Filius,</strong></span> <span class='ocrx_word' id='word_1_59' title='bbox 1354 845 1430 897; x_wconf 85' lang='lat' dir='ltr'><strong>ita</strong></span> <span class='ocrx_word' id='word_1_60' title='bbox 1461 842 1716 912; x_wconf 88' lang='lat' dir='ltr'><strong>Spiritus.</strong></span> <span class='ocrx_word' id='word_1_61' title='bbox 1753 844 1920 914; x_wconf 77' lang='lat' dir='ltr'><strong>Adje-</strong></span> 
     </span>
    </p>
   </div>
   <div class='ocr_carea' id='block_1_10' title="bbox 341 935 1914 1009">
    <p class='ocr_par' dir='ltr' id='par_1_10' title="bbox 341 935 1914 1009">
     <span class='ocr_line' id='line_1_10' title="bbox 341 935 1914 1009; baseline -0.004 -13"><span class='ocrx_word' id='word_1_62' title='bbox 341 942 455 996; x_wconf 92' lang='lat' dir='ltr'><strong>ctio</strong></span> <span class='ocrx_word' id='word_1_63' title='bbox 497 950 677 994; x_wconf 89' lang='lat' dir='ltr'><strong>autem</strong></span> <span class='ocrx_word' id='word_1_64' title='bbox 708 937 1180 1009; x_wconf 72' lang='lat' dir='ltr'><strong>hujusparticulze,</strong></span> <span class='ocrx_word' id='word_1_65' title='bbox 1216 943 1295 999; x_wconf 88' lang='lat' dir='ltr'><strong>ut,</strong></span> <span class='ocrx_word' id='word_1_66' title='bbox 1328 935 1694 1006; x_wconf 69' lang='lat' dir='ltr'><strong>:equalitatem</strong></span> <span class='ocrx_word' id='word_1_67' title='bbox 1732 935 1914 1003; x_wconf 83' lang='lat' dir='ltr'><strong>infert,</strong></span> 
     </span>
    </p>
   </div>
   <div class='ocr_carea' id='block_1_11' title="bbox 342 1029 1916 1101">
    <p class='ocr_par' dir='ltr' id='par_1_11' title="bbox 342 1029 1916 1101">
     <span class='ocr_line' id='line_1_11' title="bbox 342 1029 1916 1101; baseline -0.004 -11"><span class='ocrx_word' id='word_1_68' title='bbox 342 1043 559 1090; x_wconf 77' lang='lat' dir='ltr'><strong>Servata</strong></span> <span class='ocrx_word' id='word_1_69' title='bbox 615 1031 812 1101; x_wconf 86' lang='lat' dir='ltr'><strong>cuique</strong></span> <span class='ocrx_word' id='word_1_70' title='bbox 856 1045 1105 1101; x_wconf 68' lang='lat' dir='ltr'><strong>personae</strong></span> <span class='ocrx_word' id='word_1_71' title='bbox 1156 1029 1492 1100; x_wconf 78' lang='lat' dir='ltr'><strong>hypostatica</strong></span> <span class='ocrx_word' id='word_1_72' title='bbox 1541 1030 1916 1099; x_wconf 83' lang='lat' dir='ltr'><strong>proprietate;</strong></span> 
     </span>
    </p>
   </div>
   <div class='ocr_carea' id='block_1_12' title="bbox 342 1119 1917 1190">
    <p class='ocr_par' dir='ltr' id='par_1_12' title="bbox 342 1119 1917 1190">
     <span class='ocr_line' id='line_1_12' title="bbox 342 1119 1917 1190; baseline -0.001 -14"><span class='ocrx_word' id='word_1_73' title='bbox 342 1123 489 1177; x_wconf 83' lang='lat' dir='ltr'><strong>Patri</strong></span> <span class='ocrx_word' id='word_1_74' title='bbox 544 1122 829 1187; x_wconf 80' lang='lat' dir='ltr'><strong>videlicet,</strong></span> <span class='ocrx_word' id='word_1_75' title='bbox 887 1121 1032 1190; x_wconf 91' lang='lat' dir='ltr'><strong>quod</strong></span> <span class='ocrx_word' id='word_1_76' title='bbox 1065 1120 1346 1189; x_wconf 84' lang='lat' dir='ltr'><strong>ingenitus</strong></span> <span class='ocrx_word' id='word_1_77' title='bbox 1399 1121 1505 1185; x_wconf 88' lang='lat' dir='ltr'><strong>sit;</strong></span> <span class='ocrx_word' id='word_1_78' title='bbox 1557 1119 1723 1185; x_wconf 88' lang='lat' dir='ltr'><strong>Filio,</strong></span> <span class='ocrx_word' id='word_1_79' title='bbox 1775 1123 1917 1190; x_wconf 91' lang='lat' dir='ltr'><strong>quod</strong></span> 
     </span>
    </p>
   </div>
   <div class='ocr_carea' id='block_1_13' title="bbox 341 1210 1918 1286">
    <p class='ocr_par' dir='ltr' id='par_1_13' title="bbox 341 1210 1918 1286">
     <span class='ocr_line' id='line_1_13' title="bbox 341 1210 1918 1286; baseline -0.001 -18"><span class='ocrx_word' id='word_1_80' title='bbox 341 1215 588 1286; x_wconf 88' lang='lat' dir='ltr'><strong>genitus;</strong></span> <span class='ocrx_word' id='word_1_81' title='bbox 635 1228 698 1266; x_wconf 89' lang='lat' dir='ltr'><strong>ac</strong></span> <span class='ocrx_word' id='word_1_82' title='bbox 733 1212 990 1282; x_wconf 85' lang='lat' dir='ltr'><strong>denique,</strong></span> <span class='ocrx_word' id='word_1_83' title='bbox 1043 1210 1269 1279; x_wconf 88' lang='lat' dir='ltr'><strong>Spiritui</strong></span> <span class='ocrx_word' id='word_1_84' title='bbox 1322 1222 1538 1278; x_wconf 89' lang='lat' dir='ltr'><strong>sancto,</strong></span> <span class='ocrx_word' id='word_1_85' title='bbox 1595 1211 1740 1281; x_wconf 89' lang='lat' dir='ltr'><strong>quod</strong></span> <span class='ocrx_word' id='word_1_86' title='bbox 1790 1228 1918 1282; x_wconf 89' lang='lat' dir='ltr'><strong>pro-</strong></span> 
     </span>
    </p>
   </div>
   <div class='ocr_carea' id='block_1_14' title="bbox 341 1303 1923 1374">
    <p class='ocr_par' dir='ltr' id='par_1_14' title="bbox 341 1303 1923 1374">
     <span class='ocr_line' id='line_1_14' title="bbox 341 1303 1923 1374; baseline -0.003 -13"><span class='ocrx_word' id='word_1_87' title='bbox 341 1307 520 1361; x_wconf 83' lang='lat' dir='ltr'><strong>cedat.</strong></span> <span class='ocrx_word' id='word_1_88' title='bbox 554 1305 632 1358; x_wconf 87' lang='lat' dir='ltr'><strong>Ac</strong></span> <span class='ocrx_word' id='word_1_89' title='bbox 675 1303 816 1358; x_wconf 84' lang='lat' dir='ltr'><strong>Deus</strong></span> <span class='ocrx_word' id='word_1_90' title='bbox 871 1318 1062 1359; x_wconf 87' lang='lat' dir='ltr'><strong>rursus</strong></span> <span class='ocrx_word' id='word_1_91' title='bbox 1098 1304 1200 1357; x_wconf 87' lang='lat' dir='ltr'><strong>tria</strong></span> <span class='ocrx_word' id='word_1_92' title='bbox 1250 1306 1385 1367; x_wconf 76' lang='lat' dir='ltr'><strong>luce,</strong></span> <span class='ocrx_word' id='word_1_93' title='bbox 1416 1303 1460 1358; x_wconf 86' lang='lat' dir='ltr'><strong>si</strong></span> <span class='ocrx_word' id='word_1_94' title='bbox 1485 1305 1647 1359; x_wconf 89' lang='lat' dir='ltr'><strong>simul</strong></span> <span class='ocrx_word' id='word_1_95' title='bbox 1680 1306 1923 1374; x_wconf 86' lang='lat' dir='ltr'><strong>cogiten-</strong></span> 
     </span>
    </p>
   </div>
   <div class='ocr_carea' id='block_1_15' title="bbox 343 1393 1924 1466">
    <p class='ocr_par' dir='ltr' id='par_1_15' title="bbox 343 1393 1924 1466">
     <span class='ocr_line' id='line_1_15' title="bbox 343 1393 1924 1466; baseline -0.001 -14"><span class='ocrx_word' id='word_1_96' title='bbox 343 1408 453 1462; x_wconf 89' lang='lat' dir='ltr'><strong>tur,</strong></span> <span class='ocrx_word' id='word_1_97' title='bbox 499 1404 723 1466; x_wconf 86' lang='lat' dir='ltr'><strong>propter</strong></span> <span class='ocrx_word' id='word_1_98' title='bbox 776 1393 1016 1448; x_wconf 90' lang='lat' dir='ltr'><strong>notiouis</strong></span> <span class='ocrx_word' id='word_1_99' title='bbox 1047 1408 1109 1448; x_wconf 90' lang='lat' dir='ltr'><strong>ac</strong></span> <span class='ocrx_word' id='word_1_100' title='bbox 1142 1401 1350 1448; x_wconf 61' lang='lat' dir='ltr'><strong>naturae</strong></span> <span class='ocrx_word' id='word_1_101' title='bbox 1383 1395 1744 1450; x_wconf 88' lang='lat' dir='ltr'><strong>identitatem.</strong></span> <span class='ocrx_word' id='word_1_102' title='bbox 1781 1395 1924 1450; x_wconf 87' lang='lat' dir='ltr'><strong>Deus</strong></span> 
     </span>
    </p>
   </div>
   <div class='ocr_carea' id='block_1_16' title="bbox 340 1483 1922 1553">
    <p class='ocr_par' dir='ltr' id='par_1_16' title="bbox 340 1483 1922 1553">
     <span class='ocr_line' id='line_1_16' title="bbox 340 1483 1922 1553; baseline -0.003 -11"><span class='ocrx_word' id='word_1_103' title='bbox 340 1487 488 1542; x_wconf 89' lang='lat' dir='ltr'><strong>enim</strong></span> <span class='ocrx_word' id='word_1_104' title='bbox 545 1485 968 1553; x_wconf 86' lang='lat' dir='ltr'><strong>unumquodque</strong></span> <span class='ocrx_word' id='word_1_105' title='bbox 1040 1483 1255 1546; x_wconf 88' lang='lat' dir='ltr'><strong>horum,</strong></span> <span class='ocrx_word' id='word_1_106' title='bbox 1313 1484 1438 1552; x_wconf 85' lang='lat' dir='ltr'><strong>quia</strong></span> <span class='ocrx_word' id='word_1_107' title='bbox 1497 1486 1742 1537; x_wconf 87' lang='lat' dir='ltr'><strong>eamdem</strong></span> <span class='ocrx_word' id='word_1_108' title='bbox 1792 1487 1922 1538; x_wconf 90' lang='lat' dir='ltr'><strong>sub-</strong></span> 
     </span>
    </p>
   </div>
   <div class='ocr_carea' id='block_1_17' title="bbox 342 1575 1924 1633">
    <p class='ocr_par' dir='ltr' id='par_1_17' title="bbox 342 1575 1924 1633">
     <span class='ocr_line' id='line_1_17' title="bbox 342 1575 1924 1633; baseline -0.003 0"><span class='ocrx_word' id='word_1_109' title='bbox 342 1579 599 1633; x_wconf 74' lang='lat' dir='ltr'><strong>stantiam</strong></span> <span class='ocrx_word' id='word_1_110' title='bbox 663 1576 887 1630; x_wconf 85' lang='lat' dir='ltr'><strong>habet:</strong></span> <span class='ocrx_word' id='word_1_111' title='bbox 946 1589 1140 1629; x_wconf 84' lang='lat' dir='ltr'><strong>rursus</strong></span> <span class='ocrx_word' id='word_1_112' title='bbox 1199 1584 1379 1628; x_wconf 85' lang='lat' dir='ltr'><strong>antem</strong></span> <span class='ocrx_word' id='word_1_113' title='bbox 1448 1575 1548 1628; x_wconf 86' lang='lat' dir='ltr'><strong>tria</strong></span> <span class='ocrx_word' id='word_1_114' title='bbox 1604 1576 1719 1630; x_wconf 59' lang='lat' dir='ltr'><strong>haec</strong></span> <span class='ocrx_word' id='word_1_115' title='bbox 1783 1589 1924 1629; x_wconf 90' lang='lat' dir='ltr'><strong>unus</strong></span> 
     </span>
    </p>
   </div>
   <div class='ocr_carea' id='block_1_18' title="bbox 343 1665 1924 1738">
    <p class='ocr_par' dir='ltr' id='par_1_18' title="bbox 343 1665 1924 1738">
     <span class='ocr_line' id='line_1_18' title="bbox 343 1665 1924 1738; baseline -0.001 -15"><span class='ocrx_word' id='word_1_116' title='bbox 343 1670 509 1733; x_wconf 83' lang='lat' dir='ltr'><strong>Deus,</strong></span> <span class='ocrx_word' id='word_1_117' title='bbox 559 1669 688 1738; x_wconf 87' lang='lat' dir='ltr'><strong>quia</strong></span> <span class='ocrx_word' id='word_1_118' title='bbox 738 1683 880 1722; x_wconf 87' lang='lat' dir='ltr'><strong>unus</strong></span> <span class='ocrx_word' id='word_1_119' title='bbox 940 1677 1022 1723; x_wconf 90' lang='lat' dir='ltr'><strong>est</strong></span> <span class='ocrx_word' id='word_1_120' title='bbox 1069 1667 1368 1722; x_wconf 83' lang='lat' dir='ltr'><strong>divinitatis</strong></span> <span class='ocrx_word' id='word_1_121' title='bbox 1417 1668 1772 1738; x_wconf 85' lang='lat' dir='ltr'><strong>principatus.</strong></span> <span class='ocrx_word' id='word_1_122' title='bbox 1827 1665 1924 1722; x_wconf 85' lang='lat' dir='ltr'><strong>Vix</strong></span> 
     </span>
    </p>
   </div>
   <div class='ocr_carea' id='block_1_19' title="bbox 2017 471 3590 537">
    <p class='ocr_par' dir='ltr' id='par_1_19' title="bbox 2017 471 3590 537">
     <span class='ocr_line' id='line_1_19' title="bbox 2017 471 3590 537; baseline -0.01 -1"><span class='ocrx_word' id='word_1_123' title='bbox 2017 483 2238 537; x_wconf 90' lang='lat' dir='ltr'><strong>nionem</strong></span> <span class='ocrx_word' id='word_1_124' title='bbox 2289 481 2589 535; x_wconf 84' lang='lat' dir='ltr'><strong>dividatur.</strong></span> <span class='ocrx_word' id='word_1_125' title='bbox 2636 479 2869 532; x_wconf 81' lang='lat' dir='ltr'><strong>Aiebaut</strong></span> <span class='ocrx_word' id='word_1_126' title='bbox 2914 475 3059 530; x_wconf 91' lang='lat' dir='ltr'><strong>enim</strong></span> <span class='ocrx_word' id='word_1_127' title='bbox 3113 471 3479 533; x_wconf 83' lang='lat' dir='ltr'><strong>divinitatem,</strong></span> <span class='ocrx_word' id='word_1_128' title='bbox 3529 477 3590 522; x_wconf 89' lang='lat' dir='ltr'><strong>ut</strong></span> 
     </span>
    </p>
   </div>
   <div class='ocr_carea' id='block_1_20' title="bbox 2015 563 3593 645">
    <p class='ocr_par' dir='ltr' id='par_1_20' title="bbox 2015 563 3593 645">
     <span class='ocr_line' id='line_1_20' title="bbox 2015 563 3593 645; baseline -0.011 -15"><span class='ocrx_word' id='word_1_129' title='bbox 2015 576 2346 645; x_wconf 85' lang='lat' dir='ltr'><strong>aequivocam</strong></span> <span class='ocrx_word' id='word_1_130' title='bbox 2377 587 2564 628; x_wconf 89' lang='lat' dir='ltr'><strong>vocem</strong></span> <span class='ocrx_word' id='word_1_131' title='bbox 2595 571 2791 640; x_wconf 89' lang='lat' dir='ltr'><strong>partim</strong></span> <span class='ocrx_word' id='word_1_132' title='bbox 2815 570 3113 623; x_wconf 89' lang='lat' dir='ltr'><strong>increatam</strong></span> <span class='ocrx_word' id='word_1_133' title='bbox 3141 577 3286 628; x_wconf 83' lang='lat' dir='ltr'><strong>esse,</strong></span> <span class='ocrx_word' id='word_1_134' title='bbox 3311 571 3372 618; x_wconf 89' lang='lat' dir='ltr'><strong>ut</strong></span> <span class='ocrx_word' id='word_1_135' title='bbox 3394 563 3593 625; x_wconf 86' lang='lat' dir='ltr'><strong>Pater;</strong></span> 
     </span>
    </p>
   </div>
   <div class='ocr_carea' id='block_1_21' title="bbox 2016 654 3596 737">
    <p class='ocr_par' dir='ltr' id='par_1_21' title="bbox 2016 654 3596 737">
     <span class='ocr_line' id='line_1_21' title="bbox 2016 654 3596 737; baseline -0.009 -17"><span class='ocrx_word' id='word_1_136' title='bbox 2016 666 2211 737; x_wconf 88' lang='lat' dir='ltr'><strong>partim</strong></span> <span class='ocrx_word' id='word_1_137' title='bbox 2245 674 2504 720; x_wconf 83' lang='lat' dir='ltr'><strong>creatam.</strong></span> <span class='ocrx_word' id='word_1_138' title='bbox 2546 662 2761 717; x_wconf 80' lang='lat' dir='ltr'><strong>Rursus</strong></span> <span class='ocrx_word' id='word_1_139' title='bbox 2806 659 3185 723; x_wconf 80' lang='lat' dir='ltr'><strong>divinitatem;</strong></span> <span class='ocrx_word' id='word_1_140' title='bbox 3238 666 3481 710; x_wconf 83' lang='lat' dir='ltr'><strong>creatam</strong></span> <span class='ocrx_word' id='word_1_141' title='bbox 3519 654 3596 706; x_wconf 82' lang='lat' dir='ltr'><strong>ita</strong></span> 
     </span>
    </p>
   </div>
   <div class='ocr_carea' id='block_1_22' title="bbox 2017 744 3594 822">
    <p class='ocr_par' dir='ltr' id='par_1_22' title="bbox 2017 744 3594 822">
     <span class='ocr_line' id='line_1_22' title="bbox 2017 744 3594 822; baseline -0.008 -10"><span class='ocrx_word' id='word_1_142' title='bbox 2017 757 2351 820; x_wconf 80' lang='lat' dir='ltr'><strong>dividebant,</strong></span> <span class='ocrx_word' id='word_1_143' title='bbox 2405 765 2465 809; x_wconf 91' lang='lat' dir='ltr'><strong>ut</strong></span> <span class='ocrx_word' id='word_1_144' title='bbox 2519 752 2952 822; x_wconf 67' lang='lat' dir='ltr'><strong>pratstantiorem</strong></span> <span class='ocrx_word' id='word_1_145' title='bbox 3011 758 3320 806; x_wconf 82' lang='lat' dir='ltr'><strong>creaturam</strong></span> <span class='ocrx_word' id='word_1_146' title='bbox 3371 744 3594 809; x_wconf 84' lang='lat' dir='ltr'><strong>Filium,</strong></span> 
     </span>
    </p>
   </div>
   <div class='ocr_carea' id='block_1_23' title="bbox 2017 840 3602 911">
    <p class='ocr_par' dir='ltr' id='par_1_23' title="bbox 2017 840 3602 911">
     <span class='ocr_line' id='line_1_23' title="bbox 2017 840 3602 911; baseline -0.008 -8"><span class='ocrx_word' id='word_1_147' title='bbox 2017 848 2331 903; x_wconf 80' lang='lat' dir='ltr'><strong>inferiorem</strong></span> <span class='ocrx_word' id='word_1_148' title='bbox 2365 853 2546 900; x_wconf 91' lang='lat' dir='ltr'><strong>autem</strong></span> <span class='ocrx_word' id='word_1_149' title='bbox 2570 852 2874 899; x_wconf 87' lang='lat' dir='ltr'><strong>creaturam</strong></span> <span class='ocrx_word' id='word_1_150' title='bbox 2900 840 3163 911; x_wconf 88' lang='lat' dir='ltr'><strong>Spiritum</strong></span> <span class='ocrx_word' id='word_1_151' title='bbox 3182 846 3432 894; x_wconf 84' lang='lat' dir='ltr'><strong>sanctum</strong></span> <span class='ocrx_word' id='word_1_152' title='bbox 3454 851 3602 892; x_wconf 80' lang='lat' dir='ltr'><strong>asse-</strong></span> 
     </span>
    </p>
   </div>
   <div class='ocr_carea' id='block_1_24' title="bbox 2019 934 3592 1012">
    <p class='ocr_par' dir='ltr' id='par_1_24' title="bbox 2019 934 3592 1012">
     <span class='ocr_line' id='line_1_24' title="bbox 2019 934 3592 1012; baseline -0.008 -13"><span class='ocrx_word' id='word_1_153' title='bbox 2019 953 2222 999; x_wconf 90' lang='lat' dir='ltr'><strong>rerent.</strong></span> <span class='ocrx_word' id='word_1_154' title='bbox 2265 941 2344 996; x_wconf 78' lang='lat' dir='ltr'><strong>Ex</strong></span> <span class='ocrx_word' id='word_1_155' title='bbox 2397 955 2528 1012; x_wconf 92' lang='lat' dir='ltr'><strong>quo,</strong></span> <span class='ocrx_word' id='word_1_156' title='bbox 2581 948 2635 996; x_wconf 91' lang='lat' dir='ltr'><strong>et</strong></span> <span class='ocrx_word' id='word_1_157' title='bbox 2678 938 2822 994; x_wconf 89' lang='lat' dir='ltr'><strong>Deus</strong></span> <span class='ocrx_word' id='word_1_158' title='bbox 2864 935 3193 992; x_wconf 84' lang='lat' dir='ltr'><strong>contumelia</strong></span> <span class='ocrx_word' id='word_1_159' title='bbox 3235 934 3592 997; x_wconf 71' lang='lat' dir='ltr'><strong>adiciebatur,</strong></span> 
     </span>
    </p>
   </div>
   <div class='ocr_carea' id='block_1_25' title="bbox 2023 1025 3598 1105">
    <p class='ocr_par' dir='ltr' id='par_1_25' title="bbox 2023 1025 3598 1105">
     <span class='ocr_line' id='line_1_25' title="bbox 2023 1025 3598 1105; baseline -0.007 -16"><span class='ocrx_word' id='word_1_160' title='bbox 2023 1046 2209 1105; x_wconf 85' lang='lat' dir='ltr'><strong>utpote</strong></span> <span class='ocrx_word' id='word_1_161' title='bbox 2276 1034 2329 1087; x_wconf 93' lang='lat' dir='ltr'><strong>in</strong></span> <span class='ocrx_word' id='word_1_162' title='bbox 2397 1041 2773 1087; x_wconf 89' lang='lat' dir='ltr'><strong>creaturarum</strong></span> <span class='ocrx_word' id='word_1_163' title='bbox 2825 1027 3075 1082; x_wconf 87' lang='lat' dir='ltr'><strong>ordinem</strong></span> <span class='ocrx_word' id='word_1_164' title='bbox 3127 1025 3379 1081; x_wconf 86' lang='lat' dir='ltr'><strong>redactus</strong></span> <span class='ocrx_word' id='word_1_165' title='bbox 3432 1032 3598 1094; x_wconf 83' lang='lat' dir='ltr'><strong>atque</strong></span> 
     </span>
    </p>
   </div>
   <div class='ocr_carea' id='block_1_26' title="bbox 2023 1115 3596 1196">
    <p class='ocr_par' dir='ltr' id='par_1_26' title="bbox 2023 1115 3596 1196">
     <span class='ocr_line' id='line_1_26' title="bbox 2023 1115 3596 1196; baseline -0.009 -15"><span class='ocrx_word' id='word_1_166' title='bbox 2023 1127 2314 1196; x_wconf 85' lang='lat' dir='ltr'><strong>depressus</strong></span> <span class='ocrx_word' id='word_1_167' title='bbox 2349 1143 2363 1179; x_wconf 88' lang='lat'><strong>:</strong></span> <span class='ocrx_word' id='word_1_168' title='bbox 2397 1131 2452 1178; x_wconf 90' lang='lat' dir='ltr'><strong>et</strong></span> <span class='ocrx_word' id='word_1_169' title='bbox 2495 1131 2745 1177; x_wconf 88' lang='lat' dir='ltr'><strong>creatura</strong></span> <span class='ocrx_word' id='word_1_170' title='bbox 2777 1119 2916 1190; x_wconf 85' lang='lat' dir='ltr'><strong>ipsa,</strong></span> <span class='ocrx_word' id='word_1_171' title='bbox 2950 1127 3010 1172; x_wconf 92' lang='lat' dir='ltr'><strong>ut</strong></span> <span class='ocrx_word' id='word_1_172' title='bbox 3035 1132 3158 1188; x_wconf 64' lang='lat' dir='ltr'><strong>quae</strong></span> <span class='ocrx_word' id='word_1_173' title='bbox 3180 1118 3374 1172; x_wconf 90' lang='lat' dir='ltr'><strong>eodem</strong></span> <span class='ocrx_word' id='word_1_174' title='bbox 3401 1115 3596 1170; x_wconf 87' lang='lat' dir='ltr'><strong>ordine</strong></span> 
     </span>
    </p>
   </div>
   <div class='ocr_carea' id='block_1_27' title="bbox 2023 1205 3598 1272">
    <p class='ocr_par' dir='ltr' id='par_1_27' title="bbox 2023 1205 3598 1272">
     <span class='ocr_line' id='line_1_27' title="bbox 2023 1205 3598 1272; baseline -0.008 -1"><span class='ocrx_word' id='word_1_175' title='bbox 2023 1233 2146 1272; x_wconf 90' lang='lat' dir='ltr'><strong>eum</strong></span> <span class='ocrx_word' id='word_1_176' title='bbox 2198 1214 2308 1269; x_wconf 90' lang='lat' dir='ltr'><strong>Deo</strong></span> <span class='ocrx_word' id='word_1_177' title='bbox 2336 1223 2672 1268; x_wconf 88' lang='lat' dir='ltr'><strong>censeretur.</strong></span> <span class='ocrx_word' id='word_1_178' title='bbox 2717 1210 2850 1264; x_wconf 76' lang='lat' dir='ltr'><strong>Nam</strong></span> <span class='ocrx_word' id='word_1_179' title='bbox 2880 1209 2924 1264; x_wconf 90' lang='lat' dir='ltr'><strong>si</strong></span> <span class='ocrx_word' id='word_1_180' title='bbox 2955 1222 3118 1264; x_wconf 86' lang='lat' dir='ltr'><strong>servo</strong></span> <span class='ocrx_word' id='word_1_181' title='bbox 3150 1205 3480 1262; x_wconf 77' lang='lat' dir='ltr'><strong>contumelia</strong></span> <span class='ocrx_word' id='word_1_182' title='bbox 3515 1213 3598 1260; x_wconf 85' lang='lat' dir='ltr'><strong>est</strong></span> 
     </span>
    </p>
   </div>
   <div class='ocr_carea' id='block_1_28' title="bbox 2025 1298 3600 1377">
    <p class='ocr_par' dir='ltr' id='par_1_28' title="bbox 2025 1298 3600 1377">
     <span class='ocr_line' id='line_1_28' title="bbox 2025 1298 3600 1377; baseline -0.006 -17"><span class='ocrx_word' id='word_1_183' title='bbox 2025 1306 2138 1377; x_wconf 87' lang='lat' dir='ltr'><strong>pari</strong></span> <span class='ocrx_word' id='word_1_184' title='bbox 2193 1305 2400 1360; x_wconf 83' lang='lat' dir='ltr'><strong>ordinis</strong></span> <span class='ocrx_word' id='word_1_185' title='bbox 2453 1303 2621 1376; x_wconf 86' lang='lat' dir='ltr'><strong>gradu</strong></span> <span class='ocrx_word' id='word_1_186' title='bbox 2668 1317 2792 1358; x_wconf 91' lang='lat' dir='ltr'><strong>cum</strong></span> <span class='ocrx_word' id='word_1_187' title='bbox 2851 1301 2982 1354; x_wconf 92' lang='lat' dir='ltr'><strong>hero</strong></span> <span class='ocrx_word' id='word_1_188' title='bbox 3047 1298 3329 1363; x_wconf 88' lang='lat' dir='ltr'><strong>collocari,</strong></span> <span class='ocrx_word' id='word_1_189' title='bbox 3392 1305 3600 1367; x_wconf 80' lang='lat' dir='ltr'><strong>quanto</strong></span> 
     </span>
    </p>
   </div>
   <div class='ocr_carea' id='block_1_29' title="bbox 2026 1391 3594 1465">
    <p class='ocr_par' dir='ltr' id='par_1_29' title="bbox 2026 1391 3594 1465">
     <span class='ocr_line' id='line_1_29' title="bbox 2026 1391 3594 1465; baseline -0.005 -17"><span class='ocrx_word' id='word_1_190' title='bbox 2026 1397 2324 1465; x_wconf 39' lang='lat' dir='ltr'><strong>tandcmiea</strong></span> <span class='ocrx_word' id='word_1_191' title='bbox 2354 1395 2572 1464; x_wconf 79' lang='lat' dir='ltr'><strong>gravior</strong></span> <span class='ocrx_word' id='word_1_192' title='bbox 2599 1391 2869 1447; x_wconf 88' lang='lat' dir='ltr'><strong>censenda</strong></span> <span class='ocrx_word' id='word_1_193' title='bbox 2897 1398 3002 1453; x_wconf 88' lang='lat' dir='ltr'><strong>est,</strong></span> <span class='ocrx_word' id='word_1_194' title='bbox 3033 1404 3128 1459; x_wconf 76' lang='lat' dir='ltr'><strong>per</strong></span> <span class='ocrx_word' id='word_1_195' title='bbox 3152 1403 3315 1459; x_wconf 85' lang='lat' dir='ltr'><strong>quant</strong></span> <span class='ocrx_word' id='word_1_196' title='bbox 3343 1396 3594 1442; x_wconf 79' lang='lat' dir='ltr'><strong>creatura</strong></span> 
     </span>
    </p>
   </div>
   <div class='ocr_carea' id='block_1_30' title="bbox 2027 1478 3594 1554">
    <p class='ocr_par' dir='ltr' id='par_1_30' title="bbox 2027 1478 3594 1554">
     <span class='ocr_line' id='line_1_30' title="bbox 2027 1478 3594 1554; baseline -0.008 -14"><span class='ocrx_word' id='word_1_197' title='bbox 2027 1486 2137 1542; x_wconf 92' lang='lat' dir='ltr'><strong>Deo</strong></span> <span class='ocrx_word' id='word_1_198' title='bbox 2161 1485 2392 1539; x_wconf 87' lang='lat' dir='ltr'><strong>creatori</strong></span> <span class='ocrx_word' id='word_1_199' title='bbox 2427 1483 2705 1554; x_wconf 69' lang='lat' dir='ltr'><strong>aequatur?</strong></span> <span class='ocrx_word' id='word_1_200' title='bbox 2733 1481 3024 1536; x_wconf 84' lang='lat' dir='ltr'><strong>Enimvero</strong></span> <span class='ocrx_word' id='word_1_201' title='bbox 3058 1480 3384 1550; x_wconf 74' lang='lat' dir='ltr'><strong>Gregorium</strong></span> <span class='ocrx_word' id='word_1_202' title='bbox 3417 1478 3594 1543; x_wconf 86' lang='lat' dir='ltr'><strong>illum,</strong></span> 
     </span>
    </p>
   </div>
   <div class='ocr_carea' id='block_1_31' title="bbox 2029 1570 3599 1637">
    <p class='ocr_par' dir='ltr' id='par_1_31' title="bbox 2029 1570 3599 1637">
     <span class='ocr_line' id='line_1_31' title="bbox 2029 1570 3599 1637; baseline -0.008 -3"><span class='ocrx_word' id='word_1_203' title='bbox 2029 1578 2416 1634; x_wconf 89' lang='lat' dir='ltr'><strong>miraculorum</strong></span> <span class='ocrx_word' id='word_1_204' title='bbox 2451 1576 2690 1631; x_wconf 86' lang='lat' dir='ltr'><strong>editione</strong></span> <span class='ocrx_word' id='word_1_205' title='bbox 2717 1574 2924 1630; x_wconf 89' lang='lat' dir='ltr'><strong>clarum</strong></span> <span class='ocrx_word' id='word_1_206' title='bbox 2961 1582 3016 1628; x_wconf 93' lang='lat' dir='ltr'><strong>et</strong></span> <span class='ocrx_word' id='word_1_207' title='bbox 3059 1573 3355 1637; x_wconf 81' lang='lat' dir='ltr'><strong>celebrem,</strong></span> <span class='ocrx_word' id='word_1_208' title='bbox 3391 1570 3599 1636; x_wconf 83' lang='lat' dir='ltr'><strong>audivi,</strong></span> 
     </span>
    </p>
   </div>
   <div class='ocr_carea' id='block_1_32' title="bbox 2028 1659 3598 1732">
    <p class='ocr_par' dir='ltr' id='par_1_32' title="bbox 2028 1659 3598 1732">
     <span class='ocr_line' id='line_1_32' title="bbox 2028 1659 3598 1732; baseline -0.006 -9"><span class='ocrx_word' id='word_1_209' title='bbox 2028 1684 2152 1724; x_wconf 93' lang='lat' dir='ltr'><strong>cum</strong></span> <span class='ocrx_word' id='word_1_210' title='bbox 2183 1669 2409 1732; x_wconf 86' lang='lat' dir='ltr'><strong>diceret,</strong></span> <span class='ocrx_word' id='word_1_211' title='bbox 2455 1666 2507 1720; x_wconf 90' lang='lat' dir='ltr'><strong>in</strong></span> <span class='ocrx_word' id='word_1_212' title='bbox 2546 1665 2813 1719; x_wconf 85' lang='lat' dir='ltr'><strong>Trinitate</strong></span> <span class='ocrx_word' id='word_1_213' title='bbox 2865 1679 2966 1719; x_wconf 91' lang='lat' dir='ltr'><strong>nec</strong></span> <span class='ocrx_word' id='word_1_214' title='bbox 3011 1673 3254 1718; x_wconf 87' lang='lat' dir='ltr'><strong>creatum</strong></span> <span class='ocrx_word' id='word_1_215' title='bbox 3295 1659 3598 1731; x_wconf 78' lang='lat' dir='ltr'><strong>quidquam</strong></span> 
     </span>
    </p>
   </div>
   <div class='ocr_carea' id='block_1_33' title="bbox 348 1753 3590 1826">
    <p class='ocr_par' dir='ltr' id='par_1_33' title="bbox 348 1753 3590 1826">
     <span class='ocr_line' id='line_1_33' title="bbox 348 1753 3590 1826; baseline -0.002 -13"><span class='ocrx_word' id='word_1_216' title='bbox 348 1770 525 1813; x_wconf 90' lang='lat' dir='ltr'><strong>unu&#39;m</strong></span> <span class='ocrx_word' id='word_1_217' title='bbox 577 1774 643 1812; x_wconf 80' lang='lat' dir='ltr'><strong>ex</strong></span> <span class='ocrx_word' id='word_1_218' title='bbox 677 1758 760 1812; x_wconf 86' lang='lat' dir='ltr'><strong>his</strong></span> <span class='ocrx_word' id='word_1_219' title='bbox 803 1757 980 1812; x_wconf 89' lang='lat' dir='ltr'><strong>tribus</strong></span> <span class='ocrx_word' id='word_1_220' title='bbox 1021 1757 1206 1811; x_wconf 89' lang='lat' dir='ltr'><strong>animo</strong></span> <span class='ocrx_word' id='word_1_221' title='bbox 1251 1760 1498 1826; x_wconf 78' lang='lat' dir='ltr'><strong>concepi,</strong></span> <span class='ocrx_word' id='word_1_222' title='bbox 1527 1767 1791 1826; x_wconf 90' lang='lat' dir='ltr'><strong>quantum</strong></span> <span class='ocrx_word' id='word_1_223' title='bbox 1821 1773 1917 1826; x_wconf 87' lang='lat' dir='ltr'><strong>per</strong></span> <span class='ocrx_word' id='word_1_224' title='bbox 1943 1753 1991 1813; x_wconf 90' lang='lat' dir='ltr'><strong>B</strong></span> <span class='ocrx_word' id='word_1_225' title='bbox 2019 1775 2162 1824; x_wconf 89' lang='lat' dir='ltr'><strong>esse,</strong></span> <span class='ocrx_word' id='word_1_226' title='bbox 2199 1773 2297 1814; x_wconf 91' lang='lat' dir='ltr'><strong>nec</strong></span> <span class='ocrx_word' id='word_1_227' title='bbox 2348 1773 2566 1813; x_wconf 88' lang='lat' dir='ltr'><strong>servum</strong></span> <span class='ocrx_word' id='word_1_228' title='bbox 2621 1771 2723 1812; x_wconf 91' lang='lat' dir='ltr'><strong>nec</strong></span> <span class='ocrx_word' id='word_1_229' title='bbox 2774 1757 3156 1821; x_wconf 88' lang='lat' dir='ltr'><strong>adventitium,</strong></span> <span class='ocrx_word' id='word_1_230' title='bbox 3211 1762 3397 1824; x_wconf 88' lang='lat' dir='ltr'><strong>utp0te</strong></span> <span class='ocrx_word' id='word_1_231' title='bbox 3433 1754 3590 1824; x_wconf 78' lang='lat' dir='ltr'><strong>prius</strong></span> 
     </span>
    </p>
   </div>
   <div class='ocr_carea' id='block_1_34' title="bbox 344 1845 1914 1912">
    <p class='ocr_par' dir='ltr' id='par_1_34' title="bbox 344 1845 1914 1912">
     <span class='ocr_line' id='line_1_34' title="bbox 344 1845 1914 1912; baseline -0.001 -11"><span class='ocrx_word' id='word_1_232' title='bbox 344 1847 645 1902; x_wconf 86' lang='lat' dir='ltr'><strong>humanam</strong></span> <span class='ocrx_word' id='word_1_233' title='bbox 709 1845 1085 1900; x_wconf 83' lang='lat' dir='ltr'><strong>inﬁrmitatem</strong></span> <span class='ocrx_word' id='word_1_234' title='bbox 1143 1845 1507 1912; x_wconf 87' lang='lat' dir='ltr'><strong>conceditur,</strong></span> <span class='ocrx_word' id='word_1_235' title='bbox 1561 1861 1686 1900; x_wconf 89' lang='lat' dir='ltr'><strong>cum</strong></span> <span class='ocrx_word' id='word_1_236' title='bbox 1734 1846 1914 1900; x_wconf 88' lang='lat' dir='ltr'><strong>statim</strong></span> 
     </span>
    </p>
   </div>
   <div class='ocr_carea' id='block_1_35' title="bbox 340 1938 1917 2010">
    <p class='ocr_par' dir='ltr' id='par_1_35' title="bbox 340 1938 1917 2010">
     <span class='ocr_line' id='line_1_35' title="bbox 340 1938 1917 2010; baseline -0.003 -14"><span class='ocrx_word' id='word_1_237' title='bbox 340 1941 486 1996; x_wconf 91' lang='lat' dir='ltr'><strong>trino</strong></span> <span class='ocrx_word' id='word_1_238' title='bbox 534 1948 588 1992; x_wconf 89' lang='lat' dir='ltr'><strong>et</strong></span> <span class='ocrx_word' id='word_1_239' title='bbox 629 1938 833 2007; x_wconf 90' lang='lat' dir='ltr'><strong>triplici</strong></span> <span class='ocrx_word' id='word_1_240' title='bbox 864 1939 1076 1993; x_wconf 88' lang='lat' dir='ltr'><strong>lumine</strong></span> <span class='ocrx_word' id='word_1_241' title='bbox 1107 1939 1524 2010; x_wconf 85' lang='lat' dir='ltr'><strong>circutnl‘ulgeo,</strong></span> <span class='ocrx_word' id='word_1_242' title='bbox 1561 1949 1779 2008; x_wconf 91' lang='lat' dir='ltr'><strong>propter</strong></span> <span class='ocrx_word' id='word_1_243' title='bbox 1817 1952 1917 1991; x_wconf 86' lang='lat' dir='ltr'><strong>na-</strong></span> 
     </span>
    </p>
   </div>
   <div class='ocr_carea' id='block_1_36' title="bbox 345 2026 1916 2098">
    <p class='ocr_par' dir='ltr' id='par_1_36' title="bbox 345 2026 1916 2098">
     <span class='ocr_line' id='line_1_36' title="bbox 345 2026 1916 2098; baseline -0.001 -14"><span class='ocrx_word' id='word_1_244' title='bbox 345 2042 484 2084; x_wconf 73' lang='lat' dir='ltr'><strong>turae</strong></span> <span class='ocrx_word' id='word_1_245' title='bbox 528 2029 883 2086; x_wconf 88' lang='lat' dir='ltr'><strong>identitateut.</strong></span> <span class='ocrx_word' id='word_1_246' title='bbox 938 2026 1039 2082; x_wconf 83' lang='lat' dir='ltr'><strong>Vix</strong></span> <span class='ocrx_word' id='word_1_247' title='bbox 1083 2029 1207 2092; x_wconf 88' lang='lat' dir='ltr'><strong>tria,</strong></span> <span class='ocrx_word' id='word_1_248' title='bbox 1239 2029 1291 2082; x_wconf 94' lang='lat' dir='ltr'><strong>id</strong></span> <span class='ocrx_word' id='word_1_249' title='bbox 1325 2040 1428 2097; x_wconf 89' lang='lat' dir='ltr'><strong>est,</strong></span> <span class='ocrx_word' id='word_1_250' title='bbox 1465 2041 1573 2084; x_wconf 86' lang='lat' dir='ltr'><strong>tres</strong></span> <span class='ocrx_word' id='word_1_251' title='bbox 1607 2030 1916 2098; x_wconf 85' lang='lat' dir='ltr'><strong>proprieta-</strong></span> 
     </span>
    </p>
   </div>
   <div class='ocr_carea' id='block_1_37' title="bbox 347 2117 1917 2188">
    <p class='ocr_par' dir='ltr' id='par_1_37' title="bbox 347 2117 1917 2188">
     <span class='ocr_line' id='line_1_37' title="bbox 347 2117 1917 2188; baseline -0.003 -16"><span class='ocrx_word' id='word_1_252' title='bbox 347 2129 449 2179; x_wconf 83' lang='lat' dir='ltr'><strong>tes,</strong></span> <span class='ocrx_word' id='word_1_253' title='bbox 486 2126 579 2170; x_wconf 86' lang='lat' dir='ltr'><strong>aut</strong></span> <span class='ocrx_word' id='word_1_254' title='bbox 620 2131 909 2188; x_wconf 87' lang='lat' dir='ltr'><strong>personas,</strong></span> <span class='ocrx_word' id='word_1_255' title='bbox 939 2117 1278 2186; x_wconf 77' lang='lat' dir='ltr'><strong>distinguere</strong></span> <span class='ocrx_word' id='word_1_256' title='bbox 1307 2117 1529 2187; x_wconf 90' lang='lat' dir='ltr'><strong>incipio,</strong></span> <span class='ocrx_word' id='word_1_257' title='bbox 1579 2132 1703 2171; x_wconf 92' lang='lat' dir='ltr'><strong>cum</strong></span> <span class='ocrx_word' id='word_1_258' title='bbox 1733 2117 1917 2170; x_wconf 90' lang='lat' dir='ltr'><strong>statim</strong></span> 
     </span>
    </p>
   </div>
   <div class='ocr_carea' id='block_1_38' title="bbox 343 2206 1920 2277">
    <p class='ocr_par' dir='ltr' id='par_1_38' title="bbox 343 2206 1920 2277">
     <span class='ocr_line' id='line_1_38' title="bbox 343 2206 1920 2277; baseline -0.002 -16"><span class='ocrx_word' id='word_1_259' title='bbox 343 2208 414 2261; x_wconf 89' lang='lat' dir='ltr'><strong>ad</strong></span> <span class='ocrx_word' id='word_1_260' title='bbox 447 2223 636 2272; x_wconf 89' lang='lat' dir='ltr'><strong>unum,</strong></span> <span class='ocrx_word' id='word_1_261' title='bbox 668 2208 722 2262; x_wconf 87' lang='lat' dir='ltr'><strong>id</strong></span> <span class='ocrx_word' id='word_1_262' title='bbox 755 2217 859 2270; x_wconf 87' lang='lat' dir='ltr'><strong>est,</strong></span> <span class='ocrx_word' id='word_1_263' title='bbox 917 2206 1220 2262; x_wconf 82' lang='lat' dir='ltr'><strong>divinitatis</strong></span> <span class='ocrx_word' id='word_1_264' title='bbox 1270 2221 1336 2262; x_wconf 89' lang='lat' dir='ltr'><strong>ac</strong></span> <span class='ocrx_word' id='word_1_265' title='bbox 1368 2208 1702 2277; x_wconf 90' lang='lat' dir='ltr'><strong>principatus</strong></span> <span class='ocrx_word' id='word_1_266' title='bbox 1739 2209 1920 2261; x_wconf 89' lang='lat' dir='ltr'><strong>unita-</strong></span> 
     </span>
    </p>
   </div>
   <div class='ocr_carea' id='block_1_39' title="bbox 344 2296 1914 2368">
    <p class='ocr_par' dir='ltr' id='par_1_39' title="bbox 344 2296 1914 2368">
     <span class='ocr_line' id='line_1_39' title="bbox 344 2296 1914 2368; baseline -0.003 -16"><span class='ocrx_word' id='word_1_267' title='bbox 344 2309 480 2362; x_wconf 89' lang='lat' dir='ltr'><strong>tem,</strong></span> <span class='ocrx_word' id='word_1_268' title='bbox 527 2297 780 2353; x_wconf 87' lang='lat' dir='ltr'><strong>sublimis</strong></span> <span class='ocrx_word' id='word_1_269' title='bbox 837 2296 1000 2352; x_wconf 72' lang='lat' dir='ltr'><strong>l‘eror.</strong></span> <span class='ocrx_word' id='word_1_270' title='bbox 1061 2296 1119 2351; x_wconf 91' lang='lat' dir='ltr'><strong>Si</strong></span> <span class='ocrx_word' id='word_1_271' title='bbox 1193 2298 1658 2368; x_wconf 88' lang='lat' dir='ltr'><strong>unumquodpiam</strong></span> <span class='ocrx_word' id='word_1_272' title='bbox 1717 2298 1914 2351; x_wconf 90' lang='lat' dir='ltr'><strong>horum</strong></span> 
     </span>
    </p>
   </div>
   <div class='ocr_carea' id='block_1_40' title="bbox 344 2389 1916 2461">
    <p class='ocr_par' dir='ltr' id='par_1_40' title="bbox 344 2389 1916 2461">
     <span class='ocr_line' id='line_1_40' title="bbox 344 2389 1916 2461; baseline -0.002 -16"><span class='ocrx_word' id='word_1_273' title='bbox 344 2393 508 2445; x_wconf 89' lang='lat' dir='ltr'><strong>trium</strong></span> <span class='ocrx_word' id='word_1_274' title='bbox 559 2406 654 2461; x_wconf 91' lang='lat' dir='ltr'><strong>per</strong></span> <span class='ocrx_word' id='word_1_275' title='bbox 700 2389 991 2460; x_wconf 81' lang='lat' dir='ltr'><strong>imaginem</strong></span> <span class='ocrx_word' id='word_1_276' title='bbox 1034 2404 1360 2458; x_wconf 90' lang='lat' dir='ltr'><strong>concepero,</strong></span> <span class='ocrx_word' id='word_1_277' title='bbox 1397 2391 1570 2458; x_wconf 87' lang='lat' dir='ltr'><strong>major</strong></span> <span class='ocrx_word' id='word_1_278' title='bbox 1617 2405 1742 2458; x_wconf 90' lang='lat' dir='ltr'><strong>pars</strong></span> <span class='ocrx_word' id='word_1_279' title='bbox 1775 2390 1916 2456; x_wconf 83' lang='lat' dir='ltr'><strong>ejus,</strong></span> 
     </span>
    </p>
   </div>
   <div class='ocr_carea' id='block_1_41' title="bbox 340 2480 1894 2551">
    <p class='ocr_par' dir='ltr' id='par_1_41' title="bbox 340 2480 1894 2551">
     <span class='ocr_line' id='line_1_41' title="bbox 340 2480 1894 2551; baseline 0.001 -18"><span class='ocrx_word' id='word_1_280' title='bbox 340 2481 490 2551; x_wconf 90' lang='lat' dir='ltr'><strong>quod</strong></span> <span class='ocrx_word' id='word_1_281' title='bbox 532 2481 716 2535; x_wconf 86' lang='lat' dir='ltr'><strong>animo</strong></span> <span class='ocrx_word' id='word_1_282' title='bbox 763 2480 1111 2535; x_wconf 87' lang='lat' dir='ltr'><strong>observatum</strong></span> <span class='ocrx_word' id='word_1_283' title='bbox 1151 2489 1235 2534; x_wconf 83' lang='lat' dir='ltr'><strong>est</strong></span> <span class='ocrx_word' id='word_1_284' title='bbox 1263 2522 1277 2546; x_wconf 90' lang='lat'><strong>,</strong></span> <span class='ocrx_word' id='word_1_285' title='bbox 1322 2482 1456 2534; x_wconf 90' lang='lat' dir='ltr'><strong>mihi</strong></span> <span class='ocrx_word' id='word_1_286' title='bbox 1504 2481 1773 2548; x_wconf 86' lang='lat' dir='ltr'><strong>elabitur,</strong></span> <span class='ocrx_word' id='word_1_287' title='bbox 1833 2490 1894 2536; x_wconf 87' lang='lat' dir='ltr'><strong>ut</strong></span> 
     </span>
    </p>
   </div>
   <div class='ocr_carea' id='block_1_42' title="bbox 340 2573 1921 2644">
    <p class='ocr_par' dir='ltr' id='par_1_42' title="bbox 340 2573 1921 2644">
     <span class='ocr_line' id='line_1_42' title="bbox 340 2573 1921 2644; baseline 0 -16"><span class='ocrx_word' id='word_1_288' title='bbox 340 2584 468 2644; x_wconf 91' lang='lat' dir='ltr'><strong>pote</strong></span> <span class='ocrx_word' id='word_1_289' title='bbox 510 2583 671 2644; x_wconf 92' lang='lat' dir='ltr'><strong>captu</strong></span> <span class='ocrx_word' id='word_1_290' title='bbox 732 2588 854 2628; x_wconf 92' lang='lat' dir='ltr'><strong>meo</strong></span> <span class='ocrx_word' id='word_1_291' title='bbox 912 2575 1111 2642; x_wconf 87' lang='lat' dir='ltr'><strong>majus.</strong></span> <span class='ocrx_word' id='word_1_292' title='bbox 1187 2573 1609 2642; x_wconf 72' lang='lat' dir='ltr'><strong>Magnitudinem</strong></span> <span class='ocrx_word' id='word_1_293' title='bbox 1666 2576 1742 2629; x_wconf 91' lang='lat' dir='ltr'><strong>rei</strong></span> <span class='ocrx_word' id='word_1_294' title='bbox 1792 2576 1921 2628; x_wconf 74' lang='lat' dir='ltr'><strong>visa:</strong></span> 
     </span>
    </p>
   </div>
   <div class='ocr_carea' id='block_1_43' title="bbox 341 2664 1894 2734">
    <p class='ocr_par' dir='ltr' id='par_1_43' title="bbox 341 2664 1894 2734">
     <span class='ocr_line' id='line_1_43' title="bbox 341 2664 1894 2734; baseline 0.001 -15"><span class='ocrx_word' id='word_1_295' title='bbox 341 2666 543 2719; x_wconf 79' lang='lat' dir='ltr'><strong>utentis</strong></span> <span class='ocrx_word' id='word_1_296' title='bbox 604 2664 780 2718; x_wconf 89' lang='lat' dir='ltr'><strong>oculis</strong></span> <span class='ocrx_word' id='word_1_297' title='bbox 844 2665 1123 2732; x_wconf 83' lang='lat' dir='ltr'><strong>percipere</strong></span> <span class='ocrx_word' id='word_1_298' title='bbox 1192 2678 1255 2717; x_wconf 90' lang='lat' dir='ltr'><strong>ac</strong></span> <span class='ocrx_word' id='word_1_299' title='bbox 1305 2666 1766 2734; x_wconf 85' lang='lat' dir='ltr'><strong>comprehendere</strong></span> <span class='ocrx_word' id='word_1_300' title='bbox 1826 2682 1894 2722; x_wconf 87' lang='lat' dir='ltr'><strong>ne</strong></span> 
     </span>
    </p>
   </div>
   <div class='ocr_carea' id='block_1_44' title="bbox 343 2757 1914 2826">
    <p class='ocr_par' dir='ltr' id='par_1_44' title="bbox 343 2757 1914 2826">
     <span class='ocr_line' id='line_1_44' title="bbox 343 2757 1914 2826; baseline 0.003 -18"><span class='ocrx_word' id='word_1_301' title='bbox 343 2771 504 2826; x_wconf 80' lang='lat' dir='ltr'><strong>queo,</strong></span> <span class='ocrx_word' id='word_1_302' title='bbox 558 2765 615 2808; x_wconf 95' lang='grc' dir='ltr'><strong>ιιι</strong></span> <span class='ocrx_word' id='word_1_303' title='bbox 654 2767 968 2824; x_wconf 89' lang='lat' dir='ltr'><strong>personam,</strong></span> <span class='ocrx_word' id='word_1_304' title='bbox 1031 2770 1150 2824; x_wconf 68' lang='lat' dir='ltr'><strong>qua:</strong></span> <span class='ocrx_word' id='word_1_305' title='bbox 1201 2765 1388 2821; x_wconf 80' lang='lat' dir='ltr'><strong>restat,</strong></span> <span class='ocrx_word' id='word_1_306' title='bbox 1441 2757 1705 2825; x_wconf 86' lang='lat' dir='ltr'><strong>majorem</strong></span> <span class='ocrx_word' id='word_1_307' title='bbox 1762 2759 1914 2812; x_wconf 90' lang='lat' dir='ltr'><strong>acci-</strong></span> 
     </span>
    </p>
   </div>
   <div class='ocr_carea' id='block_1_45' title="bbox 343 2844 1917 2917">
    <p class='ocr_par' dir='ltr' id='par_1_45' title="bbox 343 2844 1917 2917">
     <span class='ocr_line' id='line_1_45' title="bbox 343 2844 1917 2917; baseline 0.003 -19"><span class='ocrx_word' id='word_1_308' title='bbox 343 2849 508 2917; x_wconf 86' lang='lat' dir='ltr'><strong>piam.</strong></span> <span class='ocrx_word' id='word_1_309' title='bbox 546 2844 718 2914; x_wconf 78' lang='lat' dir='ltr'><strong>Major</strong></span> <span class='ocrx_word' id='word_1_310' title='bbox 746 2845 893 2898; x_wconf 89' lang='lat' dir='ltr'><strong>enim</strong></span> <span class='ocrx_word' id='word_1_311' title='bbox 920 2860 1046 2913; x_wconf 92' lang='lat' dir='ltr'><strong>pars</strong></span> <span class='ocrx_word' id='word_1_312' title='bbox 1075 2845 1261 2915; x_wconf 79' lang='lat' dir='ltr'><strong>eﬂugit</strong></span> <span class='ocrx_word' id='word_1_313' title='bbox 1293 2860 1356 2900; x_wconf 90' lang='lat' dir='ltr'><strong>ac</strong></span> <span class='ocrx_word' id='word_1_314' title='bbox 1389 2847 1597 2916; x_wconf 89' lang='lat' dir='ltr'><strong>dilapsa</strong></span> <span class='ocrx_word' id='word_1_315' title='bbox 1626 2858 1728 2902; x_wconf 89' lang='lat' dir='ltr'><strong>est.</strong></span> <span class='ocrx_word' id='word_1_316' title='bbox 1761 2849 1917 2914; x_wconf 84' lang='lat' dir='ltr'><strong>Quod</strong></span> 
     </span>
    </p>
   </div>
   <div class='ocr_carea' id='block_1_46' title="bbox 341 2935 1918 3004">
    <p class='ocr_par' dir='ltr' id='par_1_46' title="bbox 341 2935 1918 3004">
     <span class='ocr_line' id='line_1_46' title="bbox 341 2935 1918 3004; baseline 0.001 -12"><span class='ocrx_word' id='word_1_317' title='bbox 341 2945 527 2992; x_wconf 87' lang='lat' dir='ltr'><strong>autem</strong></span> <span class='ocrx_word' id='word_1_318' title='bbox 566 2935 961 3004; x_wconf 81' lang='lat' dir='ltr'><strong>comprehendi</strong></span> <span class='ocrx_word' id='word_1_319' title='bbox 1013 2951 1119 2988; x_wconf 92' lang='lat' dir='ltr'><strong>non</strong></span> <span class='ocrx_word' id='word_1_320' title='bbox 1159 2947 1361 3004; x_wconf 89' lang='lat' dir='ltr'><strong>potest,</strong></span> <span class='ocrx_word' id='word_1_321' title='bbox 1397 2937 1448 2990; x_wconf 91' lang='lat' dir='ltr'><strong>id</strong></span> <span class='ocrx_word' id='word_1_322' title='bbox 1493 2951 1594 2992; x_wconf 92' lang='lat' dir='ltr'><strong>nec</strong></span> <span class='ocrx_word' id='word_1_323' title='bbox 1618 2939 1918 2994; x_wconf 87' lang='lat' dir='ltr'><strong>dimensio-</strong></span> 
     </span>
    </p>
   </div>
   <div class='ocr_carea' id='block_1_47' title="bbox 352 3027 1914 3093">
    <p class='ocr_par' dir='ltr' id='par_1_47' title="bbox 352 3027 1914 3093">
     <span class='ocr_line' id='line_1_47' title="bbox 352 3027 1914 3093; baseline -0.001 -9"><span class='ocrx_word' id='word_1_324' title='bbox 352 3045 476 3084; x_wconf 88' lang='lat' dir='ltr'><strong>nem</strong></span> <span class='ocrx_word' id='word_1_325' title='bbox 513 3029 770 3082; x_wconf 87' lang='lat' dir='ltr'><strong>admittit.</strong></span> <span class='ocrx_word' id='word_1_326' title='bbox 803 3027 958 3093; x_wconf 86' lang='lat' dir='ltr'><strong>Quod</strong></span> <span class='ocrx_word' id='word_1_327' title='bbox 995 3029 1039 3082; x_wconf 88' lang='lat' dir='ltr'><strong>si</strong></span> <span class='ocrx_word' id='word_1_328' title='bbox 1073 3043 1262 3082; x_wconf 71' lang='lat' dir='ltr'><strong>rursus</strong></span> <span class='ocrx_word' id='word_1_329' title='bbox 1297 3031 1398 3081; x_wconf 88' lang='lat' dir='ltr'><strong>tria</strong></span> <span class='ocrx_word' id='word_1_330' title='bbox 1439 3029 1554 3082; x_wconf 72' lang='lat' dir='ltr'><strong>haec</strong></span> <span class='ocrx_word' id='word_1_331' title='bbox 1589 3031 1752 3083; x_wconf 91' lang='lat' dir='ltr'><strong>simul</strong></span> <span class='ocrx_word' id='word_1_332' title='bbox 1783 3046 1914 3085; x_wconf 87' lang='lat' dir='ltr'><strong>con-</strong></span> 
     </span>
    </p>
   </div>
   <div class='ocr_carea' id='block_1_48' title="bbox 2019 1843 3596 1921">
    <p class='ocr_par' dir='ltr' id='par_1_48' title="bbox 2019 1843 3596 1921">
     <span class='ocr_line' id='line_1_48' title="bbox 2019 1843 3596 1921; baseline -0.004 -15"><span class='ocrx_word' id='word_1_333' title='bbox 2019 1865 2364 1921; x_wconf 88' lang='lat' dir='ltr'><strong>nequaquam</strong></span> <span class='ocrx_word' id='word_1_334' title='bbox 2419 1849 2730 1914; x_wconf 83' lang='lat' dir='ltr'><strong>exsisteus,</strong></span> <span class='ocrx_word' id='word_1_335' title='bbox 2791 1847 2987 1903; x_wconf 85' lang='lat' dir='ltr'><strong>deinde</strong></span> <span class='ocrx_word' id='word_1_336' title='bbox 3036 1854 3216 1900; x_wconf 87' lang='lat' dir='ltr'><strong>autem</strong></span> <span class='ocrx_word' id='word_1_337' title='bbox 3279 1843 3596 1900; x_wconf 75' lang='lat' dir='ltr'><strong>adveniens.</strong></span> 
     </span>
    </p>
   </div>
   <div class='ocr_carea' id='block_1_49' title="bbox 2022 1935 3598 2013">
    <p class='ocr_par' dir='ltr' id='par_1_49' title="bbox 2022 1935 3598 2013">
     <span class='ocr_line' id='line_1_49' title="bbox 2022 1935 3598 2013; baseline -0.005 -16"><span class='ocrx_word' id='word_1_338' title='bbox 2022 1943 2209 2013; x_wconf 82' lang='lat' dir='ltr'><strong>Neque</strong></span> <span class='ocrx_word' id='word_1_339' title='bbox 2263 1941 2450 2012; x_wconf 83' lang='lat' dir='ltr'><strong>igitur,</strong></span> <span class='ocrx_word' id='word_1_340' title='bbox 2486 1951 2582 1996; x_wconf 91' lang='lat' dir='ltr'><strong>aut</strong></span> <span class='ocrx_word' id='word_1_341' title='bbox 2618 1939 2788 1996; x_wconf 84' lang='lat' dir='ltr'><strong>Filius</strong></span> <span class='ocrx_word' id='word_1_342' title='bbox 2826 1953 3062 2010; x_wconf 87' lang='lat' dir='ltr'><strong>unquam</strong></span> <span class='ocrx_word' id='word_1_343' title='bbox 3097 1938 3241 1992; x_wconf 81' lang='lat' dir='ltr'><strong>Patri</strong></span> <span class='ocrx_word' id='word_1_344' title='bbox 3280 1935 3470 2001; x_wconf 76' lang='lat' dir='ltr'><strong>deluit,</strong></span> <span class='ocrx_word' id='word_1_345' title='bbox 3501 1944 3598 1990; x_wconf 77' lang='lat' dir='ltr'><strong>rut</strong></span> 
     </span>
    </p>
   </div>
   <div class='ocr_carea' id='block_1_50' title="bbox 2021 2031 3596 2104">
    <p class='ocr_par' dir='ltr' id='par_1_50' title="bbox 2021 2031 3596 2104">
     <span class='ocr_line' id='line_1_50' title="bbox 2021 2031 3596 2104; baseline -0.004 -16"><span class='ocrx_word' id='word_1_346' title='bbox 2021 2033 2160 2088; x_wconf 82' lang='lat' dir='ltr'><strong>Filio</strong></span> <span class='ocrx_word' id='word_1_347' title='bbox 2193 2032 2430 2104; x_wconf 88' lang='lat' dir='ltr'><strong>Spiritus</strong></span> <span class='ocrx_word' id='word_1_348' title='bbox 2474 2051 2490 2088; x_wconf 86' lang='lat'><strong>:</strong></span> <span class='ocrx_word' id='word_1_349' title='bbox 2538 2048 2730 2087; x_wconf 87' lang='lat' dir='ltr'><strong>verum</strong></span> <span class='ocrx_word' id='word_1_350' title='bbox 2776 2031 3140 2087; x_wconf 86' lang='lat' dir='ltr'><strong>immutabilis</strong></span> <span class='ocrx_word' id='word_1_351' title='bbox 3177 2043 3398 2099; x_wconf 88' lang='lat' dir='ltr'><strong>semper</strong></span> <span class='ocrx_word' id='word_1_352' title='bbox 3429 2036 3596 2098; x_wconf 84' lang='lat' dir='ltr'><strong>atque</strong></span> 
     </span>
    </p>
   </div>
   <div class='ocr_carea' id='block_1_51' title="bbox 2017 2120 3594 2194">
    <p class='ocr_par' dir='ltr' id='par_1_51' title="bbox 2017 2120 3594 2194">
     <span class='ocr_line' id='line_1_51' title="bbox 2017 2120 3594 2194; baseline -0.004 -16"><span class='ocrx_word' id='word_1_353' title='bbox 2017 2126 2358 2180; x_wconf 89' lang='lat' dir='ltr'><strong>alterationis</strong></span> <span class='ocrx_word' id='word_1_354' title='bbox 2393 2140 2592 2194; x_wconf 69' lang='lat' dir='ltr'><strong>expers</strong></span> <span class='ocrx_word' id='word_1_355' title='bbox 2638 2132 2724 2180; x_wconf 92' lang='lat' dir='ltr'><strong>est</strong></span> <span class='ocrx_word' id='word_1_356' title='bbox 2775 2122 3041 2178; x_wconf 88' lang='lat' dir='ltr'><strong>Trinitas.</strong></span> <span class='ocrx_word' id='word_1_357' title='bbox 3082 2121 3146 2176; x_wconf 87' lang='lat' dir='ltr'><strong>Et</strong></span> <span class='ocrx_word' id='word_1_358' title='bbox 3185 2122 3409 2191; x_wconf 87' lang='lat' dir='ltr'><strong>quidem</strong></span> <span class='ocrx_word' id='word_1_359' title='bbox 3445 2120 3594 2190; x_wconf 81' lang='lat' dir='ltr'><strong>Apo-</strong></span> 
     </span>
    </p>
   </div>
   <div class='ocr_carea' id='block_1_52' title="bbox 2018 2211 3594 2282">
    <p class='ocr_par' dir='ltr' id='par_1_52' title="bbox 2018 2211 3594 2282">
     <span class='ocr_line' id='line_1_52' title="bbox 2018 2211 3594 2282; baseline -0.004 -12"><span class='ocrx_word' id='word_1_360' title='bbox 2018 2215 2196 2270; x_wconf 87' lang='lat' dir='ltr'><strong>stolus</strong></span> <span class='ocrx_word' id='word_1_361' title='bbox 2231 2215 2307 2269; x_wconf 88' lang='lat' dir='ltr'><strong>ait</strong></span> <span class='ocrx_word' id='word_1_362' title='bbox 2350 2233 2365 2269; x_wconf 92' lang='lat'><strong>:</strong></span> <span class='ocrx_word' id='word_1_363' title='bbox 2435 2216 2497 2269; x_wconf 81' lang='lat' dir='ltr'><strong>Si</strong></span> <span class='ocrx_word' id='word_1_364' title='bbox 2538 2214 2838 2269; x_wconf 79' lang='lat' dir='ltr'><strong>hominibus</strong></span> <span class='ocrx_word' id='word_1_365' title='bbox 2866 2213 3153 2282; x_wconf 83' lang='lat' dir='ltr'><strong>placerent,</strong></span> <span class='ocrx_word' id='word_1_366' title='bbox 3184 2211 3381 2268; x_wconf 69' lang='lat' dir='ltr'><strong>Christi</strong></span> <span class='ocrx_word' id='word_1_367' title='bbox 3413 2226 3594 2266; x_wconf 76' lang='lat' dir='ltr'><strong>aereus</strong></span> 
     </span>
    </p>
   </div>
   <div class='ocr_carea' id='block_1_53' title="bbox 2018 2301 3596 2375">
    <p class='ocr_par' dir='ltr' id='par_1_53' title="bbox 2018 2301 3596 2375">
     <span class='ocr_line' id='line_1_53' title="bbox 2018 2301 3596 2375; baseline -0.001 -18"><span class='ocrx_word' id='word_1_368' title='bbox 2018 2319 2121 2358; x_wconf 86' lang='lat' dir='ltr'><strong>non</strong></span> <span class='ocrx_word' id='word_1_369' title='bbox 2168 2321 2334 2359; x_wconf 75' lang='lat' dir='ltr'><strong>essent</strong></span> <span class='ocrx_word' id='word_1_370' title='bbox 2363 2303 2433 2337; x_wconf 70' lang='grc' dir='ltr'><strong>θ’*</strong></span> <span class='ocrx_word' id='word_1_371' title='bbox 2471 2323 2484 2359; x_wconf 91' lang='lat'><strong>:</strong></span> <span class='ocrx_word' id='word_1_372' title='bbox 2519 2303 2630 2375; x_wconf 87' lang='lat' dir='ltr'><strong>Ego</strong></span> <span class='ocrx_word' id='word_1_373' title='bbox 2651 2315 2831 2359; x_wconf 87' lang='lat' dir='ltr'><strong>autem</strong></span> <span class='ocrx_word' id='word_1_374' title='bbox 2871 2303 3099 2358; x_wconf 81' lang='lat' dir='ltr'><strong>dixerim</strong></span> <span class='ocrx_word' id='word_1_375' title='bbox 3136 2320 3150 2358; x_wconf 89' lang='lat'><strong>:</strong></span> <span class='ocrx_word' id='word_1_376' title='bbox 3183 2303 3239 2357; x_wconf 82' lang='lat' dir='ltr'><strong>Si</strong></span> <span class='ocrx_word' id='word_1_377' title='bbox 3300 2301 3497 2356; x_wconf 84' lang='lat' dir='ltr'><strong>Filium</strong></span> <span class='ocrx_word' id='word_1_378' title='bbox 3533 2309 3596 2356; x_wconf 85' lang='lat' dir='ltr'><strong>ut</strong></span> 
     </span>
    </p>
   </div>
   <div class='ocr_carea' id='block_1_54' title="bbox 2017 2393 3594 2465">
    <p class='ocr_par' dir='ltr' id='par_1_54' title="bbox 2017 2393 3594 2465">
     <span class='ocr_line' id='line_1_54' title="bbox 2017 2393 3594 2465; baseline -0.002 -16"><span class='ocrx_word' id='word_1_379' title='bbox 2017 2407 2324 2449; x_wconf 83' lang='lat' dir='ltr'><strong>creaturam</strong></span> <span class='ocrx_word' id='word_1_380' title='bbox 2356 2397 2662 2460; x_wconf 82' lang='lat' dir='ltr'><strong>adorarem,</strong></span> <span class='ocrx_word' id='word_1_381' title='bbox 2692 2396 2864 2450; x_wconf 86' lang='lat' dir='ltr'><strong>autin</strong></span> <span class='ocrx_word' id='word_1_382' title='bbox 2904 2395 3084 2465; x_wconf 90' lang='lat' dir='ltr'><strong>ipsum</strong></span> <span class='ocrx_word' id='word_1_383' title='bbox 3117 2393 3264 2448; x_wconf 88' lang='lat' dir='ltr'><strong>velut</strong></span> <span class='ocrx_word' id='word_1_384' title='bbox 3295 2394 3347 2446; x_wconf 91' lang='lat' dir='ltr'><strong>in</strong></span> <span class='ocrx_word' id='word_1_385' title='bbox 3377 2401 3594 2448; x_wconf 87' lang='lat' dir='ltr'><strong>creatu-</strong></span> 
     </span>
    </p>
   </div>
   <div class='ocr_carea' id='block_1_55' title="bbox 2020 2484 3592 2558">
    <p class='ocr_par' dir='ltr' id='par_1_55' title="bbox 2020 2484 3592 2558">
     <span class='ocr_line' id='line_1_55' title="bbox 2020 2484 3592 2558; baseline -0.003 -18"><span class='ocrx_word' id='word_1_386' title='bbox 2020 2503 2135 2541; x_wconf 88' lang='lat' dir='ltr'><strong>ram</strong></span> <span class='ocrx_word' id='word_1_387' title='bbox 2157 2489 2486 2558; x_wconf 88' lang='lat' dir='ltr'><strong>baptizarer,</strong></span> <span class='ocrx_word' id='word_1_388' title='bbox 2510 2503 2788 2558; x_wconf 90' lang='lat' dir='ltr'><strong>nunquam</strong></span> <span class='ocrx_word' id='word_1_389' title='bbox 2810 2485 2954 2541; x_wconf 86' lang='lat' dir='ltr'><strong>Deus</strong></span> <span class='ocrx_word' id='word_1_390' title='bbox 2975 2486 3192 2540; x_wconf 79' lang='lat' dir='ltr'><strong>futurus</strong></span> <span class='ocrx_word' id='word_1_391' title='bbox 3208 2484 3592 2540; x_wconf 61' lang='lat' dir='ltr'><strong>essennCrea-</strong></span> 
     </span>
    </p>
   </div>
   <div class='ocr_carea' id='block_1_56' title="bbox 2017 2574 3589 2631">
    <p class='ocr_par' dir='ltr' id='par_1_56' title="bbox 2017 2574 3589 2631">
     <span class='ocr_line' id='line_1_56' title="bbox 2017 2574 3589 2631; baseline -0.001 -2"><span class='ocrx_word' id='word_1_392' title='bbox 2017 2585 2140 2630; x_wconf 88' lang='lat' dir='ltr'><strong>tura</strong></span> <span class='ocrx_word' id='word_1_393' title='bbox 2183 2577 2328 2631; x_wconf 87' lang='lat' dir='ltr'><strong>enim</strong></span> <span class='ocrx_word' id='word_1_394' title='bbox 2376 2577 2676 2630; x_wconf 82' lang='lat' dir='ltr'><strong>divinitatis</strong></span> <span class='ocrx_word' id='word_1_395' title='bbox 2737 2575 3039 2629; x_wconf 72' lang='lat' dir='ltr'><strong>tribuenda:</strong></span> <span class='ocrx_word' id='word_1_396' title='bbox 3095 2576 3206 2627; x_wconf 88' lang='lat' dir='ltr'><strong>vim</strong></span> <span class='ocrx_word' id='word_1_397' title='bbox 3249 2589 3356 2628; x_wconf 90' lang='lat' dir='ltr'><strong>non</strong></span> <span class='ocrx_word' id='word_1_398' title='bbox 3405 2574 3589 2628; x_wconf 82' lang='lat' dir='ltr'><strong>habet.</strong></span> 
     </span>
    </p>
   </div>
   <div class='ocr_carea' id='block_1_57' title="bbox 2017 2665 3593 2737">
    <p class='ocr_par' dir='ltr' id='par_1_57' title="bbox 2017 2665 3593 2737">
     <span class='ocr_line' id='line_1_57' title="bbox 2017 2665 3593 2737; baseline -0.001 -16"><span class='ocrx_word' id='word_1_399' title='bbox 2017 2666 2135 2721; x_wconf 84' lang='lat' dir='ltr'><strong>Jam</strong></span> <span class='ocrx_word' id='word_1_400' title='bbox 2174 2683 2304 2722; x_wconf 89' lang='lat' dir='ltr'><strong>vero</strong></span> <span class='ocrx_word' id='word_1_401' title='bbox 2349 2666 2557 2737; x_wconf 78' lang='lat' dir='ltr'><strong>Regum</strong></span> <span class='ocrx_word' id='word_1_402' title='bbox 2609 2669 2772 2722; x_wconf 90' lang='lat' dir='ltr'><strong>tertio</strong></span> <span class='ocrx_word' id='word_1_403' title='bbox 2823 2667 3086 2721; x_wconf 88' lang='lat' dir='ltr'><strong>Salomon</strong></span> <span class='ocrx_word' id='word_1_404' title='bbox 3149 2665 3367 2720; x_wconf 88' lang='lat' dir='ltr'><strong>miseris</strong></span> <span class='ocrx_word' id='word_1_405' title='bbox 3417 2665 3593 2719; x_wconf 79' lang='lat' dir='ltr'><strong>modis</strong></span> 
     </span>
    </p>
   </div>
   <div class='ocr_carea' id='block_1_58' title="bbox 2017 2753 3594 2828">
    <p class='ocr_par' dir='ltr' id='par_1_58' title="bbox 2017 2753 3594 2828">
     <span class='ocr_line' id='line_1_58' title="bbox 2017 2753 3594 2828; baseline -0.003 -16"><span class='ocrx_word' id='word_1_406' title='bbox 2017 2759 2342 2828; x_wconf 70' lang='lat' dir='ltr'><strong>exagitantur,</strong></span> <span class='ocrx_word' id='word_1_407' title='bbox 2396 2757 2544 2828; x_wconf 87' lang='lat' dir='ltr'><strong>quod</strong></span> <span class='ocrx_word' id='word_1_408' title='bbox 2582 2757 2842 2821; x_wconf 87' lang='lat' dir='ltr'><strong>Cbamos,</strong></span> <span class='ocrx_word' id='word_1_409' title='bbox 2887 2755 3287 2812; x_wconf 81' lang='lat' dir='ltr'><strong>Mohahitarutn</strong></span> <span class='ocrx_word' id='word_1_410' title='bbox 3341 2753 3506 2816; x_wconf 90' lang='lat' dir='ltr'><strong>idolo,</strong></span> <span class='ocrx_word' id='word_1_411' title='bbox 3539 2763 3594 2808; x_wconf 86' lang='lat' dir='ltr'><strong>et</strong></span> 
     </span>
    </p>
   </div>
   <div class='ocr_carea' id='block_1_59' title="bbox 2017 2847 3593 2916">
    <p class='ocr_par' dir='ltr' id='par_1_59' title="bbox 2017 2847 3593 2916">
     <span class='ocr_line' id='line_1_59' title="bbox 2017 2847 3593 2916; baseline -0.001 -13"><span class='ocrx_word' id='word_1_412' title='bbox 2017 2851 2255 2904; x_wconf 71' lang='lat' dir='ltr'><strong>Astartce</strong></span> <span class='ocrx_word' id='word_1_413' title='bbox 2301 2851 2576 2904; x_wconf 85' lang='lat' dir='ltr'><strong>excelsum</strong></span> <span class='ocrx_word' id='word_1_414' title='bbox 2646 2849 2819 2904; x_wconf 89' lang='lat' dir='ltr'><strong>altare</strong></span> <span class='ocrx_word' id='word_1_415' title='bbox 2874 2849 3245 2903; x_wconf 79' lang='lat' dir='ltr'><strong>construxerit</strong></span> <span class='ocrx_word' id='word_1_416' title='bbox 3296 2847 3364 2903; x_wconf 84' lang='grc'><strong>’³.</strong></span> <span class='ocrx_word' id='word_1_417' title='bbox 3417 2850 3593 2916; x_wconf 81' lang='lat' dir='ltr'><strong>Atque</strong></span> 
     </span>
    </p>
   </div>
   <div class='ocr_carea' id='block_1_60' title="bbox 2011 2937 3587 3007">
    <p class='ocr_par' dir='ltr' id='par_1_60' title="bbox 2011 2937 3587 3007">
     <span class='ocr_line' id='line_1_60' title="bbox 2011 2937 3587 3007; baseline -0.003 -13"><span class='ocrx_word' id='word_1_418' title='bbox 2011 2941 2177 2994; x_wconf 88' lang='lat' dir='ltr'><strong>etiam</strong></span> <span class='ocrx_word' id='word_1_419' title='bbox 2223 2943 2390 2994; x_wconf 81' lang='lat' dir='ltr'><strong>Amos</strong></span> <span class='ocrx_word' id='word_1_420' title='bbox 2449 2939 2754 2995; x_wconf 84' lang='lat' dir='ltr'><strong>maledictis</strong></span> <span class='ocrx_word' id='word_1_421' title='bbox 2794 2953 2888 2995; x_wconf 84' lang='lat' dir='ltr'><strong>eos</strong></span> <span class='ocrx_word' id='word_1_422' title='bbox 2943 2939 3272 3004; x_wconf 90' lang='lat' dir='ltr'><strong>conscindit,</strong></span> <span class='ocrx_word' id='word_1_423' title='bbox 3311 2938 3403 3007; x_wconf 91' lang='lat' dir='ltr'><strong>qui</strong></span> <span class='ocrx_word' id='word_1_424' title='bbox 3451 2937 3587 2992; x_wconf 86' lang='lat' dir='ltr'><strong>astri</strong></span> 
     </span>
    </p>
   </div>
   <div class='ocr_carea' id='block_1_61' title="bbox 2022 3028 3587 3101">
    <p class='ocr_par' dir='ltr' id='par_1_61' title="bbox 2022 3028 3587 3101">
     <span class='ocr_line' id='line_1_61' title="bbox 2022 3028 3587 3101; baseline -0.002 -16"><span class='ocrx_word' id='word_1_425' title='bbox 2022 3034 2249 3101; x_wconf 80' lang='lat' dir='ltr'><strong>ligarant</strong></span> <span class='ocrx_word' id='word_1_426' title='bbox 2314 3041 2430 3086; x_wconf 84' lang='lat' dir='ltr'><strong>arte</strong></span> <span class='ocrx_word' id='word_1_427' title='bbox 2475 3031 2849 3101; x_wconf 83' lang='lat' dir='ltr'><strong>exprimehant</strong></span> <span class='ocrx_word' id='word_1_428' title='bbox 2896 3044 3127 3100; x_wconf 86' lang='lat' dir='ltr'><strong>eatnque</strong></span> <span class='ocrx_word' id='word_1_429' title='bbox 3173 3029 3471 3082; x_wconf 79' lang='lat' dir='ltr'><strong>adorabant</strong></span> <span class='ocrx_word' id='word_1_430' title='bbox 3517 3028 3587 3082; x_wconf 75' lang='lat'><strong>“.</strong></span> 
     </span>
    </p>
   </div>
   <div class='ocr_carea' id='block_1_62' title="bbox 343 3094 3584 3194">
    <p class='ocr_par' dir='ltr' id='par_1_62' title="bbox 343 3094 3584 3194">
     <span class='ocr_line' id='line_1_62' title="bbox 343 3094 3584 3194; baseline -0.002 -16"><span class='ocrx_word' id='word_1_431' title='bbox 343 3123 590 3193; x_wconf 88' lang='lat' dir='ltr'><strong>templer,</strong></span> <span class='ocrx_word' id='word_1_432' title='bbox 628 3137 796 3176; x_wconf 91' lang='lat' dir='ltr'><strong>unum</strong></span> <span class='ocrx_word' id='word_1_433' title='bbox 832 3121 1177 3190; x_wconf 89' lang='lat' dir='ltr'><strong>splendorem</strong></span> <span class='ocrx_word' id='word_1_434' title='bbox 1233 3121 1392 3176; x_wconf 89' lang='lat' dir='ltr'><strong>video</strong></span> <span class='ocrx_word' id='word_1_435' title='bbox 1454 3132 1675 3191; x_wconf 85' lang='lat' dir='ltr'><strong>prepter</strong></span> <span class='ocrx_word' id='word_1_436' title='bbox 1711 3133 1917 3177; x_wconf 74' lang='lat' dir='ltr'><strong>natura:</strong></span> <span class='ocrx_word' id='word_1_437' title='bbox 1945 3094 1989 3153; x_wconf 64' lang='grc' dir='ltr'>ε</span> <span class='ocrx_word' id='word_1_438' title='bbox 2018 3094 2237 3178; x_wconf 69' lang='lat' dir='ltr'><strong>Astarte</strong></span> <span class='ocrx_word' id='word_1_439' title='bbox 2284 3140 2446 3194; x_wconf 92' lang='lat' dir='ltr'><strong>porro</strong></span> <span class='ocrx_word' id='word_1_440' title='bbox 2475 3094 2828 3185; x_wconf 45' lang='lat' dir='ltr'><strong>et-Chamos,</strong></span> <span class='ocrx_word' id='word_1_441' title='bbox 2883 3094 3108 3177; x_wconf 76' lang='lat' dir='ltr'><strong>Veneris</strong></span> <span class='ocrx_word' id='word_1_442' title='bbox 3160 3129 3354 3175; x_wconf 63' lang='lat' dir='ltr'><strong>stature</strong></span> <span class='ocrx_word' id='word_1_443' title='bbox 3405 3126 3584 3185; x_wconf 86' lang='lat' dir='ltr'><strong>erant,</strong></span> 
     </span>
    </p>
   </div>
   <div class='ocr_carea' id='block_1_63' title="bbox 339 3211 1918 3284">
    <p class='ocr_par' dir='ltr' id='par_1_63' title="bbox 339 3211 1918 3284">
     <span class='ocr_line' id='line_1_63' title="bbox 339 3211 1918 3284; baseline -0.003 -14"><span class='ocrx_word' id='word_1_444' title='bbox 339 3215 781 3284; x_wconf 89' lang='lat' dir='ltr'><strong>conjunctiouem</strong></span> <span class='ocrx_word' id='word_1_445' title='bbox 815 3223 870 3266; x_wconf 90' lang='lat' dir='ltr'><strong>et</strong></span> <span class='ocrx_word' id='word_1_446' title='bbox 898 3213 1289 3280; x_wconf 61' lang='lat' dir='ltr'><strong>aequalitatem,</strong></span> <span class='ocrx_word' id='word_1_447' title='bbox 1328 3211 1525 3281; x_wconf 85' lang='lat' dir='ltr'><strong>quippe</strong></span> <span class='ocrx_word' id='word_1_448' title='bbox 1580 3213 1671 3282; x_wconf 89' lang='lat' dir='ltr'><strong>qui</strong></span> <span class='ocrx_word' id='word_1_449' title='bbox 1726 3213 1918 3267; x_wconf 88' lang='lat' dir='ltr'><strong>unius-</strong></span> 
     </span>
    </p>
   </div>
   <div class='ocr_carea' id='block_1_64' title="bbox 339 3304 1916 3376">
    <p class='ocr_par' dir='ltr' id='par_1_64' title="bbox 339 3304 1916 3376">
     <span class='ocr_line' id='line_1_64' title="bbox 339 3304 1916 3376; baseline -0.003 -13"><span class='ocrx_word' id='word_1_450' title='bbox 339 3307 608 3376; x_wconf 77' lang='lat' dir='ltr'><strong>cujusque</strong></span> <span class='ocrx_word' id='word_1_451' title='bbox 653 3320 898 3374; x_wconf 69' lang='lat' dir='ltr'><strong>persona:</strong></span> <span class='ocrx_word' id='word_1_452' title='bbox 943 3305 1122 3358; x_wconf 90' lang='lat' dir='ltr'><strong>locum</strong></span> <span class='ocrx_word' id='word_1_453' title='bbox 1167 3304 1502 3374; x_wconf 87' lang='lat' dir='ltr'><strong>distinguere</strong></span> <span class='ocrx_word' id='word_1_454' title='bbox 1552 3319 1616 3358; x_wconf 90' lang='lat' dir='ltr'><strong>ac</strong></span> <span class='ocrx_word' id='word_1_455' title='bbox 1659 3320 1916 3375; x_wconf 85' lang='lat' dir='ltr'><strong>separare</strong></span> 
     </span>
    </p>
   </div>
   <div class='ocr_carea' id='block_1_65' title="bbox 339 3394 1912 3468">
    <p class='ocr_par' dir='ltr' id='par_1_65' title="bbox 339 3394 1912 3468">
     <span class='ocr_line' id='line_1_65' title="bbox 339 3394 1912 3468; baseline -0.002 -15"><span class='ocrx_word' id='word_1_456' title='bbox 339 3415 632 3468; x_wconf 84' lang='lat' dir='ltr'><strong>nequeam,</strong></span> <span class='ocrx_word' id='word_1_457' title='bbox 683 3413 783 3451; x_wconf 92' lang='lat' dir='ltr'><strong>nec</strong></span> <span class='ocrx_word' id='word_1_458' title='bbox 822 3411 1081 3451; x_wconf 87' lang='lat' dir='ltr'><strong>mensura</strong></span> <span class='ocrx_word' id='word_1_459' title='bbox 1138 3397 1357 3465; x_wconf 85' lang='lat' dir='ltr'><strong>assequi</strong></span> <span class='ocrx_word' id='word_1_460' title='bbox 1398 3394 1678 3466; x_wconf 90' lang='lat' dir='ltr'><strong>quodnam</strong></span> <span class='ocrx_word' id='word_1_461' title='bbox 1717 3398 1912 3450; x_wconf 91' lang='lat' dir='ltr'><strong>horum</strong></span> 
     </span>
    </p>
   </div>
   <div class='ocr_carea' id='block_1_66' title="bbox 339 3488 1913 3564">
    <p class='ocr_par' dir='ltr' id='par_1_66' title="bbox 339 3488 1913 3564">
     <span class='ocr_line' id='line_1_66' title="bbox 339 3488 1913 3564; baseline -0.001 -19"><span class='ocrx_word' id='word_1_462' title='bbox 339 3493 466 3564; x_wconf 82' lang='lat' dir='ltr'><strong>plus</strong></span> <span class='ocrx_word' id='word_1_463' title='bbox 516 3489 821 3562; x_wconf 84' lang='lat' dir='ltr'><strong>splendoris</strong></span> <span class='ocrx_word' id='word_1_464' title='bbox 863 3490 1075 3544; x_wconf 89' lang='lat' dir='ltr'><strong>habeat.</strong></span> <span class='ocrx_word' id='word_1_465' title='bbox 1133 3488 1269 3542; x_wconf 83' lang='lat' dir='ltr'><strong>Nam</strong></span> <span class='ocrx_word' id='word_1_466' title='bbox 1324 3488 1469 3553; x_wconf 89' lang='lat' dir='ltr'><strong>quod</strong></span> <span class='ocrx_word' id='word_1_467' title='bbox 1523 3489 1913 3558; x_wconf 85' lang='lat' dir='ltr'><strong>comprehendi</strong></span> 
     </span>
    </p>
   </div>
   <div class='ocr_carea' id='block_1_67' title="bbox 340 3581 1622 3656">
    <p class='ocr_par' dir='ltr' id='par_1_67' title="bbox 340 3581 1622 3656">
     <span class='ocr_line' id='line_1_67' title="bbox 340 3581 1622 3656; baseline -0.005 -16"><span class='ocrx_word' id='word_1_468' title='bbox 340 3602 448 3640; x_wconf 91' lang='lat' dir='ltr'><strong>non</strong></span> <span class='ocrx_word' id='word_1_469' title='bbox 482 3593 677 3656; x_wconf 90' lang='lat' dir='ltr'><strong>potest,</strong></span> <span class='ocrx_word' id='word_1_470' title='bbox 715 3583 770 3637; x_wconf 90' lang='lat' dir='ltr'><strong>id</strong></span> <span class='ocrx_word' id='word_1_471' title='bbox 799 3599 898 3638; x_wconf 92' lang='lat' dir='ltr'><strong>nec</strong></span> <span class='ocrx_word' id='word_1_472' title='bbox 925 3597 1179 3637; x_wconf 84' lang='lat' dir='ltr'><strong>mensura</strong></span> <span class='ocrx_word' id='word_1_473' title='bbox 1211 3582 1319 3636; x_wconf 88' lang='lat' dir='ltr'><strong>ulla</strong></span> <span class='ocrx_word' id='word_1_474' title='bbox 1347 3581 1622 3636; x_wconf 86' lang='lat' dir='ltr'><strong>delinitur.</strong></span> 
     </span>
    </p>
   </div>
   <div class='ocr_carea' id='block_1_68' title="bbox 412 3673 1910 3744">
    <p class='ocr_par' dir='ltr' id='par_1_68' title="bbox 412 3673 1910 3744">
     <span class='ocr_line' id='line_1_68' title="bbox 412 3673 1910 3744; baseline -0.002 -14"><span class='ocrx_word' id='word_1_475' title='bbox 412 3679 550 3734; x_wconf 84' lang='lat' dir='ltr'><strong>Ibid.</strong></span> <span class='ocrx_word' id='word_1_476' title='bbox 600 3675 662 3728; x_wconf 85' lang='lat' dir='ltr'><strong>C.</strong></span> <span class='ocrx_word' id='word_1_477' title='bbox 722 3673 870 3728; x_wconf 84' lang='lat' dir='ltr'><strong>Tune</strong></span> <span class='ocrx_word' id='word_1_478' title='bbox 923 3674 1311 3744; x_wconf 69' lang='lat' dir='ltr'><strong>generatione»:</strong></span> <span class='ocrx_word' id='word_1_479' title='bbox 1358 3675 1584 3739; x_wconf 75' lang='lat' dir='ltr'><strong>metuis,</strong></span> <span class='ocrx_word' id='word_1_480' title='bbox 1643 3683 1748 3728; x_wconf 90' lang='lat' dir='ltr'><strong>etc.</strong></span> <span class='ocrx_word' id='word_1_481' title='bbox 1804 3673 1910 3740; x_wconf 83' lang='lat' dir='ltr'><strong>Tu,</strong></span> 
     </span>
    </p>
   </div>
   <div class='ocr_carea' id='block_1_69' title="bbox 337 3764 1912 3839">
    <p class='ocr_par' dir='ltr' id='par_1_69' title="bbox 337 3764 1912 3839">
     <span class='ocr_line' id='line_1_69' title="bbox 337 3764 1912 3839; baseline -0.001 -16"><span class='ocrx_word' id='word_1_482' title='bbox 337 3771 534 3839; x_wconf 89' lang='lat' dir='ltr'><strong>inquit,</strong></span> <span class='ocrx_word' id='word_1_483' title='bbox 573 3769 627 3821; x_wconf 92' lang='lat' dir='ltr'><strong>in</strong></span> <span class='ocrx_word' id='word_1_484' title='bbox 668 3770 776 3820; x_wconf 90' lang='lat' dir='ltr'><strong>Deo</strong></span> <span class='ocrx_word' id='word_1_485' title='bbox 805 3764 1177 3834; x_wconf 76' lang='lat' dir='ltr'><strong>generationis</strong></span> <span class='ocrx_word' id='word_1_486' title='bbox 1213 3764 1437 3817; x_wconf 86' lang='lat' dir='ltr'><strong>verbum</strong></span> <span class='ocrx_word' id='word_1_487' title='bbox 1466 3767 1806 3832; x_wconf 85' lang='lat' dir='ltr'><strong>expavescis,</strong></span> <span class='ocrx_word' id='word_1_488' title='bbox 1844 3782 1912 3821; x_wconf 89' lang='lat' dir='ltr'><strong>ne</strong></span> 
     </span>
    </p>
   </div>
   <div class='ocr_carea' id='block_1_70' title="bbox 337 3857 1908 3928">
    <p class='ocr_par' dir='ltr' id='par_1_70' title="bbox 337 3857 1908 3928">
     <span class='ocr_line' id='line_1_70' title="bbox 337 3857 1908 3928; baseline -0.003 -12"><span class='ocrx_word' id='word_1_489' title='bbox 337 3863 588 3918; x_wconf 78' lang='lat' dir='ltr'><strong>allectum</strong></span> <span class='ocrx_word' id='word_1_490' title='bbox 635 3859 924 3928; x_wconf 87' lang='lat' dir='ltr'><strong>quemdam</strong></span> <span class='ocrx_word' id='word_1_491' title='bbox 975 3857 1233 3910; x_wconf 90' lang='lat' dir='ltr'><strong>inducere</strong></span> <span class='ocrx_word' id='word_1_492' title='bbox 1288 3857 1522 3910; x_wconf 86' lang='lat' dir='ltr'><strong>videaris</strong></span> <span class='ocrx_word' id='word_1_493' title='bbox 1572 3873 1588 3911; x_wconf 90' lang='lat'><strong>:</strong></span> <span class='ocrx_word' id='word_1_494' title='bbox 1647 3857 1908 3926; x_wconf 84' lang='lat' dir='ltr'><strong>quasiis,</strong></span> 
     </span>
    </p>
   </div>
   <div class='ocr_carea' id='block_1_71' title="bbox 337 3949 1909 4023">
    <p class='ocr_par' dir='ltr' id='par_1_71' title="bbox 337 3949 1909 4023">
     <span class='ocr_line' id='line_1_71' title="bbox 337 3949 1909 4023; baseline -0.002 -17"><span class='ocrx_word' id='word_1_495' title='bbox 337 3953 432 4023; x_wconf 89' lang='lat' dir='ltr'><strong>qui</strong></span> <span class='ocrx_word' id='word_1_496' title='bbox 461 3953 655 4022; x_wconf 84' lang='lat' dir='ltr'><strong>gignit,</strong></span> <span class='ocrx_word' id='word_1_497' title='bbox 691 3950 982 4003; x_wconf 84' lang='lat' dir='ltr'><strong>ﬂuxionem</strong></span> <span class='ocrx_word' id='word_1_498' title='bbox 1011 3949 1275 4018; x_wconf 86' lang='lat' dir='ltr'><strong>patiatur.</strong></span> <span class='ocrx_word' id='word_1_499' title='bbox 1321 3949 1485 4019; x_wconf 84' lang='lat' dir='ltr'><strong>Atqui</strong></span> <span class='ocrx_word' id='word_1_500' title='bbox 1517 3957 1567 4003; x_wconf 90' lang='lat' dir='ltr'><strong>te</strong></span> <span class='ocrx_word' id='word_1_501' title='bbox 1599 3949 1909 4018; x_wconf 88' lang='lat' dir='ltr'><strong>oportebat,</strong></span> 
     </span>
    </p>
   </div>
   <div class='ocr_carea' id='block_1_72' title="bbox 341 4037 1905 4111">
    <p class='ocr_par' dir='ltr' id='par_1_72' title="bbox 341 4037 1905 4111">
     <span class='ocr_line' id='line_1_72' title="bbox 341 4037 1905 4111; baseline -0.004 -13"><span class='ocrx_word' id='word_1_502' title='bbox 341 4046 387 4098; x_wconf 85' lang='lat' dir='ltr'><strong>si</strong></span> <span class='ocrx_word' id='word_1_503' title='bbox 422 4041 642 4111; x_wconf 90' lang='lat' dir='ltr'><strong>quidem</strong></span> <span class='ocrx_word' id='word_1_504' title='bbox 667 4040 733 4094; x_wconf 90' lang='lat' dir='ltr'><strong>de</strong></span> <span class='ocrx_word' id='word_1_505' title='bbox 764 4042 1002 4092; x_wconf 89' lang='lat' dir='ltr'><strong>humano</strong></span> <span class='ocrx_word' id='word_1_506' title='bbox 1046 4047 1198 4108; x_wconf 88' lang='lat' dir='ltr'><strong>patre</strong></span> <span class='ocrx_word' id='word_1_507' title='bbox 1229 4051 1414 4091; x_wconf 85' lang='lat' dir='ltr'><strong>sermo</strong></span> <span class='ocrx_word' id='word_1_508' title='bbox 1443 4037 1755 4105; x_wconf 85' lang='lat' dir='ltr'><strong>haberetur,</strong></span> <span class='ocrx_word' id='word_1_509' title='bbox 1792 4046 1905 4092; x_wconf 87' lang='lat' dir='ltr'><strong>tum</strong></span> 
     </span>
    </p>
   </div>
   <div class='ocr_carea' id='block_1_73' title="bbox 337 4127 1905 4198">
    <p class='ocr_par' dir='ltr' id='par_1_73' title="bbox 337 4127 1905 4198">
     <span class='ocr_line' id='line_1_73' title="bbox 337 4127 1905 4198; baseline -0.003 -12"><span class='ocrx_word' id='word_1_510' title='bbox 337 4131 639 4186; x_wconf 79' lang='lat' dir='ltr'><strong>aﬂ‘cctionis</strong></span> <span class='ocrx_word' id='word_1_511' title='bbox 693 4141 914 4198; x_wconf 90' lang='lat' dir='ltr'><strong>quoque</strong></span> <span class='ocrx_word' id='word_1_512' title='bbox 955 4127 1342 4196; x_wconf 86' lang='lat' dir='ltr'><strong>cogitationem</strong></span> <span class='ocrx_word' id='word_1_513' title='bbox 1391 4141 1672 4182; x_wconf 88' lang='lat' dir='ltr'><strong>assumere</strong></span> <span class='ocrx_word' id='word_1_514' title='bbox 1716 4144 1732 4183; x_wconf 89' lang='lat'><strong>:</strong></span> <span class='ocrx_word' id='word_1_515' title='bbox 1781 4143 1905 4181; x_wconf 91' lang='lat' dir='ltr'><strong>cum</strong></span> 
     </span>
    </p>
   </div>
   <div class='ocr_carea' id='block_1_74' title="bbox 335 4214 1908 4288">
    <p class='ocr_par' dir='ltr' id='par_1_74' title="bbox 335 4214 1908 4288">
     <span class='ocr_line' id='line_1_74' title="bbox 335 4214 1908 4288; baseline -0.003 -12"><span class='ocrx_word' id='word_1_516' title='bbox 335 4235 516 4276; x_wconf 81' lang='lat' dir='ltr'><strong>autent</strong></span> <span class='ocrx_word' id='word_1_517' title='bbox 548 4222 714 4274; x_wconf 87' lang='lat' dir='ltr'><strong>Deum</strong></span> <span class='ocrx_word' id='word_1_518' title='bbox 750 4217 967 4271; x_wconf 85' lang='lat' dir='ltr'><strong>Patrem</strong></span> <span class='ocrx_word' id='word_1_519' title='bbox 1004 4215 1183 4278; x_wconf 90' lang='lat' dir='ltr'><strong>audis,</strong></span> <span class='ocrx_word' id='word_1_520' title='bbox 1221 4214 1287 4269; x_wconf 89' lang='lat' dir='ltr'><strong>ad</strong></span> <span class='ocrx_word' id='word_1_521' title='bbox 1313 4231 1535 4271; x_wconf 91' lang='lat' dir='ltr'><strong>causam</strong></span> <span class='ocrx_word' id='word_1_522' title='bbox 1568 4217 1746 4272; x_wconf 87' lang='lat' dir='ltr'><strong>onmis</strong></span> <span class='ocrx_word' id='word_1_523' title='bbox 1768 4227 1908 4288; x_wconf 77' lang='lat' dir='ltr'><strong>iper-</strong></span> 
     </span>
    </p>
   </div>
   <div class='ocr_carea' id='block_1_75' title="bbox 336 4307 1903 4384">
    <p class='ocr_par' dir='ltr' id='par_1_75' title="bbox 336 4307 1903 4384">
     <span class='ocr_line' id='line_1_75' title="bbox 336 4307 1903 4384; baseline -0.003 -16"><span class='ocrx_word' id='word_1_524' title='bbox 336 4312 611 4384; x_wconf 64' lang='lat' dir='ltr'><strong>p&#39;ssionis</strong></span> <span class='ocrx_word' id='word_1_525' title='bbox 653 4319 934 4379; x_wconf 82' lang='lat' dir='ltr'><strong>expertem</strong></span> <span class='ocrx_word' id='word_1_526' title='bbox 963 4307 1296 4378; x_wconf 88' lang='lat' dir='ltr'><strong>cogitatione</strong></span> <span class='ocrx_word' id='word_1_527' title='bbox 1327 4310 1569 4378; x_wconf 86' lang='lat' dir='ltr'><strong>provehi.</strong></span> <span class='ocrx_word' id='word_1_528' title='bbox 1620 4308 1737 4362; x_wconf 80' lang='lat' dir='ltr'><strong>Non</strong></span> <span class='ocrx_word' id='word_1_529' title='bbox 1759 4311 1903 4364; x_wconf 88' lang='lat' dir='ltr'><strong>enim</strong></span> 
     </span>
    </p>
   </div>
   <div class='ocr_carea' id='block_1_76' title="bbox 2017 3212 3586 3288">
    <p class='ocr_par' dir='ltr' id='par_1_76' title="bbox 2017 3212 3586 3288">
     <span class='ocr_line' id='line_1_76' title="bbox 2017 3212 3586 3288; baseline -0.003 -19"><span class='ocrx_word' id='word_1_530' title='bbox 2017 3233 2154 3288; x_wconf 87' lang='lat' dir='ltr'><strong>quas</strong></span> <span class='ocrx_word' id='word_1_531' title='bbox 2194 3214 2404 3270; x_wconf 91' lang='lat' dir='ltr'><strong>Sidonii</strong></span> <span class='ocrx_word' id='word_1_532' title='bbox 2437 3215 2568 3270; x_wconf 90' lang='lat' dir='ltr'><strong>olim</strong></span> <span class='ocrx_word' id='word_1_533' title='bbox 2603 3225 2658 3271; x_wconf 93' lang='lat' dir='ltr'><strong>et</strong></span> <span class='ocrx_word' id='word_1_534' title='bbox 2685 3214 2942 3270; x_wconf 64' lang='lat' dir='ltr'><strong>Moabitae</strong></span> <span class='ocrx_word' id='word_1_535' title='bbox 2973 3215 3246 3280; x_wconf 89' lang='lat' dir='ltr'><strong>colebant,</strong></span> <span class='ocrx_word' id='word_1_536' title='bbox 3291 3228 3356 3268; x_wconf 84' lang='lat' dir='ltr'><strong>ac</strong></span> <span class='ocrx_word' id='word_1_537' title='bbox 3397 3212 3586 3267; x_wconf 87' lang='lat' dir='ltr'><strong>divino</strong></span> 
     </span>
    </p>
   </div>
   <div class='ocr_carea' id='block_1_77' title="bbox 2017 3307 3583 3374">
    <p class='ocr_par' dir='ltr' id='par_1_77' title="bbox 2017 3307 3583 3374">
     <span class='ocr_line' id='line_1_77' title="bbox 2017 3307 3583 3374; baseline -0.004 -11"><span class='ocrx_word' id='word_1_538' title='bbox 2017 3309 2225 3364; x_wconf 93' lang='lat' dir='ltr'><strong>honore</strong></span> <span class='ocrx_word' id='word_1_539' title='bbox 2255 3307 2581 3364; x_wconf 73' lang='lat' dir='ltr'><strong>adiciebant.</strong></span> <span class='ocrx_word' id='word_1_540' title='bbox 2630 3309 2842 3365; x_wconf 87' lang='lat' dir='ltr'><strong>Sideris</strong></span> <span class='ocrx_word' id='word_1_541' title='bbox 2875 3323 3006 3362; x_wconf 79' lang='lat' dir='ltr'><strong>vero</strong></span> <span class='ocrx_word' id='word_1_542' title='bbox 3035 3307 3236 3368; x_wconf 77' lang='lat' dir='ltr'><strong>forma,</strong></span> <span class='ocrx_word' id='word_1_543' title='bbox 3265 3316 3383 3361; x_wconf 90' lang='lat' dir='ltr'><strong>erat</strong></span> <span class='ocrx_word' id='word_1_544' title='bbox 3407 3307 3583 3374; x_wconf 76' lang='lat' dir='ltr'><strong>ipsum</strong></span> 
     </span>
    </p>
   </div>
   <div class='ocr_carea' id='block_1_78' title="bbox 2015 3398 3586 3472">
    <p class='ocr_par' dir='ltr' id='par_1_78' title="bbox 2015 3398 3586 3472">
     <span class='ocr_line' id='line_1_78' title="bbox 2015 3398 3586 3472; baseline -0.003 -15"><span class='ocrx_word' id='word_1_545' title='bbox 2015 3402 2188 3470; x_wconf 89' lang='lat' dir='ltr'><strong>sidus,</strong></span> <span class='ocrx_word' id='word_1_546' title='bbox 2232 3417 2426 3472; x_wconf 91' lang='lat' dir='ltr'><strong>nempe</strong></span> <span class='ocrx_word' id='word_1_547' title='bbox 2465 3401 2704 3468; x_wconf 77' lang='lat' dir='ltr'><strong>Lucifer,</strong></span> <span class='ocrx_word' id='word_1_548' title='bbox 2761 3415 2922 3470; x_wconf 88' lang='lat' dir='ltr'><strong>quem</strong></span> <span class='ocrx_word' id='word_1_549' title='bbox 2975 3399 3242 3453; x_wconf 78' lang='lat' dir='ltr'><strong>Venerem</strong></span> <span class='ocrx_word' id='word_1_550' title='bbox 3289 3398 3586 3467; x_wconf 86' lang='lat' dir='ltr'><strong>appellant.</strong></span> 
     </span>
    </p>
   </div>
   <div class='ocr_carea' id='block_1_79' title="bbox 2013 3486 3584 3563">
    <p class='ocr_par' dir='ltr' id='par_1_79' title="bbox 2013 3486 3584 3563">
     <span class='ocr_line' id='line_1_79' title="bbox 2013 3486 3584 3563; baseline -0.004 -16"><span class='ocrx_word' id='word_1_551' title='bbox 2013 3493 2332 3563; x_wconf 83' lang='lat' dir='ltr'><strong>Quanquam</strong></span> <span class='ocrx_word' id='word_1_552' title='bbox 2360 3495 2523 3563; x_wconf 78' lang='lat' dir='ltr'><strong>igitur</strong></span> <span class='ocrx_word' id='word_1_553' title='bbox 2553 3495 2654 3547; x_wconf 88' lang='lat' dir='ltr'><strong>tria</strong></span> <span class='ocrx_word' id='word_1_554' title='bbox 2683 3493 3003 3556; x_wconf 89' lang='lat' dir='ltr'><strong>adorabaut,</strong></span> <span class='ocrx_word' id='word_1_555' title='bbox 3036 3499 3201 3560; x_wconf 86' lang='lat' dir='ltr'><strong>atque</strong></span> <span class='ocrx_word' id='word_1_556' title='bbox 3233 3489 3426 3544; x_wconf 86' lang='lat' dir='ltr'><strong>horum</strong></span> <span class='ocrx_word' id='word_1_557' title='bbox 3457 3486 3584 3540; x_wconf 90' lang='lat' dir='ltr'><strong>uni-</strong></span> 
     </span>
    </p>
   </div>
   <div class='ocr_carea' id='block_1_80' title="bbox 2013 3580 3581 3658">
    <p class='ocr_par' dir='ltr' id='par_1_80' title="bbox 2013 3580 3581 3658">
     <span class='ocr_line' id='line_1_80' title="bbox 2013 3580 3581 3658; baseline -0.006 -16"><span class='ocrx_word' id='word_1_558' title='bbox 2013 3588 2212 3658; x_wconf 84' lang='lat' dir='ltr'><strong>cuique</strong></span> <span class='ocrx_word' id='word_1_559' title='bbox 2265 3603 2462 3642; x_wconf 88' lang='lat' dir='ltr'><strong>nomen</strong></span> <span class='ocrx_word' id='word_1_560' title='bbox 2512 3588 2603 3642; x_wconf 89' lang='lat' dir='ltr'><strong>Dei</strong></span> <span class='ocrx_word' id='word_1_561' title='bbox 2647 3587 3045 3656; x_wconf 85' lang='lat' dir='ltr'><strong>impouehant:</strong></span> <span class='ocrx_word' id='word_1_562' title='bbox 3095 3595 3275 3638; x_wconf 86' lang='lat' dir='ltr'><strong>tamen</strong></span> <span class='ocrx_word' id='word_1_563' title='bbox 3321 3580 3581 3645; x_wconf 81' lang='lat' dir='ltr'><strong>quoniam</strong></span> 
     </span>
    </p>
   </div>
   <div class='ocr_carea' id='block_1_81' title="bbox 2013 3675 3584 3736">
    <p class='ocr_par' dir='ltr' id='par_1_81' title="bbox 2013 3675 3584 3736">
     <span class='ocr_line' id='line_1_81' title="bbox 2013 3675 3584 3736; baseline -0.006 -2"><span class='ocrx_word' id='word_1_564' title='bbox 2013 3681 2167 3734; x_wconf 89' lang='lat' dir='ltr'><strong>sidus</strong></span> <span class='ocrx_word' id='word_1_565' title='bbox 2219 3679 2436 3734; x_wconf 88' lang='lat' dir='ltr'><strong>duobus</strong></span> <span class='ocrx_word' id='word_1_566' title='bbox 2477 3679 2599 3732; x_wconf 88' lang='lat' dir='ltr'><strong>aliis</strong></span> <span class='ocrx_word' id='word_1_567' title='bbox 2638 3677 2994 3732; x_wconf 81' lang='lat' dir='ltr'><strong>excellentius</strong></span> <span class='ocrx_word' id='word_1_568' title='bbox 3048 3675 3473 3736; x_wconf 85' lang='lat' dir='ltr'><strong>arbitrabantur,</strong></span> <span class='ocrx_word' id='word_1_569' title='bbox 3517 3686 3584 3724; x_wconf 91' lang='lat' dir='ltr'><strong>ac</strong></span> 
     </span>
    </p>
   </div>
   <div class='ocr_carea' id='block_1_82' title="bbox 2013 3764 3580 3837">
    <p class='ocr_par' dir='ltr' id='par_1_82' title="bbox 2013 3764 3580 3837">
     <span class='ocr_line' id='line_1_82' title="bbox 2013 3764 3580 3837; baseline -0.005 -15"><span class='ocrx_word' id='word_1_570' title='bbox 2013 3767 2273 3837; x_wconf 86' lang='lat' dir='ltr'><strong>majorem</strong></span> <span class='ocrx_word' id='word_1_571' title='bbox 2310 3766 2504 3831; x_wconf 89' lang='lat' dir='ltr'><strong>Deum,</strong></span> <span class='ocrx_word' id='word_1_572' title='bbox 2561 3767 2709 3822; x_wconf 88' lang='lat' dir='ltr'><strong>velut</strong></span> <span class='ocrx_word' id='word_1_573' title='bbox 2760 3767 3043 3822; x_wconf 63' lang='lat' dir='ltr'><strong>caelestem</strong></span> <span class='ocrx_word' id='word_1_574' title='bbox 3089 3781 3212 3821; x_wconf 84' lang='lat' dir='ltr'><strong>esse</strong></span> <span class='ocrx_word' id='word_1_575' title='bbox 3255 3764 3580 3826; x_wconf 86' lang='lat' dir='ltr'><strong>censebant,</strong></span> 
     </span>
    </p>
   </div>
   <div class='ocr_carea' id='block_1_83' title="bbox 2012 3855 3581 3930">
    <p class='ocr_par' dir='ltr' id='par_1_83' title="bbox 2012 3855 3581 3930">
     <span class='ocr_line' id='line_1_83' title="bbox 2012 3855 3581 3930; baseline -0.002 -17"><span class='ocrx_word' id='word_1_576' title='bbox 2012 3875 2330 3930; x_wconf 89' lang='lat' dir='ltr'><strong>quamnam,</strong></span> <span class='ocrx_word' id='word_1_577' title='bbox 2375 3859 2574 3929; x_wconf 86' lang='lat' dir='ltr'><strong>inquit,</strong></span> <span class='ocrx_word' id='word_1_578' title='bbox 2602 3874 2825 3914; x_wconf 88' lang='lat' dir='ltr'><strong>causam</strong></span> <span class='ocrx_word' id='word_1_579' title='bbox 2877 3858 3364 3928; x_wconf 77' lang='lat' dir='ltr'><strong>defensionemque</strong></span> <span class='ocrx_word' id='word_1_580' title='bbox 3385 3855 3454 3910; x_wconf 90' lang='lat' dir='ltr'><strong>ad</strong></span> <span class='ocrx_word' id='word_1_581' title='bbox 3484 3870 3581 3910; x_wconf 90' lang='lat' dir='ltr'><strong>eos</strong></span> 
     </span>
    </p>
   </div>
   <div class='ocr_carea' id='block_1_84' title="bbox 2011 3947 3583 4016">
    <p class='ocr_par' dir='ltr' id='par_1_84' title="bbox 2011 3947 3583 4016">
     <span class='ocr_line' id='line_1_84' title="bbox 2011 3947 3583 4016; baseline -0.001 -14"><span class='ocrx_word' id='word_1_582' title='bbox 2011 3949 2257 4016; x_wconf 81' lang='lat' dir='ltr'><strong>afferam,</strong></span> <span class='ocrx_word' id='word_1_583' title='bbox 2290 3965 2410 4004; x_wconf 91' lang='lat' dir='ltr'><strong>cum</strong></span> <span class='ocrx_word' id='word_1_584' title='bbox 2443 3964 2532 4004; x_wconf 90' lang='lat' dir='ltr'><strong>me</strong></span> <span class='ocrx_word' id='word_1_585' title='bbox 2577 3951 2818 4006; x_wconf 82' lang='lat' dir='ltr'><strong>vicissim</strong></span> <span class='ocrx_word' id='word_1_586' title='bbox 2849 3965 2916 4006; x_wconf 91' lang='lat' dir='ltr'><strong>eo</strong></span> <span class='ocrx_word' id='word_1_587' title='bbox 2945 3949 3169 4004; x_wconf 85' lang='lat' dir='ltr'><strong>nomine</strong></span> <span class='ocrx_word' id='word_1_588' title='bbox 3205 3947 3583 4003; x_wconf 78' lang='lat' dir='ltr'><strong>criminaban-</strong></span> 
     </span>
    </p>
   </div>
   <div class='ocr_carea' id='block_1_85' title="bbox 2011 4039 3576 4112">
    <p class='ocr_par' dir='ltr' id='par_1_85' title="bbox 2011 4039 3576 4112">
     <span class='ocr_line' id='line_1_85' title="bbox 2011 4039 3576 4112; baseline -0.003 -18"><span class='ocrx_word' id='word_1_589' title='bbox 2011 4049 2121 4105; x_wconf 91' lang='lat' dir='ltr'><strong>tur,</strong></span> <span class='ocrx_word' id='word_1_590' title='bbox 2154 4043 2297 4112; x_wconf 91' lang='lat' dir='ltr'><strong>quod</strong></span> <span class='ocrx_word' id='word_1_591' title='bbox 2331 4041 2596 4110; x_wconf 88' lang='lat' dir='ltr'><strong>majorem</strong></span> <span class='ocrx_word' id='word_1_592' title='bbox 2623 4055 2844 4112; x_wconf 90' lang='lat' dir='ltr'><strong>quoque</strong></span> <span class='ocrx_word' id='word_1_593' title='bbox 2876 4050 3040 4112; x_wconf 91' lang='lat' dir='ltr'><strong>atque</strong></span> <span class='ocrx_word' id='word_1_594' title='bbox 3066 4039 3380 4096; x_wconf 79' lang='lat' dir='ltr'><strong>inferiorem</strong></span> <span class='ocrx_word' id='word_1_595' title='bbox 3408 4039 3576 4092; x_wconf 87' lang='lat' dir='ltr'><strong>Deum</strong></span> 
     </span>
    </p>
   </div>
   <div class='ocr_carea' id='block_1_86' title="bbox 2009 4129 3578 4202">
    <p class='ocr_par' dir='ltr' id='par_1_86' title="bbox 2009 4129 3578 4202">
     <span class='ocr_line' id='line_1_86' title="bbox 2009 4129 3578 4202; baseline -0.004 -15"><span class='ocrx_word' id='word_1_596' title='bbox 2009 4135 2293 4198; x_wconf 84' lang='lat' dir='ltr'><strong>allirmem,</strong></span> <span class='ocrx_word' id='word_1_597' title='bbox 2324 4133 2683 4202; x_wconf 89' lang='lat' dir='ltr'><strong>divinumque</strong></span> <span class='ocrx_word' id='word_1_598' title='bbox 2714 4135 2972 4188; x_wconf 89' lang='lat' dir='ltr'><strong>honorem</strong></span> <span class='ocrx_word' id='word_1_599' title='bbox 3007 4133 3276 4188; x_wconf 83' lang='lat' dir='ltr'><strong>creaturis</strong></span> <span class='ocrx_word' id='word_1_600' title='bbox 3303 4129 3578 4186; x_wconf 81' lang='lat' dir='ltr'><strong>tribuam?</strong></span> 
     </span>
    </p>
   </div>
   <div class='ocr_carea' id='block_1_87' title="bbox 2009 4221 3576 4295">
    <p class='ocr_par' dir='ltr' id='par_1_87' title="bbox 2009 4221 3576 4295">
     <span class='ocr_line' id='line_1_87' title="bbox 2009 4221 3576 4295; baseline -0.004 -16"><span class='ocrx_word' id='word_1_601' title='bbox 2009 4225 2172 4292; x_wconf 84' lang='lat' dir='ltr'><strong>Quid,</strong></span> <span class='ocrx_word' id='word_1_602' title='bbox 2205 4226 2449 4295; x_wconf 85' lang='lat' dir='ltr'><strong>inquam,</strong></span> <span class='ocrx_word' id='word_1_603' title='bbox 2485 4225 2731 4280; x_wconf 89' lang='lat' dir='ltr'><strong>dicturus</strong></span> <span class='ocrx_word' id='word_1_604' title='bbox 2770 4241 2914 4291; x_wconf 88' lang='lat' dir='ltr'><strong>sum,</strong></span> <span class='ocrx_word' id='word_1_605' title='bbox 2946 4226 3031 4278; x_wconf 88' lang='lat' dir='ltr'><strong>vel</strong></span> <span class='ocrx_word' id='word_1_606' title='bbox 3062 4223 3262 4278; x_wconf 84' lang='lat' dir='ltr'><strong>Filium</strong></span> <span class='ocrx_word' id='word_1_607' title='bbox 3295 4237 3361 4276; x_wconf 89' lang='lat' dir='ltr'><strong>ac</strong></span> <span class='ocrx_word' id='word_1_608' title='bbox 3403 4221 3576 4291; x_wconf 88' lang='lat' dir='ltr'><strong>Spiri-</strong></span> 
     </span>
    </p>
   </div>
   <div class='ocr_carea' id='block_1_88' title="bbox 2011 4313 3575 4376">
    <p class='ocr_par' dir='ltr' id='par_1_88' title="bbox 2011 4313 3575 4376">
     <span class='ocr_line' id='line_1_88' title="bbox 2011 4313 3575 4376; baseline -0.005 -2"><span class='ocrx_word' id='word_1_609' title='bbox 2011 4331 2122 4374; x_wconf 92' lang='lat' dir='ltr'><strong>tum</strong></span> <span class='ocrx_word' id='word_1_610' title='bbox 2160 4330 2409 4374; x_wconf 85' lang='lat' dir='ltr'><strong>sanctum</strong></span> <span class='ocrx_word' id='word_1_611' title='bbox 2464 4329 2521 4371; x_wconf 93' lang='lat' dir='ltr'><strong>ut</strong></span> <span class='ocrx_word' id='word_1_612' title='bbox 2590 4318 2832 4371; x_wconf 90' lang='lat' dir='ltr'><strong>minores</strong></span> <span class='ocrx_word' id='word_1_613' title='bbox 2861 4317 2993 4370; x_wconf 88' lang='lat' dir='ltr'><strong>deos</strong></span> <span class='ocrx_word' id='word_1_614' title='bbox 3032 4330 3138 4369; x_wconf 91' lang='lat' dir='ltr'><strong>non</strong></span> <span class='ocrx_word' id='word_1_615' title='bbox 3187 4315 3459 4376; x_wconf 86' lang='lat' dir='ltr'><strong>adorans,</strong></span> <span class='ocrx_word' id='word_1_616' title='bbox 3493 4313 3575 4366; x_wconf 89' lang='lat' dir='ltr'><strong>vel</strong></span> 
     </span>
    </p>
   </div>
   <div class='ocr_carea' id='block_1_89' title="bbox 336 4401 3575 4481">
    <p class='ocr_par' dir='ltr' id='par_1_89' title="bbox 336 4401 3575 4481">
     <span class='ocr_line' id='line_1_89' title="bbox 336 4401 3575 4481; baseline -0.004 -11"><span class='ocrx_word' id='word_1_617' title='bbox 336 4407 461 4474; x_wconf 74' lang='grc' dir='ltr'><strong>(ιυίίι</strong></span> <span class='ocrx_word' id='word_1_618' title='bbox 505 4403 753 4458; x_wconf 60' lang='lat' dir='ltr'><strong>mortalia</strong></span> <span class='ocrx_word' id='word_1_619' title='bbox 805 4401 1104 4456; x_wconf 72' lang='grc' dir='ltr'><strong>³¹ιῖη¹³¹¹ιί³</strong></span> <span class='ocrx_word' id='word_1_620' title='bbox 1142 4417 1237 4470; x_wconf 70' lang='grc' dir='ltr'><strong>ρετ</strong></span> <span class='ocrx_word' id='word_1_621' title='bbox 1285 4401 1536 4456; x_wconf 65' lang='grc' dir='ltr'>θπθειυιιι</span> <span class='ocrx_word' id='word_1_622' title='bbox 1587 4411 1750 4472; x_wconf 78' lang='lat' dir='ltr'><strong>atque</strong></span> <span class='ocrx_word' id='word_1_623' title='bbox 1777 4419 1900 4472; x_wconf 80' lang='lat' dir='ltr'><strong>pel‘-</strong></span> <span class='ocrx_word' id='word_1_624' title='bbox 1937 4427 1981 4481; x_wconf 75' lang='grc' dir='ltr'><strong>υ</strong></span> <span class='ocrx_word' id='word_1_625' title='bbox 2009 4424 2302 4466; x_wconf 77' lang='lat' dir='ltr'><strong>consertos</strong></span> <span class='ocrx_word' id='word_1_626' title='bbox 2343 4424 2491 4463; x_wconf 90' lang='lat' dir='ltr'><strong>meos</strong></span> <span class='ocrx_word' id='word_1_627' title='bbox 2525 4407 2805 4462; x_wconf 84' lang='lat' dir='ltr'><strong>adorans?</strong></span> <span class='ocrx_word' id='word_1_628' title='bbox 2834 4405 3096 4461; x_wconf 84' lang='lat' dir='ltr'><strong>Conscrvi</strong></span> <span class='ocrx_word' id='word_1_629' title='bbox 3140 4406 3286 4459; x_wconf 89' lang='lat' dir='ltr'><strong>enim</strong></span> <span class='ocrx_word' id='word_1_630' title='bbox 3332 4405 3575 4474; x_wconf 78' lang='lat' dir='ltr'><strong>profecto</strong></span> 
     </span>
    </p>
   </div>
   <div class='ocr_carea' id='block_1_90' title="bbox 336 4497 1904 4568">
    <p class='ocr_par' dir='ltr' id='par_1_90' title="bbox 336 4497 1904 4568">
     <span class='ocr_line' id='line_1_90' title="bbox 336 4497 1904 4568; baseline 0.002 -17"><span class='ocrx_word' id='word_1_631' title='bbox 336 4500 641 4568; x_wconf 86' lang='lat' dir='ltr'><strong>pessionem</strong></span> <span class='ocrx_word' id='word_1_632' title='bbox 697 4499 950 4568; x_wconf 80' lang='lat' dir='ltr'><strong>gignunt,</strong></span> <span class='ocrx_word' id='word_1_633' title='bbox 1007 4498 1216 4552; x_wconf 89' lang='lat' dir='ltr'><strong>idcirco</strong></span> <span class='ocrx_word' id='word_1_634' title='bbox 1265 4500 1332 4552; x_wconf 89' lang='lat' dir='ltr'><strong>de</strong></span> <span class='ocrx_word' id='word_1_635' title='bbox 1385 4497 1494 4553; x_wconf 91' lang='lat' dir='ltr'><strong>Deo</strong></span> <span class='ocrx_word' id='word_1_636' title='bbox 1538 4499 1680 4553; x_wconf 89' lang='lat' dir='ltr'><strong>idem</strong></span> <span class='ocrx_word' id='word_1_637' title='bbox 1716 4501 1904 4554; x_wconf 82' lang='lat' dir='ltr'><strong>existi-</strong></span> 
     </span>
    </p>
   </div>
   <div class='ocr_carea' id='block_1_91' title="bbox 337 4589 1900 4690">
    <p class='ocr_par' dir='ltr' id='par_1_91' title="bbox 337 4589 1900 4690">
     <span class='ocr_line' id='line_1_91' title="bbox 337 4589 1900 4690; baseline 0.002 -47"><span class='ocrx_word' id='word_1_638' title='bbox 337 4590 594 4643; x_wconf 90' lang='lat' dir='ltr'><strong>mandum</strong></span> <span class='ocrx_word' id='word_1_639' title='bbox 655 4597 775 4654; x_wconf 90' lang='lat' dir='ltr'><strong>est;</strong></span> <span class='ocrx_word' id='word_1_640' title='bbox 835 4605 1025 4643; x_wconf 86' lang='lat' dir='ltr'><strong>verum</strong></span> <span class='ocrx_word' id='word_1_641' title='bbox 1075 4589 1202 4690; x_wconf 68' lang='lat' dir='ltr'><strong>hin’c</strong></span> <span class='ocrx_word' id='word_1_642' title='bbox 1259 4589 1444 4657; x_wconf 88' lang='lat' dir='ltr'><strong>potius</strong></span> <span class='ocrx_word' id='word_1_643' title='bbox 1505 4590 1572 4642; x_wconf 92' lang='lat' dir='ltr'><strong>ad</strong></span> <span class='ocrx_word' id='word_1_644' title='bbox 1615 4591 1900 4645; x_wconf 89' lang='lat' dir='ltr'><strong>veritatem</strong></span> 
     </span>
    </p>
   </div>
   <div class='ocr_carea' id='block_1_92' title="bbox 335 4680 1900 4749">
    <p class='ocr_par' dir='ltr' id='par_1_92' title="bbox 335 4680 1900 4749">
     <span class='ocr_line' id='line_1_92' title="bbox 335 4680 1900 4749; baseline 0.003 -16"><span class='ocrx_word' id='word_1_645' title='bbox 335 4681 460 4736; x_wconf 86' lang='lat' dir='ltr'><strong>duci</strong></span> <span class='ocrx_word' id='word_1_646' title='bbox 523 4680 804 4745; x_wconf 88' lang='lat' dir='ltr'><strong>debemus,</strong></span> <span class='ocrx_word' id='word_1_647' title='bbox 855 4689 913 4733; x_wconf 91' lang='lat' dir='ltr'><strong>ut</strong></span> <span class='ocrx_word' id='word_1_648' title='bbox 972 4681 1052 4734; x_wconf 89' lang='lat' dir='ltr'><strong>sic</strong></span> <span class='ocrx_word' id='word_1_649' title='bbox 1109 4680 1500 4734; x_wconf 73' lang='lat' dir='ltr'><strong>ratiocinemur</strong></span> <span class='ocrx_word' id='word_1_650' title='bbox 1558 4697 1571 4734; x_wconf 90' lang='lat'><strong>:</strong></span> <span class='ocrx_word' id='word_1_651' title='bbox 1631 4680 1900 4749; x_wconf 84' lang='lat' dir='ltr'><strong>Quoniam</strong></span> 
     </span>
    </p>
   </div>
   <div class='ocr_carea' id='block_1_93' title="bbox 336 4771 1900 4844">
    <p class='ocr_par' dir='ltr' id='par_1_93' title="bbox 336 4771 1900 4844">
     <span class='ocr_line' id='line_1_93' title="bbox 336 4771 1900 4844; baseline 0.003 -20"><span class='ocrx_word' id='word_1_652' title='bbox 336 4771 634 4824; x_wconf 86' lang='lat' dir='ltr'><strong>animantia</strong></span> <span class='ocrx_word' id='word_1_653' title='bbox 666 4771 1005 4840; x_wconf 89' lang='lat' dir='ltr'><strong>corruptioni</strong></span> <span class='ocrx_word' id='word_1_654' title='bbox 1039 4772 1275 4824; x_wconf 73' lang='lat' dir='ltr'><strong>obnoxia</strong></span> <span class='ocrx_word' id='word_1_655' title='bbox 1314 4773 1384 4826; x_wconf 88' lang='lat' dir='ltr'><strong>ita</strong></span> <span class='ocrx_word' id='word_1_656' title='bbox 1417 4774 1668 4844; x_wconf 75' lang='lat' dir='ltr'><strong>gignunt,</strong></span> <span class='ocrx_word' id='word_1_657' title='bbox 1709 4775 1900 4840; x_wconf 88' lang='lat' dir='ltr'><strong>Deum,</strong></span> 
     </span>
    </p>
   </div>
   <div class='ocr_carea' id='block_1_94' title="bbox 335 4862 1895 4936">
    <p class='ocr_par' dir='ltr' id='par_1_94' title="bbox 335 4862 1895 4936">
     <span class='ocr_line' id='line_1_94' title="bbox 335 4862 1895 4936; baseline 0.005 -22"><span class='ocrx_word' id='word_1_658' title='bbox 335 4862 428 4931; x_wconf 88' lang='lat' dir='ltr'><strong>qui</strong></span> <span class='ocrx_word' id='word_1_659' title='bbox 470 4863 818 4929; x_wconf 85' lang='lat' dir='ltr'><strong>corruptione</strong></span> <span class='ocrx_word' id='word_1_660' title='bbox 872 4871 1046 4928; x_wconf 82' lang='lat' dir='ltr'><strong>vacat,</strong></span> <span class='ocrx_word' id='word_1_661' title='bbox 1105 4867 1389 4917; x_wconf 90' lang='lat' dir='ltr'><strong>contrario</strong></span> <span class='ocrx_word' id='word_1_662' title='bbox 1445 4867 1604 4920; x_wconf 88' lang='lat' dir='ltr'><strong>modo</strong></span> <span class='ocrx_word' id='word_1_663' title='bbox 1653 4867 1895 4936; x_wconf 84' lang='lat' dir='ltr'><strong>gignere.</strong></span> 
     </span>
    </p>
   </div>
   <div class='ocr_carea' id='block_1_95' title="bbox 333 4954 1896 5026">
    <p class='ocr_par' dir='ltr' id='par_1_95' title="bbox 333 4954 1896 5026">
     <span class='ocr_line' id='line_1_95' title="bbox 333 4954 1896 5026; baseline 0.003 -17"><span class='ocrx_word' id='word_1_664' title='bbox 333 4963 400 5010; x_wconf 84' lang='lat' dir='ltr'><strong>At</strong></span> <span class='ocrx_word' id='word_1_665' title='bbox 448 4972 548 5025; x_wconf 87' lang='lat' dir='ltr'><strong>ego</strong></span> <span class='ocrx_word' id='word_1_666' title='bbox 577 4968 785 5021; x_wconf 88' lang='lat' dir='ltr'><strong>metuo,</strong></span> <span class='ocrx_word' id='word_1_667' title='bbox 834 4971 902 5009; x_wconf 93' lang='lat' dir='ltr'><strong>ne</strong></span> <span class='ocrx_word' id='word_1_668' title='bbox 961 4954 1054 5009; x_wconf 90' lang='lat' dir='ltr'><strong>Dei</strong></span> <span class='ocrx_word' id='word_1_669' title='bbox 1111 4956 1217 5009; x_wconf 87' lang='lat' dir='ltr'><strong>mei</strong></span> <span class='ocrx_word' id='word_1_670' title='bbox 1265 4957 1534 5026; x_wconf 86' lang='lat' dir='ltr'><strong>jacturam</strong></span> <span class='ocrx_word' id='word_1_671' title='bbox 1580 4957 1797 5023; x_wconf 81' lang='lat' dir='ltr'><strong>iaciam,</strong></span> <span class='ocrx_word' id='word_1_672' title='bbox 1849 4961 1896 5014; x_wconf 89' lang='lat' dir='ltr'><strong>si</strong></span> 
     </span>
    </p>
   </div>
   <div class='ocr_carea' id='block_1_96' title="bbox 326 5046 1900 5117">
    <p class='ocr_par' dir='ltr' id='par_1_96' title="bbox 326 5046 1900 5117">
     <span class='ocr_line' id='line_1_96' title="bbox 326 5046 1900 5117; baseline 0.004 -17"><span class='ocrx_word' id='word_1_673' title='bbox 326 5053 479 5116; x_wconf 63' lang='lat' dir='ltr'><strong>juxta</strong></span> <span class='ocrx_word' id='word_1_674' title='bbox 518 5046 896 5101; x_wconf 68' lang='lat' dir='ltr'><strong>haereticorum</strong></span> <span class='ocrx_word' id='word_1_675' title='bbox 955 5063 1127 5117; x_wconf 89' lang='lat' dir='ltr'><strong>nugas</strong></span> <span class='ocrx_word' id='word_1_676' title='bbox 1172 5058 1225 5102; x_wconf 94' lang='lat' dir='ltr'><strong>et</strong></span> <span class='ocrx_word' id='word_1_677' title='bbox 1277 5049 1635 5104; x_wconf 85' lang='lat' dir='ltr'><strong>deliramenta</strong></span> <span class='ocrx_word' id='word_1_678' title='bbox 1690 5062 1900 5106; x_wconf 80' lang='lat' dir='ltr'><strong>creatu-</strong></span> 
     </span>
    </p>
   </div>
   <div class='ocr_carea' id='block_1_97' title="bbox 332 5139 1897 5212">
    <p class='ocr_par' dir='ltr' id='par_1_97' title="bbox 332 5139 1897 5212">
     <span class='ocr_line' id='line_1_97' title="bbox 332 5139 1897 5212; baseline 0.005 -20"><span class='ocrx_word' id='word_1_679' title='bbox 332 5155 445 5192; x_wconf 79' lang='lat' dir='ltr'><strong>ram</strong></span> <span class='ocrx_word' id='word_1_680' title='bbox 501 5140 679 5208; x_wconf 83' lang='lat' dir='ltr'><strong>ipsum</strong></span> <span class='ocrx_word' id='word_1_681' title='bbox 708 5141 1154 5209; x_wconf 86' lang='lat' dir='ltr'><strong>pronuntiavero.</strong></span> <span class='ocrx_word' id='word_1_682' title='bbox 1200 5139 1409 5194; x_wconf 88' lang='lat' dir='ltr'><strong>Etenim</strong></span> <span class='ocrx_word' id='word_1_683' title='bbox 1463 5145 1508 5196; x_wconf 89' lang='lat' dir='ltr'><strong>si</strong></span> <span class='ocrx_word' id='word_1_684' title='bbox 1545 5158 1758 5200; x_wconf 83' lang='lat' dir='ltr'><strong>creatus</strong></span> <span class='ocrx_word' id='word_1_685' title='bbox 1791 5158 1897 5212; x_wconf 88' lang='lat' dir='ltr'><strong>est,</strong></span> 
     </span>
    </p>
   </div>
   <div class='ocr_carea' id='block_1_98' title="bbox 329 5231 1898 5303">
    <p class='ocr_par' dir='ltr' id='par_1_98' title="bbox 329 5231 1898 5303">
     <span class='ocr_line' id='line_1_98' title="bbox 329 5231 1898 5303; baseline 0.005 -21"><span class='ocrx_word' id='word_1_686' title='bbox 329 5231 470 5285; x_wconf 86' lang='lat' dir='ltr'><strong>Deus</strong></span> <span class='ocrx_word' id='word_1_687' title='bbox 501 5246 610 5284; x_wconf 91' lang='lat' dir='ltr'><strong>non</strong></span> <span class='ocrx_word' id='word_1_688' title='bbox 639 5234 764 5294; x_wconf 87' lang='lat' dir='ltr'><strong>erit,</strong></span> <span class='ocrx_word' id='word_1_689' title='bbox 795 5246 860 5286; x_wconf 90' lang='lat' dir='ltr'><strong>ac</strong></span> <span class='ocrx_word' id='word_1_690' title='bbox 889 5231 1148 5300; x_wconf 87' lang='lat' dir='ltr'><strong>deinceps</strong></span> <span class='ocrx_word' id='word_1_691' title='bbox 1183 5233 1314 5285; x_wconf 87' lang='lat' dir='ltr'><strong>mihi</strong></span> <span class='ocrx_word' id='word_1_692' title='bbox 1347 5234 1567 5303; x_wconf 90' lang='lat' dir='ltr'><strong>perihit.</strong></span> <span class='ocrx_word' id='word_1_693' title='bbox 1597 5233 1731 5289; x_wconf 85' lang='lat' dir='ltr'><strong>Nam</strong></span> <span class='ocrx_word' id='word_1_694' title='bbox 1762 5239 1898 5291; x_wconf 91' lang='lat' dir='ltr'><strong>mira</strong></span> 
     </span>
    </p>
   </div>
   <div class='ocr_carea' id='block_1_99' title="bbox 327 5323 1898 5396">
    <p class='ocr_par' dir='ltr' id='par_1_99' title="bbox 327 5323 1898 5396">
     <span class='ocr_line' id='line_1_99' title="bbox 327 5323 1898 5396; baseline 0.004 -20"><span class='ocrx_word' id='word_1_695' title='bbox 327 5324 440 5377; x_wconf 68' lang='lat' dir='ltr'><strong>haec</strong></span> <span class='ocrx_word' id='word_1_696' title='bbox 472 5323 862 5392; x_wconf 64' lang='lat' dir='ltr'><strong>haereticorum:</strong></span> <span class='ocrx_word' id='word_1_697' title='bbox 888 5324 1200 5379; x_wconf 90' lang='lat' dir='ltr'><strong>absurditas</strong></span> <span class='ocrx_word' id='word_1_698' title='bbox 1233 5335 1353 5389; x_wconf 88' lang='lat' dir='ltr'><strong>est,</strong></span> <span class='ocrx_word' id='word_1_699' title='bbox 1394 5329 1539 5396; x_wconf 90' lang='lat' dir='ltr'><strong>quod</strong></span> <span class='ocrx_word' id='word_1_700' title='bbox 1585 5343 1694 5381; x_wconf 89' lang='lat' dir='ltr'><strong>non</strong></span> <span class='ocrx_word' id='word_1_701' title='bbox 1736 5331 1898 5383; x_wconf 90' lang='lat' dir='ltr'><strong>modo</strong></span> 
     </span>
    </p>
   </div>
   <div class='ocr_carea' id='block_1_100' title="bbox 327 5415 1896 5488">
    <p class='ocr_par' dir='ltr' id='par_1_100' title="bbox 327 5415 1896 5488">
     <span class='ocr_line' id='line_1_100' title="bbox 327 5415 1896 5488; baseline 0.004 -20"><span class='ocrx_word' id='word_1_702' title='bbox 327 5417 428 5471; x_wconf 92' lang='lat' dir='ltr'><strong>hoc</strong></span> <span class='ocrx_word' id='word_1_703' title='bbox 460 5415 571 5470; x_wconf 92' lang='lat' dir='ltr'><strong>Deo</strong></span> <span class='ocrx_word' id='word_1_704' title='bbox 600 5416 668 5469; x_wconf 87' lang='lat' dir='ltr'><strong>ab</strong></span> <span class='ocrx_word' id='word_1_705' title='bbox 703 5418 769 5469; x_wconf 90' lang='lat' dir='ltr'><strong>iis</strong></span> <span class='ocrx_word' id='word_1_706' title='bbox 803 5415 1094 5480; x_wconf 86' lang='lat' dir='ltr'><strong>tribuatur,</strong></span> <span class='ocrx_word' id='word_1_707' title='bbox 1137 5417 1280 5484; x_wconf 91' lang='lat' dir='ltr'><strong>quod</strong></span> <span class='ocrx_word' id='word_1_708' title='bbox 1313 5427 1532 5474; x_wconf 85' lang='lat' dir='ltr'><strong>creatus</strong></span> <span class='ocrx_word' id='word_1_709' title='bbox 1565 5419 1636 5474; x_wconf 90' lang='lat' dir='ltr'><strong>sit</strong></span> <span class='ocrx_word' id='word_1_710' title='bbox 1675 5419 1896 5488; x_wconf 85' lang='lat' dir='ltr'><strong>(divini-</strong></span> 
     </span>
    </p>
   </div>
   <div class='ocr_carea' id='block_1_101' title="bbox 324 5510 1888 5582">
    <p class='ocr_par' dir='ltr' id='par_1_101' title="bbox 324 5510 1888 5582">
     <span class='ocr_line' id='line_1_101' title="bbox 324 5510 1888 5582; baseline 0.003 -20"><span class='ocrx_word' id='word_1_711' title='bbox 324 5516 490 5564; x_wconf 86' lang='lat' dir='ltr'><strong>tatem</strong></span> <span class='ocrx_word' id='word_1_712' title='bbox 546 5510 754 5565; x_wconf 87' lang='lat' dir='ltr'><strong>scilicet</strong></span> <span class='ocrx_word' id='word_1_713' title='bbox 789 5511 929 5566; x_wconf 84' lang='lat' dir='ltr'><strong>male</strong></span> <span class='ocrx_word' id='word_1_714' title='bbox 973 5519 1029 5564; x_wconf 92' lang='lat' dir='ltr'><strong>et</strong></span> <span class='ocrx_word' id='word_1_715' title='bbox 1079 5510 1340 5566; x_wconf 85' lang='lat' dir='ltr'><strong>scelerate</strong></span> <span class='ocrx_word' id='word_1_716' title='bbox 1397 5511 1888 5582; x_wconf 88' lang='lat' dir='ltr'><strong>ponderantibus);</strong></span> 
     </span>
    </p>
   </div>
   <div class='ocr_carea' id='block_1_102' title="bbox 391 5653 1579 5737">
    <p class='ocr_par' dir='ltr' id='par_1_102' title="bbox 391 5653 1579 5737">
     <span class='ocr_line' id='line_1_102' title="bbox 391 5653 1579 5737; baseline 0.004 -20"><span class='ocrx_word' id='word_1_717' title='bbox 391 5665 458 5696; x_wconf 86' lang='grc'><strong>⁹¹”</strong></span> <span class='ocrx_word' id='word_1_718' title='bbox 497 5663 667 5722; x_wconf 83' lang='lat' dir='ltr'><strong>Galat.</strong></span> <span class='ocrx_word' id='word_1_719' title='bbox 704 5681 742 5731; x_wconf 81' lang='grc' dir='ltr'><strong>ι,</strong></span> <span class='ocrx_word' id='word_1_720' title='bbox 777 5665 861 5720; x_wconf 82' lang='grc'><strong>10.</strong></span> <span class='ocrx_word' id='word_1_721' title='bbox 938 5666 984 5697; x_wconf 87' lang='grc'><strong>⁹³</strong></span> <span class='ocrx_word' id='word_1_722' title='bbox 1024 5664 1092 5720; x_wconf 86' lang='lat' dir='ltr'><strong>Ill</strong></span> <span class='ocrx_word' id='word_1_723' title='bbox 1130 5663 1260 5737; x_wconf 79' lang='lat' dir='ltr'><strong>Reg.</strong></span> <span class='ocrx_word' id='word_1_724' title='bbox 1306 5683 1377 5730; x_wconf 69' lang='lat' dir='ltr'><strong>XI,</strong></span> <span class='ocrx_word' id='word_1_725' title='bbox 1408 5667 1462 5734; x_wconf 81' lang='lat'><strong>5,</strong></span> <span class='ocrx_word' id='word_1_726' title='bbox 1492 5653 1579 5722; x_wconf 72' lang='lat'><strong>53.</strong></span> 
     </span>
    </p>
   </div>
   <div class='ocr_carea' id='block_1_103' title="bbox 2002 4497 3571 4568">
    <p class='ocr_par' dir='ltr' id='par_1_103' title="bbox 2002 4497 3571 4568">
     <span class='ocr_line' id='line_1_103' title="bbox 2002 4497 3571 4568; baseline -0.005 -12"><span class='ocrx_word' id='word_1_727' title='bbox 2002 4512 2184 4566; x_wconf 90' lang='lat' dir='ltr'><strong>erunt,</strong></span> <span class='ocrx_word' id='word_1_728' title='bbox 2221 4501 2264 4555; x_wconf 88' lang='lat' dir='ltr'><strong>si</strong></span> <span class='ocrx_word' id='word_1_729' title='bbox 2325 4512 2588 4556; x_wconf 70' lang='lat' dir='ltr'><strong>creaturae</strong></span> <span class='ocrx_word' id='word_1_730' title='bbox 2630 4508 2780 4561; x_wconf 85' lang='lat' dir='ltr'><strong>sunt,</strong></span> <span class='ocrx_word' id='word_1_731' title='bbox 2839 4497 3279 4568; x_wconf 86' lang='lat' dir='ltr'><strong>quandoquidem</strong></span> <span class='ocrx_word' id='word_1_732' title='bbox 3331 4497 3571 4551; x_wconf 59' lang='lat' dir='ltr'><strong>haeretici</strong></span> 
     </span>
    </p>
   </div>
   <div class='ocr_carea' id='block_1_104' title="bbox 2002 4590 3574 4663">
    <p class='ocr_par' dir='ltr' id='par_1_104' title="bbox 2002 4590 3574 4663">
     <span class='ocr_line' id='line_1_104' title="bbox 2002 4590 3574 4663; baseline -0.004 -15"><span class='ocrx_word' id='word_1_733' title='bbox 2002 4593 2194 4648; x_wconf 78' lang='lat' dir='ltr'><strong>Filium</strong></span> <span class='ocrx_word' id='word_1_734' title='bbox 2242 4605 2295 4648; x_wconf 93' lang='lat' dir='ltr'><strong>et</strong></span> <span class='ocrx_word' id='word_1_735' title='bbox 2364 4593 2626 4663; x_wconf 90' lang='lat' dir='ltr'><strong>Spiritum</strong></span> <span class='ocrx_word' id='word_1_736' title='bbox 2681 4601 2930 4646; x_wconf 87' lang='lat' dir='ltr'><strong>sanctum</strong></span> <span class='ocrx_word' id='word_1_737' title='bbox 2985 4591 3276 4644; x_wconf 76' lang='lat' dir='ltr'><strong>inferiores</strong></span> <span class='ocrx_word' id='word_1_738' title='bbox 3339 4590 3472 4644; x_wconf 87' lang='lat' dir='ltr'><strong>deos</strong></span> <span class='ocrx_word' id='word_1_739' title='bbox 3519 4599 3574 4642; x_wconf 85' lang='lat' dir='ltr'><strong>et</strong></span> 
     </span>
    </p>
   </div>
   <div class='ocr_carea' id='block_1_105' title="bbox 2002 4680 3570 4756">
    <p class='ocr_par' dir='ltr' id='par_1_105' title="bbox 2002 4680 3570 4756">
     <span class='ocr_line' id='line_1_105' title="bbox 2002 4680 3570 4756; baseline -0.004 -15"><span class='ocrx_word' id='word_1_740' title='bbox 2002 4686 2268 4741; x_wconf 80' lang='lat' dir='ltr'><strong>creaturis</strong></span> <span class='ocrx_word' id='word_1_741' title='bbox 2335 4685 2741 4756; x_wconf 71' lang='lat' dir='ltr'><strong>praestantiores</strong></span> <span class='ocrx_word' id='word_1_742' title='bbox 2804 4683 3142 4738; x_wconf 86' lang='lat' dir='ltr'><strong>asserebant.</strong></span> <span class='ocrx_word' id='word_1_743' title='bbox 3189 4680 3325 4736; x_wconf 85' lang='lat' dir='ltr'><strong>Nam</strong></span> <span class='ocrx_word' id='word_1_744' title='bbox 3394 4692 3450 4736; x_wconf 88' lang='lat' dir='ltr'><strong>et</strong></span> <span class='ocrx_word' id='word_1_745' title='bbox 3515 4681 3570 4735; x_wconf 91' lang='lat' dir='ltr'><strong>in</strong></span> 
     </span>
    </p>
   </div>
   <div class='ocr_carea' id='block_1_106' title="bbox 2001 4771 3570 4844">
    <p class='ocr_par' dir='ltr' id='par_1_106' title="bbox 2001 4771 3570 4844">
     <span class='ocr_line' id='line_1_106' title="bbox 2001 4771 3570 4844; baseline -0.001 -14"><span class='ocrx_word' id='word_1_746' title='bbox 2001 4779 2162 4831; x_wconf 89' lang='lat' dir='ltr'><strong>rebus</strong></span> <span class='ocrx_word' id='word_1_747' title='bbox 2223 4778 2421 4830; x_wconf 78' lang='lat' dir='ltr'><strong>creatis</strong></span> <span class='ocrx_word' id='word_1_748' title='bbox 2471 4771 2618 4830; x_wconf 80' lang='lat' dir='ltr'><strong>aliud</strong></span> <span class='ocrx_word' id='word_1_749' title='bbox 2693 4774 2953 4844; x_wconf 89' lang='lat' dir='ltr'><strong>quiddam</strong></span> <span class='ocrx_word' id='word_1_750' title='bbox 3023 4773 3131 4828; x_wconf 87' lang='lat' dir='ltr'><strong>alio</strong></span> <span class='ocrx_word' id='word_1_751' title='bbox 3202 4773 3570 4828; x_wconf 85' lang='lat' dir='ltr'><strong>excellentius</strong></span> 
     </span>
    </p>
   </div>
   <div class='ocr_carea' id='block_1_107' title="bbox 2005 4869 2294 4937">
    <p class='ocr_par' dir='ltr' id='par_1_107' title="bbox 2005 4869 2294 4937">
     <span class='ocr_line' id='line_1_107' title="bbox 2005 4869 2294 4937; baseline 0.003 -15"><span class='ocrx_word' id='word_1_752' title='bbox 2005 4883 2150 4937; x_wconf 82' lang='lat' dir='ltr'><strong>repet</strong></span> <span class='ocrx_word' id='word_1_753' title='bbox 2165 4869 2294 4923; x_wconf 90' lang='lat' dir='ltr'><strong>itur.</strong></span> 
     </span>
    </p>
   </div>
   <div class='ocr_carea' id='block_1_108' title="bbox 2071 4959 3572 5031">
    <p class='ocr_par' dir='ltr' id='par_1_108' title="bbox 2071 4959 3572 5031">
     <span class='ocr_line' id='line_1_108' title="bbox 2071 4959 3572 5031; baseline -0.003 -17"><span class='ocrx_word' id='word_1_754' title='bbox 2071 4962 2191 5014; x_wconf 80' lang='lat' dir='ltr'><strong>Col.</strong></span> <span class='ocrx_word' id='word_1_755' title='bbox 2227 4961 2325 5015; x_wconf 70' lang='lat'><strong>“9</strong></span> <span class='ocrx_word' id='word_1_756' title='bbox 2361 4959 2419 5016; x_wconf 88' lang='grc' dir='ltr'><strong>Β.</strong></span> <span class='ocrx_word' id='word_1_757' title='bbox 2483 4960 2652 5031; x_wconf 80' lang='lat' dir='ltr'><strong>Cupio</strong></span> <span class='ocrx_word' id='word_1_758' title='bbox 2708 4959 2922 5013; x_wconf 86' lang='lat' dir='ltr'><strong>Patrem</strong></span> <span class='ocrx_word' id='word_1_759' title='bbox 2961 4959 3214 5030; x_wconf 82' lang='lat' dir='ltr'><strong>majorem</strong></span> <span class='ocrx_word' id='word_1_760' title='bbox 3264 4959 3460 5024; x_wconf 77' lang='lat' dir='ltr'><strong>dicere,</strong></span> <span class='ocrx_word' id='word_1_761' title='bbox 3505 4972 3572 5010; x_wconf 69' lang='lat' dir='ltr'><strong>ex</strong></span> 
     </span>
    </p>
   </div>
   <div class='ocr_carea' id='block_1_109' title="bbox 2000 5052 3568 5124">
    <p class='ocr_par' dir='ltr' id='par_1_109' title="bbox 2000 5052 3568 5124">
     <span class='ocr_line' id='line_1_109' title="bbox 2000 5052 3568 5124; baseline -0.001 -19"><span class='ocrx_word' id='word_1_762' title='bbox 2000 5071 2102 5124; x_wconf 85' lang='lat' dir='ltr'><strong>quo</strong></span> <span class='ocrx_word' id='word_1_763' title='bbox 2135 5055 2186 5106; x_wconf 86' lang='lat' dir='ltr'><strong>id</strong></span> <span class='ocrx_word' id='word_1_764' title='bbox 2217 5055 2442 5124; x_wconf 74' lang='lat' dir='ltr'><strong>wquules</strong></span> <span class='ocrx_word' id='word_1_765' title='bbox 2473 5054 2686 5119; x_wconf 81' lang='lat' dir='ltr'><strong>habent,</strong></span> <span class='ocrx_word' id='word_1_766' title='bbox 2734 5063 2840 5107; x_wconf 86' lang='lat' dir='ltr'><strong>etc.</strong></span> <span class='ocrx_word' id='word_1_767' title='bbox 2892 5052 3069 5122; x_wconf 86' lang='lat' dir='ltr'><strong>Cupio</strong></span> <span class='ocrx_word' id='word_1_768' title='bbox 3095 5055 3316 5122; x_wconf 89' lang='lat' dir='ltr'><strong>quidem</strong></span> <span class='ocrx_word' id='word_1_769' title='bbox 3352 5053 3568 5105; x_wconf 85' lang='lat' dir='ltr'><strong>l&#39;atrem</strong></span> 
     </span>
    </p>
   </div>
   <div class='ocr_carea' id='block_1_110' title="bbox 2001 5145 3566 5215">
    <p class='ocr_par' dir='ltr' id='par_1_110' title="bbox 2001 5145 3566 5215">
     <span class='ocr_line' id='line_1_110' title="bbox 2001 5145 3566 5215; baseline -0.003 -15"><span class='ocrx_word' id='word_1_770' title='bbox 2001 5146 2140 5201; x_wconf 84' lang='lat' dir='ltr'><strong>Filio</strong></span> <span class='ocrx_word' id='word_1_771' title='bbox 2168 5156 2222 5200; x_wconf 91' lang='lat' dir='ltr'><strong>et</strong></span> <span class='ocrx_word' id='word_1_772' title='bbox 2270 5146 2471 5215; x_wconf 85' lang='lat' dir='ltr'><strong>Spiritu</strong></span> <span class='ocrx_word' id='word_1_773' title='bbox 2510 5157 2700 5199; x_wconf 89' lang='lat' dir='ltr'><strong>sancto</strong></span> <span class='ocrx_word' id='word_1_774' title='bbox 2740 5145 3000 5214; x_wconf 87' lang='lat' dir='ltr'><strong>majorem</strong></span> <span class='ocrx_word' id='word_1_775' title='bbox 3037 5145 3242 5210; x_wconf 88' lang='lat' dir='ltr'><strong>dicere,</strong></span> <span class='ocrx_word' id='word_1_776' title='bbox 3298 5150 3566 5212; x_wconf 87' lang='lat' dir='ltr'><strong>quantum</strong></span> 
     </span>
    </p>
   </div>
   <div class='ocr_carea' id='block_1_111' title="bbox 1998 5232 3566 5307">
    <p class='ocr_par' dir='ltr' id='par_1_111' title="bbox 1998 5232 3566 5307">
     <span class='ocr_line' id='line_1_111' title="bbox 1998 5232 3566 5307; baseline -0.004 -13"><span class='ocrx_word' id='word_1_777' title='bbox 1998 5240 2065 5294; x_wconf 90' lang='lat' dir='ltr'><strong>ad</strong></span> <span class='ocrx_word' id='word_1_778' title='bbox 2103 5248 2384 5307; x_wconf 80' lang='lat' dir='ltr'><strong>paternam</strong></span> <span class='ocrx_word' id='word_1_779' title='bbox 2428 5252 2672 5292; x_wconf 88' lang='lat' dir='ltr'><strong>eausant.</strong></span> <span class='ocrx_word' id='word_1_780' title='bbox 2718 5235 2794 5289; x_wconf 88' lang='lat' dir='ltr'><strong>Ex</strong></span> <span class='ocrx_word' id='word_1_781' title='bbox 2845 5236 3007 5291; x_wconf 77' lang='lat' dir='ltr'><strong>Patre</strong></span> <span class='ocrx_word' id='word_1_782' title='bbox 3047 5237 3195 5290; x_wconf 89' lang='lat' dir='ltr'><strong>enim</strong></span> <span class='ocrx_word' id='word_1_783' title='bbox 3237 5237 3438 5290; x_wconf 77' lang='lat' dir='ltr'><strong>habent</strong></span> <span class='ocrx_word' id='word_1_784' title='bbox 3471 5232 3566 5287; x_wconf 85' lang='lat' dir='ltr'><strong>Fi-</strong></span> 
     </span>
    </p>
   </div>
   <div class='ocr_carea' id='block_1_112' title="bbox 1996 5325 3559 5398">
    <p class='ocr_par' dir='ltr' id='par_1_112' title="bbox 1996 5325 3559 5398">
     <span class='ocr_line' id='line_1_112' title="bbox 1996 5325 3559 5398; baseline -0.001 -18"><span class='ocrx_word' id='word_1_785' title='bbox 1996 5329 2101 5382; x_wconf 82' lang='lat' dir='ltr'><strong>lius</strong></span> <span class='ocrx_word' id='word_1_786' title='bbox 2125 5339 2178 5382; x_wconf 93' lang='lat' dir='ltr'><strong>et</strong></span> <span class='ocrx_word' id='word_1_787' title='bbox 2211 5325 2469 5397; x_wconf 88' lang='lat' dir='ltr'><strong>Spiritus,</strong></span> <span class='ocrx_word' id='word_1_788' title='bbox 2509 5336 2620 5381; x_wconf 90' lang='lat' dir='ltr'><strong>tum</strong></span> <span class='ocrx_word' id='word_1_789' title='bbox 2661 5327 2805 5398; x_wconf 84' lang='lat' dir='ltr'><strong>quod</strong></span> <span class='ocrx_word' id='word_1_790' title='bbox 2839 5329 3080 5398; x_wconf 62' lang='lat' dir='ltr'><strong>aequales</strong></span> <span class='ocrx_word' id='word_1_791' title='bbox 3115 5329 3217 5397; x_wconf 89' lang='lat' dir='ltr'><strong>ipsi</strong></span> <span class='ocrx_word' id='word_1_792' title='bbox 3258 5335 3409 5390; x_wconf 88' lang='lat' dir='ltr'><strong>sunt,</strong></span> <span class='ocrx_word' id='word_1_793' title='bbox 3445 5334 3559 5378; x_wconf 90' lang='lat' dir='ltr'><strong>tum</strong></span> 
     </span>
    </p>
   </div>
   <div class='ocr_carea' id='block_1_113' title="bbox 1995 5416 3564 5492">
    <p class='ocr_par' dir='ltr' id='par_1_113' title="bbox 1995 5416 3564 5492">
     <span class='ocr_line' id='line_1_113' title="bbox 1995 5416 3564 5492; baseline -0.003 -18"><span class='ocrx_word' id='word_1_794' title='bbox 1995 5422 2138 5491; x_wconf 89' lang='lat' dir='ltr'><strong>quod</strong></span> <span class='ocrx_word' id='word_1_795' title='bbox 2163 5421 2482 5492; x_wconf 89' lang='lat' dir='ltr'><strong>simpliciter</strong></span> <span class='ocrx_word' id='word_1_796' title='bbox 2527 5430 2677 5477; x_wconf 89' lang='lat' dir='ltr'><strong>sunt.</strong></span> <span class='ocrx_word' id='word_1_797' title='bbox 2732 5419 2847 5476; x_wconf 87' lang='lat' dir='ltr'><strong>lloc</strong></span> <span class='ocrx_word' id='word_1_798' title='bbox 2891 5422 3036 5477; x_wconf 91' lang='lat' dir='ltr'><strong>enim</strong></span> <span class='ocrx_word' id='word_1_799' title='bbox 3069 5433 3231 5476; x_wconf 89' lang='lat' dir='ltr'><strong>nemo</strong></span> <span class='ocrx_word' id='word_1_800' title='bbox 3259 5416 3564 5486; x_wconf 84' lang='lat' dir='ltr'><strong>negaverit,</strong></span> 
     </span>
    </p>
   </div>
   <div class='ocr_carea' id='block_1_114' title="bbox 1995 5511 3567 5585">
    <p class='ocr_par' dir='ltr' id='par_1_114' title="bbox 1995 5511 3567 5585">
     <span class='ocr_line' id='line_1_114' title="bbox 1995 5511 3567 5585; baseline 0 -19"><span class='ocrx_word' id='word_1_801' title='bbox 1995 5515 2128 5585; x_wconf 91' lang='lat' dir='ltr'><strong>quin</strong></span> <span class='ocrx_word' id='word_1_802' title='bbox 2180 5515 2425 5570; x_wconf 82' lang='lat' dir='ltr'><strong>\idclicet</strong></span> <span class='ocrx_word' id='word_1_803' title='bbox 2475 5529 2540 5570; x_wconf 90' lang='lat' dir='ltr'><strong>ex</strong></span> <span class='ocrx_word' id='word_1_804' title='bbox 2594 5530 2659 5571; x_wconf 88' lang='lat' dir='ltr'><strong>eo</strong></span> <span class='ocrx_word' id='word_1_805' title='bbox 2712 5514 2842 5583; x_wconf 86' lang='lat' dir='ltr'><strong>sint,</strong></span> <span class='ocrx_word' id='word_1_806' title='bbox 2888 5513 3036 5570; x_wconf 81' lang='lat' dir='ltr'><strong>ﬁlius</strong></span> <span class='ocrx_word' id='word_1_807' title='bbox 3089 5511 3306 5584; x_wconf 91' lang='lat' dir='ltr'><strong>quidem</strong></span> <span class='ocrx_word' id='word_1_808' title='bbox 3336 5525 3567 5582; x_wconf 80' lang='lat' dir='ltr'><strong>genera-</strong></span> 
     </span>
    </p>
   </div>
   <div class='ocr_carea' id='block_1_115' title="bbox 1655 5667 2104 5736">
    <p class='ocr_par' dir='ltr' id='par_1_115' title="bbox 1655 5667 2104 5736">
     <span class='ocr_line' id='line_1_115' title="bbox 1655 5667 2104 5736; baseline 0.004 -14"><span class='ocrx_word' id='word_1_809' title='bbox 1655 5670 1697 5701; x_wconf 77' lang='lat'><strong>&quot;</strong></span> <span class='ocrx_word' id='word_1_810' title='bbox 1739 5670 1906 5724; x_wconf 74' lang='lat' dir='ltr'><strong>Amos</strong></span> <span class='ocrx_word' id='word_1_811' title='bbox 1939 5686 1988 5736; x_wconf 90' lang='lat' dir='ltr'><strong>v,</strong></span> <span class='ocrx_word' id='word_1_812' title='bbox 2016 5667 2104 5724; x_wconf 71' lang='lat'><strong>26.</strong></span> 
     </span>
    </p>
   </div>
  </div>
