4048 6278
534 227 664 291 1295

1939 231 2324 295 ADDENDA.

3648 237 3773 305 1396

532 343 696 396 tionis
723 337 906 405 modo,
958 339 1196 410 Spiritus
1249 348 1428 395 autem
1494 339 1878 410 processiouis.
1933 339 2109 396 Caete-
2143 348 2186 402 Α
2216 355 2311 409 per
2360 338 2540 394 navim
2599 354 2662 395 ac
2711 339 2930 395 domum
2985 342 3190 413 tropice
3238 354 3404 416 atque
3455 354 3690 420 exempli
3729 361 3780 408 et

531 449 652 492 rum
701 448 876 493 metus
945 434 1196 498 incussit,
1253 449 1319 488 ne
1369 434 1670 504 principem
1722 447 1970 499 causam,
2005 433 2111 488 hoc

530 538 636 596 est,
671 528 912 588 Patrem,
939 524 1222 578 minorum
1278 536 1504 576 causam
1566 521 1926 576 constituam.
1971 519 2110 575 Nam

535 619 626 688 qui
665 619 839 688 major
897 625 1022 680 est,
1070 615 1341 669 minorum
1372 613 1582 668 ratione
1633 612 1804 681 major
1846 612 2113 682 praedica-

534 721 640 767 tur.
675 710 829 776 Quod
871 709 916 764 si
953 723 1038 771 ea,
1071 723 1191 778 quae
1219 722 1284 763 ex
1336 708 1456 776 ipso
1499 706 2033 761 consubstantialiter
2058 713 2112 760 et

536 801 676 856 citra
748 800 1086 854 creationem
1157 799 1323 853 ullam
1378 799 1703 863 exsistunt,
1758 797 2106 862 imminuere,

532 894 677 949 Patri
725 909 944 963 quoque
1001 891 1105 961 ipsi
1162 890 1556 945 contumeliam
1611 889 1870 944 intulere.
1923 886 2108 956 Neque

530 987 678 1040 enim
719 985 889 1049 Patri,
925 998 991 1038 ex
1023 998 1133 1053 quo
1182 992 1238 1036 et
1297 979 1469 1036 Filius
1499 990 1554 1035 et
1586 976 1840 1052 Spiritus
1882 989 2107 1035 sanctus

529 1086 678 1140 sunt,
716 1075 997 1145 depressio
1031 1089 1222 1129 eorum
1247 1089 1370 1142 qua:
1409 1089 1475 1126 ex
1515 1087 1579 1126 eo
1607 1083 1757 1137 Stltti,
1801 1073 1854 1124 in
1878 1070 2104 1141 gloriam

529 1166 707 1221 cedit:
742 1164 845 1229 Qui
874 1168 1013 1218 enim
1059 1179 1161 1218 non
1195 1163 1508 1232 Itouoriﬁcat
1552 1160 1774 1226 Filium,
1803 1177 1916 1214 non
1937 1161 2106 1214 Itono-

528 1257 702 1328 riﬁcat
745 1256 982 1320 Patrem,
1029 1256 1208 1326 inquit
1238 1255 1494 1310 Christus
1528 1255 1599 1307 ⁸⁵.
1645 1256 1913 1307 Praeterea
1954 1261 2102 1307 tuam

529 1350 908 1420 inexplebilem
953 1348 1342 1418 pervicaciam,
1399 1362 1432 1400 o
1463 1347 1742 1410 lucretice,
1790 1353 2101 1414 suspectam

529 1441 730 1506 habeo,
774 1455 844 1496 ne
899 1439 1043 1494 forte
1089 1453 1212 1494 cum
1256 1435 1470 1492 Patrem
1532 1436 1793 1504 majorem
1843 1436 2101 1504 audieris,

523 1533 689 1602 idque
734 1533 1032 1602 arripueris
1061 1530 1366 1586 secundum
1404 1538 1654 1583 naturam
1691 1528 1946 1598 quodque
1988 1543 2108 1582 ma-

523 1625 698 1693 jorem
752 1637 874 1678 esse
926 1622 1194 1692 intelligas
1234 1630 1398 1689 atque
1444 1621 1517 1674 ita
1556 1635 1718 1674 unam
1765 1631 1818 1675 et
1855 1620 2099 1675 eamdem

527 1714 706 1770 Patris
740 1724 792 1768 et
822 1713 942 1768 Filii
977 1723 1226 1767 naturam
1267 1712 1570 1776 diseindas,
1615 1712 1888 1781 aliamque
1919 1710 2096 1768 Patris

523 1821 646 1860 esse
679 1805 851 1870 dicas,
901 1805 1064 1859 aliam
1117 1801 1238 1857 Filii
1271 1820 1285 1858 :
1323 1803 1581 1856 nimirum
1628 1817 1692 1856 ex
1726 1817 1791 1856 eo
1818 1802 1962 1872 quod
1991 1801 2096 1856 Pa-

523 1905 660 1949 trem
737 1895 998 1962 majorem
1075 1893 1273 1957 audis,
1345 1893 1600 1946 omnibus
1652 1907 1872 1961 quoque
1935 1894 2096 1948 rebus

523 1986 788 2056 majorem
832 1984 968 2040 Filio
1007 2000 1130 2042 esse
1173 1985 1534 2059 contendens,
1567 1999 1673 2038 non
1705 1985 1880 2038 solum
1920 1999 2094 2054 quan-

523 2090 636 2135 tum
668 2081 733 2134 ad
767 2094 1014 2144 causam,
1053 2080 1354 2135 secundum
1389 2093 1554 2148 quam
1607 2078 1782 2148 major
1811 2091 1930 2133 esse
1960 2079 2095 2134 dici-

519 2181 632 2236 tur,
684 2174 776 2228 sed
820 2173 986 2227 etiam
1036 2181 1301 2242 quantum
1344 2171 1410 2225 ad
1461 2169 1724 2240 potentiae
1771 2168 2094 2241 praerogati—

519 2279 665 2330 vam,
713 2265 1104 2334 dignitatisque
1153 2262 1598 2333 praecedentium,
1646 2275 1710 2316 ac
1746 2262 2003 2330 ponderis
2039 2270 2094 2316 et

521 2358 805 2424 gravitatis
848 2356 1250 2425 praestantiam.
1304 2351 1471 2423 Atqui
1521 2351 1756 2422 qualitas
1809 2352 1860 2404 in
1919 2351 2091 2405 Deum

518 2450 745 2503 minime
804 2448 970 2514 cadit,
1031 2463 1096 2502 ac
1149 2446 1378 2514 proinde
1417 2455 1686 2513 quantum
1736 2443 1805 2499 ad
1851 2443 2090 2514 dignita-

517 2551 586 2595 tts
640 2539 1099 2610 amplitudinem,
1172 2537 1333 2590 Pater
1392 2535 1532 2590 Filio
1583 2534 1757 2603 major
1805 2549 1915 2588 non
1981 2543 2087 2590 est.

514 2631 685 2684 Porro
727 2629 1001 2683 Christum
1035 2627 1150 2696 (qui
1185 2626 1264 2680 ait
1299 2624 1456 2696 :Ego
1492 2634 1540 2678 et
1585 2621 1751 2678 Pater
1797 2642 1961 2679 unum
1994 2642 2089 2680 su-

513 2737 632 2775 mus
665 2721 734 2786 ³⁸,
775 2729 1040 2790 quantum
1091 2718 1159 2773 ad
1199 2718 1502 2788 potentiam
1559 2717 1787 2788 scilicet)
1837 2717 1945 2773 Deo
1993 2733 2091 2788 po-

515 2813 684 2867 tentia
762 2809 1078 2864 inieriorem
1137 2808 1428 2874 aﬁirmare,
1494 2807 1649 2864 valde
1695 2808 1984 2862 ridiculqu
2034 2816 2090 2862 et

513 2903 724 2972 puerile
779 2910 886 2957 est.
947 2900 1108 2967 Quod
1154 2899 1202 2954 si
1257 2900 1491 2954 thronus
1539 2897 1677 2964 Dei,
1732 2900 2089 2968 quemadmo-

511 2996 640 3050 dum
695 2993 994 3059 credimus,
1057 2992 1339 3062 dignitatis
1389 3007 1588 3047 nomen
1619 2997 1704 3045 est
1738 3029 1755 3057 ,
1837 2989 2086 3060 proiecto

505 3078 669 3144 sedes
713 3087 779 3142 ad
821 3087 1099 3142 dexteram
1144 3085 1326 3140 Patris
1377 3085 1612 3141 Domino
1659 3088 1966 3159 assignata,
1998 3089 2085 3143 di-

518 3179 742 3249 gnitatis
787 3178 1155 3248 aequalitatem
1207 3177 1506 3248 signiﬁcat.
1560 3177 1703 3244 Quin
1763 3182 1927 3236 etiam
1983 3178 2092 3234 Do-

511 3275 692 3327 minus
723 3271 778 3325 in
828 3270 1006 3326 Patris
1049 3269 1224 3341 gloria
1285 3278 1576 3324 venturum
1606 3283 1666 3324 se
1706 3270 1994 3340 pollicetur
2014 3271 2084 3328 ⁸⁷.

508 3364 860 3434 Relinquitur
915 3365 1144 3433 itaque,
1197 3373 1257 3417 ut
1316 3361 1618 3418 secundum
1677 3377 1859 3417 causa}
1917 3364 2088 3418 ratio-

509 3472 634 3510 nem
707 3456 814 3511 hoc
884 3455 1001 3510 loco
1065 3453 1241 3523 major
1305 3453 1541 3507 dicatur.
1609 3450 1879 3517 Quoniam
1938 3455 2084 3507 enim

509 3547 680 3603 Filius
737 3562 770 3602 a
815 3545 978 3602 Patre
1027 3558 1254 3600 causam
1311 3543 1497 3608 habet,
1547 3542 1650 3598 hac
1685 3542 1894 3598 ratione
1928 3542 2088 3597 Pater

509 3640 683 3708 major
715 3648 823 3705 est,
880 3647 1069 3707 utpote
1109 3649 1300 3691 causa.
1353 3632 1514 3691 Nullo
1569 3643 1750 3689 autem
1801 3635 1964 3690 modo
1995 3651 2087 3690 es-

507 3732 682 3788 sentia
721 3729 909 3796 unius,
967 3728 1208 3784 essentia
1238 3727 1472 3782 alterius
1524 3726 1705 3797 major
1760 3735 1854 3780 aut
1906 3726 2087 3781 minor

515 3824 736 3879 dicitur.
782 3822 971 3892 Neque
1004 3821 1149 3876 cuitu
1200 3834 1419 3884 eorum,
1451 3835 1573 3889 qua:
1607 3819 1848 3875 essentia
1893 3818 2083 3874 eadem

502 3925 663 3989 sunt,
689 3915 992 3985 quidquam
1026 3912 1202 3982 majus
1233 3921 1329 3966 aut
1363 3913 1543 3965 minus
1591 3917 1694 3966 est.
1723 3910 1905 3977 Quare
1937 3911 2084 3965 nulla

510 4008 618 4060 alia
667 4006 903 4069 ratione,
939 4020 1103 4074 quam
1141 4004 1408 4074 principis
1463 4016 1666 4066 causae,
1700 4001 1861 4056 Pater
1911 4002 2086 4072 major

509 4105 614 4152 est.
661 4092 742 4150 Ne
799 4094 916 4163 ipse
974 4093 1195 4162 quidem
1256 4081 1456 4146 Filium
1527 4088 1756 4160 Spiritui
1813 4088 2085 4144 anteferre

513 4205 656 4259 queo
692 4187 869 4242 :Nam
905 4201 1031 4242 cum
1071 4185 1334 4240 Dominus
1363 4183 1659 4252 discipulos
1699 4179 2083 4252 promulgandi

512 4280 796 4350 Evangelii
848 4293 1016 4334 causa
1069 4278 1330 4339 mitteret.
1385 4273 1681 4346 imperavit
1733 4274 1863 4337 illis,
1916 4281 1974 4326 ut
2027 4273 2081 4327 in

505 4371 728 4424 nomine
761 4367 939 4423 Patris
979 4381 1044 4420 ac
1087 4363 1209 4420 Filii
1248 4374 1302 4420 et
1335 4363 1572 4434 Spiritus
1617 4365 1793 4419 sancti
1835 4363 2078 4434 baptiza-

505 4465 718 4521 rent".
763 4465 940 4518 Porro
975 4463 1042 4517 ad
1077 4462 1413 4532 baptismqu
1450 4460 1874 4530 haudquaquam
1916 4457 2082 4514 simul

506 4567 822 4624 assumptus
851 4565 1000 4610 esset
1030 4553 1291 4623 Spiritus,
1333 4552 1440 4607 nisi
1469 4551 1714 4620 ejusdem
1742 4550 1995 4606 essentia:
2028 4557 2084 4605 et

509 4647 766 4716 potentiae
788 4655 954 4716 atque
981 4646 1204 4700 honoris
1232 4653 1398 4700 esset.
1433 4647 1511 4698 Ac
1540 4644 1737 4698 metuis
1765 4659 1830 4697 ne
1858 4641 2083 4712 quidatn

513 4747 566 4790 te
602 4745 658 4788 nt
695 4735 998 4790 ternionem
1035 4737 1268 4814 deorum
1301 4743 1660 4801 asserentcm,
1691 4735 1987 4803 exagitent,
2020 4749 2084 4789 ac

509 4829 722 4898 probris
753 4828 1109 4892 insectentur,
1141 4829 1187 4881 si
1227 4828 1657 4898 unumquodque
1687 4827 1880 4882 horum
1915 4827 2080 4881 trium

480 4987 484 4992 δ
511 4919 675 4974 Deum
705 4917 1055 4974 conﬁtearis?
1077 4916 1349 4996 Unitatem
1377 4920 1432 4972 in
1459 4933 1818 4987 personarum
1843 4917 2084 4973 trinitate

479 4998 681 5091 "retiue
716 5010 839 5082 (tria
871 5011 1018 5065 cnim
1049 5020 1215 5080 atque
1249 5025 1418 5064 unum
1449 5019 1603 5072 sunt,
1636 5009 1768 5065 illud
1812 5020 2076 5081 quantum

478 5105 572 5158 'ad
632 5118 919 5174 personas,
968 5103 1074 5157 hoc
1115 5113 1382 5174 quantum
1442 5101 1511 5157 ad
1548 5103 1912 5172 divinitatem)
1950 5120 1963 5156 :
1996 5117 2082 5156 me

488 5206 686 5258 autem
709 5195 830 5251 sine
855 5210 953 5265 pro
979 5195 1295 5265 hujusmodi
1323 5196 1580 5267 dogmate
1603 5210 1726 5250 cum
1753 5193 2082 5250 adversariis

502 5285 827 5342 conﬂictari.
859 5285 938 5340 Tu
979 5287 1125 5340 enim
1161 5285 1466 5356 discipulus
1500 5301 1580 5349 es,
1617 5300 1717 5355 ego
1748 5295 1929 5340 autem
1961 5299 2078 5338 ma-

501 5379 672 5448 gister
719 5390 1099 5436 et'sacrorum
1146 5379 1396 5434 antistes.
1445 5381 1741 5434 Enimvero
1783 5377 2078 5449 Gregorius

1092 5555 1138 5588 “
1177 5555 1336 5612 Joan.
1375 5569 1428 5619 κ,
1463 5554 1550 5608 50.

1253 5629 1272 5658 ²
1296 5627 1336 5681 ll
1370 5625 1512 5679 Tim.
1547 5643 1616 5694 tv,
1650 5627 1701 5678 i.

571 5561 617 5592 "
656 5557 811 5612 Joan.
843 5575 896 5620 ν,
924 5558 1017 5612 25.

501 5631 520 5664 ⁸
545 5629 609 5684 lii
645 5632 774 5698 lieg.
810 5638 941 5696 xvn,
961 5629 1000 5683 '9
1024 5643 1176 5699 seqq.

2107 4410 2161 4471 D

1657 5555 1701 5586 ’7
1748 5556 1936 5614 Matth.
1973 5573 2094 5624 xxv,
2126 5555 2215 5610 5i.

2214 429 2616 497 pet-Spicuitatis
2646 447 2810 486 causa
2841 432 3142 490 divinitatis
3172 435 3477 492 doctrinam
3509 440 3780 513 intelligit,

2211 519 2398 588 aitque
2425 537 2438 572 :
2463 519 2581 574 Non
2614 521 2792 576 minus
2823 537 3083 592 prospere
3109 526 3411 596 navigabis,
3436 539 3530 584 aut
3557 531 3781 589 domum

2218 609 2514 676 habitahis,
2543 627 2707 676 quam
2744 629 2864 684 ego,
2913 614 3016 670 hoc
3043 624 3146 680 est,
3181 626 3383 673 rectam
3417 621 3540 677 ﬁdei
3583 626 3786 681 doctri-

2212 715 2336 754 nam
2391 716 2546 772 teque
2593 703 2996 774 complecteris.
3050 703 3266 762 Etenim
3308 712 3628 770 orthodoxa:
3659 716 3780 772 ﬁdei

2210 789 2480 860 professio
2508 794 2688 863 majus
2717 805 2772 850 et
2797 797 2980 853 minus
3009 813 3118 853 non
3151 800 3421 856 admittit.
3456 803 3640 858 Meum
3663 819 3784 862 csto

2210 883 2548 951 periculum;
2600 901 2687 941 res
2717 897 2900 942 autem
2931 904 2958 942 a
2999 905 3086 944 me
3119 893 3295 947 evicta
3324 903 3418 949 tua
3467 896 3560 951 sit.
3597 897 3786 952 ilabeo

2209 981 2320 1029 tres
2374 975 2618 1046 lapides,
2657 979 2760 1035 hoc
2805 991 2920 1045 est,
2963 981 3270 1038 doctrinam
3315 985 3381 1040 de
3428 996 3620 1042 sancta
3664 989 3788 1044 Tri-

2209 1069 2414 1135 nitate,
2463 1071 2660 1141 quibus
2711 1073 2938 1128 diversa:
2992 1075 3114 1129 ﬁdei
3156 1076 3500 1146 professm'es
3551 1081 3786 1138 fomlam

2207 1171 2373 1231 atque
2421 1163 2736 1228 conﬁciam,
2783 1167 3250 1234 quemadmodum
3296 1169 3462 1224 David
3515 1173 3788 1244 alienige-

2206 1270 2332 1308 nam
2368 1255 2518 1310 illum
2556 1255 2772 1311 Goliath
2802 1273 3069 1329 corporeo
3095 1261 3271 1330 lapide
3299 1266 3596 1333 Oppressit,
3635 1268 3787 1322 sicut

2207 1345 2346 1400 libro
2394 1348 2573 1416 primo
2628 1346 2836 1418 Regum
2891 1351 3158 1421 scriptum
3210 1355 3441 1410 habetur
3463 1359 3536 1411 θ’.
3600 1360 3789 1429 Atque

2199 1435 2352 1492 Elias
2384 1440 2603 1508 quidem
2656 1450 2713 1496 ut
2756 1440 2963 1513 "Reg.
3020 1460 3505 1511 commemoratur,
3544 1465 3673 1505 cum
3729 1453 3789 1506 iu

2206 1531 2598 1601 Sarcphthauaa
2633 1534 2802 1588 ﬁlium
2839 1547 2928 1590 .ter
2979 1536 3298 1600 inhalassct,
3350 1555 3474 1594 eum
3507 1541 3572 1595 ad
3613 1541 3790 1596 vitam

2210 1621 2483 1675 revocavit
2509 1623 2524 1652 ‘
2561 1640 2577 1677 :
2608 1638 2710 1694 ego
2740 1639 2866 1679 vero
2897 1633 3007 1680 tres
3037 1625 3405 1682 inhalationes
3441 1631 3618 1685 habeo
3647 1630 3789 1689 (hoc

2131 1696 2175 1755 Β
2205 1719 2308 1771 est,
2344 1726 2436 1767 eas
2476 1711 2896 1777 insuﬁiationes,
2927 1730 3050 1784 quae
3090 1715 3143 1770 in
3195 1718 3467 1786 baptismo
3500 1718 3662 1784 ﬁunt,
3693 1721 3789 1776 vel

2202 1803 2364 1856 etiam
2417 1805 2580 1857 trium
2620 1805 2942 1860 ‘Divinitatis
2989 1822 3350 1877 personarum
3391 1809 3708 1866 doctrinam
3752 1828 3787 1869 a

2207 1894 2317 1949 Deo
2350 1895 2695 1968 inspiratam)
2725 1898 2923 1967 quibus
2947 1899 3216 1969 puerilem
3241 1916 3312 1955 ac
3344 1904 3633 1958 vecordem
3665 1905 3789 1961 ba:-

2205 1987 2503 2041 rcticorum
2539 1987 2964 2057 disputationem
3014 1991 3071 2044 in
3121 1991 3286 2045 vitam
3341 1994 3648 2059 restituam,
3680 1998 3786 2066 qui

2202 2075 2401 2130 viviﬁci
2439 2077 2676 2146 Spiritus
2701 2081 2873 2148 gratia
2901 2080 3045 2134 velut
3075 2083 3257 2136 anima
3280 2083 3478 2149 Orbati,
3507 2097 3784 2155 quantum

2200 2170 2420 2240 quidem
2479 2171 2545 2224 ad
2597 2170 2720 2225 ﬁdei
2759 2171 3065 2227 doctrinam
3107 2176 3327 2240 attinet,
3363 2179 3561 2233 mortui
3612 2190 3786 2251 atque

2201 2262 2455 2316 exstincti
2485 2272 2629 2316 sunt.
2662 2263 2872 2319 Rursus
2906 2264 3049 2319 idem
3075 2267 3367 2336 pr0pheta,
3398 2285 3540 2340 aqua
3566 2272 3620 2325 in
3643 2264 3781 2343 ligni

2201 2364 2478 2409 sarmenta
2532 2366 2612 2409 ter
2650 2355 2850 2423 infusa,
2901 2357 3176 2412 ﬂammam
3209 2363 3490 2427 excitavit,
3545 2373 3605 2419 ut
3645 2366 3779 2421 hiuc

2203 2446 2359 2499 nobis
2391 2447 2744 2516 perspicuum
2798 2450 2910 2512 iiat,
2942 2449 3032 2503 ubi
3077 2465 3219 2520 aqua
3257 2455 3487 2524 mystica
3517 2464 3623 2520 cst,
3661 2457 3779 2512 illic

2200 2535 2462 2604 Spiritum
2483 2551 2702 2607 quoque
2737 2553 2880 2604 esse,
2914 2540 3358 2612 iilum,inquam,
3388 2545 3479 2614 qui
3515 2546 3778 2614 vivilicat,

2198 2629 2547 2699 sopitumque
2571 2629 2807 2685 calorem
2855 2632 3177 2697 exsuscitat,
3207 2644 3372 2704 atque
3420 2637 3621 2706 impios
3655 2642 3781 2708 qui-

2197 2719 2319 2773 dem
2351 2720 2558 2786 adurit,
2603 2723 2721 2791 pios
2751 2733 2932 2778 autem
2986 2724 3242 2782 homines
3291 2737 3345 2782 et
3377 2730 3481 2783 ﬁde
3510 2732 3780 2799 praeditos

2191 2811 2488 2868 illuminat.
2520 2814 2720 2869 Eodem
2753 2817 2867 2886 ipse
2901 2831 3116 2888 quoque
3143 2821 3304 2876 modo
3345 2831 3454 2877 tres
3489 2825 3776 2892 proluvio-

2198 2917 2292 2957 nes
2342 2913 2507 2972 atque
2543 2904 2850 2961 infusioncs
2897 2907 3092 2974 habeo,
3131 2909 3234 2964 hoc
3269 2920 3376 2975 est,
3425 2920 3537 2967 trcs
3597 2915 3777 2983 bapti-

2196 2994 2300 3048 smi
2363 2995 2782 3064 dcmersiones,
2840 2999 2896 3052 in
2957 2999 3160 3068 quibus
3216 3015 3417 3056 sancta:
3478 3001 3774 3060 Trinitatis

2195 3099 2396 3138 numen
2430 3085 2736 3153 invocatur,
2767 3088 2969 3158 quibus
3009 3104 3157 3153 eum,
3191 3091 3285 3160 qui
3327 3090 3435 3147 Deo
3466 3108 3564 3162 per
3589 3093 3773 3163 bapti-

2194 3192 2373 3231 smum
2406 3177 2655 3246 otl'crtur,
2693 3181 3050 3248 consecrabo,
3101 3183 3354 3253 baptismi
3404 3200 3546 3255 aqua
3587 3187 3771 3256 Spiri-

2194 3277 2283 3325 tus
2341 3269 2522 3338 ignem
2589 3271 2931 3339 accendens,
2991 3274 3085 3344 qui
3142 3290 3386 3329 crassam
3449 3277 3768 3348 hujusmodi

2193 3361 2452 3416 sacriﬁcii
2517 3363 2784 3418 malitiam
2843 3373 2901 3419 et
2972 3367 3182 3434 peccati
3230 3379 3544 3433 sarmenta,
3598 3381 3769 3441 atque

2189 3452 2470 3507 humidam
2507 3465 2563 3509 et
2612 3455 2940 3511 diiiluentem
2993 3459 3301 3512 socordiam
3335 3461 3616 3532 animique
3645 3465 3765 3518 lan-

2190 3560 2416 3615 guorem
2467 3544 2960 3618 infractionemque
2989 3551 3284 3604 consumit.
3323 3551 3501 3621 Atque
3535 3554 3761 3610 haeresis

2188 3641 2445 3695 doctores
2499 3648 2844 3709 prosternam
2880 3649 2935 3715 et
2973 3639 3248 3708 dejiciam,
3303 3644 3535 3711 mystica
3579 3646 3630 3699 vi
3671 3647 3768 3700 ba-

2186 3732 2370 3802 ptismi
2408 3740 2588 3788 utens.
2629 3731 2763 3786 Illud
2802 3740 2984 3785 autem
3037 3732 3462 3798 observandum,
3493 3735 3642 3802 quod
3695 3736 3766 3792 de

2186 3833 2375 3878 sancta
2413 3823 2682 3879 Trinitate
2732 3823 3036 3893 disputans,
3092 3823 3268 3879 tribus
3315 3826 3577 3894 exemplis
3633 3844 3766 3883 usus

2187 3923 2289 3979 est,
2327 3929 2562 3984 quorum
2611 3929 2803 3969 rursus
2841 3916 3272 3986 unumquodque
3303 3917 3404 3970 tria
3441 3919 3765 3986 complecti-

2188 4014 2298 4068 tur,
2333 4005 2567 4075 primum
2605 4004 2872 4075 lapidum,
2899 4005 3130 4060 alterum
3183 4006 3607 4071 inhalationum,
3662 4021 3764 4064 ter-

2187 4094 2323 4148 tium
2377 4093 2861 4149 infusionum:ad
2913 4095 3327 4165 exprimendam
3383 4105 3438 4149 et
3491 4099 3643 4152 velut
3694 4102 3761 4153 ob

2186 4185 2377 4240 oculos
2409 4186 2716 4256 ponendam
2750 4200 2893 4250 eam,
2926 4201 3046 4256 qua!
3077 4187 3129 4240 in
3161 4187 3336 4242 tribus
3373 4189 3628 4258 personis
3660 4204 3758 4253 εει,

2185 4278 2579 4348 aequalitatem.

2262 4368 2378 4423 Col.
2414 4368 2519 4421 422
2547 4367 2612 4422 A.
2657 4367 2797 4434 Quid
2821 4367 3052 4439 longiori
3090 4370 3330 4423 oratione
3358 4386 3488 4439 opus
3512 4372 3635 4424 est?
3656 4382 3756 4426 etc.

2191 4460 2362 4516 Divus
2418 4460 2618 4515 Paulus
2665 4460 2732 4514 ad
2785 4459 3130 4514 Timotheum
3180 4461 3446 4528 scribens,
3499 4463 3758 4517 dicebat:

2195 4551 2472 4622 Testiﬁcor
2504 4569 2683 4606 coram
2731 4551 2856 4618 Deo,
2905 4561 2955 4604 et
3003 4551 3224 4605 Domino
3267 4549 3396 4606 Jesu
3441 4552 3675 4619 Christo,
3714 4563 3761 4608 et

2187 4644 2364 4698 electis
2399 4643 2621 4712 angelis,
2653 4653 2710 4695 ut
2752 4643 2863 4697 lucc
2887 4643 3161 4697 custodias
3187 4644 3228 4700 ‘.
3261 4641 3382 4709 Quo
3416 4645 3537 4698 loco
3568 4648 3759 4700 testiﬁ-

2188 4735 2347 4789 candi
2381 4736 2605 4788 verbum
2649 4735 2791 4787 idem
2845 4725 3140 4805 signiﬁcat,
3177 4735 3322 4803 quod
3355 4735 3654 4805 praecipere
3698 4751 3758 4790 ac

2187 4827 2529 4880 denuntiare.
2574 4823 2686 4894 Ego
2741 4835 2922 4880 autem
2958 4825 3082 4880 dico
3116 4823 3451 4895 :Testi/icor,
3493 4830 3597 4881 hoc
3656 4839 3754 4881 est.

2189 4919 2469 4988 Spondeo,
2512 4935 2576 4974 ac
2605 4935 2705 4989 pro
2739 4930 2888 4974 certo
2915 4919 3146 4985 allii-mo,
3182 4921 3326 4989 quod
3357 4935 3476 4974 cum
3512 4921 3615 4975 hac
3643 4920 3755 4974 sola

2189 5009 2293 5063 ﬁde
2315 5007 2702 5078 baptizaberis,
2731 5024 2849 5077 qute
2872 5017 2954 5062 est
2977 5009 3030 5062 in
3054 5009 3319 5078 aequalem
3345 5009 3758 5079 substantiaque

2188 5101 2432 5155 eamdem
2476 5099 2838 5168 Trinitatem;
2870 5116 2994 5155 cum
3038 5101 3145 5155 alia
3165 5103 3308 5155 enim
3339 5102 3441 5156 tide
3469 5117 3634 5156 nemo
3667 5105 3757 5155 ba.

2190 5193 2454 5262 ptizatur,
2510 5190 2603 5246 sed
2661 5192 2994 5262 demergitur
3055 5201 3216 5262 atque
3267 5193 3425 5262 aquis
3481 5194 3753 5246 obruitur.

2137 5273 2140 5276 ’
2193 5280 2349 5347 Quod
2381 5282 2428 5337 si
2463 5283 2515 5335 in
2543 5281 2726 5336 cordis
2755 5283 2831 5336 tui
2863 5281 3003 5336 libro
3033 5282 3156 5336 ﬁdei
3190 5283 3436 5337 doctrina
3459 5283 3567 5336 alio
3599 5281 3754 5335 modo

2191 5374 2459 5444 impressa
2493 5383 2598 5441 est,
2638 5390 2800 5445 quam
2833 5376 3025 5443 doceo,
3063 5376 3203 5439 vcui,
3237 5386 3400 5446 atque
3442 5377 3494 5429 in
3527 5387 3580 5430 te
3609 5383 3752 5428 recta

2319 5555 2364 5589 ⁸⁸
2389 5553 2580 5609 Matth.
2621 5567 2810 5621 xxvnt,
2847 5551 2930 5606 i9.
3037 5553 3081 5585 ⁹⁹
3114 5554 3133 5606 i
3169 5550 3302 5622 Reg.
3337 5566 3467 5620 xvu,
3502 5552 3570 5608 49
3603 5565 3746 5620 seqq.
