4048 6278
301 452 440 516 1297

1304 449 1625 510 NICETAS
1666 447 1745 508 IN
1787 446 2014 508 ORAT.
2058 447 2156 506 XL
2200 447 2263 507 S.
2304 445 2534 507 GREG.

3422 440 3557 505 12Ἷ8

303 565 560 634 dogmata
607 562 995 628 transcribam,
1044 575 1166 632 qua:
1201 560 1317 632 ipse
1358 577 1578 632 quoque
1621 562 1881 632 inscripta
1913 568 1955 622 Α
1987 575 2147 632 quam
2181 561 2480 617 in'viviiica
2523 559 2781 632 baptismi
2834 560 3002 630 gratia
3044 559 3375 630 accepimus.
3425 559 3558 616 Nam

305 660 502 722 habeo,
532 654 788 709 acdidici
821 661 875 708 et
909 653 1203 709 custodivi.
1237 652 1414 708 Meum
1447 655 1519 710 sit
1552 653 1878 725 periculum,

308 750 352 806 si
402 746 847 813 maio-scribam;
889 760 1072 800 meum
1115 745 1421 815 pra-mium,
1473 744 1520 800 si
1567 753 1735 801 recte.
1783 743 1879 799 Sin

309 853 488 896 autem
522 841 594 893 ita
627 848 681 894 te
710 839 900 903 habes,
926 848 984 891 ut
1009 844 1127 893 mea
1163 839 1303 890 ratio
1325 845 1380 890 et
1408 837 1667 891 dat-trina
1685 837 1881 906 poscit,

309 949 374 988 ac
413 932 688 1002 praeclaris
735 930 953 1000 pietatis
993 939 1047 983 et
1079 927 1206 983 ﬁdei
1251 929 1398 982 notis
1434 937 1613 997 atque
1633 927 1882 981 doctrina

309 1026 616 1096 insculptus
647 1039 730 1090 es,
776 1038 846 1076 ne
877 1021 945 1075 ad
981 1030 1226 1090 tempora
1277 1020 1435 1074 ﬁdem
1485 1029 1627 1072 tuam
1665 1033 1886 1073 accom-

312 1119 523 1183 modes,
562 1125 614 1170 et
643 1115 710 1170 ad
756 1129 873 1176 eos,
913 1128 1079 1182 penes
1108 1129 1245 1182 quos
1280 1112 1568 1181 imperium
1601 1125 1666 1165 ac
1699 1125 1879 1163 rerum

310 1222 526 1264 summa
574 1216 681 1268 est,
709 1215 760 1260 te
810 1204 1080 1258 inﬂectas.
1112 1202 1254 1268 Quin
1289 1203 1472 1272 potius
1524 1200 1884 1255 immutabilis

310 1300 433 1354 fidei
475 1299 792 1352 thesaurum
833 1295 1000 1348 fixum
1045 1303 1211 1364 atque
1243 1293 1576 1348 immobilem
1609 1293 1664 1346 in
1699 1291 1883 1346 animo

309 1391 448 1446 habe
483 1409 496 1445 :
532 1403 639 1443 una
675 1388 831 1441 enim
863 1386 997 1441 ﬁdes
1046 1393 1152 1450 est,
1193 1400 1301 1438 non
1333 1386 1471 1439 alias
1520 1384 1647 1449 alia,
1699 1392 1761 1438 ιιι·
1785 1397 1883 1452 pro

310 1493 560 1551 tempore
605 1485 999 1532 commutetur.
1053 1475 1288 1530 Pilatum
1341 1477 1577 1541 imitare,
1615 1486 1882 1547 quantttm

309 1573 377 1628 ad
430 1568 794 1626 constantiam
861 1569 1256 1636 sententiaeque
1316 1567 1670 1632 ﬁrmitatem,
1723 1575 1887 1636 atque

310 1667 480 1728 idem,
508 1662 655 1733 quod
692 1661 804 1724 ille,
843 1661 926 1716 his
969 1661 1063 1730 qui
1099 1671 1149 1714 te
1195 1659 1264 1715 de
1308 1661 1584 1715 sententia
1617 1660 1887 1714 deducere

311 1758 631 1820 moliuntur,
678 1753 843 1808 dicito
873 1771 888 1806 :
923 1751 1076 1817 Quod
1111 1753 1321 1822 scripsi,
1355 1753 1541 1821 scripsi
1563 1753 1604 1818 ³,
1639 1753 1742 1807 hoc
1781 1759 1885 1816 est,

310 1851 463 1918 Quod
500 1847 783 1918 amplexus
815 1861 962 1907 sum,
993 1845 1275 1915 amplexus
1312 1860 1455 1901 sum.
1492 1846 1758 1899 Caeterum
1796 1846 1886 1899 ille

1985 653 2078 723 qui
2133 652 2336 722 aliquid
2383 652 2574 723 adjicit
2627 661 2723 707 aut
2770 651 3030 717 detrahit,
3061 653 3110 708 is
3157 653 3351 721 procul
3393 652 3562 708 dubio

1984 745 2329 814 sempiterna:
2369 746 2492 799 vitae
2517 745 2788 814 jacturam
2827 745 2980 799 facit.

2055 837 2172 891 Col.
2224 837 2339 891 422
2376 837 2434 889 Ι).
2486 838 2552 890 A“t
2609 837 2842 891 nondum
2891 835 3005 890 ulla
3034 836 3089 889 in
3113 838 3292 890 animo
3315 844 3428 904 tuo,
3456 845 3562 891 etc.

1985 929 2140 992 Quod
2172 930 2216 982 si
2249 928 2491 982 nomium
2525 929 2632 983 ulla
2671 928 2844 983 forma
2879 929 2934 983 in
2966 930 3153 984 anima
3178 938 3268 983 tua
3299 929 3562 998 inscripta

1985 1031 2087 1084 est;
2126 1019 2305 1076 Moses
2337 1021 2448 1075 tibi‘
2483 1037 2578 1075 ero
2615 1032 2878 1090 quantum
2928 1023 2994 1077 ad
3033 1022 3084 1077 id
3124 1023 3340 1087 attinet,
3391 1032 3452 1076 ut
3501 1039 3563 1076 ca
3623 1075 3636 1084 _

1987 1125 2124 1180 quae
2156 1125 2184 1165 a
2245 1108 2452 1180 Spiritu
2503 1111 2716 1164 dictata
2759 1112 2912 1175 sint,
2969 1112 3332 1182 promulgem.
3391 1115 3568 1179 Atque

1988 1217 2188 1254 novum
2237 1201 2562 1272 Deealogum
2601 1201 2896 1256 inscribam
2943 1203 3116 1272 digito
3161 1203 3276 1269 Dei,
3312 1203 3412 1256 hoc
3461 1213 3565 1266 ρει,

1990 1296 2196 1366 Spiritu
2235 1309 2449 1363 sancto,
2502 1313 2598 1368 per
2624 1313 2785 1368 quem
2834 1297 3149 1368 bnjusmodi
3197 1300 3274 1353 rei
3310 1299 3569 1355 cordibus

1990 1390 2398 1444 inscribuntur.
2441 1389 2654 1462 Digitus
2687 1405 2853 1460 porro
2885 1391 2937 1443 in
2985 1388 3283 1458 Evangelio
3326 1389 3568 1462 Spiritus

1989 1491 2214 1537 sanctus
2247 1482 2471 1546 dicitur,
2522 1499 2629 1536 non
2673 1482 2818 1551 quod
2864 1483 3062 1553 exigua
3097 1482 3348 1552 quazdatn
3382 1485 3464 1538 vis
3501 1499 3567 1538 ac

1989 1578 2231 1645 potentia
2282 1574 2372 1638 sit,
2429 1590 2555 1628 cum
2613 1575 2722 1628 Deo
2773 1585 3053 1644 perstans,
3106 1574 3566 1644 quemadmodum

1992 1666 2240 1736 corporis
2292 1665 2538 1737 digitus:
2573 1665 2670 1722 sed
2712 1667 2839 1736 quia
2888 1666 3104 1721 diversa
3140 1666 3381 1736 Spiritus
3425 1666 3569 1721 dona

1991 1757 2154 1814 simul
2176 1757 2391 1828 juncta,
2425 1759 2574 1812 velut
2606 1773 2808 1829 corpus
2853 1757 3128 1828 quoddam
3161 1756 3402 1829 Spiritus
3444 1774 3572 1813 san-

1991 1849 2064 1904 cti
2096 1849 2230 1914 sint,
2269 1863 2335 1904 ac
2368 1850 2597 1920 singulm
2633 1851 2823 1923 gratiae
2853 1849 3008 1920 digiti
3044 1852 3238 1905 instar.
3271 1851 3448 1921 Atque
3481 1850 3571 1904 hic

315 1944 401 1998 his
444 1941 624 1995 verbis
671 1953 807 1993 usus
849 1947 956 2002 est,
1008 1951 1135 1992 cum
1175 1937 1390 1991 titulum
1445 1936 1656 1990 nefario
1703 1937 1889 1991 animo
1924 1935 1964 1988 l3
1997 1939 2322 2010 Decalogum
2355 1939 2762 1995 animadvertas
2812 1939 2996 1995 velim.
3035 1939 3280 1995 Primum
3335 1943 3387 1993 in
3434 1957 3568 1996 san-

311 2035 642 2105 scripsisset.
669 2028 858 2100 Neque
887 2029 1033 2084 enim
1069 2038 1123 2083 ut
1158 2044 1309 2093 vera,
1342 2029 1436 2084 sed
1476 2038 1536 2082 ut
1564 2029 1886 2095 criminosa,

314 2127 430 2180 lucc
480 2125 646 2179 verba
710 2121 1038 2191 inscripsit:
1072 2119 1176 2173 Hic
1229 2129 1307 2173 est
1379 2134 1475 2173 rea:
1539 2119 1888 2186 Judworum,

313 2215 556 2274 tametsi,
595 2228 783 2268 verum
819 2219 964 2267 esset
997 2213 1139 2280 quod
1175 2212 1473 2267 scribebat.
1509 2213 1671 2268 Actu
1700 2212 1889 2267 eadem

312 2309 479 2364 verba
518 2307 864 2378 proloqnere,
903 2314 1048 2359 recte
1077 2320 1141 2359 ac
1182 2306 1440 2376 przeclare
1465 2305 1733 2376 signatus.
1777 2305 1890 2360 lloc

311 2403 456 2456 enim
489 2409 591 2462 cst,
627 2397 769 2469 quod
801 2397 1114 2467 Theologus
1149 2400 1246 2462 ait,
1280 2399 1334 2452 in
1369 2398 1644 2452 meliorem
1683 2406 1888 2467 partem

313 2492 544 2547 imitari.
595 2491 651 2545 Si
683 2492 748 2546 ad
797 2492 942 2546 hunc
975 2495 1198 2544 modum
1249 2490 1513 2560 baptizari
1545 2491 1648 2556 vis,
1697 2499 1754 2544 ut
1789 2504 1890 2560 ego

311 2583 476 2639 didici
513 2598 574 2638 ac
624 2583 818 2646 doceo,
856 2598 922 2636 cn
957 2597 1080 2636 rum
1121 2581 1323 2636 Davide
1348 2584 1508 2638 dico:
1548 2582 1666 2637 Non
1694 2582 1882 2653 prohi-

314 2675 453 2729 bebo
505 2690 536 2728 a
591 2674 849 2745 baptismi
895 2673 1200 2728 initiatione
1252 2682 1308 2727 et
1358 2682 1702 2728 sacramento
1749 2675 1889 2728 labia

317 2781 435 2820 mea
467 2782 482 2820 :
515 2781 700 2819 verum
748 2781 944 2820 tnanus
976 2781 1192 2835 quoque
1223 2781 1372 2820 meas
1406 2766 1634 2835 Spiritui
1677 2781 1893 2821 accom-

317 2857 476 2911 modo
542 2858 932 2926 ministrasqnc
983 2858 1240 2927 prtebeo,
1297 2868 1462 2928 atque
1522 2859 1708 2912 anima
1769 2873 1892 2912 mea

314 2949 520 3013 exsilit,
572 2962 637 3003 ac
686 2948 852 3003 veluti
907 2948 1046 3002 saltu
1096 2948 1289 3014 l‘ertur,
1345 2957 1398 3003 te
1443 2949 1696 3018 baptismi
1750 2949 1895 3003 dono

320 3039 580 3108 perlicere
607 3039 868 3109 gestiens.
903 3039 981 3093 lta
1017 3041 1235 3094 demum
1279 3048 1460 3094 autem
1502 3048 1553 3094 te
1591 3039 1889 3109 perficiam,

320 3146 383 3185 ac
418 3132 662 3185 numeris
693 3131 950 3185 erunibus
982 3130 1291 3194 absolvam,
1332 3133 1375 3186 si
1401 3139 1452 3185 te
1487 3132 1540 3186 in
1568 3131 1892 3186 Trinitatem

323 3223 691 3290 haptizavéro.
747 3221 963 3275 Etenim
1018 3222 1073 3275 in
1119 3223 1331 3276 Patrem
1381 3223 1556 3277 solum
1608 3223 1892 3294 baptizari,
1921 3263 1965 3327 ε

317 3313 608 3369 Judaicnm
656 3322 740 3368 est
775 3316 868 3367 :iu
903 3313 1101 3368 Filium
1147 3330 1390 3385 quoque,
1439 3317 1682 3370 nondum
1713 3315 1889 3385 perie-

319 3417 470 3460 ctum
507 3422 520 3458 :
554 3413 612 3458 at
649 3407 814 3459 etiam
853 3406 907 3458 in
960 3405 1220 3473 Spiritum
1274 3415 1546 3473 sanctum,
1589 3409 1634 3462 is
1676 3409 1895 3462 demum

328 3498 612 3551 absolutus
643 3505 726 3552 est
756 3499 1079 3564 baptismus.
1115 3496 1211 3550 Sin
1245 3512 1372 3551 vero
1396 3499 1574 3552 adhuc
1597 3499 1896 3565 claudicas,

319 3591 467 3642 νΛιιι
500 3589 656 3643 malis
710 3588 906 3642 litteris
956 3589 1177 3652 inustis,
1227 3605 1326 3644 nec
1361 3592 1656 3660 quidquam
1694 3605 1722 3643 a
1765 3606 1901 3660 pra:-

319 3682 462 3735 senti
495 3681 747 3734 oratione
780 3688 1029 3746 sanatus,
1062 3681 1230 3736 alium
1258 3698 1465 3752 qua-re,
1498 3684 1590 3752 qui
1629 3695 1679 3737 te
1722 3684 1902 3753 bapti-

323 3779 450 3837 z~.-t,'
487 3773 572 3828 vel
622 3782 832 3842 mergat
877 3775 1080 3842 potius,
1132 3783 1295 3843 atque
1335 3775 1387 3828 in
1441 3776 1599 3844 aquis
1649 3775 1900 3830 sullocet.

319 3865 429 3919 Nec
481 3866 627 3920 enim
678 3866 809 3918 mihi
845 3875 1001 3919 vacat
1036 3880 1133 3934 per
1177 3866 1602 3934 inteqnalitatcm
1634 3881 1901 3935 persona-

321 3971 441 4011 rum
502 3957 989 4025 diversitatemth
1040 3967 1387 4033 naturarum,
1437 3971 1601 4010 unam
1646 3958 1902 4011 divinita-

323 4060 428 4102 tem
470 4065 535 4103 ac
580 4058 833 4103 naturam
869 4049 1208 4114 discindere,
1239 4057 1426 4119 teque,
1461 4051 1583 4119 ipso
1613 4064 1904 4121 regenera-

328 4141 499 4196 tionis
551 4150 815 4211 tempnre,
866 4141 1218 4205 obtruncare,
1271 4155 1376 4195 non
1434 4155 1593 4195 secus
1647 4155 1712 4194 ac
1756 4139 1901 4195 fetus

322 4234 465 4287 inter
504 4234 652 4302 ipsos
685 4242 877 4302 partus
903 4233 1110 4286 doloris
1165 4241 1337 4286 morte
1371 4246 1687 4302 oppressos,
1725 4242 1891 4301 atque

321 4325 379 4377 in
428 4327 544 4394 ipso
580 4328 704 4380 vita:
738 4338 860 4380 ortu
909 4325 1249 4380 intercuntes
1281 4342 1295 4378 :
1331 4333 1389 4380 ut
1431 4326 1511 4380 sic
1565 4340 1665 4379 nec
1711 4324 1890 4395 bapti—

328 4431 507 4471 smum
569 4417 793 4482 habt-as,
833 4433 933 4472 nec
964 4435 992 4471 a
1043 4419 1313 4486 baptismo
1353 4417 1705 4486 prodeuntem
1736 4417 1902 4472 cccle-

324 4512 424 4564 stis
488 4511 640 4579 regni
709 4526 883 4579 spem.
955 4510 1098 4564 lllud'
1148 4511 1292 4564 enim
1355 4508 1652 4579 perlectum
1716 4510 1896 4574 habe,

321 4603 468 4672 quod
495 4603 546 4656 si
569 4617 734 4672 quam
759 4604 922 4657 trium
950 4617 1306 4672 personarum
1340 4602 1706 4666 imminueris,
1734 4612 1898 4673 atque
1926 4627 1978 4688 Β

320 4710 351 4747 a
427 4694 710 4748 divinitate
772 4696 1082 4749 deturbaris
1143 4704 1196 4748 et
1267 4695 1647 4763 depresseris,
1721 4706 1896 4750 totum

321 4801 574 4856 quoque,
629 4798 894 4858 quantum
953 4786 1008 4840 in
1067 4794 1120 4840 te
1168 4786 1332 4839 situm
1399 4787 1546 4852 erit,
1598 4787 1900 4855 dejeceris,

324 4877 741 4949 ignominiaque
809 4877 1102 4944 ali‘eceris,
1151 4892 1214 4932 ac
1274 4877 1506 4947 teipsum
1571 4878 1902 4948 perfectione

326 4971 664 5039 spoliaveris.
699 4973 804 5028 Par
831 4974 977 5026 enim
1037 4981 1120 5025 est
1156 4969 1568 5034 detrimentum,
1597 4971 1685 5025 vei
1719 4971 1900 5040 bapti-

325 5064 431 5115 sini
466 5070 740 5132 expertem
795 5065 902 5118 vita
934 5063 1238 5128 discedere,
1289 5063 1374 5116 vel
1423 5078 1588 5116 unum
1627 5065 1901 5133 quoddam

327 5169 517 5206 corum
549 5170 667 5223 qum
710 5154 1002 5208 traditione
1043 5155 1376 5224 accepimus,
1435 5169 1464 5207 a
1501 5153 1723 5222 reliquis
1769 5156 1900 5209 sub-

330 5259 570 5304 movere.
621 5255 784 5313 atque
831 5244 1058 5298 inferius
1110 5259 1377 5298 asserere.
1426 5241 1697 5309 Quocirca
1743 5244 1898 5299 nobis

327 5333 558 5387 ﬁrmiter
587 5345 751 5403 atque
783 5333 1172 5389 inviolabiliter
1199 5337 1430 5388 tenenda
1455 5342 1622 5388 estea
1652 5335 1890 5401 traditio,

398 5495 419 5526 ⁸
442 5494 601 5549 Joan.
636 5511 747 5560 tux,
779 5493 870 5550 Ὤ.
947 5492 969 5523 ⁸
991 5491 1150 5547 Rom.
1178 5507 1296 5554 vn-t,
1323 5491 1416 5546 2|.

396 5653 506 5726 (l2)
533 5653 756 5718 Quanta:
780 5653 905 5708 olim
927 5652 1261 5726 auctoritatis
1287 5649 1556 5706 fuerithic
1592 5651 1726 5726 liber
1758 5661 1905 5723 patet

326 5723 415 5778 ex'
445 5726 738 5778 Athanasio
787 5727 876 5792 qui
936 5725 988 5776 in
1040 5723 1322 5790 epistolam
1371 5737 1533 5792 quam
1597 5724 1782 5777 scribit
1833 5727 1898 5777 ad

327 5810 488 5848 avum
536 5791 862 5847 monachum
901 5808 1022 5848 cum
1070 5792 1348 5861 Sapientia
1379 5791 1687 5847 Salomonis
1713 5805 1770 5846 ct
1797 5795 1899 5846 Sa-

326 5866 530 5936 pientia
583 5865 869 5932 Sitlrachi,
907 5873 960 5920 ct
1011 5861 1224 5930 Esther,
1273 5872 1325 5937 et
1376 5861 1580 5930 Judith,
1628 5879 1691 5919 ac
1737 5862 1906 5920 Tubia

1994 2040 2134 2085 ctam
2175 2039 2340 2100 atque
2394 2031 2729 2086 individuam
2783 2029 3110 2088 Trinitatem
3159 2040 3212 2087 te
3254 2032 3568 2102 baptizabo,

1993 2121 2157 2191 cujus
2204 2135 2428 2187 nomen,
2480 2138 2774 2179 commune
2805 2124 3070 2182 divinitas
3113 2135 3216 2180 est.
3251 2124 3569 2196 Cognosces

1993 2230 2179 2284 porro,
2215 2225 2271 2272 et
2318 2232 2384 2272 ex
2418 2219 2538 2287 ipso
2581 2218 2773 2274 habitu
2819 2233 2884 2273 ac
2917 2233 3101 2274 rerum
3156 2221 3361 2290 specie,
3417 2231 3474 2274 et
3501 2235 3569 2275 es

1993 2306 2196 2371 verbis,
2227 2309 2372 2376 quod
2408 2308 2626 2364 Satana:
2658 2313 2941 2366 renuntias
2990 2324 3045 2367 et
3088 2312 3320 2367 Christo
3335 2313 3569 2383 conjun-

1994 2400 2157 2467 geris.
2219 2398 2337 2456 Non
2391 2401 2538 2457 enim
2595 2403 2846 2458 oratione
2903 2405 3204 2468 duntaxat,
3261 2405 3370 2461 sed'
3405 2407 3570 2461 etiam

1997 2491 2188 2547 habitu
2217 2493 2360 2563 ipso,
2389 2494 2492 2550 hoc
2523 2504 2628 2559 est,
2658 2495 2906 2550 vestibus
2931 2500 3194 2563 nudatus,
3230 2513 3574 2570 corporaque

1996 2584 2060 2638 ad
2106 2598 2363 2638 occasum
2412 2584 2686 2650 inversus,
2717 2600 2783 2639 ac
2839 2601 3038 2642 manus
3087 2597 3299 2644 erectas
3341 2590 3574 2654 habens,

2000 2673 2260 2728 Satanam
2316 2676 2652 2745 abjurabis,
2703 2691 3011 2746 rursusque
3087 2678 3152 2732 ad
3222 2691 3403 2735 ortum
3466 2690 3576 2738 tete

1996 2775 2342 2826 convertens.
2399 2783 2706 2838 manusque
2763 2769 3051 2838 depressas
3103 2769 3336 2836 habens,
3397 2771 3569 2827 Deum

1996 2857 2369 2922 confiteberis,
2415 2871 2572 2930 teque
2608 2860 2686 2914 ad'
2707 2861 2830 2928 ejus
2873 2873 3059 2932 partes
3091 2863 3384 2935 adjunges,
3422 2880 3578 2920 eum-

1997 2965 2104 3020 que
2149 2951 2426 3006 adorabis.
2479 2950 2605 3006 llaec
2653 2963 2833 3007 autem
2894 2955 2949 3007 in
2993 2954 3210 3009 actione
3259 2957 3364 3010 sita
3424 2968 3576 3012 sunt.

1999 3041 2277 3106 Secundo,
2316 3042 2496 3106 crede,
2553 3043 2722 3112 quod,
2765 3043 3228 3111 quemadmodum
3280 3044 3344 3099 in.
3385 3046 3581 3101 Pasto-

1998 3131 2074 3188 ris
2109 3131 2223 3203 (12)
2259 3133 2398 3186 libro
2444 3131 2695 3196 habetur,
2734 3149 2877 3188 unus
2921 3144 3004 3189 est
3058 3133 3230 3200 Deus,
3260 3135 3355 3205 qui
3384 3139 3565 3191 omnia

2000 3225 2210 3278 creavit
2266 3233 2434 3294 atque
2503 3221 2757 3293 perfecit,
2813 3234 2867 3279 et
2928 3241 2996 3279 ex
3061 3227 3231 3280 nihilo
3278 3228 3334 3281 in
3389 3211 3572 3282 rerum

2003 3326 2253 3372 naturam
2283 3315 2565 3386 produxit,
2593 3329 2767 3386 eaque
2801 3316 2965 3370 etiam
3000 3316 3268 3387 gubernat
3297 3332 3362 3372 ac
3395 3318 3578 3374 mode-

2000 3419 2190 3475 ratur;
2235 3407 2363 3463 item
2406 3409 2570 3476 quod,
2629 3407 2786 3478 juxta
2843 3409 3254 3478 Apostoium",
3301 3411 3415 3464 haec
3463 3413 3578 3479 ipsa

2003 3509 2258 3556 creatura
2329 3499 2751 3555 resurrectionis
2821 3508 3069 3569 tempore
3135 3517 3168 3553 a
3230 3503 3581 3570 corruptionis

1999 3594 2252 3648 servitute
2297 3591 2630 3654 liberabitur,
2677 3605 2741 3646 ac
2803 3591 3104 3660 spiritua-lis
3151 3594 3390 3649 mundus
3441 3610 3580 3664 prte-

2002 3685 2238 3740 stantior
2304 3684 2523 3738 futurus
2573 3694 2694 3748 est,
2758 3685 3016 3738 nimirum
3063 3684 3176 3754 jam
3233 3685 3448 3755 expleta
3514 3702 3576 3742 ea

2003 3776 2200 3842 classe,
2242 3790 2365 3846 qua:
2387 3775 2569 3829 adhuc
2599 3775 2965 3840 desideratur,
2992 3777 3074 3829 vel
3105 3777 3272 3831 etiam
3303 3785 3580 3848 quatenus

2007 3883 2139 3929 tunc
2171 3874 2347 3944 angeli
2379 3889 2418 3927 a-
2439 3873 2757 3927 conditione
2796 3873 2860 3926 ad
2903 3872 3095 3926 vitium
3136 3888 3278 3944 aegre
3309 3873 3473 3928 ﬂexili
3508 3875 3577 3928 ad

2002 3981 2126 4021 euut
2154 3975 2354 4020 statum
2386 3966 2846 4031 immutabuntur,
2891 3974 2946 4018 ut
2981 3965 3129 4017 nuilo
3159 3965 3271 4034 jam
3309 3966 3469 4021 modo
3511 3969 3578 4020 ad

2005 4057 2207 4110 malum
2266 4057 2480 4110 incitari
2537 4065 2743 4125 queant
2791 4074 2804 4111 :
2853 4055 2934 4110 vel
2998 4057 3207 4124 etiam,
3261 4057 3390 4127 quia
3448 4066 3582 4111 tunc

2003 4149 2301 4218 pleniorem
2341 4156 2396 4202 ct
2438 4148 2837 4203 absolutiorem
2887 4150 3176 4204 scientiam
3219 4165 3574 4219 Consequenu

2005 4249 2114 4293 tur.
2163 4239 2353 4293 Tertio
2389 4237 2525 4292 illud
2569 4239 2666 4292 tibi
2706 4240 3013 4294 cavendum
3055 4252 3160 4307 est,
3203 4256 3271 4294 ne
3299 4239 3575 4309 propriam

2004 4332 2170 4386 ullam
2225 4331 2352 4384 mali
2398 4330 2765 4384 substantiam
2804 4332 2990 4384 animo
3043 4332 3344 4400 concipias.
3388 4331 3578 4401 Neque-

2003 4423 2152 4477 enim
2208 4423 2399 4478 vitium
2459 4421 2619 4492 quasi
2685 4420 2889 4476 animal
2945 4420 3220 4489 quoddam
3281 4421 3578 4475 subsistit:

2008 4527 2196 4568 verum
2236 4513 2469 4582 privatio
2507 4513 2661 4576 boni,
2705 4512 2906 4567 malum
2943 4520 3045 4568 est.
3077 4511 3188 4568 Nec
3216 4527 3345 4567 vero
3377 4513 3586 4583 ingeni-

2005 4613 2117 4658 tum
2150 4613 2254 4668 est,
2285 4615 2343 4658 ut
2374 4604 2522 4672 impii
2547 4604 2815 4675 garriunt,
2850 4604 3004 4658 bonae
3036 4603 3111 4658 illi
3145 4613 3198 4659 et
3229 4604 3576 4675 sempiternas

2005 4705 2216 4751 naturae
2273 4697 2466 4750 vitium
2524 4697 2735 4751 honore
2790 4704 3141 4766 exagquantes
3197 4696 3281 4767 (si
3356 4695 3594 4766 quidem.

2003 4801 2292 4859 utrumque
2323 4789 2515 4843 horum
2547 4789 2800 4859 principii
2831 4803 3024 4858 expers
3074 4797 3240 4860 atque
3271 4789 3574 4860 ingenitum

2002 4886 2121 4950 est)
2159 4900 2181 4936 :—
2207 4896 2307 4936 nec
2343 4896 2536 4936 rursus
2568 4881 2833 4950 genitum.
2879 4880 3092 4936 Etenim
3136 4897 3260 4937 cum
3295 4883 3492 4936 omnia...
3513 4898 3576 4937 ex

2007 4969 2118 5025 Deo
2152 4972 2282 5038 sint,
2313 4987 2425 5040 quo
2473 4972 2634 5026 modo
2677 4972 2881 5025 malum
2936 4986 3003 5026 ex
3037 4971 3187 5027 bono
3227 4987 3348 5027 esse
3378 4972 3585 5041 queat?

2009 5061 2205 5117 Verum
2248 5064 2713 5134 quemadmodum
2753 5063 2900 5120 Deus
2941 5080 3144 5136 corpus
3172 5066 3393 5136 quidem
3424 5079 3579 5120 crea-

1999 5157 2097 5220 vit,
2127 5171 2235 5210 non
2273 5165 2456 5210 autem
2501 5159 2751 5212 morbum
2786 5176 2802 5212 :
2832 5158 2911 5212 sic
2943 5161 3111 5214 etiam
3147 5160 3387 5213 animam
3421 5173 3543 5212 crea
3564 5185 3580 5194 -

1995 5248 2092 5312 vit,
2145 5261 2252 5301 non
2298 5256 2480 5301 autem
2534 5257 2842 5318 peccatum.
2880 5248 3082 5305 Vcrum
3137 5251 3320 5306 anima
3377 5255 3443 5305 ab
3493 5266 3580 5314 eo,

1995 5337 2139 5407 quod
2193 5337 2498 5392 secundum
2555 5347 2805 5394 naturain
2860 5352 3000 5409 erat,
3049 5351 3373 5398 transversa
3420 5353 3564 5407 acta,

2005 5667 2152 5733 eum.
2196 5663 2472 5733 aggregat.
2511 5657 2766 5733 R_t_t_l'iinus
2843 5657 3004 5733 etiam
3051 5658 3104 5713 in
3149 5676 3252 5716 suo
3301 5661 3584 5733 Symbolo,

2009 5723 2152 5804 quod
2185 5733 2360 5778 exstat
2381 5729 2519 5804 inter
2547 5728 2868 5804 Hieronymi.
2894 5743 3055 5804 opera
3087 5738 3235 5786 tonio
3272 5723 3361 5797 ινξ
3395 5723 3588 5801 quam;

2013 5799 2093 5848 vis
2125 5811 2230 5848 non
2265 5799 2609 5861 canonicam,
2655 5801 3079 5855 ecclesiasticam
3135 5813 3312 5858 tamen
3350 5799 3583 5860 auctori-

2016 5873 2181 5920 tatem
2216 5864 2344 5922 huic
2371 5866 2506 5922 libro
2537 5870 2742 5924 tribuit.

3605 789 3633 806 μ’
