4064 6274
529 413 664 479 1299

1934 418 2314 480 ADDENDA.

3661 414 3812 480 11100

497 578 500 580 ν
527 527 663 582 vitio
705 525 903 582 infecta
952 532 1060 582 est.
1113 525 1268 592 Quod
1299 535 1483 582 autem
1518 535 1637 582 erat
1667 525 1800 582 illud
1858 528 2086 595 bonum,
2134 534 2180 589 Α
2209 526 2414 583 dictum
2441 535 2546 593 est,
2568 527 2661 596 qui
2691 525 3085 580 humanitatem
3117 523 3324 582 Christi
3355 527 3566 581 mentis
3596 541 3813 596 etper-

530 634 642 686 qno
667 618 904 685 primum
932 625 1051 671 erat
1077 618 1316 672 ornata?
1349 617 1609 673 nimirum
1633 619 1781 688 quod
1817 617 1925 674 Deo
1961 621 2100 673 indi-

527 712 682 766 vulse
717 710 876 764 allisa
905 719 1045 772 erat,
1079 725 1333 778 nexuque
1367 709 1651 768 eharitatis
1676 711 1726 766 ei
1759 710 2054 780 conjuncta
2085 726 2100 765 :

527 820 557 858 a
591 818 696 872 qua
749 810 1108 872 posteaquam
1144 801 1372 865 excidit,
1411 801 1582 857 variis
1614 810 1669 856 et
1713 803 2104 872 multiplicibus

530 894 741 949 morbis
797 892 1118 948 labefactata
1175 902 1280 948 est.
1330 892 1505 960 Quam
1548 902 1730 950 autem
1777 895 1848 949 ob
1883 910 2100 950 causam

529 987 756 1039 omnino
805 985 934 1039 mali
982 1000 1151 1055 capax
1205 994 1388 1040 creata
1443 986 1574 1041 est?
1618 995 1842 1056 propter
1888 986 2100 1040 arbitrii

527 1080 862 1144 libertatem,
896 1093 1019 1149 qua:
1069 1086 1280 1134 uatum
1313 1079 1531 1134 ratione
1581 1079 1822 1149 praedite
1869 1079 2104 1134 maxime

527 1171 905 1227 conveniebat.
971 1170 1137 1240 Ergo,
1189 1182 1249 1226 ut
1295 1172 1407 1241 jam
1461 1187 1488 1225 a
1537 1173 1694 1226 nobis
1733 1172 1939 1228 dictum
1996 1183 2100 1236 est,

529 1263 732 1317 malum
766 1277 875 1317 non
924 1262 1046 1316 viva
1095 1271 1149 1316 et
1197 1263 1437 1316 animata
1474 1263 1716 1318 essentia
1757 1271 1864 1328 est,
1913 1279 2099 1318 verum

526 1351 744 1408 affectio
787 1353 986 1407 anima:
1017 1353 1202 1407 virtuti
1235 1353 1535 1415 contraria,
1580 1369 1703 1424 qua:
1737 1366 1960 1426 propter
2015 1371 2101 1410 re-

526 1458 744 1498 cessum
799 1457 863 1497 sc
909 1443 1317 1512 prolapsionem
1370 1459 1401 1498 a
1467 1444 1609 1500 bono
1675 1445 2000 1500 socordibus
2049 1455 2105 1500 et

532 1535 763 1604 torpidis
818 1535 1133 1590 hominibus
1159 1535 1479 1591 innascitur.
1538 1535 1812 1602 Quocirca
1866 1552 1972 1592 non
2019 1546 2103 1592 cst

530 1629 676 1696 quod
724 1629 1064 1683 extrinsecus
1110 1629 1312 1682 malum
1371 1629 1807 1700 circumspicias,
1858 1640 1952 1685 aut
1985 1631 2100 1700 pri-

526 1734 752 1774 maevam
814 1718 1110 1789 quamdam
1163 1719 1534 1788 improbitatis
1594 1729 1846 1775 naturam
1911 1721 2100 1792 imagi-

525 1811 717 1876 neris,
775 1826 968 1864 verum
1028 1826 1476 1881 unumquemque
1518 1821 1765 1867 nostrum
1825 1813 1929 1868 sibi
1982 1814 2099 1867 vitii

526 1913 809 1958 auctorem
839 1912 1006 1972 atque
1030 1902 1390 1958 architectum
1421 1918 1542 1958 esse
1592 1903 1856 1972 intelligc.
1898 1903 2097 1958 Eorum

523 1995 691 2060 enim,
727 2010 848 2063 quae
893 1995 1047 2060 fiunt,
1086 1995 1190 2050 alia
1232 2011 1262 2049 a
1305 2004 1500 2050 natura
1533 1995 1700 2051 nobis
1727 1995 2010 2058 eveniunt,
2041 2005 2100 2049 ut

525 2098 780 2142 senectus
809 2095 866 2140 et
903 2086 1194 2141 infirmitas
1229 2107 1244 2142 :
1275 2087 1380 2142 alia
1417 2096 1620 2142 temere
1653 2087 1928 2150 accidunt,
1953 2087 2101 2140 velut

530 2175 741 2230 fortuiti
797 2189 852 2230 et
904 2177 1184 2248 improvisi
1235 2193 1435 2242 casus,
1487 2185 1549 2232 ut
1626 2176 1671 2232 si
1722 2177 1846 2248 quis
1880 2185 2096 2247 puteum

527 2267 739 2323 fodiens
764 2268 1084 2323 thesaurum
1116 2269 1354 2339 reperiat
1381 2287 1396 2324 :
1422 2269 1526 2322 alia
1553 2268 1792 2340 denique
1825 2269 1878 2322 in
1911 2276 2100 2322 nostro

523 2361 754 2416 arbitrio
812 2361 990 2431 posita
1059 2369 1232 2424 sunt,
1312 2370 1372 2416 ut
1425 2360 1562 2416 iram
1617 2376 1681 2416 ac
1745 2361 2096 2431 cupiditatem

523 2447 922 2519 libidinemque
957 2449 1344 2520 comprimere,
1372 2450 1454 2504 vel
1489 2449 1682 2505 iisdem
1715 2449 2096 2505 succumbere.

522 2540 771 2607 Quarum
815 2543 980 2610 igitur
1031 2557 1215 2596 rerum
1254 2542 1544 2597 arbitrium
1576 2558 1740 2611 penes
1789 2554 1838 2596 te
1887 2549 1970 2596 est
2004 2543 2098 2595 Ita-

523 2650 645 2687 rum
681 2650 878 2689 causas
901 2636 1144 2690 extcrius
1168 2649 1236 2688 ne
1280 2635 1616 2704 conquiras?
1647 2650 1832 2689 verum
1873 2635 1978 2688 hoc
2005 2649 2102 2703 pro

523 2736 673 2782 certo
700 2726 902 2782 habeas
951 2727 1026 2790 id,
1078 2729 1224 2796 quod
1254 2729 1476 2799 pr0prie
1500 2729 1704 2784 malum
1728 2736 1830 2791 est,
1868 2742 1898 2779 a
1932 2725 2100 2779 libera

523 2827 580 2872 et
619 2818 927 2874 voluntaria
966 2835 995 2874 a
1033 2819 1178 2874 bono
1228 2821 1518 2876 aversione
1561 2820 1826 2890 originem
1878 2819 2100 2873 duci-re.

524 2907 736 2976 Quarto
769 2907 932 2964 crede
967 2908 1165 2964 Filium
1203 2909 1294 2965 Dei
1328 2921 1548 2980 propter
1580 2917 1630 2963 te
1667 2907 1860 2962 Filium
1885 2923 2102 2977 quoque

526 2998 766 3052 hominis
789 2999 1051 3054 extremis
1081 2998 1300 3060 diebus,
1327 3008 1388 3054 ut
1408 3001 1484 3054 ait
1508 2997 1803 3068 Apostolus
1826 2999 1869 3062 ',
1901 2997 2100 3051 factum

523 3105 665 3144 csse.
696 3088 831 3144 Nam
865 3090 902 3144 ii
939 3090 1078 3153 dies,
1105 3091 1198 3160 qui
1239 3091 1480 3146 medium
1531 3101 1748 3160 tempus
1794 3090 2100 3158 excipiunt,

521 3183 750 3236 extremi
789 3181 1072 3246 dicuntur,
1111 3183 1579 3254 quemadmodum
1617 3182 1800 3251 primi,
1839 3181 1932 3250 qui
1986 3195 2100 3234 me-

527 3272 678 3327 dium
702 3274 1054 3358 antecedunt.
1089 3275 1267 3345 Atque
1297 3275 1466 3328 etiam
1500 3274 1608 3327 alio
1638 3273 1802 3328 modo
1826 3281 2102 3326 extremos
2126 3261 2170 3324 C

523 3363 640 3417 dies
670 3378 766 3418 eos
810 3373 992 3430 vocat,
1022 3365 1114 3434 qui
1155 3367 1208 3418 in
1257 3364 1515 3430 temporis
1547 3364 1714 3426 illius,
1755 3364 1898 3432 quod
1945 3362 2100 3433 legali

522 3451 693 3506 cultui
737 3455 1101 3509 constitutqu
1153 3461 1291 3518 erat,
1342 3454 1448 3508 fine
1491 3455 1824 3516 exstiterunt
1853 3473 1865 3507 :
1897 3455 1962 3508 de
1992 3470 2102 3523 quo

525 3542 684 3595 idem“
723 3559 945 3614 quoque
1000 3545 1298 3617 Apostolus
1359 3547 1437 3601 ait
1485 3565 1497 3597 :
1547 3546 1903 3616 Posteaquam
1966 3547 2101 3600 venit

521 3632 794 3702 plenitudo
826 3639 1094 3705 temporis,
1134 3639 1278 3691 misit
1306 3637 1442 3692 Deus
1474 3637 1679 3692 Filium
1713 3655 1866 3692 suum
1899 3639 2102 3708 factum

522 3740 588 3779 ex
642 3726 862 3780 muliere
883 3727 924 3782 ⁸.
977 3727 1238 3784 lneﬂ'abili
1288 3731 1473 3795 modo,
1515 3731 1645 3798 quia
1697 3731 1816 3786 sine
1855 3733 1956 3785 viri
2014 3747 2103 3785 se-

529 3817 692 3882 mine,
726 3826 782 3872 ct
811 3833 976 3888 supra
1015 3829 1226 3873 natura:
1253 3830 1494 3890 captum.
1523 3821 1672 3875 Citra
1707 3823 1844 3877 ullas
1877 3826 2100 3877 sordes:

523 3910 652 3976 quia
689 3909 1004 3978 incorrupte
1044 3918 1099 3964 et
1145 3925 1302 3979 pure.
1347 3910 1453 3965 Ubi
1499 3912 1644 3965 enim
1677 3921 1760 3967 est
1793 3911 1961 3973 Deus,
1993 3915 2104 3967 illic

524 3999 662 4052 nihil
719 3999 1002 4054 sordidum
1045 4012 1100 4056 et
1147 4002 1421 4071 impurum
1459 4012 1562 4058 est.
1609 4003 1788 4073 Atque
1843 4017 1923 4059 est
1957 4015 2102 4060 totus

526 4089 666 4143 [ιι-ηε
698 4105 823 4146 cum
851 4106 1050 4158 ,carue
1085 4109 1205 4159 sua,
1265 4103 1320 4149 et
1351 4103 1499 4151 totus
1547 4097 1713 4150 homo
1747 4111 1871 4150 cum
1903 4097 2106 4151 divini-

525 4190 655 4235 tate.
710 4179 881 4236 Porro
931 4197 1056 4238 cum
1093 4183 1346 4239 eumdem
1395 4196 1570 4241 totum
1609 4187 1778 4241 Deum
1825 4199 1878 4242 et
1930 4197 2102 4242 totum

524 4271 800 4327 hominem
841 4287 964 4328 esse
1007 4273 1102 4337 ait,
1141 4291 1306 4330 unam
1353 4286 1517 4348 atque
1565 4277 1951 4333 indivisibilem
1983 4295 2106 4335 esse

521 4364 696 4432 ipsius
731 4365 1048 4437 hyposmsin
1083 4368 1347 4424 ostendit.
1387 4369 1466 4424 Ae
1501 4379 1650 4424 totus
1691 4370 1913 4440 quidem
1950 4370 2094 4426 Deus

521 4455 797 4524 perfectus
837 4467 943 4521 est,
989 4475 1099 4516 non
1152 4470 1333 4515 tamen
1387 4460 1440 4515 in
1498 4468 1672 4516 totum
1725 4461 1868 4516 Deus
1905 4463 2105 4532 (neque

521 4550 668 4602 enim
699 4550 877 4605 solum
919 4549 1062 4606 Deus
1108 4561 1212 4620 est,
1247 4553 1341 4608 sed
1390 4553 1554 4610 etiam
1603 4555 1787 4625 homo)
1824 4573 1837 4609 :
1871 4566 1924 4610 et
1955 4564 2103 4610 tutus

2215 630 2320 676 tem
2363 635 2485 676 esse
2524 620 2850 691 nugabatur.
2897 617 3146 684 Quonam
3201 625 3385 672 autem
3435 621 3609 672 modo
3651 619 3812 674 Deus

2213 711 2486 782 perfectus
2534 724 2589 766 et
2637 711 2802 765 homo
2837 709 3133 780 perfectus,
3182 719 3239 764 et
3288 711 3812 766 consubstantialis

2207 804 2351 858 Patri
2385 819 2450 858 ac
2481 803 2640 858 nobis
2668 802 2923 858 Christus
2952 801 3061 856 dici
3093 802 3466 870 constituique
3498 813 3725 871 posset,
3759 805 3809 859 si

2206 898 2390 966 aliqua
2421 903 2630 950 tantum
2668 894 2870 949 divina:
2900 901 3108 946 naturae
3140 908 3268 962 pars
3310 893 3477 947 alicui
3529 893 3810 947 humana

2207 990 2347 1059 parti
2389 989 2541 1042 unita
2592 994 2761 1049 esset,
2807 1001 2872 1041 ac
2905 1000 3016 1039 non
3049 995 3159 1039 tota
3189 984 3497 1038 divinitatis
3543 985 3809 1039 essentia

2206 1096 2330 1134 cum
2390 1089 2504 1134 tota
2557 1086 2754 1132 natura
2805 1076 3044 1130 humana
3107 1076 3399 1146 conjuncta
3467 1085 3522 1129 et
3593 1076 3810 1128 unita?

2206 1172 2271 1227 Et
2329 1171 2588 1241 quoniam
2635 1169 2892 1224 Christus
2938 1168 3243 1222 secundum
3303 1166 3417 1220 haec
3467 1166 3578 1220 tria
3630 1167 3809 1220 homo

2206 1264 2383 1320 factus
2431 1272 2550 1325 est,
2603 1263 2706 1316 hoc
2750 1269 2876 1327 est,
2940 1259 3244 1315 secundum
3314 1267 3556 1313 mentem
3587 1300 3606 1324 ,
3672 1259 3808 1313 ani-

2207 1371 2385 1420 mam,
2441 1363 2494 1408 et
2559 1351 3146 1422 corpus:secundum
3195 1350 3383 1403 eadem
3443 1359 3501 1403 tu
3564 1365 3809 1419 quoque

2203 1447 2340 1502 deus
2404 1446 2637 1501 efficeris
2673 1484 2690 1509 ,
2747 1443 2964 1498 tametsi
3025 1443 3117 1496 ille
3184 1452 3422 1507 natura,
3485 1451 3543 1495 tu
3607 1453 3808 1494 autem

2205 1537 2377 1609 gratia
2417 1545 2470 1592 et
2498 1536 2812 1606 adoptione.
2850 1533 3038 1604 Neque
3072 1534 3217 1587 enim
3260 1533 3349 1586 ille
3394 1548 3460 1586 ex
3489 1543 3657 1600 parte
3691 1533 3810 1584 hn-

2204 1631 2520 1686 manitatem
2562 1627 2893 1698 assumpsit;
2943 1642 3044 1680 uec
3079 1635 3135 1680 tu
3183 1642 3246 1680 ex
3289 1634 3439 1694 parte
3491 1625 3642 1679 deus
3679 1628 3808 1677 vlli-

2205 1724 2393 1780 ceris:
2426 1723 2593 1792 idque
2642 1737 2711 1775 ex
2768 1720 3146 1787 assumptione
3196 1719 3406 1783 liquido
3448 1725 3632 1787 patet.
3687 1717 3810 1772 Dco

2203 1815 2349 1868 enim
2401 1823 2516 1869 toto
2554 1813 2764 1868 homini
2823 1812 2922 1866 toti
2965 1811 3142 1874 unito,
3195 1809 3310 1874 ille,
3345 1809 3569 1878 quidem
3633 1810 3808 1878 plene

2203 1905 2548 1976 perfecteque
2590 1905 2758 1959 homo
2807 1903 2984 1959 factus
3029 1912 3112 1957 est
3139 1942 3152 1964 ,
3189 1901 3277 1955 hic
3309 1910 3490 1954 autem
3546 1900 3806 1970 perfecte

2201 1997 2540 2051 divinitatem
2579 2009 2663 2050 est
2693 2005 3050 2050 consecutus.
3092 1993 3564 2060 Quemadmodum
3621 1993 3805 2062 igitur

2202 2086 2467 2146 Dominus
2498 2104 2695 2158 corpus
2730 2089 2962 2142 imluens
3000 2087 3162 2139 homo
3194 2084 3371 2140 factus
3401 2093 3487 2137 est
3525 2104 3539 2138 :
3568 2086 3661 2139 sic
3693 2101 3803 2138 nos

2203 2185 2452 2241 homines
2478 2199 2507 2236 a
2530 2181 2749 2236 Christo
2779 2180 2854 2233 dii
2897 2179 3183 2240 elIit-imnr,
3217 2193 3311 2247 per
3343 2178 3515 2246 ipsius
3560 2193 3800 2232 carnem

2205 2274 2496 2343 assumpti.
2551 2271 2615 2326 Et
2663 2269 3122 2342 quemadmodum
3165 2276 3415 2322 naturam
3465 2277 3719 2322 nostram
3767 2287 3798 2322 a

2202 2377 2377 2422 morte
2415 2366 2704 2420 excitatam
2736 2378 2879 2427 esse,
2903 2372 2960 2416 et
2995 2361 3048 2414 in
3097 2360 3293 2414 caelum
3328 2361 3683 2421 ascendisse.
3713 2371 3801 2414 at-

2201 2474 2307 2528 que
2337 2458 2402 2510 ad
2452 2457 2626 2511 Patris
2675 2456 2952 2510 dexteram
2988 2455 3177 2509 sedere
3200 2453 3454 2516 dicimus,
3492 2470 3607 2508 non
3645 2455 3797 2522 quod

2204 2549 2514 2619 s'ngulatim
2577 2561 2769 2602 omnes
2819 2546 2888 2600 ad
2943 2547 3111 2600 vitam
3159 2546 3438 2610 redierint,
3495 2557 3673 2616 atque
3730 2549 3797 2601 ad

2205 2641 2378 2695 Patris
2463 2641 2739 2694 dexteram
2835 2639 3106 2702 sedeant,
3195 2637 3291 2691 sed
3383 2637 3513 2706 quia
3607 2639 3797 2692 omnis

2203 2741 2388 2786 nostra
2421 2739 2614 2785 natura
2648 2733 2700 2784 in
2733 2728 2930 2784 Christi
2961 2730 3255 2800 ,hypostasi
3312 2730 3592 2794 revixerit,
3625 2739 3798 2799 atque

2204 2825 2267 2877 ad
2316 2822 2491 2878 Patris
2532 2824 2810 2876 dexteram
2851 2821 3037 2876 sedeat
3083 2820 3184 2890 (ait
3217 2821 3415 2890 quippe
3441 2821 3793 2889 Apostolus:

2203 2913 2645 2970 Conresusct'tavit
2675 2930 2789 2977 nos,
2815 2921 2866 2966 et
2898 2913 3173 2966 consedere
3197 2913 3318 2981 fecit
3352 2929 3470 2965 cum
3490 2911 3710 2966 Christo
3727 2915 3790 2979 ’κ

2202 3008 2391 3063 eodem
2443 3007 2602 3060 modo
2649 3013 2702 3060 et
2745 3006 2796 3058 in
2850 3004 3070 3059 Christo
3117 3004 3457 3058 divinitatem
3506 3005 3792 3072 accepisse

2204 3097 2468 3164 dicimur,
2493 3108 2686 3151 natura
2713 3097 2920 3152 scilicet
2952 3104 3136 3150 nostra
3162 3111 3229 3149 ex
3265 3110 3353 3159 eo,
3393 3095 3536 3163 quod
3568 3111 3598 3148 a
3627 3095 3792 3148 Chri-

2206 3199 2290 3244 sto
2348 3200 2630 3258 assumpta
2677 3197 2792 3251 est,
2839 3187 3124 3242 divinitate
3179 3196 3492 3242 consecuta.
3546 3187 3783 3238 Tantum

2204 3281 2370 3351 igitur
2408 3282 2670 3335 Dominus
2703 3281 2866 3335 homo
2902 3279 3078 3334 factus
3108 3288 3212 3345 est,
3241 3288 3498 3348 quantum
3522 3293 3644 3344 pars
3678 3293 3779 3330 as-

2205 3384 2424 3443 sumpta
2455 3373 2617 3428 Deus.
2659 3373 2860 3439 Quinto
2885 3375 3045 3428 crede
3074 3387 3199 3427 eum
3225 3371 3377 3442 juxta
3411 3372 3554 3426 Isaiae
3586 3370 3779 3424 vatici-

2205 3465 2355 3519 nium
2390 3478 2488 3533 pro
2531 3462 2910 3532 iniquitatibus
2951 3463 3134 3532 populi
3164 3463 3231 3516 ad
3284 3473 3509 3516 mortem
3557 3463 3786 3516 ductum

2206 3553 2377 3607 fuisse
2409 3553 2452 3617 ⁸,
2497 3563 2553 3607 et
2603 3552 2888 3616 revixisse,
2925 3567 2990 3606 ac
3037 3552 3257 3606 demum
3292 3555 3342 3604 in
3376 3551 3579 3606 coelum
3628 3569 3788 3607 rece-

2205 3656 2355 3717 ptum
2389 3661 2532 3706 esse.
2571 3656 2630 3699 ut
2655 3659 2845 3699 omnes
2895 3645 2960 3697 ad
3011 3643 3269 3712 seipsum,
3316 3642 3793 3710 quemadmodum

2205 3755 2264 3793 se
2311 3738 2579 3794 facturum
2628 3739 2851 3807 recepit,
2899 3738 3145 3791 trahat’.
3187 3736 3342 3790 Sexto
3381 3745 3669 3802 exspecta,
3743 3749 3801 3790 et

2210 3829 2364 3883 firma
2396 3829 2499 3883 fide
2527 3837 2649 3883 tene
2675 3844 2799 3882 cum
2824 3837 3113 3882 venturum
3152 3843 3296 3892 esse,
3323 3835 3376 3881 et
3398 3835 3458 3880 ut
3502 3831 3795 3896 apostolo-

2207 3935 2327 3973 rum
2370 3919 2512 3972 Petri
2541 3929 2594 3973 et
2638 3918 2791 3972 Pauli
2843 3919 3023 3973 verbis
3055 3928 3178 3972 utar
3217 3921 3285 3982 ³ο,
3309 3919 3684 3988 judicaturnm
3715 3922 3796 3995 ri-

2207 4027 2304 4066 vos
2338 4021 2393 4066 et
2429 4021 2700 4072 mortuos.
2742 4011 2848 4065 hoc
2887 4021 2990 4074 est,
3029 4020 3136 4064 tam
3172 4026 3268 4064 eos
3314 4010 3406 4080 qui
3445 4010 3630 4063 adhuc
3667 4013 3790 4063 vine

2207 4101 2330 4156 luce
2359 4101 2630 4164 fruentur,
2651 4116 2814 4170 quam
2841 4115 2933 4154 eos
2950 4099 3042 4170 qui
3072 4100 3186 4167 jam
3215 4101 3320 4152 vita
3354 4098 3524 4152 functi
3553 4099 3782 4153 fuerint:

2209 4193 2290 4247 Vel
2314 4202 2420 4246 tam
2443 4191 2646 4261 justos,
2674 4207 2837 4261 quam
2869 4199 3186 4260 peccatores
3223 4208 3238 4244 :
3273 4191 3358 4244 vel
3397 4201 3506 4243 tam
3547 4192 3772 4246 animas,

2207 4301 2368 4354 quam
2401 4299 2636 4354 corpora
2674 4301 2688 4338 :
2720 4294 3011 4336 venturum
3038 4291 3244 4343 autem,
3285 4297 3393 4335 non
3420 4281 3531 4349 jam
3559 4292 3769 4331 carnem

2211 4377 2358 4448 (quia
2377 4375 2715 4430 naturalibus
2740 4375 2920 4430 carnis
2946 4373 3234 4428 affectibus
3257 4373 3530 4427 obnoxius
3551 4369 3780 4438 amplius

2208 4482 2315 4522 non
2358 4468 2482 4529 erit,
2537 4468 2683 4522 velut
2721 4465 2872 4532 fami,
2920 4466 3036 4530 siti,
3093 4464 3443 4534 fatigationi,
3473 4463 3787 4530 catenisque

2207 4559 2327 4629 ejus
2370 4559 2583 4630 generis
2631 4556 3085 4628 infirmitatibus),
3119 4572 3226 4611 non
3278 4557 3660 4625 incorporeum
3711 4567 3792 4609 ta-

525 4646 687 4698 homo
722 4645 1020 4714 perfectus,
1067 4665 1175 4705 non
1215 4657 1396 4706 tamen
1451 4649 1505 4704 in
1543 4661 1717 4706 totum
1768 4652 1928 4706 homo
1959 4667 1973 4705 :
2004 4668 2105 4708 nec
2137 4627 2180 4682 θ
2212 4667 2332 4706 tuen
2389 4651 2536 4721 (quia
2582 4650 2855 4705 naturales
2889 4650 3136 4718 corporis
3174 4649 3535 4718 proprietates
3579 4662 3794 4715 nequa-

522 4739 668 4791 t-nim
704 4739 882 4794 solum
919 4742 1105 4806 homo,
1142 4744 1237 4799 sed
1269 4745 1433 4799 etiam
1471 4745 1616 4801 Deus
1654 4758 1758 4802 est.
1800 4745 1924 4802 llaec
1955 4749 2101 4801 enim

523 4846 652 4894 vos,
683 4840 872 4901 totum,
919 4843 1171 4890 naturam
1196 4835 1476 4902 declarat;
1506 4848 1649 4894 totus
1692 4850 1898 4902 autem,
1927 4839 2104 4910 hypo-

521 4925 695 4980 stasiu
728 4925 959 4990 indicat,
993 4942 1098 4981 non
1130 4941 1292 4983 secus
1321 4940 1488 4997 atque
1531 4930 1648 4984 haec
1689 4930 1883 4995 dictio,
1922 4930 2094 4993 aliud,

521 5027 777 5072 naturam
816 5018 1080 5084 ostendit,
1117 5018 1282 5082 alius,
1314 5029 1520 5083 autem,
1551 5020 1895 5090 hypostasiu.
1927 5019 2098 5087 Quin-

521 5109 687 5166 etiam
720 5121 868 5167 totus
913 5119 1089 5167 totum
1141 5113 1421 5168 hominem
1474 5116 1794 5184 assumpsit,
1848 5115 1951 5168 hoc
1995 5123 2097 5178 est,

521 5219 724 5272 corpus
771 5215 825 5260 et
881 5205 1124 5261 animam
1182 5215 1366 5262 mente
1415 5216 1581 5278 atque
1636 5207 1992 5277 intelligentia
2047 5215 2102 5261 et

525 5297 745 5354 ratione
775 5299 1059 5369 praeditam
1093 5315 1110 5357 :
1142 5313 1206 5354 ac
1232 5307 1380 5354 totus
1415 5301 1513 5354 toti
1547 5300 1736 5354 unitus
1767 5309 1872 5366 est,
1905 5309 1966 5352 ut
2001 5297 2099 5352 toti

431 5452 436 5459 ,
524 5393 734 5449 homini
766 5394 999 5449 salutem
1037 5391 1279 5447 afferret.
1315 5392 1534 5461 Alioqui
1567 5407 1694 5461 pars
1725 5407 1788 5445 ea
1837 5390 2098 5452 hominis,

523 5501 646 5555 qua:
673 5487 740 5542 ab
780 5499 848 5540 eo
892 5493 1173 5556 assumpta
1223 5497 1329 5538 nou
1359 5482 1576 5550 fuisset,
1618 5484 1944 5538 incurabilis
1981 5497 2100 5536 ma-

525 5587 702 5634 neret.
734 5576 850 5633 Hoc
893 5589 1078 5635 autem
1113 5575 1392 5647 Theologo
1429 5584 1651 5646 propter
1697 5575 2096 5645 Apollinarium

648 5751 807 5822 Rom.
843 5769 886 5820 ι,
913 5753 950 5808 2
976 5769 1128 5822 seqq.
1207 5754 1227 5784 ‘
1251 5751 1426 5807 Calal.
1461 5768 1532 5815 tv,
1564 5751 1616 5803 4.

529 5825 582 5893 1;
615 5821 634 5876 1
662 5821 805 5878 Pctr.
837 5839 908 5892 tv,
942 5825 993 5879 5.
1057 5821 1109 5856 7"
1149 5822 1376 5877 Zaclmr.
1415 5837 1531 5888 ru,
1569 5822 1644 5875 l0,

1765 5754 1782 5782 ⁷
1827 5749 2021 5818 Ephes.
2071 5765 2130 5807 tl,
2165 5749 2216 5802 6.

1731 5824 1772 5854 ¹²
1811 5824 1979 5892 Apoc.
2033 5837 2068 5888 ι,
2103 5822 2153 5874 7.

2203 4759 2366 4814 quam
2413 4742 2694 4812 abjeeerit,
2736 4741 2882 4796 velut
2918 4740 3188 4810 triplicem
3225 4739 3652 4802 dimensionem,
3684 4739 3796 4790 for-

2205 4850 2372 4898 mam,
2399 4845 2454 4888 ct
2487 4834 2869 4904 quantitatem,
2899 4842 2952 4887 et
2995 4841 3190 4887 caetera
3245 4829 3608 4901 hujusmodi),
3651 4840 3710 4882 ut
3743 4841 3800 4882 et

2203 4929 2273 4984 ab
2310 4929 2416 4989 his.
2447 4942 2478 4981 a
2507 4928 2706 4998 quibus
2751 4927 3002 4980 confixus
3045 4935 3152 4988 est,
3180 4925 3447 4982 videatur,
3485 4923 3638 4975 velut
3683 4938 3796 4975 non

2199 5020 2578 5090 incorporeus,
2602 5019 2757 5088 juxta
2785 5017 3107 5072 Zachariam
3143 5017 3412 5070 dicentem
3443 5034 3457 5070 :
3491 5014 3800 5082 Respicieut

2209 5112 2278 5165 ad
2327 5127 2428 5176 me,
2480 5111 2533 5163 in
2570 5125 2723 5180 quem
2771 5117 3102 5178 pupugerunt
3134 5109 3202 5162 “.
3234 5107 3300 5160 Et
3343 5109 3492 5177 juxta
3531 5105 3604 5170 id,
3644 5109 3798 5172 quod

2209 5205 2286 5258 ait
2329 5201 2569 5258 Joannes
2612 5202 2666 5255 in
2721 5201 3050 5271 Apocalypsi
3085 5218 3098 5254 :
3137 5199 3270 5253 Ecce
3321 5199 3618 5268 egredietur
3673 5215 3800 5250 (tum

2210 5295 2456 5356 nubibus,
2481 5303 2530 5347 et
2574 5293 2761 5347 ridebit
2795 5308 2912 5346 eum
2944 5293 3113 5346 omnis
3155 5291 3370 5354 oculus,
3403 5301 3450 5343 et
3483 5290 3572 5356 qui
3611 5291 3802 5356 ipsum

2207 5397 2537 5457 pupugeruut
2564 5387 2627 5438 ι’.
2674 5384 2791 5439 Erit
2837 5386 3020 5456 itaque
3065 5399 3266 5453 corpus
3303 5385 3433 5438 illud
3480 5383 3800 5450 augustius,

2211 5495 2273 5532 ac
2296 5479 2557 5542 divinius,
2596 5486 2655 5532 ut
2687 5487 2741 5531 et
2777 5477 2947 5530 videri
2978 5484 3160 5546 queat,
3187 5484 3241 5529 et
3272 5475 3487 5530 interim
3519 5489 3550 5528 a
3582 5476 3803 5529 crassi-

2211 5571 2284 5625 tie
2318 5570 2555 5624 alieuum
2581 5576 2783 5635 manet,
2817 5576 3004 5637 utpote
3038 5582 3144 5621 non
3194 5567 3302 5636 jam
3335 5579 3486 5628 caro,
3513 5563 3608 5618 Sed
3642 5567 3798 5616 inter

3364 5745 3408 5776 ¹⁹
3449 5741 3665 5798 llTitn.
3724 5756 3804 5805 tv,

2293 5745 2314 5775 "
2356 5747 2462 5803 lsa.
2500 5762 2626 5810 Litt,
2657 5745 2710 5801 5.
2817 5745 2838 5778 ’
2879 5744 3036 5799 Joau.
3068 5758 3162 5809 xu,
3194 5742 3282 5797 52.
