4048 6278
367 392 487 456 tam

359 605 486 659 dam
533 603 802 660 rationem
829 605 1057 659 habens.
1086 603 1330 672 Septimo
1366 611 1708 658 mortuorum
1755 619 1937 659 resur-

360 696 654 750 rectionem
707 703 983 764 exspccta.
1015 691 1220 748 Octavo
1265 693 1568 763 judicium;
1606 695 1711 750 hoc
1755 704 1933 749 autem

357 794 448 841 est
475 786 756 856 proprimn
791 785 1018 840 interna:
1046 785 1392 840 conscientiae
1427 787 1639 854 pondus
1668 794 1762 840 aut
1800 785 1932 840 levi-

364 885 469 936 tas.
502 890 567 930 ac
596 875 731 946 legis
762 874 922 939 libra,
951 874 1182 944 vitaeque
1214 883 1416 929 nostrae
1445 873 1513 928 ad
1547 890 1667 930 eam
1701 875 1934 930 exactio.

363 966 522 1021 Nono
552 967 996 1033 retributionem,
1031 981 1162 1036 qua,
1185 966 1335 1036 justa
1376 982 1634 1023 mensura
1663 979 1717 1024 et
1743 969 1938 1024 unius-

359 1057 630 1128 cujusque
658 1058 898 1113 hominis
918 1059 1178 1128 operibus
1212 1059 1572 1128 respondente
1601 1075 1810 1115 merces
1836 1075 1936 1117 sua

358 1151 562 1220 cuique
604 1150 988 1206 constituetur.
1027 1149 1152 1206 Hmc
1203 1165 1369 1220 porro
1398 1152 1704 1216 retributio,
1747 1153 1813 1208 iis
1844 1154 1943 1224 qui

358 1243 544 1298 animo
573 1251 634 1300 et
667 1251 847 1297 mente
883 1243 1094 1312 purgati
1138 1241 1361 1308 fuerint,
1397 1243 1488 1299 lux
1526 1243 1706 1300 futura
1739 1253 1843 1311 est,
1884 1247 1936 1300 id

357 1345 466 1398 est,
497 1335 593 1391 Dei
639 1337 1051 1406 contemplatio,
1080 1352 1242 1404 quam
1286 1337 1550 1394 caelorum
1595 1353 1813 1408 quoque
1848 1352 1936 1392 re—

357 1439 523 1493 gnum
557 1423 908 1478 nominamus
935 1437 949 1476 :
979 1423 1045 1479 iis
1063 1433 1268 1492 autem,
1294 1425 1388 1493 qui
1409 1436 1642 1480 mentem
1669 1426 1815 1481 vitiis
1837 1425 1938 1481 ob-

360 1525 620 1571 erecatam
673 1515 990 1579 habuerint,
1035 1516 1232 1587 caligo,
1285 1517 1385 1571 hoc
1433 1527 1537 1582 est,
1581 1518 1840 1572 alienatio
1884 1527 1937 1570 ct

363 1609 578 1662 aversio
611 1623 640 1660 a
672 1605 802 1662 Deo.
835 1607 948 1661 Erit
981 1617 1164 1662 autem
1200 1608 1592 1676 contemplatio
1635 1609 1748 1662 hzec
1773 1619 1937 1679 atque

360 1697 576 1752 aversio
610 1697 676 1750 ad
723 1696 941 1750 modum
983 1705 1037 1752 et
1088 1697 1496 1766 proportionem
1544 1698 1626 1752 vel
1682 1699 1936 1768 puritatis

364 1799 566 1844 nostrae
588 1788 668 1842 vel
706 1788 1082 1844 obscuritatis.
1119 1788 1341 1844 Decimo
1369 1804 1534 1858 super
1570 1791 1674 1846 hoc
1713 1792 1935 1860 dogma-

1331 394 1650 455 NICETAS
1694 394 1774 456 ΙΝ
1815 395 2039 456 ORAT.
2079 397 2251 457 XLII
2294 397 2356 458 S.
2393 398 2624 458 GREG.

361 528 606 574 carinam.
639 526 691 567 et
713 511 790 578 id,
833 512 976 584 quod
1009 526 1233 581 corpore
1267 520 1443 574 vacat,
1477 512 1709 567 mediam
1740 527 1934 582 quam-
1966 533 2012 590 Α
2039 522 2202 582 atque
2286 528 2372 578 ea,
2457 530 2580 584 qua:

3479 393 3636 458 130‘!

2678 514 2938 584 impressa
3029 512 3205 581 sigillo
3308 521 3616 566 servantur.

2107 605 2222 658 Col.
2256 605 2361 658 426
2387 608 2452 659 Α.
2484 605 2743 662 ϐωῑεναηι
2774 605 2907 658 illud
2942 620 3006 658 ex
3033 619 3112 657 me
3147 605 3409 674 intelligas
3441 605 3616 667 relim,

2039 708 2144 752 etc.
2177 697 2330 764 Quod
2385 709 2505 766 post
2550 699 2879 766 baptismum
2930 707 3052 751 ante
3098 697 3270 751 altare
3307 697 3618 764 collocaris,

2041 790 2238 845 futurae
2285 790 2410 844 vitae
2438 791 2701 860 gloriam,
2739 799 2792 844 et
2833 790 3287 860 prOpiuquitatem
3333 791 3398 844 ad
3445 790 3610 843 Deum

2043 883 2263 937 indicat.
2295 880 2602 936 Psalmodia
2640 893 2848 946 autem,
2883 882 3060 935 laetum
3094 897 3154 935 ac
3191 880 3438 934 festivum
3469 882 3615 934 illius

2040 975 2224 1030 saeculi
2283 989 2500 1030 sonum.
2543 973 2845 1044 Lampados
2871 990 3000 1028 vero
3043 974 3188 1027 illam
3225 974 3490 1027 luminum
3523 990 3617 1044 ge-

2040 1062 2490 1127 stationem,cum
2515 1063 2788 1132 quajuxta
2811 1062 3192 1134 Evangelicam
3217 1063 3524 1132 parabolnm
3552 1065 3617 1128 ’³,

2038 1151 2258 1207 Christo
2290 1169 2492 1222 sponso
2527 1168 2878 1209 occurremus
2902 1195 2916 1219 ,
2954 1155 3096 1209 velut
3120 1169 3329 1223 sponsae
3375 1154 3613 1224 virgines

2040 1245 2220 1299 claras
2247 1245 2368 1300 lidei
2402 1246 2678 1316 lampades
2709 1247 2992 1308 habentes,
3022 1261 3086 1301 ac
3121 1248 3401 1312 copiosum
3445 1247 3616 1299 bono-

2045 1349 2162 1386 rum
2200 1349 2426 1402 operum
2459 1336 2660 1390 oleum.
2686 1334 2872 1404 Neque
2899 1334 3041 1388 enim
3078 1334 3302 1387 thalami
3340 1335 3486 1388 illius
3515 1351 3616 1387 uu-

2039 1424 2223 1494 ptialis
2246 1427 2446 1491 aditus,
2482 1438 2573 1480 aut
2623 1427 2860 1495 superbo
2905 1426 3110 1478 homini
3151 1435 3204 1478 et
3232 1427 3612 1492 contemptori.

2039 1524 2134 1569 aut
2166 1515 2326 1570 inerti
2359 1525 2412 1570 et
2448 1517 2734 1586 negligenti
2788 1516 3010 1584 patebit,
3044 1529 3136 1568 aut
3171 1516 3402 1584 denique
3425 1516 3495 1577 ei,
3525 1517 3617 1585 qui

2040 1623 2146 1660 non
2188 1623 2252 1662 ea
2285 1624 2406 1677 quae
2435 1609 2651 1678 nuptias
2682 1609 2860 1674 decet,
2887 1608 3174 1677 elegantia,
3212 1623 3400 1660 verum
3434 1609 3622 1676 segni~

2042 1709 2121 1754 ter
2155 1710 2208 1754 et
2233 1701 2452 1756 sordide
2482 1702 2712 1756 vestitus
2763 1701 2929 1755 fuerit
2967 1719 2980 1754 :
3011 1699 3305 1770 quamlibet
3356 1699 3500 1764 quis,
3537 1697 3621 1750 in-

2039 1801 2152 1844 star
2183 1791 2330 1846 illius
2365 1791 2591 1862 nuptiali
2625 1801 2772 1847 veste
2811 1790 3033 1844 minime
3065 1789 3237 1843 induti
3277 1789 3343 1852 “,
3379 1788 3617 1857 seipsum

363 1888 477 1932 tum
507 1879 866 1936 fundamento
897 1881 1039 1935 bona
1069 1895 1234 1950 opera
1269 1890 1552 1937 construe.
1578 1881 1734 1945 Nam,
1763 1893 1820 1938 ut
1849 1893 1940 1938 est
1968 1906 2008 1959 Β
2039 1881 2209 1947 fallat,
2241 1898 2304 1938 ac
2339 1899 2435 1954 spe
2467 1885 2744 1954 animique
2779 1883 3104 1951 cogitatione
3155 1881 3208 1935 in
3259 1885 3359 1936 hac
3387 1881 3496 1934 vita
3529 1895 3618 1934 se-

360 1972 505 2042 apud
571 1973 789 2028 Domini
838 1972 1060 2027 fratrem
1114 1972 1404 2039 Jacobum,
1473 1976 1932 2045 quemadmodum

361 2079 559 2132 corpus
589 2065 708 2119 sine
748 2064 945 2134 spiritu
981 2072 1259 2118 mortuum
1295 2074 1398 2128 est,
1436 2065 1510 2120 ita
1549 2077 1602 2123 et
1634 2067 1766 2123 ﬁdes
1815 2070 1936 2124 sine

367 2157 627 2225 operibus
659 2165 875 2210 mortua
901 2166 1007 2210 est.
1041 2154 1222 2224 Atque
1249 2155 1365 2210 haec
1391 2166 1542 2222 sunt,
1573 2173 1694 2228 quae
1720 2159 1788 2215 de
1811 2159 1938 2214 ﬁdei

369 2260 568 2306 nostrzc
600 2254 858 2323 mysterio
886 2251 940 2306 in
970 2251 1160 2322 vulgus
1185 2251 1363 2307 eﬂ‘erri
1396 2251 1478 2309 fas
1506 2259 1608 2308 est.
1631 2253 1705 2307 Ea
1735 2261 1940 2318 autem,

363 2358 487 2409 qtun
533 2343 895 2398 reconditiora
965 2345 1248 2414 magisque
1304 2345 1536 2414 mystica
1591 2354 1739 2408 sunt,
1798 2345 1940 2400 intra

363 2433 659 2490 Ecclesiam
708 2444 831 2504 post
865 2436 1198 2505 baptismum
1233 2436 1486 2492 addisces
1519 2453 1534 2491 :
1568 2453 1690 2507 qua:
1725 2447 1782 2492 ct
1821 2437 1937 2507 ipsa

359 2528 503 2590 apud
546 2525 802 2595 profanos
876 2529 1125 2586 homines
1171 2538 1310 2584 tecta
1373 2539 1428 2584 et
1495 2531 1707 2586 occulta
1775 2531 1941 2586 babe-

365 2615 468 2681 bis,
547 2623 735 2686 atque,
821 2617 1081 2674 inviolata
1169 2620 1492 2686 custodies,
1585 2637 1694 2677 non
1782 2622 1942 2677 aliter

436 2777 481 2809 ⁸³
516 2775 707 2832 Matth.
762 2794 902 2859 xxv,
941 2780 961 2834 l
999 2796 1156 2851 seqq.
1235 2782 1281 2814 “
1324 2780 1517 2836 Matth.
1555 2798 1689 2848 xm,
1733 2784 1818 2838 12.

824 2963 1470 2978 ——————-——-

2046 1977 2224 2044 ipsum
2251 1991 2374 2031 cum
2411 1987 2601 2032 ornate
2649 1977 3039 2048 splendideque
3071 1974 3278 2030 vestitis
3302 1973 3616 2027 admisceat.

2046 2069 2406 2139 Posteaquam
2459 2080 2638 2124 autem
2691 2069 2935 2124 divinum
3012 2068 3310 2123 thalamum
3388 2064 3620 2133 ingressi

2049 2161 2337 2225 fuerimus,
2379 2171 2490 2216 tum
2542 2161 2860 2216 sublimiora
2895 2171 2948 2214 et
2999 2158 3318 2228 perfectiora
3365 2156 3621 2226 mysteria

2046 2253 2203 2307 nobis
2237 2267 2473 2322 sponsus
2504 2252 2729 2321 aperiet.
2759 2251 2874 2306 Iloc
2917 2251 3062 2305 enim
3098 2259 3181 2303 est
3207 2249 3296 2302 illa
3338 2246 3490 2316 puris
3522 2249 3624 2298 ho-

2046 2345 2290 2400 minibus
2320 2361 2416 2416 spe
2452 2356 2714 2415 concepta
2751 2355 2804 2400 et
2838 2351 3146 2413 exspectata
3188 2342 3421 2398 societas
3459 2349 3622 2407 atque

2044 2438 2346 2502 convictus,
2380 2454 2489 2508 quo
2521 2439 2730 2494 utinam
2779 2437 2928 2508 digni
2980 2435 3298 2498 habeamur,
3337 2443 3447 2488 tam
3494 2445 3617 2494 uos,

2042 2530 2135 2600 qui
2176 2531 2292 2586 lucc
2335 2531 2618 2598 docemus,
2653 2545 2822 2602 quam
2859 2546 2974 2593 vos,
3025 2528 3117 2599 qui
3166 2525 3396 2583 discitis.
3449 2525 3622 2579 Amen

1928 2951 3589 2981 MM

1041 3125 1166 3214 IN
1242 3120 1966 3216 OBATIONEM
2036 3127 2224 3230 XI,
2298 3121 2603 3216 OLIM
2677 3122 2939 3212 XLI.

442 3317 680 3397 Nicetes
713 3317 1198 3395 Expositionem
1236 3317 1298 3380 in
1338 3326 1496 3380 orat.
1534 3319 1648 3388 ΧΙ,
1689 3335 1832 3397 qum
1863 3325 1961 3378 est
1996 3319 2062 3380 in
2112 3324 2390 3380 sanctam
2426 3314 3261 3397 Resurreetionemtgrte‘ce
3303 3320 3363 3374 et
3396 3312 3620 3397 Latine

358 3395 485 3475 jam
527 3390 825 3458 dedimus
870 3404 1015 3476 post
1065 3398 1407 3459 Orationes
1442 3399 1505 3460 S.
1543 3390 1840 3477 Gregorii
1886 3397 2295 3472 Nazianzeni,
2343 3395 2723 3475 Patrologtw
2776 3402 2933 3454 tom.
2982 3393 3282 3468 XXXVI,
3313 3392 3439 3454 col.
3476 3390 3618 3454 9&3.

932 3760 1055 3851 IN
1135 3757 1855 3854 ORATIONEM
1930 3763 2220 3884 XLV,
2307 3759 2614 3854 OLIM
2689 3763 3006 3853 XLII.

880 4135 1427 4193 ARGUMENTUM.

436 4231 588 4286 "anc
643 4232 958 4293 orationem.
997 4231 1263 4285 elaborate
1313 4230 1702 4299 conscriptam,
1748 4230 1941 4282 Arian-

364 4326 416 4378 zi
441 4324 578 4394 (l5),
615 4323 753 4392 quod
783 4324 980 4377 avitum
1013 4323 1180 4391 ipsius
1220 4323 1477 4392 praedium
1512 4331 1648 4385 erat,
1688 4321 1741 4374 in
1772 4321 1942 4373 lucem

363 4416 560 4481 emisit,
590 4415 772 4468 multis
807 4424 924 4484 post
946 4415 1123 4479 annis,
1152 4431 1310 4484 quam
1335 4413 1708 4483 pracedentem
1736 4413 1942 4466 oratio-

368 4524 482 4561 nem
507 4506 788 4567 habuerat.
819 4523 938 4560 cum
969 4508 1084 4575 jam
1114 4505 1573 4576 Constantinopoli
1606 4507 1938 4568 excessisset,

363 4616 428 4652 ac
447 4601 821 4669 patriarchatu
853 4598 1172 4653 abdicasset.
1205 4596 1346 4652 Nam
1381 4615 1500 4652 cum
1527 4597 1623 4652 Dei
1653 4597 1866 4652 lenitate
1895 4605 1942 4651 et

362 4692 624 4761 patientia
652 4691 884 4762 plerique
912 4691 1330 4760 o/fcnderentur,
1362 4690 1501 4758 quod
1530 4690 1692 4744 bonos
1733 4691 1868 4743 viros
1888 4689 1943 4743 in

365 4799 583 4838 πηοεν-ονε
630 4801 691 4838 ac
722 4785 942 4839 tristitia
971 4786 1156 4848 virere,
1192 4784 1450 4852 improbos
1483 4793 1666 4837 contra
1716 4783 1943 4837 secunda

361 4878 540 4929 omnia
586 4875 776 4930 habere
825 4876 1170 4946 permitteret,
1220 4875 1614 4944 periculumque
1665 4884 1820 4939 esset,
1881 4891 1946 4928 ne

360 4966 626 5033 paulatim
667 4983 733 5020 ex
786 4967 990 5020 incuria
1036 4967 1104 5020 ad
1141 4967 1555 5036 desperationem
1616 4965 1941 5028 laberentur,

360 5074 521 5126 eoque
564 5058 827 5126 paulatim
871 5068 1101 5126 ruerent,
1135 5067 1191 5113 ut
1220 5076 1311 5114 nec
1358 5059 1815 5120 resurrectionem,
1851 5075 1944 5112 nec

357 5149 646 5217 judicium,
698 5167 788 5205 nec
844 5153 1064 5220 pra'mia
1119 5151 1231 5205 ulla
1290 5160 1380 5204 aut
1434 5153 1695 5220 supplicia
1757 5151 1942 5220 futura

362 5242 626 5294 crederent
659 5257 677 5294 :
705 5258 770 5296 ex
811 5243 1211 5295 resurrectionis
1252 5242 1388 5311 festo
1421 5241 1748 5296 commodam
1785 5256 1940 5294 occa-

362 5333 565 5385 sionem
613 5342 822 5397 nactus,
854 5344 1160 5401 prwsenlem
1201 5333 1496 5386 doctrinam
1543 5333 1805 5396 instituit,
1846 5332 1943 5385 du-

364 5426 479 5478 bias
523 5434 572 5478 et
611 5425 928 5494 ﬂuctuantes
971 5442 1156 5480 eorum
1201 5427 1486 5481 sententias
1529 5425 1627 5480 hac
1661 5425 1724 5479 de
1763 5441 1940 5480 resur-

434 5583 546 5646 (15)
573 5583 819 5638 Arianzi.
839 5582 894 5636 In
912 5582 1131 5653 Regina
1146 5583 1332 5637 codice
1360 5584 1616 5637 mendose
1649 5583 1846 5652 legitur
1876 5585 1934 5636 ἐν

363 5652 694 5722 Ναζιανζῷ,
743 5668 916 5722 neque
969 5652 1113 5707 enim
1165 5653 1425 5721 prmdium
1488 5663 1774 5722 paternmn
1813 5669 1931 5708 eam

367 5724 556 5776 urbem
587 5721 940 5792 vacassetiln
981 5738 1102 5776 meo
1131 5732 1311 5776 autem
1342 5721 1635 5792 exemplari
1672 5725 1930 5791 scriptum

362 5802 480 5846 erat
521 5790 803 5860 ’Λζιανζῷ.
831 5791 1031 5847 Verum
1069 5793 1253 5848 nescio
1289 5791 1413 5861 quis
1438 5790 1670 5848 litteram
1706 5814 1732 5845 ν
1767 5790 1930 5861 supra

367 5862 674 5933 supposuit.
712 5863 873 5935 Aiqui
907 5863 1018 5920 haec
1045 5864 1224 5921 littera
1253 5878 1594 5934 nequaquam
1629 5863 1932 5934 adjicienda

1968 4134 2011 4189 C
2048 4139 2274 4194 rcctione
2308 4140 2547 4194 oratione
2576 4139 2972 4202 constabiliens,
2999 4150 3159 4212 atque
3184 4142 3281 4197 hoc
3306 4143 3432 4210 ﬁdei
3463 4151 3623 4212 caput

2046 4232 2345 4300 plenissime
2404 4241 2454 4286 et
2510 4233 2800 4286 certissima
2857 4233 3422 4303 probans:simulque
3467 4236 3624 4288 ctiam

2043 4323 2149 4378 vim
2179 4325 2298 4395 festi
2338 4325 2671 4394 gratiamque
2711 4325 3032 4391 pra'dicans,
3065 4325 3412 4394 laudibusque
3446 4343 3625 4391 prose-

2042 4432 2225 4485 quens,
2259 4433 2320 4470 ac
2343 4433 2434 4485 per
2452 4433 2720 4488 anagogcn
2743 4434 2861 4470 cum
2885 4417 3078 4470 Veteris
3106 4415 3427 4470 Testamenti
3447 4418 3623 4472 littera

2047 4524 2189 4562 nova:
2229 4506 2354 4576 legis
2388 4507 2633 4574 spiritum
2664 4508 3034 4570 commiseens,
3069 4515 3224 4571 atque
3255 4507 3432 4560 omnia
3466 4507 3622 4576 hujus

2046 4598 2166 4667 festi
2192 4599 2462 4670 mysteria,
2489 4615 2604 4669 qua
2620 4599 2762 4667 apud
2784 4597 3034 4652 flebrazos
3053 4597 3407 4665 celebrantur,
3431 4601 3620 4669 singil-

2046 4693 2197 4746 latim
2224 4709 2510 4762 exponens.

2113 4785 2230 4840 Col.
2264 4786 2369 4840 623
2392 4787 2454 4838 A.
2493 4783 2660 4851 Super
2692 4783 2992 4838 custodiam
3024 4799 3195 4837 meam
3217 4782 3392 4846 stabo,
3425 4783 3620 4852 inquit,

2045 4887 2147 4933 etc.
2187 4877 2441 4933 llabacue
2471 4878 2735 4947 propheta
2769 4875 3071 4946 permultos
3099 4891 3222 4930 esse
3255 4875 3494 4936 videbat.
3523 4875 3619 4944 qui

2043 4986 2108 5024 ex
2145 4971 2480 5040 providentia
2532 4969 2620 5024 Dei
2652 4969 2970 5023 nll‘ensiunis
3007 4969 3354 5024 occasionem
3404 4968 3620 5035 accipe-

2045 5068 2182 5120 reut.
2215 5061 2535 5130 Cogitantes,
2567 5059 2658 5129 qui
2693 5060 2863 5120 lieret,
2925 5068 2984 5111 ut
3028 5058 3223 5125 impios
3271 5055 3619 5124 unmin‘squc

2044 5159 2441 5217 contemptores
2483 5158 2536 5202 et
2564 5147 2855 5204 sceleratos
2894 5147 3057 5216 justis
3091 5145 3405 5200 hominibus
3435 5155 3486 5197 et
3518 5146 3618 5197 im-

2042 5241 2415 5297 becillioribus
2447 5240 2790 5300 insultare.et
2823 5240 2986 5294 veluti
3022 5254 3143 5294 sese
3179 5239 3408 5292 invicem
3445 5237 3617 5292 clIuso

2042 5349 2105 5387 ac
2151 5341 2403 5402 protervo
2429 5344 2526 5385 ore
2569 5331 2849 5399 aspernari
2884 5332 3108 5384 sineret.
3155 5327 3359 5383 Idcirco
3407 5327 3617 5394 judicia

2043 5425 2224 5479 divina
2275 5421 2510 5493 attingit,
2563 5431 2726 5494 atque
2781 5439 2846 5478 ea
2893 5438 3012 5492 quae
3044 5419 3246 5489 inquiti
3301 5418 3455 5474 nefas
3509 5429 3615 5486 est,

2043 5595 2193 5647 crat,
2250 5583 2340 5637 sed
2370 5581 2522 5652 prius
2559 5583 2592 5648 ξ
2633 5583 2685 5637 in
2741 5602 2773 5637 cr
2818 5580 3266 5652 convertendum.
3315 5577 3613 5652 Azianzum

2042 5657 2186 5708 enim
2224 5647 2524 5708 locuserat
2569 5647 2674 5706 non
2721 5654 2949 5707 multum
2987 5666 3017 5702 a
3052 5649 3322 5704 Naziauzo
3367 5647 3613 5710 dissilus,

2042 5724 2095 5778 in
2133 5741 2242 5794 quo
2275 5723 2457 5778 villam
2507 5723 2740 5794 habebat
2783 5722 3098 5794 Gregorius.
3123 5717 3615 5794 quemadmodum

2041 5789 2270 5855 testatur
2301 5792 2594 5864 Gregorius
2623 5796 2906 5864 presbyter
2945 5791 2999 5847 iu
3033 5791 3203 5861 ipsius
3231 5789 3376 5844 Vita.
