4048 6278
471 371 490 428 Ι
502 368 604 432 303

1880 381 2262 446 ADDENDA.

3593 381 3731 450 13M

466 479 688 534 curiose
713 477 1043 551 investigare
1070 489 1320 546 conatur,
1353 482 1437 539 his
1461 483 1638 539 verbis
1669 493 1857 540 utens:
1886 487 2058 558 Super
2086 501 2129 554 Α
2168 492 2372 548 Deinde
2427 507 2556 549 vero
2614 509 2709 564 per
2767 493 3192 563 descriptionem
3225 533 3240 558 ,
3299 492 3430 562 quid
3491 491 3689 546 viderit
3710 517 3726 535 ο

468 571 772 624 custodiam
830 587 998 625 meam
1045 573 1235 636 stabo,
1265 583 1314 628 et
1344 585 1548 641 petram
1601 578 1949 632 conscendam
2000 590 2052 634 et

468 666 890 732 contemuhbor,
929 677 990 720 ut
1032 667 1239 722 videam
1274 669 1400 739 quid
1437 671 1491 723 in
1525 687 1606 724 me
1650 671 1901 743 loquatur
1941 673 2051 726 Do-

469 760 670 824 minus,
703 769 750 814 et
773 760 898 827 quid
923 760 1264 828 respondeam
1295 762 1364 816 ad
1389 763 1816 834 redargutionem
1849 766 1948 820 mei
1983 767 2049 821 ".

473 849 680 904 Sensus
717 859 898 904 autem
929 851 1222 907 verborum
1264 851 1546 924 Pr0phetze
1577 866 1661 910 est
1695 855 2009 927 huiusmodi
2037 876 2050 912 :

471 943 726 997 Animum
777 944 846 997 ab
884 945 1034 999 omni
1091 945 1368 1000 mundana
1414 962 1547 1002 cura
1600 964 1794 1018 purum
1828 959 1880 1004 et
1914 950 2057 1005 inte-

473 1049 629 1104 grum
660 1034 877 1100 tuebor,
913 1045 968 1088 et
996 1035 1048 1088 in
1074 1037 1447 1092 ﬁrmissimam
1486 1039 1781 1108 quamdam
1819 1055 1883 1095 ac
1910 1040 2056 1095 velut

474 1126 530 1178 in
570 1125 790 1180 sublimi
827 1126 946 1181 loco
996 1129 1228 1196 positam
1305 1130 1634 1200 cogitatione
1703 1132 2053 1188 securitatem

475 1215 797 1281 convolabo,
829 1225 991 1286 atque
1017 1218 1192 1286 illinc,
1235 1223 1394 1290 quasi
1420 1237 1486 1275 ex
1519 1222 1721 1278 montis
1750 1223 2055 1287 cacumine,

475 1307 653 1362 oculis
698 1309 899 1364 mentis
950 1309 1275 1379 inspiciam,
1322 1327 1592 1382 quosnam
1647 1315 1713 1370 ad
1774 1330 1861 1371 me
1914 1315 2059 1371 Deus

457 1412 764 1451 sermones
800 1397 1088 1453 habiturus
1117 1399 1208 1463 sit,
1235 1400 1475 1470 quidque
1509 1401 1626 1470 ipse
1657 1402 1903 1458 dicturus
1930 1403 2058 1468 sim,

481 1490 526 1546 si
551 1503 852 1560 coarguere
890 1505 976 1544 me
1012 1488 1156 1545 Deus
1203 1490 1524 1557 instituerit,
1559 1501 1616 1547 ut
1649 1493 1742 1562 qui
1773 1509 1881 1549 non
1925 1493 2061 1550 satis

478 1592 637 1635 caute
667 1596 734 1635 ac
766 1581 1061 1650 prudenter
1092 1583 1206 1637 lucc
1233 1582 1398 1637 verba
1431 1584 1738 1637 extulerim.
1769 1583 1949 1649 Quare
1975 1600 2060 1640 re-

479 1673 646 1744 spicis
682 1675 747 1727 ad
791 1674 1239 1743 contemptores?
1269 1673 1524 1734 Tacebis.
1556 1691 1678 1730 cum
1721 1676 1947 1729 devorat
1976 1674 2062 1744 in.

479 1776 601 1822 stus
652 1767 922 1836 impium?
965 1768 1146 1836 Atque
1200 1768 1313 1823 haec
1362 1777 1492 1823 sunt
1545 1768 1824 1838 Propheta:
1874 1770 2060 1833 verba,

2155 581 2396 652 quidque
2447 584 2736 650 audiverit,
2775 593 2981 638 narrat.
3014 581 3151 638 Nam
3213 592 3268 638 et
3304 598 3596 653 personam
3637 583 3735 636 de-

2155 673 2370 740 scribit,
2423 676 2552 745 quia
2597 676 2714 744 vir;
2777 686 2833 731 et
2883 677 3108 742 locum,
3146 676 3276 744 quia
3333 674 3388 729 in
3452 673 3734 737 nubibus;

2156 767 2424 834 modum,
2485 770 2614 840 quia
2677 770 3096 836 conscendens;
3155 777 3211 823 et
3266 767 3734 833 magnitudinem,

2155 860 2286 930 quia
2314 861 2605 927 sublimis;
2639 859 2868 916 formam
2896 863 3048 924 item,
3079 859 3206 929 quia
3240 859 3438 929 angelo
3495 857 3736 920 similis;

2157 953 2442 1018 amictum,
2505 954 2634 1022 quia
2698 951 2901 1023 fulguri
2957 950 3192 1016 similis;
3252 949 3542 1012 habitum,
3601 948 3738 1018 quia

2159 1060 2380 1099 manum
2413 1045 2644 1109 extulit;
2683 1058 2894 1107 vocem,
2962 1043 3092 1111 quia
3125 1041 3370 1096 buccina:
3401 1054 3508 1093 non
3565 1039 3744 1093 dissi-

2160 1137 2340 1204 milis;
2387 1152 2453 1192 ac
2481 1137 2718 1206 denique
2771 1149 3057 1190 sermones
3082 1147 3225 1203 quos
3277 1132 3370 1186 ille
3411 1133 3746 1201 prolocutus

2159 1235 2264 1290 est,
2283 1227 2376 1296 qui
2403 1243 2461 1283 se
2479 1227 2924 1296 conspiciendum
2944 1226 3197 1297 praebuit.
3210 1225 3451 1295 Angelus
3467 1238 3634 1294 porro
3656 1221 3748 1275 hic

2163 1327 2268 1383 est,
2304 1334 2410 1373 non
2442 1329 2623 1375 autem
2655 1317 2904 1373 Christus
2925 1357 2943 1384 ,
2984 1326 3046 1372 ut
3077 1316 3302 1388 quidam
3329 1315 3751 1372 existimarunt.

2163 1407 2299 1464 Nam
2361 1409 2410 1464 si
2445 1408 2704 1466 Christus
2762 1408 2978 1473 fuisset,
3029 1407 3318 1464 dicendum
3375 1405 3483 1476 ipsi
3519 1404 3750 1459 fuerat:

2163 1499 2303 1568 Quia
2332 1515 2434 1572 ego
2464 1516 2496 1556 a
2529 1501 2761 1556 mortuis
2791 1501 3026 1556 surrexi.
3069 1499 3231 1570 Atqui
3271 1498 3412 1554 dixit
3447 1497 3755 1553 :Christus

2163 1606 2226 1645 ex
2263 1592 2518 1647 mortuis.
2563 1591 2642 1647 Ex
2683 1607 2792 1662 quo
2820 1592 3110 1660 perspicue
3159 1597 3374 1645 constat
3409 1605 3535 1644 eum
3570 1588 3751 1640 alium

2166 1683 2337 1740 fuisse
2379 1699 2545 1754 quam
2605 1681 2909 1738 Christum.
2964 1680 3085 1736 Jam
3143 1682 3288 1736 idem
3337 1695 3559 1751 quoque
3614 1693 3758 1732 voce

2167 1790 2368 1846 magna
2407 1773 2684 1829 clamavit.
2713 1776 2896 1843 Atque
2933 1774 3214 1844 explicans
3237 1771 3553 1842 Theologus
3588 1770 3757 1840 quis-

487 1862 600 1915 Inrc
628 1861 920 1916 verborum
971 1861 1265 1915 sententia.
1301 1859 1611 1932 Theologus
1643 1877 1826 1930 porro,
1860 1863 2065 1918 oratio-
2098 1855 2138 1912 Β
2171 1882 2296 1920 nam
2351 1867 2397 1920 is
2429 1873 2596 1930 esset,
2632 1864 2729 1934 qui
2759 1865 3056 1920 clamorem
3105 1863 3420 1926 sustulerat,
3454 1869 3612 1931 optat
3641 1860 3756 1914 sibi

485 1966 607 2005 nem
641 1951 952 2016 exordiens,
979 1951 1128 2006 illius
1173 1952 1337 2006 verba
1377 1953 1444 2007 ad
1485 1969 1727 2022 prasens
1771 1969 2066 2024 argumeno

483 2049 599 2095 tum
634 2042 934 2112 adoptavit.
971 2042 1296 2113 Quanquam
1335 2045 1439 2099 hoc
1491 2045 1740 2108 interest,
1773 2047 1918 2116 quod
1959 2043 2067 2098 Ha-

483 2135 655 2189 bacuc
684 2149 781 2204 per
811 2135 1123 2191 custodiam
1162 2136 1363 2191 mentis
1411 2137 1747 2206 vigilantiam
1798 2137 2065 2209 intelligit,

486 2241 583 2294 per
608 2233 816 2295 petram
872 2236 1078 2290 autem,
1116 2228 1432 2284 firmitatem
1477 2238 1531 2283 et
1575 2230 1963 2284 constantiam.
1999 2232 2070 2284 At

484 2321 644 2376 divus
679 2321 982 2392 Gregorius
1029 2322 1424 2378 sacerdotalem
1460 2332 1806 2390 potestatem.
1841 2333 1896 2380 et
1933 2339 2070 2378 eon-

485 2413 892 2482 templationem
916 2412 1019 2468 sibi
1051 2413 1331 2478 donatam,
1368 2415 1676 2468 custodiam
1697 2423 1878 2469 vocat.
1910 2413 2054 2469 Pon-

488 2505 666 2560 tifices
697 2505 866 2568 enim,
894 2505 986 2574 qui
1021 2503 1114 2560 Dei
1146 2514 1202 2561 et
1235 2505 1518 2560 hominum
1557 2506 1884 2562 mediatores
1922 2516 2072 2574 sunt,

490 2611 582 2651 res
634 2595 946 2665 hujusmodi
1011 2611 1258 2664 quaerere
1313 2605 1369 2651 et
1395 2596 1754 2666 contemplari
1806 2612 1908 2653 suo
1949 2596 2074 2668 jure

495 2697 746 2757 possunt.
779 2686 1051 2742 Caeterum
1085 2688 1178 2756 qui
1207 2686 1531 2756 Gregorium
1579 2703 1676 2759 per
1706 2688 1994 2755 visionem,
2021 2690 2073 2744 id

495 2776 643 2846 quod
672 2791 815 2832 nunc
863 2786 1072 2842 narrat,
1117 2777 1402 2847 aspexisse
1441 2778 1617 2839 aiunt.
1653 2779 1813 2850 longe
1863 2771 1994 2834 inihi
2043 2796 2074 2836 a

497 2867 730 2922 veritate
769 2869 1029 2922 aberrare
1070 2869 1342 2923 videntur.
1381 2870 1501 2938 ipse
1546 2869 1694 2924 enim
1743 2871 1816 2924 ait
1848 2870 1949 2925 sibi
1989 2887 2077 2926 res

498 2959 815 3030 hujusmodi
868 2960 1216 3030 inquirendi,
1287 2970 1452 3031 atque
1502 2969 1616 3016 tum
1673 2972 1852 3018 mente
1905 2963 2079 3018 infor-

497 3054 705 3120 mandi,
744 3063 855 3107 tum
885 3055 1050 3108 etiam
1080 3054 1264 3110 verbis
1300 3054 1615 3118 enarrandi,
1643 3070 1673 3109 a
1705 3055 1909 3125 Spiritu
1947 3071 2077 3110 san-

495 3157 582 3201 cto
617 3145 814 3201 laetam
847 3161 968 3203 esse
1009 3157 1362 3219 potestatem.
1419 3146 1592 3204 Stabo
1619 3149 1787 3220 igitur
1819 3149 1873 3203 in
1923 3157 2076 3217 pote-

495 3247 636 3292 state
677 3239 809 3292 mihi
855 3241 1003 3307 data,
1029 3249 1194 3310 atque
1241 3239 1527 3310 inspiciam
1553 3278 1569 3304 ,
1603 3256 1699 3296 seu
1741 3240 2077 3309 contempla-

498 3329 616 3393 bor,
648 3331 908 3399 quidnam
935 3332 1110 3387 oculis
1157 3347 1280 3387 sese
1310 3329 1492 3398 offert,
1525 3347 1588 3386 ac
1630 3347 1822 3386 rursus
1869 3346 2076 3400 cogno-

497 3437 670 3486 scarn,
707 3424 837 3492 quid
863 3423 1100 3478 dicetur.
1139 3422 1273 3477 Nam
1309 3421 1767 3493 quemadmodum
1818 3422 1895 3483 id,
1931 3422 2076 3491 quod

498 3515 762 3577 cernitur,
801 3515 973 3570 visum
1011 3515 1242 3585 requirit
1273 3555 1288 3581 ,
1320 3517 1415 3581 ita,
1461 3514 1606 3585 quod
1652 3529 1746 3568 ore.
1780 3513 2072 3585 profertur,

501 3607 815 3675 cognitione
847 3621 986 3676 Opus
1013 3608 1196 3662 habet.

574 3697 764 3751 l’seun
797 3714 1104 3754 exposmo.
1143 3699 1323 3768 Super
1354 3699 1680 3754 custodiam.
1724 3697 1978 3754 Custodia
1999 3709 2076 3754 est

499 3791 697 3845 anima:
728 3793 1142 3862 uniuscujusque
1184 3793 1413 3847 hominis
1442 3793 1706 3856 modulus,
1741 3792 1897 3862 juxta
1929 3809 2078 3863 quem

500 3895 645 3935 certa
688 3884 1025 3950 proportione
1057 3885 1265 3938 divinas
1309 3885 1534 3938 uisiones
1569 3889 1812 3954 suscipit.
1851 3883 1994 3936 Nam
2035 3883 2080 3935 si

502 3975 620 4041 quis
656 3975 817 4027 altius
848 3990 939 4041 per
967 3975 1462 4045 contemplationem
1493 3992 1546 4030 se
1573 3975 1886 4046 porrexerit,
1932 3974 2082 4026 ober-

504 4066 659 4118 rarit.
751 4065 1084 4120 Petestatem
1141 4077 1196 4121 et
1246 4067 1698 4136 speculationem.
1763 4065 2078 4119 Potestatem

504 4155 660 4221 dixit,
693 4158 944 4224 quoniam
977 4159 1144 4211 omnis
1175 4159 1358 4212 anima
1397 4159 1466 4211 ad
1499 4158 1734 4212 divinam
1761 4157 2082 4226 simplicita-

507 4257 610 4299 tem
638 4259 834 4311 evecta,
857 4256 908 4302 ct
937 4265 1053 4303 cum
1083 4252 1210 4320 ipsis
1242 4251 1434 4305 divinis
1461 4250 1749 4305 visionibus
1785 4250 2084 4304 immediate

506 4338 869 4404 congrediens,
896 4339 1202 4405 Imjusmodi
1248 4339 1561 4409 spectaculis
1593 4340 1751 4393 libere
1783 4349 1831 4393 et
1856 4356 1951 4409 pro
1984 4356 2082 4408 po-

509 4438 694 4484 testate
729 4433 897 4484 utitur
930 4448 948 4486 :
989 4443 1144 4504 atque
1183 4435 1252 4487 ad
1282 4434 1610 4488 audientium
1641 4445 1851 4502 captum
1882 4443 1931 4485 et
1958 4449 2084 4502 pro-

507 4521 797 4586 portionem
827 4540 938 4576 sese
961 4524 1262 4588 dentittens,
1297 4534 1346 4578 et
1381 4541 1440 4578 ea
1471 4525 1746 4593 informat,
1775 4541 1891 4594 qua:
1936 4523 2085 4576 nulla

509 4611 681 4678 forma
702 4614 928 4680 exprimi
959 4626 1171 4683 queunt,
1193 4625 1241 4670 et
1267 4631 1329 4668 ea
1361 4615 1533 4684 lingit,
1560 4631 1676 4684 qua?
1708 4613 1858 4668 nulla
1880 4615 2085 4667 ratione

509 4705 639 4772 [iugi
667 4707 1016 4772 constituique
1040 4719 1278 4775 possunt.
1311 4706 1737 4775 Speculationem
1769 4716 1943 4759 autent
1985 4712 2088 4758 ad-

511 4797 671 4857 didit,
693 4799 818 4866 quia
841 4800 1021 4852 anima
1059 4801 1284 4854 risiones
1313 4800 1518 4853 divinas
1549 4813 1878 4869 nequaquam
1905 4799 2090 4853 volun-

515 4898 621 4940 tate
650 4890 884 4951 metitur,
908 4906 1082 4942 verum
1105 4891 1424 4944 intellectiva
1449 4893 1496 4945 vi
1519 4902 1568 4945 et
1593 4891 1872 4960 facultate,
1895 4891 2089 4958 ipsius-

513 4999 609 5053 que
640 4981 971 5051 purgationis
1003 4983 1239 5036 modulo.

583 5071 702 5126 Col.
740 5071 847 5125 625
881 5071 942 5124 A.
986 5069 1052 5123 Et
1081 5072 1222 5135 steti,
1252 5089 1318 5125 ac
1342 5072 1642 5141 speculatus
1683 5089 1799 5126 sum
1830 5089 1849 5127 :
1889 5082 1937 5128 et
1975 5091 2090 5128 ecce

513 5163 613 5227 uir,
661 5171 767 5216 etc.
820 5163 1110 5231 Postquam
1168 5163 1304 5218 dixit
1335 5182 1348 5218 :
1382 5161 1542 5218 Stabo
1587 5167 1638 5218 in
1670 5166 1912 5218 custodia
1952 5181 2088 5226 mea,

515 5272 638 5309 cum
674 5255 948 5317 llabacuc,
975 5264 1024 5307 et
1044 5256 1376 5324 speculabor,
1409 5273 1553 5312 nunc
1582 5259 1812 5312 ostendit
1839 5275 1922 5327 se,
1941 5259 2086 5323 quod

518 5357 889 5416 proposuerat,
929 5349 1144 5404 fecisse.
1195 5349 1389 5404 Libere
1437 5351 1579 5404 enim
1605 5391 1620 5415 ,
1669 5352 1868 5421 inquit,
1904 5363 1953 5405 et
1992 5367 2092 5421 pro

521 5447 785 5499 arbitratu
833 5443 1282 5514 eonteinplatioui
1341 5445 1813 5515 auimum-adjeci.
1875 5445 1940 5499 Et
1967 5444 2091 5500 steti

520 5537 571 5590 in
605 5539 825 5592 sublimi
889 5541 1042 5600 loco,
1097 5554 1160 5592 cx
1195 5551 1303 5606 quo
1362 5553 1580 5605 possem
1636 5554 1722 5592 res
1775 5538 2092 5608 huiusmodi

523 5627 719 5681 intueri
751 5645 764 5680 :
803 5637 963 5696 atque
1006 5642 1068 5680 ea
1101 5625 1233 5692 vidi,
1262 5642 1382 5695 qua:
1432 5640 1577 5680 nunc
1609 5628 2087 5680 commemorabo.

2103 3200 2150 3262 C

2167 1970 2390 2024 quoque
2416 1970 2604 2011 vocem
2645 1953 2906 2025 angelica:
2942 1969 3128 2025 parem
3175 1955 3315 2009 dari.
3347 1955 3616 2020 Quocirca
3644 1969 3758 2006 an-

2171 2047 2350 2116 gelum
2380 2063 2503 2103 esse
2549 2062 2773 2103 necesse
2801 2055 2906 2112 est,
2941 2045 3036 2116 qui
3070 2047 3176 2101 hoc
3207 2047 3325 2100 loco
3349 2061 3445 2115 per
3475 2045 3757 2100 orationis

2171 2142 2488 2212 figmentum
2537 2149 2762 2210 apparet
2800 2155 2864 2194 ac
2907 2139 3069 2193 verba
3121 2137 3271 2193 facit.
3335 2139 3522 2191 Virum
3579 2151 3757 2206 porro

2171 2251 2296 2290 cum
2338 2234 2585 2289 nominat
2629 2233 2962 2304 Gregorius,
2994 2231 3254 2303 quoniam
3287 2229 3518 2300 angelus
3573 2229 3756 2283 haud-

2173 2340 2476 2397 quaquam,
2518 2334 2578 2380 ut
2630 2334 2825 2379 natura
2877 2339 2976 2379 sua
3006 2329 3115 2388 est,
3147 2336 3410 2392 apparere
3441 2319 3627 2374 solet:
3654 2335 3758 2372 ve-

2175 2433 2296 2471 rum
2356 2417 2412 2471 iu
2468 2415 2748 2471 hominem
2827 2416 3270 2470 transformatus.
3334 2411 3494 2478 Quod
3561 2419 3752 2466 autem

2177 2509 2356 2579 ipsum
2390 2508 2567 2564 nubes
2608 2507 2999 2563 conscendisse
3051 2505 3252 2576 inquit,
3287 2504 3391 2560 hoc
3423 2519 3491 2559 ea
3539 2503 3760 2559 ratione

2175 2599 2332 2663 dicit,
2369 2598 2499 2669 quia
2536 2598 2672 2654 levis
2703 2607 2758 2653 et
2785 2597 3038 2654 sublimis
3062 2597 3382 2666 angelorum
3420 2603 3623 2650 natura
3647 2603 3758 2658 est,

2176 2705 2274 2760 per
2306 2705 2487 2744 aerem
2541 2690 2678 2744 mira
2708 2689 2986 2744 celeritate
3025 2703 3274 2743 currens.
3326 2685 3397 2742 Ut
3424 2698 3608 2741 autem
3638 2703 3763 2757 per-

2177 2782 2368 2852 spicue
2402 2782 2650 2837 ostendat
2681 2780 2987 2852 Gregorius
3019 2782 3224 2844 virum,
3257 2780 3323 2835 de
3344 2796 3453 2849 quo
3489 2779 3760 2850 loquitur,

2178 2875 2432 2944 angelum
2472 2890 2616 2941 esse,
2653 2874 2951 2943 subiungit,
3008 2873 3278 2941 Aspectus
3304 2873 3446 2940 ejus,
3491 2881 3552 2924 ut
3597 2886 3760 2939 aspe-

2181 2975 2302 3020 ctus
2338 2967 2538 3038 angeli.
2602 2964 2757 3021 Hunc
2806 2981 2972 3035 porro
3016 2965 3178 3019 talem
3216 2963 3492 3033 depingit,
3537 2963 3757 3032 qualem

2181 3055 2439 3110 mulieres
2508 3055 2563 3109 in
2661 3055 2912 3125 sepulcro
2998 3063 3425 3123 conspexerunt,
3492 3053 3754 3106 nimirum

2183 3146 2470 3201 candidam
2549 3156 2751 3201 vestem
2793 3155 3118 3216 gestantem.
3175 3144 3314 3212 Quin
3373 3145 3553 3214 majus
3589 3145 3757 3197 etiam

2184 3236 2440 3304 quiddam
2469 3236 2694 3290 indicat.
2734 3235 2869 3290 Nam
2921 3237 3179 3290 amictum
3213 3236 3414 3301 fulguri
3451 3243 3758 3302 comparat,

2183 3325 2485 3396 etquidem
2542 3326 2800 3382 ocissime
2855 3327 3215 3395 percurrenti.
3251 3326 3528 3392 Quidnam
3576 3335 3756 3378 autem

2187 3415 2290 3472 sibi
2336 3418 2472 3482 vult,
2525 3433 2650 3474 cum
2713 3419 2792 3473 ait
2839 3433 2964 3473 cum
3005 3418 3279 3472 Orientem
3338 3432 3529 3471 \ersus
3564 3432 3760 3470 manus

2187 3511 2513 3566 sustulisse?
2545 3509 2800 3574 fortasse,
2840 3522 2900 3564 ιιι
2934 3527 3030 3582 per
3058 3511 3360 3573 Orientem,
3390 3510 3593 3564 Christi
3627 3510 3764 3562 «clivi-

2187 3603 2408 3658 nitatcm
2443 3605 2734 3673 exprimat.
2772 3603 2906 3659 Nam
2939 3613 2992 3659 et
3018 3603 3224 3658 Lunren
3284 3603 3569 3671 spirituale
3591 3602 3670 3664 ",
3707 3612 3762 3657 et

2188 3695 2280 3751 Sol
2309 3697 2617 3766 iustitiae",
2663 3708 2718 3754 et
2761 3696 3020 3754 Oriensm
3057 3697 3110 3752 in
3168 3694 3449 3764 Scriptura
3508 3695 3762 3751 Christus

2189 3789 2502 3846 nominatus
2535 3801 2640 3845 est.
2691 3791 2867 3861 Atque
2908 3793 3070 3846 etiam
3126 3790 3292 3844 David
3336 3787 3612 3844 Orientem
3655 3788 3764 3843 Deo

2188 3883 2431 3951 assignat
2484 3883 2568 3938 his
2631 3884 2810 3937 verbis
2848 3883 3115 3938 :Psallite
3160 3883 3405 3946 Domino,
3436 3883 3528 3950 qui
3581 3899 3766 3937 ascen-

2189 3973 2266 4028 dit
2301 3991 2458 4043 super
2523 3975 2707 4029 caelum
2750 3976 2866 4029 cali
2921 3977 2991 4029 ad
3051 3975 3316 4030 Orientem
3354 3976 3417 4029 ".
3451 3973 3548 4028 Vel
3596 3975 3760 4028 etiam
3819 4000 3822 4003 -

2193 4066 2424 4122 fortasse
2488 4075 2547 4118 ut
2613 4067 2920 4134 paradisum
2986 4067 3053 4121 ad
3111 4064 3384 4120 Orientem
3443 4065 3715 4121 consitum
3750 4107 3765 4128 ,

2191 4171 2256 4210 ac
2309 4172 2402 4226 pt‘l‘
2443 4157 2572 4210 Azlze
2613 4158 3099 4226 transgressionem
3152 4158 3400 4212 clausum
3442 4172 3638 4212 rursus
3671 4171 3766 4226 per

2191 4246 2395 4302 Christi
2428 4249 2883 4304 resurrectionem
2912 4247 3244 4317 patefactum
3267 4264 3388 4303 esse
3403 4249 3764 4303 demonstret.

2192 4339 2457 4410 Angelum
2494 4350 2677 4394 autem
2736 4339 2943 4394 inducit
3001 4339 3228 4394 tonitrui
3263 4341 3367 4393 ritu
3393 4379 3407 4398 .
3448 4339 3531 4393 vel
3582 4340 3764 4408 potius

2194 4432 2439 4486 buccina:
2480 4431 2653 4486 instar
2701 4431 3049 4494 clamantem,
3096 4441 3157 4484 ut
3187 4431 3257 4484 ab
3309 4430 3568 4484 omnibus
3592 4446 3765 4484 exau-

2121 4562 2162 4616 D
2194 4525 2375 4578 diatur
2413 4541 2428 4578 :
2468 4531 2652 4591 utpote
2696 4522 2790 4591 qui
2826 4521 3084 4577 omnibus
3118 4520 3315 4575 salutis
3361 4535 3458 4591 per
3490 4520 3768 4575 Christum

2197 4623 2430 4685 accepta:
2474 4615 2727 4668 nuntium
2763 4612 2973 4668 afferat.
3010 4613 3196 4666 Dicere
3223 4612 3386 4666 etiam
3417 4611 3543 4682 quis
3599 4614 3772 4682 possit

2201 4708 2306 4762 huc
2338 4706 2381 4761 Τ
2389 4705 2674 4776 hcologum
2725 4717 3002 4772 spectasse
3023 4745 3038 4770 ,
3093 4713 3150 4758 ut
3190 4719 3284 4773 per
3312 4703 3411 4758 has
3445 4719 3646 4759 omnes
3675 4707 3769 4756 de-

2201 4799 2534 4868 scriptiones
2599 4785 3000 4852 fbrmidabilem
3067 4795 3320 4864 angelum
3391 4804 3768 4863 repraesentet.

2202 4890 2518 4958 llujusenmli
2576 4903 2812 4957 namque
2846 4903 2970 4941 cum
3019 4887 3281 4949 ostendit,
3315 4896 3427 4940 tum
3457 4901 3489 4940 a
3519 4885 3769 4940 sublimi-

2111 5015 2115 5018 ς
2199 4991 2328 5044 tate,
2369 4992 2479 5035 tum
2517 4995 2545 5033 a
2591 4979 2990 5049 magnitudine,
3033 4993 3062 5030 a
3097 4979 3270 5030 forma
3298 4977 3424 5030 item
3459 4985 3514 5030 et
3558 4977 3762 5031 amictu

2199 5089 2261 5126 ac
2294 5087 2444 5125 voce.
2495 5070 2696 5123 Adhaec
2735 5066 3086 5122 multitudine
3133 5066 3448 5135 angelorum
3497 5080 3624 5118 eum
3657 5067 3768 5118 cin-

2199 5174 2344 5219 ctum
2375 5162 2693 5227 introducit,
2721 5161 2860 5215 idem
2879 5159 3131 5214 videlicet
3157 5158 3356 5212 Christi
3380 5156 3768 5211 resurrectioni

2200 5258 2467 5320 tribuens,
2505 5255 2727 5324 quodin
2757 5253 2930 5321 ipsius
2963 5251 3242 5305 nativitatc
3274 5250 3598 5317 contigerat.
3634 5249 3765 5301 Tum

2200 5347 2343 5400 cnim
2378 5347 2606 5414 angelus
2648 5342 2860 5396 Domini
2923 5341 3234 5411 pastoribus
3290 5342 3464 5393 astitit
3515 5354 3766 5409 maguum

2203 5440 2336 5493 illud
2376 5440 2632 5508 gaudium
2664 5435 3017 5494 annuntians.
3077 5443 3131 5486 ct
3190 5443 3412 5498 repente
3473 5432 3618 5486 facta
3683 5442 3764 5485 est

2203 5549 2327 5586 cum
2361 5533 2554 5599 angelo
2588 5528 2880 5584 multitudo
2915 5527 3119 5580 militia:
3163 5526 3405 5579 cmlcstis
3432 5525 3767 5579 laudantium

2205 5623 2380 5677 Deum
2445 5631 2502 5675 et
2561 5619 3025 5684 dicentium,ctc.
3085 5615 3323 5670 Proinde
3381 5630 3529 5669 nunc
3560 5626 3773 5684 quoque

594 5790 636 5821 ¹⁸
677 5788 861 5840 llabac
921 5802 979 5852 ll,
1007 5790 1054 5840 t.
1126 5785 1345 5841 “‘Joan.
1372 5801 1493 5853 viti,
1536 5787 1622 5842 12,
1701 5787 1741 5820 ⁸⁷
1785 5785 2015 5840 Malach.
2049 5801 2120 5852 tv,
2152 5785 2208 5837 9..
2288 5783 2328 5814 ⁸⁸
2359 5781 2489 5837 Luc.
2531 5783 2679 5850 t,78.
2761 5755 2802 5813 ’ί
2839 5779 2981 5834 Psal.
3014 5794 3186 5843 LXVII,
3221 5774 3308 5831 3i.
