4064 6274
297 407 437 471 1305

1280 421 1594 484 NICETAS
1635 423 1714 484 ΙΝ
1753 423 1972 486 ORAT.
2015 427 2179 488 XLII
2220 429 2278 491 S.
2320 429 2546 495 GREG.

3395 435 3530 499 1306

287 525 966 620 angelusresurreetionis
990 533 1239 588 nuntium
1266 535 1518 593 deferens
1551 540 1850 602 inducitur,
1887 543 1926 598 Λ
1963 546 2140 608 rediit,
2174 546 2226 600 id
2264 555 2346 603 est
2372 548 2438 602 ad
2482 547 2783 604 divinitatis
2834 563 2949 603 suae
3002 548 3417 620 amplitudinem
3470 563 3528 608 et

287 625 348 670 et
391 614 708 685 angelorum
734 621 1010 676 exercitus
1038 624 1314 680 Christum
1353 643 1382 681 a
1427 630 1658 686 mortuis
1698 645 1854 686 revo-

286 718 474 764 catum
514 711 926 768 eoncclebrans.
989 715 1157 771 Porro
1218 719 1318 774 has
1378 736 1570 778 omnes
1622 738 1780 779 voces
1825 739 1855 778 a

285 803 571 872 prophetis
602 813 879 859 mutuatus
904 816 986 861 est
1024 808 1352 881 Theologus.
1394 811 1528 868 Nam
1575 823 1630 869 et
1670 815 1852 870 Daniel

285 895 376 949 bis
414 895 595 951 verbis
623 897 795 952 utitur
831 916 845 951 :
883 899 1013 953 Ecce
1038 905 1182 956 stetit
1211 921 1394 958 coram
1417 923 1497 960 me
1528 918 1588 962 ut
1615 919 1858 975 aspectus

282 987 388 1040 tiri
406 987 474 1040 *°.
506 985 570 1040 Et
599 1003 793 1044 rursus
828 1007 844 1042 :
891 989 1025 1044 Ecce
1054 994 1133 1047 vir
1161 996 1387 1051 amictus
1421 1015 1576 1052 sacra
1616 999 1776 1061 stola,
1809 1009 1859 1054 et

283 1080 459 1133 imitus
483 1079 598 1144 eius
624 1082 760 1134 sicut
800 1093 1042 1149 aspectus
1069 1086 1317 1156 fulguris,
1351 1098 1401 1142 et
1433 1106 1534 1144 vos:
1560 1107 1858 1146 sermonum

279 1173 434 1226 illius
493 1182 550 1227 ut
601 1189 701 1227 eoa:
759 1175 1118 1232 multitudinis
1175 1181 1448 1248 popularis
1471 1183 1538 1236 ".
1601 1183 1666 1238 Et
1717 1186 1856 1254 apud

277 1265 496 1319 Nullum
540 1264 620 1319 sic
652 1265 916 1334 scriptum
963 1268 1194 1323 habetur
1224 1290 1240 1325 :
1266 1273 1516 1337 Aspecttts
1575 1292 1755 1329 eorum
1803 1287 1860 1330 ut

276 1356 557 1426 lampades
587 1357 744 1426 ignis,
769 1366 817 1410 et
851 1358 988 1412 sicut
1017 1359 1236 1431 fulgura
1265 1365 1712 1421 discurrentia“.
1758 1367 1860 1422 Po-

278 1459 494 1502 stremo
528 1449 596 1501 de
623 1463 756 1503 voce
798 1449 865 1503 ad
911 1451 1055 1506 hune
1103 1455 1324 1510 modum
1351 1455 1594 1512 Joannes
1624 1458 1860 1512 Theolo-

279 1557 385 1608 gns
412 1541 654 1609 loquitur
703 1539 820 1596 :Et
869 1545 1052 1598 audiri
1091 1562 1263 1600 vocem
1325 1565 1572 1620 magnam
1618 1561 1734 1620 post
1780 1567 1860 1605 me

283 1643 540 1700 tanquam
577 1650 750 1688 uocem
776 1637 980 1692 tnbte”.
1011 1637 1170 1692 Nunc
1199 1640 1328 1708 qttid
1363 1642 1590 1710 angelus
1642 1641 1856 1707 clamet,

282 1725 614 1781 audiamus:
649 1725 820 1782 llodic
866 1729 1018 1784 salus
1067 1732 1272 1786 mundo
1292 1740 1401 1786 tam
1431 1733 1657 1797 visibili,
1685 1749 1849 1801 quam

279 1819 564 1874 invisibili.
599 1818 738 1885 Quid
789 1835 920 1875 vero
979 1822 1272 1878 invisibilis
1312 1839 1532 1893 quoque
1592 1825 1850 1889 mundus,

1959 637 2415 707 dignitatem,qua
2440 647 2658 708 propter
2685 638 3146 708 dispensationem
3173 640 3237 695 ad
3269 641 3524 711 exiguum

1962 743 2174 796 tempus
2225 731 2494 800 Spoliatus
2542 739 2706 800 atque
2736 730 3048 786 exinanitus
3105 729 3301 785 fuerat.
3358 732 3520 786 Reee-

1959 833 2086 892 ptus
2137 823 2282 876 cuitu
2341 823 2407 877 ad
2471 823 2722 877 dextram
2769 821 2949 877 Patris
3007 823 3274 877 consedit.
3334 821 3528 877 Redite

1961 915 2125 977 igitur
2156 927 2250 966 vos
2279 928 2495 983 quoque
2524 914 2590 967 ad
2618 922 2853 967 veterem
2885 913 3226 981 splendorem
3263 924 3316 967 et
3349 915 3526 982 digni—

1961 1015 2148 1072 tatem,
2185 1021 2249 1060 ac
2286 1005 2483 1060 divina:
2514 1005 2768 1074 imaginis
2793 1005 2982 1060 decus.
3011 1004 3163 1071 Quod
3196 1014 3372 1058 autem
3410 1008 3522 1060 ait:

1960 1098 2036 1154 Ex
2079 1098 2353 1160 mortuis,
2416 1097 2738 1166 simpliciter
2806 1113 2930 1152 eum
2989 1096 3293 1155 redivivum
3357 1111 3525 1164 appa-

1959 1190 2140 1246 ruisse
2179 1188 2482 1259 siguillcat;
2511 1188 2656 1258 quod
2683 1201 2812 1242 vero
2835 1187 3118 1256 sequitur:
3144 1186 3216 1241 Ex
3248 1186 3522 1255 sepulcro,

1962 1279 2175 1333 vincula
2200 1294 2420 1348 quoque
2459 1293 2640 1332 rerum
2676 1277 2743 1331 ad
2795 1278 3104 1346 sepulcrum
3137 1275 3524 1345 pertinentium

1958 1385 2082 1424 eum
2119 1370 2444 1440 perfregisse
2481 1369 2705 1431 indicat,
2743 1377 2798 1422 et
2832 1368 3148 1422 advolutum
3175 1375 3526 1421 monumento

1960 1461 2191 1527 lapidem
2254 1461 2619 1516 suhmovisse.
2699 1459 2964 1524 Quocirca
3026 1458 3192 1514 etiam
3279 1467 3402 1525 apte
3471 1465 3527 1510 et

1959 1560 2320 1620 congruenter
2347 1558 2475 1617 post
2514 1549 2628 1603 hzec
2681 1547 2844 1601 verba
2885 1564 2900 1600 :
2938 1545 3012 1600 Ex
3068 1545 3340 1615 sepulcro,
3393 1545 3526 1599 sub-

1955 1643 2161 1713 junsit.
2199 1643 2236 1694 Α
2272 1641 2477 1710 peccati
2506 1637 2740 1693 vinculis
2778 1637 3076 1692 solvimini.
3105 1636 3317 1690 Idcirco
3344 1645 3525 1688 autem

1961 1732 2156 1802 plurali
2187 1746 2412 1786 numero
2441 1730 2612 1784 dixit:
2639 1728 2713 1782 Ex
2744 1727 2996 1792 mortuis,
3032 1736 3085 1780 et
3117 1725 3228 1780 :Ex
3253 1725 3525 1796 sepulcro,

1959 1825 2087 1896 quia
2129 1824 2282 1878 solus
2317 1837 2380 1877 ex
2415 1821 2600 1875 multis
2644 1820 2874 1874 mortuis
2909 1834 3200 1888 resurgens
3247 1833 3352 1872 non
3408 1832 3528 1870 am-

283 1911 390 1964 hoc
413 1921 495 1966 est
522 1912 721 1981 angeli,
744 1912 919 1966 salute
957 1928 1094 1982 opus
1128 1888 1478 1970 habuerunt?
1508 1917 1646 1971 Nam
1678 1917 1848 1972 Luei-
1887 1888 1929 1941 Β
1960 1888 2104 1985 ptius
2159 1912 2411 1966 moritur.
2483 1911 2709 1972 Adhzec.
2765 1919 2936 1980 portae
2977 1907 3202 1970 inferni,
3256 1906 3530 1962 contrario

281 2001 388 2064 fer,
429 2012 482 2056 et
514 2005 688 2071 ipsius
733 2006 1004 2074 gregales,
1059 2022 1156 2060 nec
1192 2007 1260 2062 ad
1305 2009 1581 2064 meliorem
1617 2019 1851 2066 mentem

286 2094 582 2157 redierunt,
642 2110 742 2150 nec
787 2097 1015 2152 salutem
1063 2100 1342 2155 consecuti
1417 2112 1593 2156 sunt:
1655 2102 1852 2172 reliqui

281 2194 469 2239 autem
503 2186 704 2256 angeli,
744 2187 837 2255 qui
891 2201 921 2240 a
962 2186 1073 2240 Dro
1107 2203 1214 2243 non
1255 2189 1625 2255 desciverunt,
1677 2193 1854 2248 salute

286 2277 424 2332 nihil
458 2276 720 2348 indigent.
751 2281 1011 2345 Quaenam
1038 2280 1200 2349 igitur
1229 2283 1376 2337 salus
1407 2281 1662 2338 invisibili
1690 2299 1852 2338 mun-

283 2370 358 2424 do
407 2371 568 2423 allata
623 2371 748 2424 est?
802 2368 1059 2425 Nonnulli
1131 2372 1235 2426 hoc
1302 2376 1422 2429 loco
1475 2391 1569 2444 per
1619 2377 1852 2431 salutem

285 2461 719 2515 incolumitatem
765 2469 820 2515 et
865 2461 1230 2531 integritatem
1283 2464 1684 2532 intellexerunt,
1733 2481 1856 2535 qua:

283 2551 505 2619 quidem
547 2559 676 2605 tunc
726 2549 887 2605 nobis
933 2552 1184 2621 contigit,
1241 2567 1364 2607 cum
1406 2569 1502 2623 per
1565 2565 1852 2624 peccatum

281 2641 550 2708 oppressi,
587 2656 780 2696 rursus
808 2655 902 2707 per
930 2641 1131 2695 Christi
1164 2645 1614 2699 resurrectionem
1641 2647 1855 2700 incolu-

291 2729 468 2782 mitati
526 2731 765 2785 restituti
797 2746 1028 2798 sumus;
1062 2733 1273 2800 angelis
1304 2743 1510 2801 autem,
1547 2737 1675 2804 quia
1705 2737 1855 2805 juxta

283 2819 657 2888 evangelieam
715 2820 1028 2888 parabolam
1065 2823 1283 2877 inventa
1325 2839 1446 2886 ove,
1480 2841 1602 2895 qua:
1635 2827 1858 2884 aberra-

289 2920 467 2974 verat,
501 2919 599 2965 aut
631 2911 917 2974 drachma,
938 2927 1058 2980 quae
1085 2912 1288 2968 amissa
1322 2911 1520 2977 fuerat.
1553 2918 1696 2983 quod
1743 2931 1858 2972 cm-

289 3001 522 3056 lestibus
566 3000 738 3071 copiis
767 3001 976 3068 deerat,
1011 3002 1284 3072 expletum
1321 3010 1425 3059 est.
1461 3003 1648 3074 Angeli
1677 3016 1856 3062 autem

285 3095 379 3162 qui
421 3095 576 3164 prius
629 3094 772 3148 hanc
826 3095 1090 3149 rationem
1146 3094 1442 3156 habebant.
1483 3104 1543 3150 ut
1575 3097 1860 3154 dilliculter

1961 2007 2144 2070 modo,
2181 2013 2346 2073 atque
2386 2003 2535 2066 prius
2585 2001 2854 2065 solebant,
2893 2001 3233 2070 aperiuntur,
3277 1997 3530 2052 videlicet

1960 2113 2069 2151 non
2104 2105 2160 2150 ut
2203 2106 2545 2149 mortuorum
2573 2093 2769 2147 animae
2801 2091 3130 2158 inferantur,
3167 2092 3258 2146 sed
3300 2102 3362 2145 ut
3397 2091 3530 2144 clie-

1959 2198 2148 2243 rautur
2177 2195 2232 2240 et
2269 2187 2624 2240 extrahantur
2655 2204 2669 2240 :
2705 2185 2769 2238 Et
2819 2199 2962 2238 mors
3005 2187 3339 2254 opprimitur.
3393 2183 3526 2237 Nam

1960 2295 2085 2332 cum
2123 2293 2268 2332 n.ors
2304 2291 2508 2345 corpus
2549 2291 2579 2329 a
2611 2284 2839 2344 peccato
2875 2276 3132 2340 liberum,
3165 2285 3219 2330 et
3251 2274 3527 2330 viviticum

1957 2371 2318 2434 degustasset,
2354 2383 2454 2422 nec
2489 2367 2542 2421 in
2595 2382 2662 2420 eo
2692 2377 2998 2436 peccatum,
3054 2382 3163 2436 quo
3190 2367 3305 2434 ipsa
3337 2366 3525 2428 alitur,

1958 2458 2296 2520 offendisset,
2348 2458 2562 2524 sublata
2618 2468 2671 2512 et
2700 2458 2967 2512 exstincta
3015 2467 3124 2520 est,
3178 2468 3233 2511 et
3280 2471 3403 2525 quas
3451 2454 3520 2507 ab

1959 2553 2167 2605 Adamo
2197 2549 2264 2602 ad
2296 2547 2546 2602 Messiam
2585 2564 2759 2618 usque
2798 2555 3136 2616 regnaverat,
3181 2546 3370 2602 eadem
3405 2553 3528 2614 post

1958 2642 2238 2698 Christum
2266 2639 2592 2708 corporibus
2628 2639 2831 2693 nostris
2866 2653 2972 2691 non
3011 2638 3248 2706 amplius
3281 2637 3531 2690 domina~

1960 2747 2068 2790 tur.
2105 2733 2360 2789 Christus
2408 2731 2552 2787 enim
2586 2745 2616 2785 a
2652 2731 2881 2785 mortuis
2922 2730 3192 2785 excitatus
3250 2729 3388 2782 viam
3443 2743 3528 2782 re-

1962 2824 2330 2882 surrectionis
2358 2823 2423 2878 ad
2463 2821 2938 2877 immortalitatem
2994 2819 3360 2874 morientibus
3386 2831 3529 2872 novo

1959 2933 2113 2972 more
2141 2914 2418 2986 patefecit.
2441 2912 2556 2969 Hoc
2590 2921 2771 2968 autem
2800 2913 3058 2966 dill'crunt
3090 2925 3236 2964 mors
3257 2918 3311 2964 et
3351 2907 3527 2963 infer-

1961 3026 2085 3074 nus,
2120 3009 2263 3077 quod
2298 3008 2391 3060 illa
2443 3021 2698 3075 corpora,
2740 3005 2829 3058 hic
2859 3004 3070 3058 animas
3119 3003 3361 3056 detineat
3406 3017 3420 3054 :
3456 2999 3526 3053 Et

1959 3108 2103 3152 vetus
2135 3097 2307 3150 Adam
2345 3097 2627 3166 abjicitur,
2684 3105 2733 3150 et
2759 3111 2918 3149 novus
2955 3094 3249 3164 perﬁcitur.
3284 3091 3413 3147 Haec
3453 3090 3524 3145 ab

285 3186 508 3255 quidem
541 3195 596 3238 et
641 3200 782 3256 agre
831 3191 898 3240 ad
951 3187 1152 3241 malum
1189 3187 1393 3242 moveri
1449 3199 1692 3256 possent,
1737 3200 1927 3269 postc
1961 3190 2220 3259 Apostolo
2278 3189 2537 3258 sumpsit,
2599 3187 2692 3258 qui
2761 3186 3010 3258 Ephesiis
3066 3185 3334 3247 scribens,
3390 3183 3466 3236 ait
3506 3198 3522 3234 :

283 3275 488 3330 Christi
527 3275 988 3329 resurrectionem
1031 3275 1082 3329 id
1114 3276 1396 3330 consecuti
1445 3286 1576 3332 sunt
1600 3316 1615 3340 ,
1654 3287 1712 3330 ut
1739 3279 1851 3347 jam

287 3385 356 3424 ne
386 3368 589 3421 moveri
621 3366 840 3437 quidem
877 3369 942 3421 ad
993 3369 1195 3422 malum
1229 3379 1454 3438 queant,
1513 3385 1620 3423 non
1659 3383 1850 3425 natura

286 3473 408 3522 sua,
435 3458 529 3511 sed
569 3457 766 3528 gratia.
824 3459 1004 3526 Atque
1059 3459 1134 3514 ita
1172 3459 1282 3513 illis
1311 3460 1460 3515 salus
1489 3476 1613 3517 esse
1677 3462 1853 3532 possit

287 3548 405 3618 ipsa
437 3557 612 3602 status
640 3547 984 3602 coolirmatio
1006 3589 1022 3616 ,
1069 3564 1180 3604 non
1226 3549 1338 3619 jam
1384 3553 1751 3608 metuentibus
1786 3569 1854 3607 ne

287 3644 339 3696 in
376 3643 611 3696 deterius
637 3651 948 3704 mutentur,
983 3653 1146 3709 atque
1181 3655 1301 3695 eam
1347 3643 1418 3696 ob
1471 3660 1690 3699 causam
1729 3659 1854 3713 per-

281 3742 430 3788 eant.
474 3731 568 3788 Vel
619 3732 852 3788 fortasse
893 3733 1110 3786 duobus
1141 3733 1355 3787 mundis
1390 3737 1619 3789 salutem
1643 3745 1851 3804 partant

282 3839 406 3877 esse
428 3823 646 3886 asserit,
679 3823 937 3876 invisibili
976 3830 1180 3882 autem,
1209 3833 1268 3874 ut
1293 3837 1411 3876 eam
1453 3826 1604 3893 prius
1629 3841 1852 3894 quoque

291 3914 534 3980 habenti,
573 3914 770 3968 visibili
799 3923 1003 3977 autem,
1057 3926 1111 3967 ut
1165 3928 1312 3967 nunc
1342 3929 1460 3968 eam
1487 3932 1579 3984 per
1604 3933 1852 3971 resurre-

285 4005 520 4058 ctionem
550 4013 872 4067 consecuto,
931 4013 991 4058 ut
1049 4005 1130 4060 sic
1169 4005 1256 4060 hic
1285 4006 1575 4061 verborum
1633 4023 1850 4070 sensus,

285 4097 433 4166 quod
471 4112 579 4152 non
615 4096 726 4166 jam
773 4096 947 4166 angeli
985 4098 1163 4152 solum
1212 4098 1388 4152 salute
1443 4098 1724 4164 fruuntur,
1755 4101 1849 4154 sed

284 4189 464 4258 angeli
522 4197 688 4259 atque
750 4189 1026 4252 homines,
1079 4189 1294 4244 diversa
1347 4199 1526 4244 tamen
1585 4192 1850 4246 ratione:

284 4283 364 4338 illi
397 4281 564 4346 enim,
593 4281 722 4351 quia
751 4280 998 4336 ordinem
1046 4296 1209 4336 suum
1242 4283 1582 4337 servaverint
1618 4301 1632 4338 :
1671 4285 1853 4337 homi-

283 4390 384 4430 nes
431 4383 636 4440 autem,
677 4374 804 4444 quia
838 4388 933 4443 per
967 4372 1171 4426 Christi
1209 4374 1663 4428 resurrectionem
1696 4391 1855 4428 revo-

282 4464 389 4518 cati
407 4474 459 4518 et
486 4465 650 4520 erecti
681 4472 826 4518 sunt.
862 4463 1013 4529 Quod
1039 4463 1084 4516 si
1118 4477 1222 4517 non
1247 4465 1600 4533 undequaqtte
1619 4465 1852 4518 nnmdus

1960 3281 2151 3335 Edocti
2197 3281 2317 3334 estis
2369 3280 2624 3347 deponere
2657 3289 2870 3334 veterem
2902 3279 3185 3343 hominem,
3240 3292 3303 3329 ac
3335 3290 3524 3328 novum

1957 3373 2174 3427 induere
2191 3371 2256 3424 ³⁸.
2299 3371 2420 3438 Quo
2445 3373 2565 3426 loco
2597 3387 2690 3440 per
2721 3379 2955 3425 veterem
2988 3367 3262 3422 hominem
3299 3367 3389 3436 qui
3430 3365 3526 3420 εἰθ-

1958 3465 2201 3537 ponitur,
2240 3467 2408 3520 vitam
2449 3463 2772 3518 sceleratam
2828 3461 3113 3531 intelligit;
3171 3475 3266 3529 per
3321 3473 3521 3511 novum

1956 3569 2161 3623 autem,
2202 3556 2296 3626 qui
2363 3556 2645 3625 perficitur
2673 3591 2688 3612 .
2746 3569 2864 3608 eam
2903 3553 3023 3606 vita:
3084 3552 3369 3612 rationem,
3403 3564 3528 3619 quae

1955 3649 2212 3704 omnibus
2231 3647 2447 3700 virtutis
2468 3645 2708 3700 numeris
2736 3645 3060 3699 absolvitur.
3093 3642 3327 3714 Cyrillus
3346 3651 3524 3694 tamen

1958 3757 2051 3808 per
2077 3753 2278 3793 novum
2307 3737 2583 3792 hominem
2622 3746 2675 3790 ct
2708 3752 2906 3791 novum
2944 3737 3209 3788 Adamuut
3243 3731 3524 3788 Christum

1957 3830 2254 3900 significari
2300 3838 2472 3899 putat,
2506 3845 2667 3899 quem
2709 3830 2793 3898 pie
2840 3837 3003 3898 atque
3052 3827 3260 3896 integre
3293 3823 3525 3877 vivendo

1957 3922 2261 3977 induimus.
2325 3922 2404 3975 Ad
2461 3937 2624 3991 quem
2690 3936 2961 3983 sensum,
3021 3933 3143 3987 qua:
3202 3923 3523 3984 sequentur,

1957 4013 2239 4068 commode
2265 4013 2569 4067 referentur
2603 4033 2616 4068 :
2648 4011 2709 4068 Si
2737 4029 2840 4084 qua
2878 4013 2932 4064 in
2961 4007 3173 4068 Christo
3219 4023 3351 4060 nora
3377 4022 3528 4058 crea-

1958 4117 2106 4168 tura,
2143 4106 2481 4168 renovemini,
2545 4105 2597 4160 id
2634 4117 2737 4170 est,
2770 4105 2973 4160 Omnes
3017 4103 3109 4172 qui
3143 4101 3358 4171 ﬂagitiis
3398 4113 3527 4152 cor-

1958 4197 2102 4265 rupti
2139 4193 2297 4260 estis,
2339 4203 2390 4250 et
2445 4203 2770 4249 vetustatem
2824 4195 3098 4264 peccando
3154 4187 3525 4248 contraxistis,

1955 4304 2020 4341 ac
2057 4287 2251 4343 deinde
2275 4303 2408 4341 nova
2445 4295 2694 4341 creatura
2731 4303 2824 4350 per
2869 4284 3196 4348 baptismum
3235 4279 3361 4335 facti
3394 4278 3526 4332 estis

1956 4394 2052 4450 per
2111 4377 2459 4448 quotidianas
2531 4377 2792 4430 virtutum
2867 4375 3277 4444 progressiones
3363 4381 3526 4439 atque

1957 4472 2292 4525 incrementa
2329 4467 2695 4524 renovemini.

282 4554 514 4610 visibilis
560 4555 790 4610 salutem
824 4555 1032 4623 accepit
1073 4555 1354 4624 (quoniam
1417 4571 1483 4610 ne
1513 4571 1704 4611 omnes
1731 4557 1854 4626 qui-
1889 4541 1930 4593 ί)
2029 4563 2291 4617 Ρεειιυε,
2327 4580 2346 4612 ‹
2374 4559 2442 4614 Et
2467 4561 2611 4624 steti,
2637 4569 2686 4614 et
2717 4559 3017 4628 speculatus
3047 4575 3184 4611 sum.
3219 4576 3235 4608 ι
3279 4555 3521 4618 Verbum.

282 4647 405 4700 dem
439 4645 688 4701 homines
717 4646 820 4700 fide
852 4647 1060 4716 praediti
1079 4657 1344 4712 sunl,nee
1367 4663 1556 4702 omnes
1585 4661 1848 4718 praecepta

283 4738 544 4808 servant).
589 4754 696 4793 non
747 4748 832 4793 est
886 4748 1190 4806 propterea,
1245 4754 1342 4794 cur
1405 4740 1534 4794 illud
1587 4748 1848 4812 tanquam

284 4827 479 4882 falsum
529 4829 790 4898 esplodas
825 4845 840 4882 :
875 4827 1046 4884 Hodie
1071 4831 1222 4886 salus
1263 4833 1468 4886 mundo
1499 4833 1726 4889 visibili.
1761 4837 1850 4890 Si-

282 4919 504 4990 quidem
558 4922 624 4975 ad
683 4921 986 4978 Salvatoris
1019 4938 1244 4993 scopum
1279 4925 1560 4980 reierenda
1612 4936 1695 4981 est
1731 4927 1844 4984 haec

281 5015 478 5068 oratio.
507 5015 670 5084 Atqui
694 5024 960 5084 quantum
987 5019 1054 5070 ad
1083 5019 1204 5085 ejus
1231 5019 1560 5073 voluntatem
1589 5029 1642 5074 et
1671 5020 1848 5076 inten-

281 5105 484 5160 tionem
545 5105 831 5162 universus
882 5109 1120 5162 mundus
1173 5109 1401 5164 salutem
1462 5111 1688 5182 accepit.
1743 5112 1848 5168 Pro

282 5199 538 5252 omnibus
561 5199 704 5252 enim
733 5199 994 5255 Christus
1028 5210 1277 5257 mortuus
1315 5213 1418 5264 est,
1445 5210 1500 5256 et
1522 5206 1844 5260 resurrexit.

285 5290 340 5344 Si
372 5301 552 5344 autem
583 5291 660 5345 rei
692 5301 942 5346 eventum
979 5303 1309 5362 spectemus,
1339 5295 1373 5348 ii
1412 5295 1511 5348 soli
1551 5297 1642 5365 qui
1675 5298 1822 5351 creti

283 5383 502 5441 derunt,
534 5390 590 5434 et
621 5383 874 5436 mandata
908 5393 1297 5450 servaverunt,
1332 5387 1565 5442 salutem
1604 5389 1847 5441 assecuti

283 5478 432 5523 sunt.
464 5470 568 5525 Sed
617 5472 919 5538 videamus,
943 5489 1064 5540 quae
1115 5486 1460 5543 sequuntur:
1499 5478 1752 5533 Christus
1785 5494 1850 5532 ex

283 5564 535 5628 mortuis,
566 5565 755 5634 supple
803 5566 1070 5620 Surrexit.
1111 5567 1216 5622 Vos
1251 5584 1470 5638 quoque
1502 5569 1665 5639 igitur
1687 5569 1850 5624 simul

287 5668 316 5709 a
353 5664 707 5725 peccatorum
748 5668 924 5712 morte
968 5660 1254 5728 resurgite.
1303 5660 1555 5714 Christus
1608 5661 1675 5714 ad
1739 5674 1859 5715 sese

368 5812 413 5844 “
446 5811 578 5870 Dan.
631 5832 682 5882 κ,
715 5817 766 5872 5.

844 5817 887 5850 ⁹¹
914 5814 1051 5871 ibid.
1084 5814 1138 5872 6.
1213 5819 1258 5850 "
1300 5815 1510 5874 Nabum
1565 5833 1628 5886 tt,
1657 5816 1710 5872 4.

1787 5815 2017 5888 "Apoc.
2047 5833 2088 5886 ι,
2125 5816 2211 5874 lO.

1959 4654 2113 4718 Steti,
2145 4654 2334 4707 animt:
2370 4652 2681 4722 firmitatem
2727 4661 2772 4704 et
2818 4651 3169 4704 constantiam
3237 4648 3476 4716 designat
3503 4686 3521 4708 ,

1959 4755 2116 4813 atque
2145 4744 2419 4796 immotunt
2450 4750 2500 4794 et
2517 4740 2586 4794 ad
2603 4741 2863 4795 deteriora
2895 4737 3275 4793 immutabilem
3301 4745 3524 4789 statum.

1957 4836 2101 4892 Illud
2160 4845 2340 4889 autem
2371 4875 2386 4898 ,
2421 4853 2440 4884 ι
2479 4833 2794 4904 Speculatus
2829 4849 2986 4894 sum,
3027 4849 3045 4882 ι
3114 4838 3420 4882 accuratam
3472 4839 3525 4884 et

1959 4936 2324 4997 congruentem
2366 4923 2858 4994 contemplationem
2893 4932 2942 4976 et
2973 4922 3338 4992 cognitionem,
3369 4935 3520 4972 eum-

1957 5036 2055 5090 que
2106 5021 2354 5086 impetum
2389 5058 2404 5080 ,
2454 5033 2555 5088 quo
2608 5018 2816 5071 animus
2856 5015 2924 5069 ad
2976 5030 3037 5068 ea
3075 5014 3263 5081 fertur,
3313 5027 3430 5080 qum
3465 5012 3517 5064 in

1963 5109 2313 5179 cognitionem
2347 5108 2560 5170 cadunt,
2622 5108 2907 5177 signiﬁcat.
2967 5103 3056 5159 Sic
3108 5105 3244 5158 enim
3292 5104 3336 5155 is
3370 5104 3462 5172 qui
3493 5118 3521 5155 e

1964 5219 2138 5256 rerum
2169 5217 2534 5268 corporearum
2564 5200 2804 5254 crassitie
2824 5198 3298 5268 emergit,primnm
3317 5195 3523 5264 quidem

1964 5293 2191 5346 mediam
2249 5293 2386 5345 viam
2421 5291 2629 5352 conﬁcit
2656 5330 2671 5351 ,
2727 5306 2844 5361 quat
2872 5300 2921 5344 et
2973 5287 3221 5341 animalis
3273 5285 3470 5336 dicitur
3502 5297 3522 5336 :

1953 5395 2139 5450 postea
2185 5401 2302 5437 vero
2333 5382 2714 5445 sublimiorem,
2741 5399 2860 5452 quae
2887 5391 2935 5435 et
2967 5376 3524 5448 spiritualisnomina.

1959 5488 2062 5532 tur.
2115 5493 2133 5527 ε
2181 5475 2248 5528 Et
2296 5491 2410 5528 ecce
2442 5475 2520 5528 t‘ir
2561 5473 2908 5527 conscendens
2969 5469 3127 5523 nubes
3156 5465 3291 5520 cazli.
3338 5481 3356 5514 ι
3403 5459 3518 5524 νιν.

1957 5569 2082 5639 quia
2113 5565 2245 5620 nihil
2278 5566 2510 5618 divinum
2542 5563 2793 5618 muliebre
2832 5571 2909 5616 est
2958 5576 3021 5612 ac
3049 5556 3220 5611 molle.
3259 5553 3526 5607 Conscen-

1958 5659 2108 5721 dens,
2133 5657 2223 5727 qui
2244 5658 2297 5710 in
2326 5655 2518 5710 divinis
2567 5655 2699 5709 nihil
2751 5649 3080 5724 provolutum
3123 5654 3173 5701 et
3221 5643 3521 5714 abjertunt,

2290 5818 2333 5850 "'
2369 5816 2568 5887 Ephcs.
2606 5829 2680 5884 tv,
2704 5813 2795 5880 2i,
2831 5810 2923 5866 ΞΩ.
