4064 6274
249 417 278 483 Ῑ
294 419 404 484 809

1241 431 1563 493 NICETAS
1600 433 1679 494 IN
1721 433 1942 494 ORAT.
1975 434 2140 495 XLII
2182 436 2242 496 S.
2285 435 2516 497 GREG.

3383 427 3517 490 1310

231 533 454 603 quihas
503 542 668 603 atque
717 549 938 606 paratas
1002 539 1176 597 nubes
1231 541 1482 598 incidens
1537 542 2280 613 prOgignit,Aauspicabor.
2332 543 2604 609 Quoniam
2657 539 2802 595 enim
2856 539 2910 593 in
2947 536 3132 592 animo
3185 536 3362 589 habeo
3394 533 3522 587 huic

229 634 516 696 quantum
547 636 726 680 autem
761 628 825 681 ad
859 645 982 698 nos,
1016 631 1188 700 prima
1217 641 1406 686 natura
1439 641 1608 687 sunt:
1641 641 1834 704 quate-

248 733 372 771 nus
436 717 538 785 ipsi
595 718 945 785 immediate,
1001 722 1250 778 homines
1315 738 1443 778 vero
1501 722 1834 779 intermediis

241 809 467 878 angelis
510 810 922 868 collustrantur.
957 813 1224 868 Dividitur
1258 824 1440 871 autem
1488 826 1543 871 et
1585 831 1833 870 commn-

232 907 472 953 nicatur
492 916 653 956 omne
679 903 858 957 lumen
891 905 956 957 ab
981 905 1235 960 invisibili
1262 907 1465 962 lumine
1488 916 1690 962 sancta:
1712 907 1835 960 Tri-

230 989 442 1044 nitatis
465 1030 478 1053 ,
511 989 830 1046 indivisibili
863 994 1082 1062 quidem
1113 995 1156 1049 si
1183 997 1476 1050 essentiam
1519 1007 1833 1066 spectemus

233 1079 381 1149 (nec
442 1081 588 1136 enim
650 1081 706 1136 in
768 1081 1007 1136 divinam
1063 1096 1309 1140 naturam
1371 1085 1516 1142 cadit
1581 1085 1833 1150 divisio),

235 1170 519 1226 divisibili
552 1189 682 1228 vero
709 1183 971 1242 quantum
997 1175 1062 1229 ad
1089 1178 1195 1230 vim
1222 1188 1275 1232 et
1307 1177 1638 1232 facultatem.
1683 1174 1835 1231 Vires

224 1261 396 1314 enim
475 1263 780 1333 agendique
838 1262 1128 1320 facultates
1179 1267 1368 1320 dividit
1420 1265 1576 1320 Deus.
1631 1268 1676 1318 A
1727 1279 1834 1334 qua

233 1353 440 1407 lumen
497 1367 658 1407 omne
711 1354 1034 1423 productum
1089 1367 1210 1420 est,
1279 1357 1394 1411 sive
1442 1358 1585 1426 quod
1634 1355 1838 1426 angelis

237 1444 402 1500 inest
429 1485 444 1506 ,
475 1443 592 1499 sive
621 1447 764 1515 quod
802 1445 1116 1504 hominibus
1142 1490 1157 1514 ,
1192 1448 1308 1504 sive
1344 1446 1488 1516 quod
1534 1446 1686 1509 Soli,
1725 1447 1837 1500 sive

237 1537 407 1607 quod
459 1537 636 1592 astris,
684 1538 1008 1594 Praeclarum
1057 1551 1240 1594 autem
1284 1547 1338 1596 et
1391 1538 1710 1594 hvmorabile
1754 1545 1838 1592 est

235 1629 388 1683 illud
437 1629 641 1696 lumen,
673 1631 818 1700 quod
856 1631 908 1684 in
953 1632 1018 1686 iis
1057 1633 1218 1695 lucet,
1254 1642 1364 1687 tiun
1395 1633 1623 1686 aliarum
1662 1636 1836 1682 mate-

243 1719 468 1772 riarum
499 1719 932 1788 comparatione,
963 1731 1074 1775 tum
1103 1723 1231 1791 quia
1264 1723 1420 1792 primi
1457 1722 1676 1776 luminis
1699 1719 1839 1791 ligu-

233 1827 374 1866 ram
394 1810 552 1879 gerit.
581 1809 686 1865 Sed
708 1811 871 1876 enim,
895 1813 1040 1881 quod
1075 1813 1256 1867 dicere
1283 1813 1602 1867 instituebat
1624 1810 1834 1872 Oratio,

1942 650 2140 702 magno
2165 633 2607 690 Besurrectionis
2631 633 2735 687 diei
2760 632 2858 686 hos
2886 643 3165 686 sermones
3187 626 3520 687 sacriﬁcare,

1943 733 2108 794 atque
2142 725 2243 794 ipsi
2266 723 2488 779 Christo
2515 739 2710 792 magno
2738 720 3007 776 sacriﬁcio
3039 718 3310 784 (Christus
3339 725 3519 769 autem

1942 824 2234 882 utrumque
2257 821 2363 872 est,
2388 825 2580 880 nempe
2604 811 2745 864 Deus
2765 819 2818 864 et
2839 809 3020 872 homo,
3041 821 3270 875 quorum
3293 807 3518 856 alterum

1942 919 2156 973 semper
2203 912 2306 968 est,
2347 903 2577 956 alterum
2638 911 2825 970 postea
2875 909 3076 954 nostra:
3112 899 3306 953 Salutis
3353 910 3519 948 causa

1942 994 2117 1049 factus
2141 994 2268 1064 est),
2288 995 2439 1063 prius
2464 993 2592 1046 Inibi
2620 976 3054 1054 faciendumiest,
3080 1000 3136 1043 ut
3155 989 3222 1042 de
3244 987 3526 1040 divinitate

1941 1087 2243 1150 disseram,
2281 1093 2444 1152 atque
2494 1084 2566 1136 ita
2615 1081 2682 1136 ad
2732 1079 3113 1150 explicandum
3169 1074 3525 1131 humanitatis

1944 1187 2234 1246 assumptze
2293 1175 2581 1232 consilium
2639 1173 2916 1228 accedam.
2965 1170 3201 1225 Proinde
3262 1168 3520 1236 quoniam

1942 1269 2122 1323 divina
2159 1278 2245 1324 est
2277 1269 2391 1323 hare
2421 1268 2620 1329 oratio,
2671 1280 2770 1320 nec
2805 1264 2885 1319 fas
2916 1275 2998 1317 est.
3031 1278 3180 1327 eum,
3231 1261 3324 1330 qui
3355 1273 3525 1329 purus

1944 1378 2051 1414 non
2090 1364 2184 1425 sit,
2216 1377 2327 1416 rem
2360 1376 2552 1430 puram
2594 1359 2879 1428 attingere,
2914 1356 3140 1424 agedum
3177 1353 3373 1415 videte,
3401 1351 3527 1420 qni-

1942 1467 2158 1521 cunque
2181 1453 2293 1505 haec
2321 1451 2558 1504 audituri
2582 1449 2733 1511 estis,
2779 1457 2941 1516 atque
2966 1445 3277 1513 huiusmodi
3301 1444 3527 1497 delicias

1944 1545 2251 1616 percepturi
2274 1585 2288 1609 ,
2321 1552 2378 1598 ut
2415 1542 2807 1598 intellectuales
2844 1541 3039 1594 animae
3072 1539 3360 1593 facultates
3394 1553 3524 1607 pur-

1943 1639 2081 1708 getis
2112 1655 2124 1690 :
2157 1637 2393 1706 primum
2432 1634 2655 1704 quidem
2688 1642 2921 1687 mentem
2949 1671 2963 1694 ,
3002 1648 3096 1701 per
3131 1647 3292 1700 quam
3332 1629 3522 1690 Deum,

1942 1735 1994 1778 et
2059 1739 2286 1793 capere,
2359 1732 2413 1777 et
2471 1723 2653 1776 videre
2706 1737 3038 1792 possumus,
3097 1731 3262 1790 atque
3320 1718 3527 1787 angelis

1946 1815 2330 1882 eonjungimur
2395 1831 2410 1868 :
2475 1812 2673 1867 deinde
2752 1813 3132 1875 intellectum,
3190 1825 3285 1879 per
3364 1826 3524 1878 quem

232 1915 571 1972 quanquam
639 1903 865 1970 pulchra
939 1916 1084 1959 esset
1157 1905 1410 1958 hesterna
1484 1896 2187 1980 lucernarudeogmata
2223 1905 2632 1967 examinamus,
2674 1919 2738 1958 ac
2792 1903 3075 1957 veritatem
3135 1900 3520 1969 disquirimus.

241 1998 514 2057 gestatio,
539 1989 800 2044 hodierna
821 2000 996 2045 tamen
1025 1993 1098 2045 illi
1123 1993 1523 2062 pulchritudine
1541 1992 1834 2046 antecellit.

232 2078 384 2132 lleri
417 2080 561 2133 enim
603 2080 908 2150 lampadum
943 2083 1123 2138 lumen
1156 2083 1357 2138 Christi
1403 2086 1581 2155 magni
1615 2085 1836 2138 luminis

233 2167 729 2224 Resurreetionem
758 2172 1155 2240 praenuntiabat
1185 2191 1198 2228 :
1227 2182 1282 2227 at
1305 2173 1464 2227 hodie
1495 2189 1600 2227 non
1635 2173 1837 2228 Resur-

237 2259 516 2314 rcctionis
544 2260 697 2330 signa
720 2271 773 2315 et
798 2261 1017 2328 indicia,
1049 2279 1236 2317 verum
1267 2265 1406 2318 hanc
1432 2265 1602 2332 ipsam
1639 2263 1839 2318 Resur-

240 2351 556 2406 rcctionem
590 2352 816 2406 solemni
862 2351 999 2409 festo
1034 2357 1435 2424 prosequimur,
1468 2366 1636 2409 totum
1673 2371 1837 2407 llllln-

239 2445 392 2496 dum
422 2444 781 2510 συνάγουσαν,
809 2444 908 2500 hoc
936 2454 1042 2509 est,
1075 2446 1178 2500 sibi
1213 2447 1622 2508 conciliantem,
1661 2447 1741 2498 vel
1771 2445 1837 2499 ad

246 2549 429 2588 ultam
483 2537 640 2590 ﬁdem
691 2537 1032 2607 colligentem
1078 2557 1091 2593 :
1139 2539 1282 2608 quod
1325 2549 1545 2608 propter
1591 2553 1836 2591 resurre-

246 2626 506 2680 ctionem
568 2627 826 2680 omnibus
874 2628 1178 2681 certissime
1238 2643 1561 2697 persuasum
1631 2626 1836 2684 fuerit.

245 2715 543 2769 Christum
569 2716 738 2768 Deum
763 2731 906 2784 esse,
934 2718 1038 2783 vel,
1071 2718 1332 2770 mundum
1366 2728 1560 2781 totum,
1589 2718 1692 2771 hoc
1721 2728 1834 2781 est,

243 2806 500 2860 ﬁdelium
521 2816 720 2860 emtum
742 2807 1155 2878 conjungentem
1175 2807 1484 2862 celebrandi
1508 2809 1628 2864 festi
1651 2824 1839 2864 causa.

331 2897 458 2951 Col.
532 2896 637 2951 6'26
707 2900 772 2952 Α.
837 2896 1117 2952 Enimvero
1188 2898 1326 2952 alius
1399 2900 1548 2952 aliud
1592 2897 1843 2970 quiddam

249 2991 406 3054 huic,
439 3000 542 3045 etc.
580 2989 756 3052 Alius,
793 2990 990 3060 inquit,
1046 2991 1192 3045 aliud
1242 2992 1514 3060 quoddam
1561 2991 1843 3060 spirituale

259 3083 494 3150 Deoque
524 3091 737 3154 gratum
768 3098 968 3138 munus
1010 3083 1174 3150 hujus
1213 3083 1575 3138 solemnitatis
1612 3083 1842 3152 tempori

256 3174 478 3236 afferat,
533 3182 694 3243 prout
743 3174 913 3244 ipsius
958 3173 1243 3228 facultates
1295 3173 1535 3228 tulerint.
1574 3172 1664 3229 Sic
1697 3175 1839 3229 enim

265 3270 323 3324 in
355 3269 776 3323 Deuteronomio
795 3269 1055 3338 scriptum
1077 3277 1194 3322 est:
1221 3266 1345 3321 Non
1369 3268 1644 3337 apparebis
1667 3284 1845 3320 coram

258 3361 496 3416 Domino
524 3369 614 3412 tuo
647 3375 864 3427 vacuus,
921 3361 1278 3429 unusquisque
1308 3364 1592 3414 secundum
1617 3359 1848 3430 faculta-

259 3464 368 3506 tem
396 3452 736 3506 mauuum".
773 3450 907 3505 Nam
955 3451 1176 3522 dignum
1225 3467 1425 3506 munus
1449 3495 1462 3516 ,
1499 3467 1598 3506 nec
1641 3452 1749 3504 ulla
1781 3466 1846 3505 ex

263 3549 426 3610 parte
459 3555 711 3594 mancum
754 3547 807 3594 et
837 3539 1214 3608 imperfectum
1248 3540 1464 3619 oﬂ’erre,
1502 3549 1710 3595 tantum
1741 3551 1843 3608 est,

265 3641 332 3687 ut
366 3647 433 3684 ne
458 3631 629 3700 angeli
657 3630 874 3700 quidem
902 3632 952 3685 id
978 3633 1194 3702 assequi
1223 3633 1455 3703 possint.
1491 3631 1676 3704 Neque
1699 3633 1842 3688 enim

271 3725 417 3795 ipsis
467 3725 623 3795 plena
676 3723 768 3778 Dei
809 3725 1046 3778 laudatio
1087 3739 1346 3780 concessa
1384 3736 1503 3788 est,
1535 3727 1628 3795 qui
1664 3734 1844 3780 tamen

263 3815 430 3885 primi
464 3815 855 3869 intellectuales
886 3815 1166 3878 dicuntur,
1203 3815 1249 3868 si
1298 3817 1601 3868 animarmu
1629 3825 1846 3868 nostra-

267 3921 393 3958 rum
458 3905 596 3958 ratio
662 3904 943 3970 habeatur,
990 3918 1110 3973 qua!
1159 3914 1214 3959 et
1272 3905 1402 3974 ipsa:
1458 3906 1847 3960 intellectuales

264 4004 416 4060 sunt,
456 3996 550 4050 sed
586 3995 798 4065 angelis
826 3996 1162 4066 posteriores
1189 4012 1438 4066 supernae
1479 3997 1664 4068 gloriae
1692 4011 1840 4064 spec-

271 4097 502 4151 latores,
531 4095 717 4156 utpote
748 4085 854 4142 Deo
877 4089 1219 4156 assisteutos,
1241 4089 1530 4158 ipsumque
1553 4090 1847 4146 intuentes.

268 4177 465 4233 Testes
525 4188 704 4234 autem
739 4179 936 4235 divitue
981 4181 1203 4250 gloriae,
1241 4189 1422 4251 utpote
1476 4181 1576 4250 ipsi
1630 4194 1849 4249 quoque

265 4271 402 4325 clari
426 4280 479 4324 et
509 4270 775 4338 illustres,
807 4287 873 4326 ac
900 4287 995 4343 per
1018 4273 1360 4342 splendorem
1393 4288 1552 4326 suum
1577 4272 1850 4328 Creatoris

267 4364 611 4431 majestatem
639 4372 889 4419 testatam
919 4365 1227 4428 reddentes,
1253 4363 1334 4417 vel
1360 4365 1522 4418 etiam
1548 4373 1606 4416 ut
1625 4363 1847 4432 gloriam

267 4469 434 4524 quam
495 4465 726 4510 cernunt
776 4456 1088 4511 hominibus
1135 4457 1466 4511 nuntiantes.
1507 4454 1622 4510 Hoc
1667 4465 1847 4509 autem

266 4544 392 4597 loco
426 4559 518 4612 per
577 4549 802 4615 angelos
847 4561 1040 4600 omnes
1099 4547 1152 4599 in
1229 4546 1543 4600 universum
1597 4546 1926 4639 emlestesD

270 4634 476 4690 classes
522 4646 574 4689 et
628 4639 844 4692 ordines
897 4638 1168 4708 intelligit.
1202 4639 1356 4692 Alius
1408 4637 1592 4708 igitur,
1633 4646 1691 4691 ut
1734 4638 1844 4706 jam

270 4724 433 4789 dixit,
491 4727 637 4780 aliud
689 4729 911 4797 quidam
962 4728 1333 4785 all‘erat:nos
1385 4744 1512 4784 vero
1544 4729 1846 4784 orationem

272 4813 643 4880 conferamus,
698 4818 856 4887 idque
915 4818 1164 4888 pluribus
1216 4818 1284 4872 de
1340 4819 1550 4874 causis.
1605 4815 1846 4871 Primum

271 4907 530 4972 quoniam
570 4907 704 4962 nihil
735 4923 991 4963 sermone
1046 4909 1358 4978 przcelarius
1389 4909 1697 4976 lhahemus,
1735 4917 1848 4961 tum

273 4998 401 5067 quia
439 4999 708 5066 Christus,
746 5002 908 5070 cujus
940 5002 1127 5055 laudes
1161 5001 1454 5072 praedicare
1488 4999 1846 5062 instituimus,

275 5098 468 5157 prseter
501 5090 606 5145 alia
631 5132 644 5154 ,
682 5093 899 5146 nomina
926 5132 941 5152 ,
977 5090 1212 5145 Verbum
1259 5105 1478 5160 quoque
1527 5090 1847 5158 appellatur.

280 5181 558 5236 Postremo
583 5184 709 5252 quia
745 5192 940 5237 natura
972 5183 1236 5238 beneflcio
1261 5180 1450 5236 all'eeta
1479 5180 1747 5234 sermonis
1769 5191 1852 5233 est

281 5276 568 5343 particeps.
609 5275 788 5340 Quare
816 5291 1114 5343 congruum
1149 5291 1345 5328 munus
1373 5282 1456 5328 est
1490 5270 1668 5326 Verbo
1693 5270 1856 5324 Chri-

284 5377 366 5418 sto
406 5367 706 5420 laudatoria
742 5366 939 5431 oratio,
975 5381 1004 5418 a
1051 5375 1242 5419 natura
1295 5365 1555 5434 loquendi
1599 5363 1856 5418 facultate

287 5459 503 5529 praedita
540 5459 912 5528 proﬁciscens.

355 5550 486 5605 lbid.
518 5550 576 5604 Β.
627 5551 774 5604 Hinc“
811 5560 990 5604 autem
1027 5551 1300 5603 exordiar.
1345 5547 1544 5603 Facere
1593 5549 1731 5603 enim
1773 5563 1860 5602 ue-

287 5659 440 5713 queo.
489 5650 596 5696 etc.
629 5639 872 5712 Optimo,
917 5640 1113 5710 inquit,
1160 5641 1284 5708 jure
1334 5655 1364 5692 a
1399 5639 1505 5693 Deo
1557 5642 1858 5696 orationem

371 5806 412 5837 "
448 5802 598 5859 Exod
658 5818 816 5872 um,
848 5801 948 5866 l5;
979 5799 1134 5856 Deut.
1162 5815 1271 5866 xvi,
1306 5799 1389 5854 l6.

1939 1997 2060 2051 Sint
2088 1995 2248 2051 etiam
2277 2008 2437 2046 aures
2473 2007 2642 2061 purae,
2680 2002 2866 2059 utpote
2923 1991 3104 2045 divina
3159 1989 3320 2043 verba
3377 2003 3529 2042 exce-

1937 2097 2149 2158 pturae,
2207 2099 2382 2155 eaque
2432 2084 2499 2136 ad
2551 2083 2885 2136 intellectum
2945 2080 3284 2150 dijudicandi
3361 2094 3526 2134 causa

1941 2180 2363 2234 transmissum.
2427 2173 2518 2233 Sic
2597 2176 2739 2228 enim
2811 2173 3054 2227 futurum
3102 2182 3219 2234 est,
3303 2182 3361 2225 ut
3420 2186 3524 2223 non

1941 2272 2062 2325 cibo
2093 2279 2375 2340 pereunte,
2415 2267 2513 2326 sed
2543 2266 2753 2321 deliciis
2788 2281 2893 2320 non
2921 2266 3266 2320 etIluentibus
3305 2263 3525 2332 expleti,

1940 2361 2258 2416 diseedatis.
2293 2361 2462 2415 Porro
2491 2357 2726 2415 orationi
2755 2366 2951 2410 nostra;
2979 2373 3075 2410 sua
3105 2357 3276 2409 virtus
3305 2363 3527 2409 consta-

1941 2450 2040 2515 bit,
2081 2459 2140 2503 ut
2169 2465 2267 2503 nec
2299 2450 2441 2504 intra
2474 2451 2694 2504 modum
2742 2445 3006 2498 subsistat
3034 2445 3156 2513 (nec
3182 2441 3397 2498 defectu
3428 2459 3530 2496 suo

1943 2540 2224 2594 auditores
2247 2540 2448 2593 damno
2471 2536 2686 2610 alliciat)
2709 2548 2806 2588 nec
2825 2549 3016 2588 rursus
3038 2534 3255 2588 modum
3281 2535 3526 2593 excedat,

1941 2629 2034 2701 (ne
2087 2630 2395 2684 molestiam
2449 2629 2655 2698 pariat,
2688 2624 2955 2683 orationis
2985 2627 3130 2677 enim
3165 2622 3525 2677 redundantia

1943 2717 2164 2772 inimica
2213 2728 2297 2772 est
2349 2718 2621 2786 auribus),
2657 2718 2748 2772 sed
2802 2711 3231 2772 mediocritatem
3283 2713 3524 2782 impleat,

1944 2809 2220 2876 simulque
2252 2819 2306 2863 et
2339 2808 2727 2876 compendiosa
2764 2809 2833 2862 sit
2863 2811 2919 2863 et
2953 2803 3295 2872 plenissima.

2013 2897 2129 2953 Col.
2166 2897 2270 2952 6‘26
2301 2897 2366 2951 C.
2397 2897 2535 2951 Deus
2581 2906 2629 2951 et
2676 2913 2864 2966 semper
2903 2901 3042 2956 erat,
3098 2902 3203 2945 etc.
3258 2890 3527 2958 Quoniam

1944 2987 2165 3041 libertas
2220 2987 2539 3050 hominum,
2595 3003 2690 3057 pro
2739 3003 2845 3056 qua
2892 2969 3142 3041 instituta
3172 2990 3255 3036 est
3289 2997 3530 3050 praesens

1948 3077 2144 3141 oratio,
2188 3078 2249 3130 B.
2285 3076 2574 3132 Trinitatis
2608 3093 2746 3145 opus
2781 3077 2992 3132 exstitit
3036 3073 3223 3146 (Pater
3255 3071 3398 3126 enim
3429 3087 3530 3126 vo-

1949 3169 2070 3232 luit,
2098 3166 2267 3221 Filius
2294 3167 2493 3233 eﬂ'ecit,
2522 3167 2754 3237 Spiritus
2796 3179 3022 3222 sanctus
3049 3177 3369 3236 cooperatus
3398 3169 3526 3238 est),

1949 3272 2068 3312 eam
2122 3259 2192 3312 ob
2241 3271 2462 3312 causam
2504 3257 2574 3311 ab
2609 3272 2674 3310 eo
2730 3257 2984 3320 nomine,
3023 3255 3167 3324 quod
3222 3256 3397 3310 tribus
3445 3256 3529 3310 his

1949 3365 2240 3404 commune
2273 3360 2380 3412 est,
2423 3347 2733 3418 Theologus
2778 3347 3084 3414 exorditur,
3121 3348 3266 3416 quod
3307 3348 3526 3418 quidem

1949 3441 2094 3496 Deus
2125 3449 2226 3496 est.
2262 3442 2340 3495 Ac
2370 3441 2436 3494 de
2471 3440 2650 3494 tribus
2679 3479 2695 3505 ,
2731 3451 2790 3494 ut
2825 3439 3286 3508 inseparabilibus
3307 3479 3322 3504 ,
3353 3454 3528 3508 quau-

1949 3541 2062 3586 tum
2098 3533 2162 3585 ad
2196 3531 2560 3592 divinitatem,
2607 3541 2854 3584 naturam
2888 3536 2942 3582 et
2988 3528 3306 3598 potentiam,
3338 3528 3529 3597 dispu-

1956 3625 2164 3677 tatione
2199 3623 2380 3676 habita
2406 3660 2420 3684 ,
2453 3621 2524 3673 ita
2553 3621 2771 3674 demum
2798 3620 2862 3674 ad
2900 3620 3292 3674 incarnationis
3321 3617 3528 3674 Christi

1949 3712 2232 3766 materiam
2267 3709 2573 3763 descendit.
2610 3708 2783 3764 Porro
2813 3710 2879 3763 de
2913 3710 3199 3764 divinitate
3230 3711 3526 3774 disserens,

1953 3803 2025 3855 ait
2061 3817 2077 3856 :
2112 3800 2256 3854 Deus
2288 3808 2339 3854 et
2371 3811 2489 3853 erat
2520 3815 2752 3870 semper,
2786 3809 2838 3854 et
2867 3808 2970 3872 es_t,
2997 3807 3051 3853 et
3083 3802 3207 3855 erit.
3237 3800 3361 3853 Tria
3391 3810 3528 3854 tem-

1949 3904 2084 3960 pora
2124 3888 2478 3958 praeteritum,
2516 3905 2779 3958 praesens,
2809 3899 2864 3943 et
2900 3889 3142 3943 futurum
3180 3889 3286 3942 Deo
3315 3889 3526 3951 tribuit,

1950 3996 2072 4050 qua:
2103 3979 2318 4048 quidem
2355 3979 2487 4032 nulli
2521 3989 2785 4034 creatura:
2815 3979 3109 4034 convenire
3136 3987 3382 4048 possunt.
3415 3979 3530 4031 An-

1952 4071 2104 4139 gelus
2139 4069 2282 4123 enim
2311 4075 2394 4122 est
2422 4068 2639 4138 quidem
2669 4080 2723 4124 et
2750 4070 2856 4124 erit
2889 4087 2902 4123 :
2936 4077 2990 4123 at
3022 4085 3127 4122 non
3157 4070 3284 4123 item
3319 4081 3535 4136 semper

1951 4167 2102 4224 erat,
2153 4160 2244 4211 sed
2277 4158 2531 4211 essentia:
2575 4156 2788 4211 initium
2838 4159 3050 4213 habuit.
3087 4157 3163 4210 Ex
3216 4157 3537 4210 hominibus

1952 4259 2130 4304 autem
2169 4251 2258 4302 alii
2298 4251 2552 4304 hesterno
2583 4248 2669 4304 die
2699 4259 2889 4316 erant,
2921 4249 3012 4302 alii
3051 4249 3208 4302 hodie
3230 4289 3244 4311 ,
3277 4248 3366 4300 alii
3392 4287 3405 4308 ,
3437 4246 3532 4315 qui

1953 4357 2098 4396 nunc
2129 4341 2182 4394 in
2210 4356 2387 4394 rerum
2419 4350 2610 4394 natura
2641 4356 2746 4392 non
2776 4348 2927 4401 sunt,
2955 4338 3196 4392 crastino
3225 4339 3310 4391 die
3343 4345 3528 4392 erunt.

1955 4430 2079 4486 llree
2129 4431 2274 4484 enim
2323 4439 2406 4485 est
2437 4429 2668 4498 ggeueris
2719 4427 2892 4483 nostri
2925 4427 3188 4481 conditio.
3225 4427 3419 4480 Eadem
3463 4427 3535 4480 de

1953 4523 2209 4577 omnibus
2257 4522 2378 4577 aliis
2425 4521 2690 4576 creaturis
2733 4519 2841 4574 dici
2881 4517 3113 4588 possint.
3159 4517 3373 4581 Postea,
3405 4532 3532 4570 cum

1953 4611 2797 4681 animadvertisset.Theologus,
2830 4610 2973 4678 quod
3001 4597 3244 4668 verbum,
3287 4606 3435 4670 Erat,
3465 4607 3535 4660 de

1951 4724 2016 4763 eo
2036 4706 2380 4775 praedicatur,
2399 4707 2540 4774 quod
2565 4705 2842 4775 przeteriit,
2867 4719 2966 4758 nec
2987 4701 3144 4756 hodie
3186 4711 3268 4755 est
3304 4701 3528 4755 verbum

1953 4799 2079 4852 item
2114 4797 2236 4859 erit,
2263 4795 2327 4850 de
2347 4811 2412 4849 eo
2431 4795 2574 4865 quod
2602 4795 2842 4849 futurum
2866 4807 2948 4850 est
2970 4836 2984 4861 ,
3009 4811 3109 4850 nec
3137 4795 3264 4850 dum
3295 4795 3530 4850 exsistit:

1954 4886 2182 4956 corrigit
2230 4883 2374 4954 quod
2438 4883 2688 4949 dixerat,
2739 4883 2925 4952 aitque
2978 4883 3199 4938 verbum
3251 4885 3532 4954 praesentis

1956 4976 2237 5043 temporis,
2275 4973 2390 5037 Est,
2426 4973 2540 5026 Deo
2579 4973 2750 5042 magis
2796 4988 3112 5042 congrum.
3149 4971 3272 5026 Erat
3304 4973 3445 5026 enim
3479 4982 3535 5026 et

1960 5066 2074 5122 Erit
2108 5067 2235 5119 fluxi
2279 5065 2443 5134 hujus
2484 5065 2750 5132 temporis
2781 5075 3059 5133 segmenta
3099 5074 3248 5130 sunt,
3280 5079 3342 5117 ac
3373 5062 3536 5116 ﬁuxm

1964 5173 2172 5216 natura:
2226 5161 2577 5214 conveniunt.
2627 5155 2760 5210 Nam
2803 5166 2866 5210 ut
2911 5157 3116 5212 ﬁuxnm
3160 5165 3213 5210 et
3251 5156 3410 5209 labile
3450 5165 3535 5210 est

1963 5264 2202 5320 tempus,
2237 5251 2308 5304 ita
2355 5249 2515 5303 etiam
2545 5263 2609 5302 ea
2634 5290 2648 5315 ,
2683 5262 2803 5317 quae
2835 5255 3078 5318 tempore
3103 5288 3117 5312 ,
3166 5247 3313 5315 quod
3353 5253 3535 5298 motus

1956 5342 2461 5411 circumscriptione
2474 5339 2751 5404 delinitur,
2771 5337 3222 5404 continentur.§At
3239 5337 3376 5390 Deus
3397 5351 3536 5389 sem-

1957 5450 2050 5504 per
2063 5443 2165 5498 est,
2187 5447 2285 5485 uec
2303 5430 2598 5500 quidquam
2618 5429 2688 5493 ei,
2701 5430 2779 5483 vel
2797 5429 3056 5498 praeterit,
3071 5427 3152 5480 vel
3173 5425 3412 5480 futurum
3427 5433 3533 5478 est.

1960 5531 2136 5598 Atque
2172 5527 2226 5580 in
2261 5527 2404 5579 hunc
2441 5539 2665 5579 sensum
2697 5523 2849 5577 Plato
2878 5523 2931 5576 in
2962 5520 3158 5574 Timwo
3180 5519 3404 5574 locutus
3424 5527 3532 5580 est,

1961 5621 2045 5675 his
2093 5618 2274 5675 verbis
2305 5636 2318 5672 :
2353 5616 2481 5672 Erat
2509 5627 2563 5672 et
2612 5615 2738 5682 erit,
2777 5612 3038 5683 temporis
3098 5619 3230 5666 sunt
3278 5610 3532 5681 species:
