4048 6278
555 399 682 506 tau

1959 444 2210 505 ADDEN
2223 445 2342 504 DA.

3665 438 3804 504 13L!

547 574 684 626 quas
717 573 826 614 non
859 529 1004 614 redte
1030 573 1127 614 nec
1156 560 1454 630 prudenter
1489 562 1838 630 sempiterna:
1873 563 2126 617 essentiae
2155 567 2201 619 Α
2229 560 2372 614 vires
2404 566 2499 613 aut
2549 556 2884 614 celeritatem
2923 574 2937 611 :
2972 554 3325 612 tardissimus
3373 553 3516 609 enim
3549 561 3658 617 est,
3701 554 3800 623 qui

548 649 859 705 tribuimus.
913 648 1050 705 lluic
1096 652 1242 705 enim
1292 653 1390 707 Est
1435 653 1611 707 solum
1668 668 1792 707 vere
1843 655 2118 708 convenit.

549 736 672 792 Haec
707 746 890 793 autem
945 739 1107 794 verba
1146 757 1160 793 :
1193 739 1326 794 Erat
1367 749 1422 795 et
1451 738 1588 802 Erit,
1637 741 1702 794 ad
1744 757 1861 796 eam
1895 757 2121 812 genera-

548 829 748 882 tionem
786 829 1238 899 nativitatcmqne
1267 832 1561 901 pertinent,
1593 835 1959 903 quaatcmpori
1992 835 2121 887 sub-

537 919 681 986 jecta
740 930 842 976 est.
898 921 1025 977 Haec
1073 921 1255 977 Plato.
1313 922 1508 979 Noster
1562 935 1741 979 autem
1811 923 2120 994 Theologus

545 1013 914 1067 testimonium
989 1030 1208 1084 quoque
1287 1016 1494 1084 profert
1563 1031 1626 1070 ex
1683 1017 1909 1098 Exodo,
1974 1019 2118 1085 quod

543 1101 684 1157 Deus
707 1114 808 1158 est.
838 1103 950 1159 lloc
977 1107 1120 1159 enim
1153 1107 1333 1171 modo,
1359 1107 1559 1176 inquit,
1583 1108 1822 1177 seipsum
1850 1111 2116 1176 nominat,

543 1209 668 1246 cum
694 1195 744 1247 in
767 1205 948 1250 monte
969 1196 1096 1251 Mosi
1117 1199 1396 1252 oraculum
1415 1199 1545 1258 edit.
1568 1199 1620 1253 id
1644 1208 1749 1263 est,
1769 1201 2116 1269 colloquitur,

545 1293 600 1339 et
629 1285 886 1341 mandata
939 1288 1050 1342 dat.
1115 1287 1250 1343 Nam
1308 1306 1430 1345 cum
1485 1289 1663 1346 Moses
1717 1293 1771 1347 in
1823 1292 2116 1365 Egyptum

546 1378 873 1446 mitteretur,
916 1381 1196 1450 quaerebat
1229 1401 1243 1438 :
1273 1383 1334 1438 Si
1361 1375 1796 1456 interrogauerint
1830 1404 1910 1442 me
1931 1403 1950 1441 :
1984 1387 2117 1453 Quis

546 1477 594 1522 te
622 1471 764 1525 misit
795 1473 961 1542 :quid
985 1474 1159 1528 diram
1195 1474 1264 1528 ad
1299 1479 1429 1532 eos?
1466 1475 1608 1533 Deus
1638 1487 1842 1546 autem,
1879 1481 1972 1549 qui
1996 1482 2120 1535 mit-

544 1558 712 1626 tebat,
734 1561 1012 1630 respondit
1041 1581 1055 1615 :
1082 1561 1192 1632 Ego
1217 1580 1334 1616 sum
1363 1581 1453 1618 ens
1475 1566 1540 1618 ’⁷.
1589 1566 1667 1620 Ae
1701 1577 1846 1622 recte
1872 1568 2118 1638 profecto

546 1643 689 1701 Deus
726 1661 822 1701 ens
851 1647 1072 1704 dicitur.
1113 1649 1246 1704 Nam
1279 1651 1431 1721 juxta
1465 1669 1715 1723 magnum
1760 1655 2077 1728 Dionysium
2099 1699 2115 1724 ,

545 1753 653 1791 non
709 1746 859 1794 certo
911 1741 1075 1795 modo
1135 1757 1232 1798 ens
1292 1751 1398 1809 est,
1455 1760 1642 1800 verum
1690 1745 2010 1817 simpliciter
2065 1759 2119 1804 et

545 1828 1040 1901 incircumscripte,
1100 1841 1160 1888 ut
1220 1834 1311 1904 qui
1357 1844 1528 1889 totum
1586 1837 1638 1890 id
1705 1840 1851 1906 quod
1899 1848 2002 1906 est,
2061 1841 2114 1895 in
2149 1877 2166 1906 _-

2223 653 2368 708 celer
2399 652 2543 706 imus
2598 665 2722 706 esse
2778 649 3014 712 videtur,
3079 647 3123 702 si
3183 633 3308 702 etim
3373 645 3466 700 Dei
3516 645 3804 699 velocitate

2222 750 2592 814 compa-retur,
2625 742 2717 812 qui
2751 741 3085 812 longissimis
3118 737 3419 793 intervallis
3459 737 3644 792 omnia
3679 745 3803 804 post

2222 853 2282 893 se
2332 835 2574 906 reliquit,
2628 845 2686 888 ut
2744 849 2847 888 nec
2901 830 3294 901 comprehendi
3327 829 3547 900 quidem
3604 829 3798 899 possit,

2221 941 2410 978 verum
2439 927 2553 978 sola
2587 933 2769 978 mente
2802 921 3178 976 adumhretur.

2293 1015 2403 1069 Nec
2439 1016 2660 1069 mirum.
2707 1014 2854 1069 Mens
2893 1013 3061 1078 enim,
3097 1020 3156 1066 ut
3197 1011 3377 1080 imago
3418 1011 3509 1065 Dei
3551 1019 3799 1066 contem-

2224 1105 2518 1176 plationem
2566 1105 2713 1159 illius
2756 1104 2994 1172 concipit
3035 1120 3048 1157 :
3080 1103 3238 1170 cujus
3264 1117 3534 1156 summam
3569 1103 3803 1156 tenuita-

2223 1205 2328 1250 tem
2397 1197 2679 1252 declarans
2731 1195 3073 1263 Gregorius,
3131 1193 3571 1247 adumbrationis
3632 1194 3800 1246 verbo

2222 1297 2354 1336 usus
2387 1291 2491 1336 est.
2523 1281 2640 1334 Non
2694 1284 2838 1336 enim
2877 1280 3010 1334 dixit
3045 1298 3061 1335 :
3105 1279 3388 1350 Ellingitur
3422 1282 3587 1349 (Quod
3623 1281 3801 1350 peric.

2222 1373 2362 1428 etius
2381 1376 2508 1440 est),
2541 1373 2658 1439 sed,
2683 1371 3070 1427 Adumbratur.
3097 1371 3172 1425 Ac
3200 1388 3273 1426 ne
3305 1370 3390 1424 hic
3421 1372 3642 1439 quidem
3673 1388 3802 1426 cono

2221 1465 2362 1519 stitit
2391 1481 2405 1518 :
2436 1480 2625 1520 verum
2658 1465 2882 1534 insuper
2916 1463 3134 1532 adjecit,
3164 1462 3525 1517 Perobscure.
3558 1461 3799 1516 Tametsi

2220 1557 2362 1610 enirn
2381 1555 2583 1610 lumine
2605 1565 2861 1626 tanquam
2898 1555 3222 1610 vestimento
3248 1553 3480 1608 amictus
3508 1562 3594 1606 est
3623 1552 3788 1614 Deus,

2224 1647 2475 1701 tenebras
2525 1655 2701 1700 tamen
2751 1646 3031 1699 latibulum
3080 1660 3241 1699 suum
3298 1644 3498 1713 posuit,
3541 1644 3798 1713 quando-

2221 1740 2438 1811 quidem
2477 1740 2646 1809 ipsius
2694 1750 2887 1793 natura
2924 1738 3069 1792 nulla
3121 1737 3331 1791 ratione
3377 1735 3583 1806 percipi
3631 1746 3798 1806 atque

2221 1832 2610 1903 comprehendi
2666 1840 2858 1901 potest.
2929 1829 3225 1899 Perexigue
3284 1837 3506 1894 autem,
3569 1827 3625 1881 id
3675 1837 3797 1891 cst,

545 1919 725 1986 δείρεο
761 1899 1084 1989 complexus
1134 1937 1198 1977 ac
1237 1899 1640 1994 praeamplexus
1671 1927 1763 1982 sit.
1804 1928 1923 1994 Quo
1951 1930 2114 1984 etiam
2147 1899 2190 1954 Β
2222 1924 2540 1979 brevissime
2566 1966 2580 1989 ,
2647 1934 2699 1977 et
2765 1926 2829 1976 ad
2885 1922 3140 1992 exiguum
3197 1921 3470 1990 quoddam
3535 1919 3799 1987 temporis

488 2071 507 2090 κ
545 2007 762 2062 nomine
787 2008 897 2062 Rex
920 2013 1244 2068 saeculorum
1273 2016 1494 2083 dicitur,
1522 2017 1650 2088 quia
1683 2019 1734 2072 in
1765 2020 1883 2089 ipso
1904 2030 1955 2075 et
1974 2022 2116 2078 circa

546 2096 726 2166 ipsum
762 2109 868 2166 est,
901 2104 1165 2173 quidquid
1191 2115 1276 2160 est
1303 2122 1366 2162 ac
1396 2109 1672 2164 subsistit.
1699 2110 1807 2167 Nec
1843 2127 1972 2166 vero
2002 2113 2116 2170 ait:

546 2187 696 2253 Erat,
731 2198 824 2244 aut
856 2192 980 2259 erit,
1011 2204 1105 2249 aut
1145 2194 1266 2261 fuit,
1299 2207 1394 2251 aut
1424 2199 1515 2261 sit,
1547 2209 1639 2255 aut
1670 2202 1780 2269 ﬁet,
1806 2203 1916 2258 imo
1943 2219 2117 2274 neque

543 2287 648 2344 est,
684 2282 777 2335 sed
827 2281 895 2336 iis
930 2300 1052 2353 quae
1088 2295 1238 2354 sunt,
1288 2292 1531 2344 essentia
1585 2290 1700 2361 ipse
1751 2303 1853 2358 est,
1895 2294 2119 2364 ipseque

543 2378 630 2422 est
657 2372 918 2426 saeculum
955 2375 1305 2442 seculorum,
1329 2387 1384 2432 et
1407 2381 1627 2435 εςεειιιίε
1651 2383 1948 2450 antiquior.
1979 2381 2117 2448 Qui-

545 2459 648 2514 bus
695 2462 874 2517 verbis
923 2477 1164 2520 consona
1199 2478 1350 2532 sunt,
1400 2485 1522 2539 quae
1555 2471 1860 2540 Theologus
1899 2475 1994 2527 ait.
2041 2474 2118 2531 De

544 2549 658 2602 Deo
691 2551 838 2604 enim
876 2553 1039 2607 verba
1073 2555 1298 2618 faciens,
1355 2558 1435 2611 sic
1483 2559 1760 2628 loquitur:
1796 2561 2115 2618 Universum

542 2637 597 2691 id
638 2640 781 2707 quod
813 2649 933 2704 est,
963 2643 1013 2695 iu
1064 2658 1124 2699 se
1153 2647 1554 2716 complectitur.
1587 2648 1702 2704 Non
1728 2653 1897 2721 enim,
1928 2670 2118 2724 quem-

543 2729 836 2785 admodum
893 2749 992 2789 nos
1036 2734 1191 2804 juxta
1227 2753 1465 2807 praesens
1512 2751 1727 2812 tempus
1769 2759 1996 2813 sumus,
2052 2763 2117 2804 ac

541 2821 777 2878 vivimus
841 2823 1198 2896 (praeteritum
1257 2831 1404 2885 enim
1467 2847 1531 2887 ac
1595 2833 1839 2889 futurum
1915 2838 2113 2905 partim

541 2911 851 2978 amisimus,
873 2915 1073 2982 partim
1100 2919 1344 2973 nondum
1373 2920 1680 2990 habemus),
1711 2923 1792 2977 sic
1820 2924 1985 2978 etiam
2018 2925 2114 2980 Dei

540 3003 776 3058 essentia
799 3004 852 3058 in
876 3015 1115 3076 tempora
1142 3010 1314 3066 divisa
1337 3021 1454 3079 est;
1482 3029 1668 3069 verum
1694 3018 2002 3074 universam
2024 3037 2113 3076 es-

541 3094 772 3148 sentiam
798 3098 1196 3165 complectitur.
1223 3101 1378 3168 Quod
1402 3119 1501 3158 nec
1528 3107 1854 3178 principium
1887 3110 2111 3178 habuit,

2224 2023 2584 2068 momentum.
2619 2014 2756 2068 Nam
2790 2014 2935 2083 quod
2973 2023 3152 2068 mente
3193 2013 3384 2067 leviter
3412 2011 3795 2064 adumbratam

2220 2113 2342 2169 est,
2397 2104 2652 2160 celeriter
2705 2102 2906 2157 avolat.
2965 2101 3135 2156 Porro
3185 2103 3396 2157 levibus
3447 2100 3796 2155 lineamentis

2221 2195 2580 2250 adumbratur
2624 2194 2786 2258 Deus,
2831 2211 2938 2248 non
2974 2209 3038 2249 ex
3083 2194 3172 2249 his
3215 2209 3334 2262 quae
3382 2194 3436 2247 in
3478 2194 3598 2264 ipso
3644 2204 3794 2258 sunt,

2221 2287 2314 2343 sed
2347 2301 2467 2356 quae.
2501 2287 2645 2341 circa
2676 2287 2878 2356 ipsum.
2908 2286 2998 2339 Ait
3027 2286 3173 2341 enim
3203 2302 3434 2357 magnus
3467 2287 3793 2358 Dionysius,

2221 2379 2418 2444 Deum,
2467 2388 2730 2449 quantum
2783 2379 2850 2433 ad
2901 2380 3193 2436 essentiam
3248 2393 3347 2434 nec
3399 2379 3648 2449 intelligi,
3700 2395 3798 2433 nec

2221 2470 2607 2540 comprehendi
2674 2485 2878 2540 posse;
2961 2487 3146 2525 verum
3203 2487 3267 2526 ex
3326 2470 3534 2526 eff-clis
3588 2471 3794 2525 laudari

2219 2563 2436 2618 debere.
2479 2563 2681 2618 Eadem
2727 2564 2814 2620 hic
2843 2579 3064 2634 quoque
3105 2563 3235 2617 dicit
3277 2561 3611 2632 Theologus.
3643 2562 3795 2629 Quod

2219 2653 2363 2708 enim
2390 2652 2478 2708 ille
2499 2653 2656 2720 dixit,
2679 2666 2940 2724 quantum
2965 2654 3030 2707 ad
3053 2653 3368 2718 essentiam,
3393 2653 3504 2717 hic,
3525 2662 3790 2723 quantum

2220 2745 2288 2800 ad
2338 2761 2399 2800 ea
2456 2761 2580 2817 quae
2624 2745 2676 2800 in
2728 2747 2845 2815 ipso
2896 2752 3057 2812 sunt,
3107 2744 3263 2798 dixit.
3309 2744 3442 2809 Qua:
3485 2752 3664 2798 autem
3710 2743 3798 2798 ille

2228 2837 2439 2902 eﬂ‘ecta,
2480 2838 2568 2892 hic
2601 2837 3042 2893 circumstantias
3080 2837 3387 2906 appellavit.
3431 2834 3623 2904 Opifex
3653 2836 3795 2889 enim

2219 2945 2384 2986 causa
2412 2938 2496 2985 est
2531 2949 2545 2985 :
2575 2929 2763 2986 eﬂecta
2799 2942 3002 2993 autem,
3038 2929 3178 2983 illius
3206 2942 3392 2996 opera.
3430 2926 3572 2982 Deus
3609 2927 3792 2995 igitur,

2218 3038 2326 3076 non
2377 3037 2472 3092 per
2511 3037 2576 3078 ea
2616 3039 2736 3090 qua:
2781 3021 2834 3076 in
2874 3022 2992 3092 ipso
3043 3029 3190 3085 sunt,
3233 3020 3554 3089 percipitur,
3605 3019 3655 3071 id
3687 3032 3792 3080 est,

2217 3127 2312 3181 per
2340 3127 2496 3168 suam
2529 3111 2823 3187 essentiam
2855 3127 2870 3176 ;
2903 3110 2997 3166 sed
3033 3125 3127 3179 per
3157 3125 3220 3163 ea
3249 3125 3372 3179 quae
3410 3109 3557 3163 circa
3591 3110 3790 3178 ipsum,

509 3269 512 3272 ἢ
541 3198 642 3238 ηεε
671 3184 829 3240 ﬁnem
865 3187 1177 3244 habiturum
1222 3201 1326 3247 est.
1357 3193 1427 3260 ,ld
1457 3210 1674 3265 quaque
1723 3199 1934 3254 merito.
1979 3198 2189 3283 Nam‘c
2222 3202 2324 3257 hoc
2359 3212 2462 3267 εει,
2495 3184 2606 3272 peri
2625 3211 2926 3256 creaturas.
2954 3200 3087 3254 Nam
3129 3215 3194 3254 ex
3225 3199 3597 3266 magnitudine
3626 3208 3792 3268 atque

540 3275 685 3341 quod
719 3277 989 3349 principio
1012 3289 1183 3346 caret,
1205 3282 1308 3338 hoc
1337 3298 1442 3338 nec
1474 3301 1711 3355 unquam
1737 3304 1857 3344 esse
1877 3291 2109 3346 desinet.

539 3365 659 3420 Non
697 3375 875 3422 tamen
926 3371 1145 3427 inverso
1191 3373 1356 3427 modo
1393 3374 1578 3432 dicere
1623 3393 1915 3447 possumus
1965 3383 2112 3450 quod

541 3473 820 3527 nunquam
851 3460 1012 3515 linem
1044 3461 1360 3518 habiturum
1385 3475 1488 3530 est,
1520 3454 1663 3522 idem
1688 3485 1756 3525 ne
1785 3472 2109 3541 principium

500 3558 508 3563 '
539 3549 757 3617 quidem
782 3550 1057 3607 habuisse.
1083 3552 1294 3609 Etenim
1323 3558 1497 3627 angeli
1531 3561 1866 3617 immortales
1889 3562 2112 3634 quidem

541 3651 666 3693 sunt
725 3656 824 3710 per
873 3645 1130 3714 gratiam,
1190 3661 1292 3702 nec
1346 3664 1584 3719 unquam
1645 3667 1766 3709 esse
1821 3655 2108 3712 desinent:

539 3740 718 3784 ortum
766 3743 946 3788 tamen
993 3735 1318 3793 habuerunt.
1368 3737 1491 3794 Mox
1540 3755 1638 3810 per
1693 3743 2110 3803 similitudinem

540 3821 819 3894 subjungit
888 3825 1196 3898 Theologus
1252 3846 1266 3882 :
1332 3827 1493 3884 Velut
1561 3834 1782 3904 pelagus
1841 3839 2112 3906 quoddam

538 3916 786 3968 essentne
835 3917 1160 3972 immensum
1208 3928 1262 3975 et
1307 3921 1740 3981 interminalum.
1780 3927 2108 3986 immensum

539 4004 698 4072 dicit,
735 4008 858 4075 quia
891 4011 1168 4078 principio
1218 4022 1272 4068 et
1303 4014 1406 4069 [ine
1439 4026 1606 4071 caret.
1639 4018 1774 4072 Nam
1812 4036 1932 4090 quae
1965 4022 2114 4092 prin-

538 4095 740 4164 cipium
776 4109 830 4152 et
859 4099 1019 4154 linem
1055 4103 1274 4171 habent,
1303 4105 1454 4161 finita
1490 4115 1638 4173 sunt,
1671 4124 1735 4164 ac
1763 4112 1866 4166 sub
1898 4121 2112 4181 tempus

539 4188 758 4242 cadunt.
793 4189 935 4246 Deus
967 4205 1146 4248 autem
1188 4209 1352 4266 supra
1389 4205 1604 4269 tempus
1635 4211 1742 4256 est.
1787 4202 2112 4262 Intermina-

538 4285 652 4342 tum
686 4290 892 4347 amem,
925 4284 1052 4352 quia
1086 4299 1187 4341 nec
1220 4286 1338 4342 loco
1362 4329 1377 4353 ,
1409 4305 1509 4344 nec
1538 4290 1857 4349 definitione
1893 4297 1997 4350 ulla
2027 4297 2110 4366 ip-

538 4372 653 4428 sius
678 4383 926 4428 naturam
959 4377 1266 4434 declarante
1291 4381 1782 4440 circumscribitur.
1815 4386 2108 4458 Postquam

538 4462 704 4532 igitur
749 4465 886 4519 dixit
935 4463 1266 4522 Immensum
1304 4479 1357 4524 et
1402 4467 1814 4527 lnterminatum
1842 4515 1858 4540 ,
1896 4477 2110 4547 utrique

2214 3296 2534 3350 excellentia
2589 3304 2980 3360 creaturarum,
3034 3301 3090 3348 ut
3122 3293 3233 3357 ille,
3297 3293 3492 3362 inquit,
3548 3292 3792 3346 adhibita

2215 3387 2602 3457 praportione,
2654 3399 2850 3455 parens
2895 3399 3119 3448 earum,
3169 3382 3504 3450 eii'eclorque
3557 3383 3790 3451 perspici

2215 3487 2378 3547 atque
2405 3477 2625 3547 intelligi
2659 3484 2856 3546 potest.
2887 3475 3041 3530 Circa
3071 3475 3250 3545 ipsum
3285 3485 3465 3528 autem
3499 3481 3648 3538 sunt,
3677 3482 3787 3526 tum

2167 3609 2172 3614 -
2215 3579 2504 3635 creaturae,
2530 3579 2642 3623 tum
2679 3568 2901 3638 provida
2937 3567 3110 3636 ipsius
3145 3566 3389 3620 consilia.
3422 3565 3786 3631 Quamobrem

2215 3658 2640 3713 existimandum
2667 3665 2750 3710 est
2778 3657 3204 3724 unumquodque
3227 3668 3414 3708 eorum
3441 3667 3563 3720 quae
3587 3652 3654 3706 de
3679 3650 3789 3704 Deo

2213 3750 2589 3813 enuntiantur,
2627 3762 2756 3814 non,
2795 3746 2924 3815 quid
2971 3746 3041 3800 sit
3070 3755 3332 3815 quantum
3367 3743 3430 3798 ad
3464 3744 3785 3801 essentiam,

2215 3843 2479 3908 indicare,
2507 3857 2697 3896 verum
2748 3848 2862 3903 aut,
2895 3836 3027 3908 quid
3074 3853 3180 3890 non
3229 3838 3318 3900 sit,
3350 3836 3663 3901 ostendere,
3695 3843 3787 3887 aut

2213 3933 2531 3988 relationem
2565 3931 2852 4001 quamdam
2886 3929 2950 3984 ad
2984 3927 3188 3999 aliquid
3220 3943 3433 3992 eorum,
3467 3942 3592 3997 qua:
3622 3926 3692 3980 ab
3720 3941 3788 3980 eo

2212 4025 2649 4094 distinguuntur,
2696 4033 2791 4077 aut
2833 4022 3069 4091 denique
3112 4020 3388 4090 quidpiam
3433 4034 3626 4073 eorum
3667 4032 3789 4087 qua:

2214 4126 2471 4172 naturam
2522 4117 2608 4170 vel
2663 4115 2931 4170 actionem
2985 4113 3336 4168 comitantur.
3385 4107 3498 4164 Nec
3548 4124 3676 4163 vero
3723 4124 3789 4162 es

2212 4209 2466 4264 omnibus
2512 4207 2865 4271 nominibus,
2932 4221 3052 4275 qua:
3118 4204 3185 4259 de
3238 4203 3346 4259 Deo
3399 4202 3789 4272 praedicantur,

2212 4300 2383 4354 uilum
2415 4313 2566 4369 aeque
2599 4299 2879 4368 proprium
2914 4296 3148 4356 videtur,
3182 4304 3346 4363 atque
3378 4292 3531 4348 Entis
3567 4307 3785 4348 nomen.

2211 4392 2353 4461 quod
2396 4393 2568 4461 ipsam
2600 4390 2818 4460 quidem
2867 4389 3161 4444 essentiam
3197 4386 3418 4448 indicat,
3457 4399 3565 4438 non
3606 4397 3783 4437 autem

2211 4496 2457 4551 quamam
2499 4495 2560 4534 ea
2603 4481 2693 4534 sit.
2727 4478 3034 4534 Secundum
3083 4491 3301 4536 nomen,
3337 4476 3478 4528 Deus
3506 4484 3611 4538 est,
3643 4472 3784 4542 quod

539 4553 806 4621 a-Ijectivo
836 4560 1170 4614 contrarium
1207 4578 1364 4617 suum
1390 4567 1637 4633 opponit.
1665 4566 1937 4623 lmmenso
1963 4571 2104 4624 enim
2139 4555 2184 4610 Ῑ)
2215 4573 2480 4626 actionem
2518 4572 2808 4640 signiﬁcat.
2851 4570 2982 4632 Θεὸς
3022 4571 3166 4623 enim
3203 4567 3405 4620 dicitur
3442 4565 3526 4618 vel
3562 4580 3590 4618 a
3623 4566 3785 4617 verbo

538 4648 846 4714 respondet,
880 4648 930 4703 id
966 4654 1110 4719 quod
1138 4653 1253 4708 ait:
1284 4653 1510 4709 Omnem
1546 4658 1802 4726 temporis
1829 4661 2112 4730 cogitatio-

539 4752 662 4791 nem
696 4754 994 4810 supcrans;
1025 4760 1148 4798 nam
1173 4745 1320 4815 quod
1346 4755 1590 4816 tempore
1614 4749 1838 4804 minime
1867 4751 2109 4809 circum-

538 4832 820 4897 scribitur,
875 4835 1204 4892 immensum
1247 4847 1351 4894 est.
1405 4841 1762 4897 lntcrminato
1817 4854 1996 4901 autem
2053 4851 2106 4905 id

535 4922 678 4991 quod
713 4926 791 4979 ait
820 4943 835 4976 :
861 4924 1090 4980 Omnem
1130 4936 1338 4982 natura:
1385 4931 1766 5000 cogitationem
1798 4939 2104 5009 excedens;

535 5025 618 5068 est
646 5017 790 5069 enim
819 5017 1256 5082 interminatum,
1289 5021 1432 5088 quod
1468 5037 1564 5076 nec
1593 5023 1734 5091 loco,
1773 5042 1872 5082 nec
1909 5030 2104 5087 deﬁni-

537 5108 705 5168 tione,
752 5107 921 5175 ipsius
951 5116 1200 5162 naturam
1233 5111 1561 5180 explicante,
1596 5120 2100 5187 comprehenditur.

536 5194 679 5249 Deus
710 5197 894 5265 igitur,
942 5199 1137 5267 inquit,
1172 5203 1387 5257 excedit
1421 5219 1638 5261 omnem
1674 5211 2100 5281 cogitationem,

533 5300 698 5353 quam
738 5287 1026 5357 quisquam
1079 5292 1144 5345 de
1196 5301 1459 5362 tempore,
1494 5297 1577 5350 vel
1611 5307 1803 5354 natura
1838 5303 2099 5371 quadam,

533 5375 669 5430 inire
703 5387 887 5446 queat,
923 5389 1104 5434 mente
1137 5383 1250 5436 sola
1293 5385 1696 5443 adumbratum.
1739 5389 1924 5462 Neque
1957 5397 2098 5449 enim

533 5469 586 5520 in
617 5471 774 5526 nobis
801 5488 1065 5541 organum
1097 5477 1265 5531 ullum
1293 5471 1573 5545 habemus,
1598 5498 1708 5550 quo
1738 5485 1831 5538 Dei
1862 5489 2097 5555 speciem

531 5562 820 5631 Concipere
878 5581 1169 5635 queamus,
1227 5585 1334 5624 non
1365 5588 1588 5629 sensum
1626 5575 1750 5644 (nec
1783 5577 1924 5632 enim
1959 5579 2098 5636 Deus

530 5654 728 5707 sensile
758 5657 1014 5725 quiddam
1071 5670 1175 5727 est,
1213 5670 1272 5716 ut
1321 5664 1575 5720 sensibus
1629 5667 1955 5740 subiaceat),
1990 5685 2095 5725 non

601 5835 644 5866 ’⁷
681 5834 857 5890 Exod.
881 5853 961 5905 ιιι,
997 5835 1078 5906 15,
1124 5839 1205 5892 ll.

2213 4666 2377 4730 θέειν,
2415 4666 2465 4720 id
2496 4673 2597 4730 est,
2631 4681 2860 4731 currere,
2919 4673 2974 4718 et
3004 4678 3091 4717 res
3137 4662 3421 4715 universas
3468 4657 3783 4718 confovere,

2213 4759 2292 4812 vel
2321 4758 2428 4811 ἀπὸ
2457 4755 2551 4809 τοῦ
2583 4754 2811 4809 θεᾶσθαι
2853 4753 2925 4807 τὰ
2971 4753 3181 4817 πάντα,
3215 4752 3267 4806 id
3302 4763 3415 4816 εει,
3447 4750 3573 4819 quia
3607 4751 3782 4802 omnia

2209 4857 2421 4916 spectet.
2507 4847 2691 4917 Neque
2775 4846 2918 4902 enim
3024 4843 3324 4915 quidquam
3407 4855 3533 4896 eum
3614 4839 3782 4894 latere

2210 4947 2415 5009 potest,
2447 4946 2915 5008 conspectumque
2971 4935 3087 5005 ejus
3138 4933 3393 5003 ell‘ugere.
3441 4932 3510 4984 At
3544 4929 3782 5001 ἄναρχον

2207 5041 2261 5087 ει
2294 5033 2549 5086 ἇκτιστον
2577 5039 2631 5084 ει
2658 5027 2975 5098 ἀσώματον,
3005 5027 3058 5081 id
3083 5033 3188 5090 est,
3218 5024 3463 5094 principii
3489 5037 3697 5092 expers,
3732 5027 3783 5074 et

2206 5124 2518 5184 increalum,
2549 5130 2601 5174 et
2635 5120 3024 5188 incorporeum,
3051 5116 3182 5184 quid
3215 5129 3325 5170 non
3353 5113 3445 5178 sit,
3478 5113 3780 5175 declarant,

2209 5215 2308 5268 hoc
2337 5221 2441 5277 est,
2471 5211 2612 5282 quod
2647 5225 2745 5265 nec
2777 5209 3101 5278 principium
3135 5207 3404 5270 habuerit,
3437 5219 3538 5259 nec
3563 5217 3779 5259 creatus

2206 5305 2386 5367 fuerit,
2417 5319 2516 5358 nec
2543 5318 2741 5370 corpus
2768 5302 2859 5355 sit.
2890 5299 3008 5353 Jam
3041 5312 3167 5352 vero
3200 5297 3430 5360 bonum,
3462 5296 3674 5365 justum
3727 5303 3780 5346 et

2205 5406 2476 5458 sanctum,
2523 5404 2772 5446 naturam
2820 5391 3041 5460 quidem
3091 5389 3476 5444 comitantur:
3516 5397 3774 5439 caeterum

2203 5489 2376 5556 ipsam
2425 5496 2676 5540 naturam
2714 5483 3136 5552 haudquaquam
3173 5482 3445 5552 aperiunt.
3477 5479 3657 5548 Atque
3695 5477 3777 5530 his

2202 5576 2517 5632 nominibus
2551 5574 2696 5631 Deus
2726 5574 3047 5644 appellatur,
3092 5583 3151 5627 ut
3195 5583 3385 5628 auctor
3419 5569 3683 5626 bonitatis
3715 5583 3778 5624 ac

2201 5670 2506 5726 sanctitatis
2548 5677 2601 5723 ct
2639 5667 2891 5738 justitiae.
2928 5667 2996 5722 At
3044 5665 3159 5721 haec
3206 5666 3446 5733 nomina,
3483 5663 3775 5727 Dominus,
