4048 6278
1262 222 1582 289 NICETAS
1622 231 1704 292 IN
1747 229 1970 291 ORAT.
2015 233 2182 297 XLII
2223 237 2286 299 S.
2329 239 2562 302 GREG.

298 319 692 431 eiii-expet
735 323 940 431 'Opifex
970 371 985 396 ,
1055 347 1118 389 ac
1174 347 1370 396 ca‘tera
1437 344 1560 415 ejus
1625 350 1881 417 generis,
1912 349 2167 422 Agatur,
2217 371 2383 414 cursu
2434 373 2494 414 se
2541 359 2793 431 proripit.
2846 361 2991 418 Deus
3042 361 3187 417 enim
3239 378 3349 419 non
3391 369 3558 423 modo

302 412 624 508 relationem
681 417 749 471 ad
797 433 863 475 ea
924 438 1046 492 quae
1099 441 1166 480 ex
1223 412 1880 508 adverso'resp-ondent,

299 506 618 564 ostendunt.
671 509 1025 572 Subditorum
1072 523 1214 577 enim
1263 524 1530 586 Dominus
1568 506 1786 603 dicitur,
1827 506 1882 592 et

302 610 498 653 eorum
535 601 629 669 qui
675 604 778 658 sub
819 621 986 677 regno
1021 623 1169 679 sunt,
1217 615 1350 684 Rex,
1384 630 1437 676 et
1479 638 1658 680 rerum
1693 601 1882 683 condi-

302 696 483 743 tarum
517 691 704 760 Opifex
740 710 836 751 scit
867 698 1153 760 Conditor.
1204 706 1453 774 Quonam
1498 726 1679 770 autem
1717 724 1880 776 modo

300 794 364 868 ex
399 780 506 845 his,
553 799 672 852 qum
707 787 852 844 circa
888 790 1064 860 ipsum
1105 807 1256 864 sunt,
1294 802 1434 859 Deus
1474 807 1880 868 adumbratnr?

299 867 454 934 A'lia,
509 871 730 944 inquit,
783 888 945 948 atque
994 884 1097 939 alia
1153 887 1540 958 imaginatione
1584 899 1652 952 ad
1709 867 1878 957 unum

299 961 520 1030 aliquod
546 967 788 1022 veritatis
808 971 1158 1031 simulacrum
1185 983 1596 1048 exprimendum
1622 992 1877 1049 collecta.

305 1050 380 1105 Ex
415 1053 498 1108 his
541 1059 686 1111 enim
731 1063 912 1128 rebus,
949 1083 1084 1134 quas
1129 1073 1304 1128 oculis
1338 1079 1636 1145 cernimus,
1669 1088 1878 1153 species

301 1148 564 1238 quasdam
605 1159 658 1204 et
692 1151 958 1224 imagines
1003 1160 1071 1212 de
1123 1160 1236 1217 Deo
1286 1169 1606 1238 accipimus.
1751 1193 1876 1233 cum

301 1234 535 1292 dicimus
577 1257 590 1291 :
630 1240 784 1305 Quod
837 1246 919 1300 sol
970 1249 1022 1301 in
1073 1234 1445 1322 sensibilibus,
1499 1263 1604 1318 hoc
1647 1266 1789 1323 Deus
1821 1271 1874 1324 in

300 1325 733 1388 intellectilihus.
773 1334 910 1391 Nam
960 1347 1422 1410 quemadmodum
1473 1353 1560 1409 ille
1610 1359 1876 1416 visibilem

301 1421 563 1476 mundum
613 1423 885 1486 illuminat
918 1449 930 1483 :
969 1435 1159 1489 eodem
1200 1438 1289 1493 hic
1322 1443 1483 1498 modo
1526 1445 1872 1506 invisibilent.

302 1507 511 1601 Rursus
536 1515 994 1580 quemadmodum
1025 1522 1115 1577 ille
1137 1540 1232 1581 eos
1258 1529 1350 1597 qui
1381 1534 1676 1601 aspiciunt,
1702 1539 1878 1598 claros

301 1598 506 1654 eilicit:
546 1601 619 1657 ita
673 1605 760 1660 hic
801 1607 1020 1668 divinos
1067 1625 1121 1670 et
1163 1598 1461 1679 deiformes
1499 1598 1693 1686 reddit.
1727 1631 1876 1689 Prae-

303 1695 452 1787 terea
503 1695 965 1787 quemadmodum
1024 1705 1187 1762 simul
1245 1720 1300 1766 et
1348 1729 1546 1786 corpus
1602 1723 1776 1787 solis,
1823 1735 1876 1781 et

306 1781 491 1882 [adius
531 1793 581 1839 et
623 1786 805 1844 lumen
859 1809 872 1845 :
924 1793 1089 1851 simili
1140 1803 1302 1858 modo
1353 1781 1534 1875 Pater,
1583 1781 1774 1882 Filius,
1823 1826 1879 1874 et

307 1870 545 1969 Spiritus
579 1888 825 1938 sanctus.
879 1885 943 1938 Et
985 1903 1298 1961 quanquam
1337 1870 1552 1969 utrique
1586 1870 1882 1964 causa'est

306 1960 467 2018 Pater
500 1985 513 2020 :
549 1978 871 2070 tamen
902 1979 1178 2049 antiquior
1210 1994 1314 2049 est,
1352 1960 1477 2044 nonI
1492 1992 1675 2050 hercle
1707 2000 1880 2070 magis

307 2066 467 2148 quam
493 2056 571 2110 sol
597 2057 706 2114 illis
731 2070 972 2133 tempore
1003 2071 1172 2137 prior.
1195 2075 1397 2132 Adhare
1420 2056 1879 2148 quemadmodum

305 2139 490 2242 lumen
627 2149 748 2218 igne
781 2191 796 2216 ,
832 2153 913 2210 sic
943 2155 1113 2215 Filius
1145 2176 1210 2217 ex
1242 2166 1422 2223 Patre.
1437 2139 1646 2242 'Atque,
1666 2139 1735 2231 ut
1755 2139 1880 2235 uno

306 2234 476 2316 verba
524 2237 726 2342 dicam,
778 2260 900 2314 quae
947 2251 1002 2304 in
1043 2255 1204 2311 nobis
1256 2270 1402 2324 sunt.
1441 2234 1682 2336 θεὴ-(ιιιῷ
1715 2286 1878 2342 supra

307 2342 410 2425 nos
439 2340 588 2397 sunt,
623 2333 972 2410 intelligimus
1003 2357 1166 2415 atque
1197 2333 1602 2425 imaginamur,
1639 2362 1690 2415 in
1722 2333 1879 2421 nobis

305 2421 476 2489 enim,
527 2435 592 2519 et?
628 2443 783 2485 mens
835 2444 939 2499 est,
993 2446 1047 2492 et
1094 2421 1404 2510 sertnopet
1454 2451 1704 2519 spiritus.
1755 2454 1880 2514 Haec

307 2522 485 2618 autem
530 2518 652 2583 tria,
692 2525 1072 2595 lnseparabilia
1120 2545 1246 2589 sunt
1277 2547 1328 2590 et
1359 2518 1611 2608 aequalia.
1655 2545 1722 2600 Et
1760 2552 1882 2618 qui-

306 2605 427 2657 dem
497 2623 651 2666 ntens
713 2629 1020 2674 sermonem
1092 2623 1378 2692 itnpatibili
1426 2605 1605 2690 imodo
1664 2605 1876 2710 gignit,

306 2709 496 2796 sermo-
522 2711 703 2796 autem
743 2706 862 2762 sine
911 2712 1107 2778 spiritu
1144 2731 1208 2770 ex
1259 2731 1438 2776 mente
1477 2706 1744 2796 progredi
1781 2706 1873 2786 ne;

308 2785 447 2889 quit.
476 2787 550 2842 Ita
585 2790 663 2857 fit,
705 2803 764 2848 ut
788 2812 1098 2869 quanquam
1133 2804 1186 2858 in
1215 2808 1373 2864 nobis
1415 2785 1524 2868 tres
1549 2785 1680 2871 sunt
1709 2818 1880 2889 hypo-

307 2885 694 2978 stalsesnunus
746 2895 926 2944 tamen
979 2893 1143 2951 homo
1187 2899 1259 2952 sit
1301 2900 1457 2970 juxta
1508 2905 1584 2978 id,
1633 2885 1878 2978 quod-in

1985 460 2093 500 non
2138 456 2352 503 tenetur
2395 451 2671 507 intellectu
2722 463 3008 524 perceptus
3038 471 3054 508 :
3083 455 3185 509 sed
3207 471 3277 510 ne
3313 457 3551 526 perfecte

1983 538 2200 606 quidem
2256 542 2484 611 c0gitari
2551 552 2715 612 atque
2780 545 3010 615 intelligi
3067 553 3242 612 potest
3297 561 3313 598 :
3367 561 3554 602 verum

1982 627 2147 684 simul
2198 637 2362 698 atque
2415 631 2639 699 intelligi
2695 632 2890 702 empit,
2946 632 3222 694 abscedit,
3278 641 3462 701 atque,
3500 646 3560 688 ut

1981 720 2240 783 diximus.
2279 724 2360 776 vel
2398 724 2738 778 celerrimam
2785 734 3020 779 mentem
3063 727 3370 791 antevertit,
3408 730 3544 781 adeo

1981 820 2043 866 ut
2071 811 2217 866 nulla
2252 813 2467 868 ratione
2495 814 2887 884 comprehendi
2919 822 3106 883 queat.
3139 813 3375 869 Tantum
3409 816 3560 884 prin-

1980 905 2156 975 cipem
2214 905 2392 960 nostri
2447 915 2701 974 partem,
2761 921 2991 976 eamque
3049 917 3332 977 purgatam
3385 907 3558 962 collu-

1979 1007 2182 1061 strans,
2213 1007 2320 1054 etc.
2359 998 2514 1065 Quod
2545 1000 2692 1054 enim
2724 1007 2807 1055 est
2839 999 3032 1056 oculus
3078 1000 3130 1054 in
3175 1016 3422 1070 corpore,
3457 1001 3561 1055 hoc

1981 1106 2135 1146 mens
2172 1091 2223 1145 in
2268 1090 2468 1145 anima.
2510 1090 2579 1146 Ut
2622 1091 2786 1162 igitur
2829 1094 2894 1145 ad
2930 1093 3116 1160 fulgur
3150 1093 3396 1146 emicans
3430 1107 3558 1162 pro-

1980 1183 2322 1250 spiciendum
2371 1183 2546 1237 oculis
2598 1183 2747 1238 sanis
2793 1191 2877 1237 est
2927 1198 3064 1252 opus
3111 1200 3126 1237 :
3163 1185 3244 1238 sic
3287 1184 3448 1238 etiam
3489 1184 3556 1237 ad

1982 1275 2104 1342 hoc.
2130 1285 2187 1329 ut
2215 1275 2304 1329 Dei
2336 1276 2795 1346 contemplatione
2825 1275 3361 1339 eircumlustremur,
3394 1290 3553 1330 mens

1977 1381 2111 1434 pura
2148 1377 2202 1420 et
2248 1366 2456 1437 integra
2506 1368 2825 1437 requiritur.
2873 1364 3007 1419 Nam
3046 1373 3106 1420 ut
3139 1365 3194 1419 in
3250 1366 3472 1421 sordido
3506 1374 3562 1420 et

1979 1459 2193 1526 impuro
2249 1459 2470 1527 speculo
2527 1457 2711 1514 vultus
2767 1458 2948 1527 imago
3002 1459 3386 1526 repratsentari
3447 1475 3557 1512 non

1976 1555 2188 1617 potest,
2245 1547 2327 1602 sic
2380 1562 2480 1602 nec
2517 1547 2571 1601 in
2627 1547 2768 1602 foeda
2821 1556 2876 1603 et
2924 1547 3180 1616 squalida
3231 1557 3414 1603 mente
3463 1549 3555 1604 Dei

1981 1641 2280 1710 splendor:
2327 1655 2504 1710 eoque
2535 1641 2710 1718 magis
2758 1642 2889 1710 quia
2939 1639 3178 1711 fulguris
3224 1641 3556 1696 celeritatem

1983 1735 2246 1799 imitatur,
2285 1743 2339 1787 et
2383 1733 2667 1787 confestim
2719 1733 2920 1797 avolat,
2973 1742 3137 1803 atque
3184 1748 3308 1788 eum
3358 1749 3556 1804 capere

1981 1825 2290 1881 adnitentes
2327 1825 2587 1893 praeterit.
2623 1822 2784 1891 Spem
2836 1825 2981 1878 enint
3023 1823 3196 1892 injicit
3240 1825 3397 1894 quasi
3434 1840 3558 1879 mox

1980 1915 2532 1986 comprehendendus
2575 1932 2588 1968 :
2637 1915 2856 1969 interim
2908 1923 3090 1969 tamen
3141 1915 3562 1985 incomprehen-

1981 2008 2154 2063 sibilis
2203 2015 2408 2061 manet.
2467 2006 2583 2061 Meo
2633 2007 2853 2077 quidem
2901 2007 3132 2077 judicio,
3183 2015 3242 2062 ut
3287 2017 3560 2076 quatenus

1982 2098 2375 2167 comprehendi
2422 2105 2624 2167 potest,
2660 2113 2760 2152 nos
2800 2097 2866 2152 ad
2898 2112 2958 2154 se
2989 2098 3168 2153 trahat
3209 2097 3376 2169 (quod
3411 2099 3556 2154 enim

1983 2192 2132 2246 nullo
2167 2191 2329 2245 modo
2377 2189 2582 2260 percipi
2619 2199 2817 2260 potest,
2850 2204 2948 2244 nec
2998 2190 3078 2244 vel
3111 2207 3209 2260 per
3256 2206 3317 2244 ea
3351 2207 3473 2260 quae
3503 2194 3557 2244 in

1981 2283 2101 2351 ipso
2148 2289 2295 2346 sunt,
2344 2281 2425 2335 vel
2473 2296 2597 2350 qua!
2641 2281 2786 2336 circa
2828 2281 3006 2350 ipsum
3048 2282 3460 2352 comprehendi,
3507 2283 3557 2336 id

1981 2388 2082 2428 nec
2126 2379 2309 2442 sperat
2354 2371 2649 2442 quisquam
2703 2371 2820 2426 fore
2867 2380 2927 2425 ut
2975 2373 3173 2442 capiat,
3221 2388 3322 2428 nec
3368 2387 3562 2442 capere

1981 2461 2290 2532 adnititur),
2329 2470 2601 2532 quatenus
2627 2471 2806 2516 autem
2839 2463 2958 2532 capi
2991 2463 3201 2534 nequit.
3241 2463 3561 2517 admiratio-

1982 2572 2104 2612 nem
2151 2555 2235 2611 sui
2283 2555 2503 2618 excitet,
2550 2569 2724 2625 eaque
2773 2554 2841 2608 de
2890 2569 3054 2609 causa
3103 2554 3463 2618 desideretur,
3507 2563 3562 2606 et

1981 2658 2210 2721 purget,
2245 2662 2308 2704 ac
2355 2647 2654 2701 deiformes
2698 2646 2898 2700 efﬁciat
2931 2663 2944 2698 ε
2980 2655 3143 2716 atque
3187 2646 3260 2698 ita
3289 2645 3400 2715 jam
3432 2661 3558 2698 cum

1984 2741 2346 2798 familiaribus
2393 2739 2542 2795 nulla
2575 2755 2634 2793 re
2671 2739 2998 2793 intermedia
3033 2739 3378 2808 colloquatur
3411 2736 3485 2807 (ei.
3515 2736 3560 2790 si

1982 2834 2099 2888 haec
2146 2830 2466 2886 audacter‘a
2493 2845 2578 2884 me
2622 2827 2928 2896 dicuntur),
2964 2829 3106 2884 Deus
3155 2827 3420 2882 naturalis
3459 2827 3564 2881 diis

1981 2940 2080 2994 per
2108 2922 2454 2993 adoptionem
2493 2932 2548 2974 et
2576 2919 2806 2988 gratiam
2849 2920 3036 2975 unitus
3065 2929 3118 2973 et
3148 2919 3437 2988 copulatus
3467 2933 3565 2987 per

307 2970 914 3088 tibus—hypostasibus
949 2986 1288 3088 intelligitur,
1337 3009 1404 3048 co
1442 3000 1586 3066 quod
1635 3018 1790 3058 mens
1821 3015 1873 3060 et
1898 3025 1944 3088 (ι
1975 2970 2271 3079 actionem,
2300 3013 2650 3066 iunctescens
2679 3019 2860 3064 autem
2889 3024 2982 3078 per
3027 3011 3561 3079 contemplationem.

307 3074 612 3164 sermonem
651 3073 998 3164 etispiritum
1027 3078 1242 3137 habeat.
1277 3084 1477 3141 Eodem
1505 3092 1666 3146 modo
1694 3093 1874 3164 Pater,

309 3149 498 3254 Filius,
545 3165 601 3211 et
647 3159 883 3230 Spiritus
933 3181 1157 3228 sanctus
1205 3183 1318 3232 tres
1367 3179 1585 3248 quidem
1633 3149 1880 3254 persona;

310 3244 703 3316 inseparablles
752 3267 902 3323 sunt,
956 3277 1100 3319 unus
1153 3275 1334 3323 autem
1385 3244 1554 3330 Deus.
1609 3244 1672 3333 έῑ
1723 3244 1883 3337 Pater

310 3339 442 3430 citra
478 3343 786 3410 passionem
837 3349 1032 3409 Filium
1059 3357 1232 3429 gignit
1271 3379 1285 3417 :
1326 3361 1496 3420 Filius
1543 3384 1734 3426 rursus
1763 3373 1883 3430 sine

311 3428 515 3500 Spiritu
550 3451 657 3492 non
691 3452 796 3506 est,
828 3444 908 3500 sic
941 3447 1046 3503 alia
1073 3453 1320 3520 quaedam
1349 3459 1563 3525 species
1592 3475 1659 3516 ex
1691 3463 1795 3519 alia
1827 3480 1884 3520 re

309 3528 377 3628 ad
428 3545 597 3632 u'nutn
645 3538 888 3597 veritatis
948 3545 1303 3603 simulacrum
1357 3553 1656 3624 colligitur.
1710 3555 1884 3614 Porro

311 3626 719 3688 imaginationis
772 3633 1070 3690 exilitatem
1125 3639 1403 3697 simulacri
1457 3660 1653 3702 nomen
1701 3647 1881 3706 docet.

309 3707 422 3765 Nec
484 3716 629 3771 enim
690 3719 745 3773 in
804 3725 969 3778 rebus
1027 3730 1228 3784 creatis
1295 3734 1400 3786 ulla
1464 3737 1644 3808 imago
1706 3750 1886 3809 potest

310 3805 566 3871 inveniri,
611 3825 734 3880 quae
767 3812 820 3866 in
853 3815 1030 3884 seipsa
1082 3829 1284 3876 sanctze
1331 3805 1618 3884 Trinitatis
1659 3805 1881 3890 m‘odum

310 3910 406 3963 per
470 3900 653 3954 omnia
720 3903 940 3958 referat.
1002 3905 1138 3962 Nam
1195 3914 1340 3980 quod
1398 3926 1643 3974 creatum
1697 3928 1781 3975 est
1831 3931 1885 3977 et

309 3987 697 4056 compositum,
745 4004 799 4048 et
844 3995 1077 4064 ﬂuxum,
1124 4008 1180 4053 et
1223 4005 1504 4072 mutabile,
1551 4017 1606 4063 et
1653 4008 1889 4066 circum-

313 4078 603 4148 scriptum,
650 4098 760 4152 quo
809 4088 1027 4143 tandem
1079 4091 1244 4145 modo
1295 4094 1532 4151 divinam
1588 4101 1882 4156 essentiam

313 4169 380 4223 ab
412 4172 670 4230 omnibus
720 4175 807 4233 his
857 4179 1017 4236 rebus
1065 4192 1352 4249 remotam,
1389 4195 1552 4257 atque
1591 4192 1882 4248 essentiam

315 4277 532 4318 omnem
561 4279 910 4337 superantem
943 4274 1230 4342 perspicue
1259 4275 1597 4334 declarabit?
1628 4279 1883 4340 Veritatis

1985 3109 2064 3163 Ac
2096 3112 2304 3160 tantum
2339 3101 2596 3166 fortasse,
2626 3109 2731 3154 etc.
2766 3098 2879 3154 Hoc
2911 3109 3145 3165 tantum,
3179 3116 3286 3154 non
3315 3099 3366 3154 id
3396 3099 3566 3168 signi-

1984 3201 2131 3264 ﬁcat,
2155 3195 2298 3266 quod
2323 3201 2589 3264 quantum
2621 3191 2724 3261 ipsi
2775 3190 2942 3246 Deum
2968 3199 3329 3262 cognoscunt,
3351 3200 3560 3245 tantum

1984 3290 2088 3362 ipsi
2140 3304 2170 3343 a
2225 3286 2335 3341 Deo
2386 3293 2821 3355 cognoscuntur.
2874 3283 2968 3338 Ille
3019 3285 3166 3338 enim
3230 3283 3565 3354 cognitionis

1984 3380 2256 3438 infinitum
2305 3387 2389 3434 est
2440 3377 2664 3448 pelagus
2698 3395 2714 3430 :
2748 3375 2944 3430 horum
2985 3383 3187 3440 autem,
3237 3383 3297 3430 ut
3346 3384 3560 3437 natura,

1983 3475 2058 3531 ita
2085 3473 2247 3529 etiam
2281 3469 2522 3540 cognitio
2553 3467 2705 3522 finita
2735 3475 2836 3522 est.
2867 3465 3068 3521 Verum
3097 3466 3356 3537 quoniam
3387 3466 3566 3535 dupli-

1985 3581 2102 3621 cem
2149 3563 2292 3618 Deus
2328 3560 2614 3616 scientiam
2653 3558 2835 3624 habet,
2867 3558 3092 3613 alteram
3126 3573 3230 3628 qua
3263 3557 3562 3612 secundum

1985 3667 2239 3712 naturam
2270 3661 2467 3709 cuncta
2497 3652 2799 3722 cognoscit,
2843 3650 3000 3719 juxta
3032 3650 3164 3704 illud
3209 3667 3225 3703 :
3263 3648 3369 3714 Qui
3419 3650 3562 3702 novit

1984 3747 2185 3808 omnia,
2229 3752 2515 3812 antequam
2559 3740 2803 3794 oriantur
2826 3741 2938 3806 "‘;
2989 3741 3236 3804 alteram,
3285 3754 3393 3809 qna
3443 3755 3562 3800 eos.

1985 3837 2078 3905 qui
2111 3834 2212 3903 ipsi
2247 3843 2390 3888 totos
2419 3846 2478 3887 se
2505 3830 2855 3894 addixerunt,
2887 3830 3179 3885 familiares
3212 3831 3375 3884 habet
3403 3847 3418 3884 :
3450 3847 3562 3900 quo

1986 3940 2149 3980 sensu
2201 3923 2279 3978 ait
2324 3922 2610 3992 Scriptura
2661 3938 2680 3977 :
2719 3919 2884 3976 Novit
2929 3923 3184 3974 Dominus
3233 3921 3346 3975 vias
3383 3922 3562 3991 justo-

1986 4038 2105 4079 rum
2131 4020 2196 4075 ’⁸.
2229 4019 2296 4073 Ει
2319 4019 2428 4073 alio
2447 4018 2568 4073 loco
2593 4036 2607 4072 :
2639 4015 2801 4072 Novit
2828 4015 3087 4070 Dominus
3113 4016 3204 4086 qui
3231 4014 3314 4068 sui
3342 4023 3466 4068 sunt
3493 4013 3562 4079 ²⁹;

1986 4108 2202 4163 divinas
2240 4107 2495 4162 videlicet
2538 4121 2667 4161 suas
2700 4115 2858 4161 notas
2903 4105 2958 4159 in
3007 4105 3086 4159 eis
3119 4104 3300 4160 salvas
3328 4112 3384 4158 et.
3417 4103 3566 4156 inco-

1986 4198 2160 4253 lumes
2189 4211 2509 4265 agnoscens.
2533 4196 2611 4250 Ac
2639 4195 2863 4265 proinde
2885 4196 2952 4250 ad
2977 4195 3178 4250 Mosem
3205 4194 3420 4264 quidem
3445 4193 3521 4246 ait
3546 4209 3562 4245 :

1988 4288 2127 4343 Novi
2160 4297 2208 4342 te
2234 4304 2399 4358 supra
2429 4303 2608 4342 omnes
2638 4287 2720 4353 '°;
2757 4286 2826 4340 ad
2860 4287 2997 4340 alios
3023 4296 3208 4338 autem
3239 4303 3254 4339 :
3291 4283 3412 4337 Non
3445 4282 3567 4336 uari

318 4365 497 4412 atttem
534 4359 884 4416 simulacrum
923 4363 1086 4430 dixit,
1119 4376 1407 4437 propterea
1434 4371 1578 4438 quod
1613 4372 1759 4428 Deus
1789 4375 1881 4441 sit,
1917 4367 1963 4426 Ι)
1989 4396 2076 4434 vos
2105 4380 2172 4433 ³⁸.
2208 4370 2314 4433 Hic
2337 4377 2503 4446 igitur
2542 4377 2698 4446 juxta
2742 4375 3201 4445 significationem
3237 4371 3565 4443 cognitionis

317 4451 529 4505 etiamsi
565 4452 617 4507 id
647 4468 757 4509 non
790 4454 864 4511 sit
899 4457 1045 4526 quod
1086 4457 1154 4514 de
1196 4460 1312 4530 ipso
1343 4463 1730 4532 imaginamur.
1775 4467 1884 4524 Du-

319 4541 512 4610 plicem
561 4545 704 4597 enim
747 4545 1200 4616 signiﬁcationem
1258 4551 1420 4608 habet
1470 4570 1667 4612 nomen
1717 4558 1884 4612 simu-

318 4631 476 4687 lacri.
523 4631 861 4705 Quandoque
894 4638 1038 4693 enim
1077 4641 1143 4695 de
1189 4657 1254 4697 eo
1301 4644 1524 4710 dicitur,
1570 4649 1718 4718 quod
1758 4651 1885 4706 sub-

318 4726 519 4779 stantia
571 4728 797 4782 omnino
845 4739 1027 4796 caret,
1078 4741 1138 4786 ut
1183 4733 1251 4788 de
1299 4737 1492 4792 umbra
1540 4748 1596 4794 et
1640 4742 1882 4810 speculo.

318 4814 721 4888 Nonnunquam
753 4833 934 4874 autem
959 4822 1026 4876 de
1048 4837 1136 4889 eo,
1157 4825 1302 4894 quod
1327 4829 1574 4898 veritatis
1597 4831 1882 4902 cujusdam

319 4916 404 4962 est
444 4909 734 4978 particeps,
772 4920 830 4965 ut
863 4911 969 4967 hoc
1002 4913 1144 4970 loco.
1183 4914 1454 4982 Quoniam
1501 4936 1630 4977 vero
1664 4922 1890 4977 simula-

320 5013 476 5054 crum
517 5011 703 5070 aperte
741 5003 972 5072 cogitari
1019 5019 1084 5059 ac
1126 5008 1328 5078 percipi
1369 5026 1473 5064 non
1521 5021 1718 5081 potest,
1769 5013 1889 5069 ideo

321 5105 448 5144 cum
481 5091 548 5146 de
588 5091 698 5148 Deo
734 5091 1043 5165 Theologus
1086 5097 1334 5164 dixisset,
1379 5103 1524 5170 quod
1570 5104 1888 5173 priusquam

321 5190 590 5248 teneatur,
616 5184 821 5254 eﬂ‘ogit,
864 5186 917 5242 id
959 5196 1138 5242 autem
1171 5191 1315 5260 quod
1348 5200 1582 5260 tenetur,
1613 5196 1890 5251 intellectu

323 5283 634 5343 perceptum
687 5289 810 5332 esse
861 5289 1088 5332 necesse
1139 5278 1249 5346 sit,
1305 5281 1591 5350 subjunxit
1641 5283 1696 5337 id
1746 5285 1891 5354 quod

325 5363 500 5432 magis
540 5367 921 5422 admirandum
966 5378 1087 5436 est,
1132 5372 1278 5442 quod
1317 5375 1640 5446 priusquam
1689 5376 1893 5432 intelli-

1993 4483 2189 4524 nomen
2237 4467 2506 4536 accipitur
2540 4484 2554 4522 :
2588 4466 2847 4537 quoniam
2892 4474 3098 4520 tantum
3145 4463 3437 4520 innotescit
3466 4463 3565 4516 ho-

1994 4561 2232 4616 minibus
2276 4559 2440 4627 Deus,
2473 4567 2738 4630 quantum
2781 4558 2897 4628 jam
2943 4556 3286 4612 familiariter
3332 4555 3400 4613 iis
3439 4556 3566 4624 jun-

1991 4657 2159 4726 gitur,
2186 4653 2279 4722 qui
2311 4669 2406 4724 per
2435 4653 2690 4707 virtutem
2721 4651 2826 4722 ipsi
2856 4649 3098 4720 adjuncti
3131 4655 3280 4703 sunt.
3307 4645 3442 4702 Nam
3469 4663 3570 4718 pro

1995 4748 2208 4802 ratione
2239 4759 2501 4800 ascensus
2543 4743 2786 4815 ipsorum
2829 4743 2920 4798 il'e
2951 4741 3264 4807 descendit;
3297 4748 3352 4795 et.
3389 4755 3568 4809 quan-

1991 4847 2108 4892 tum
2138 4839 2304 4892 homo
2336 4837 2445 4892 Deo
2471 4835 2894 4906 appropinquat,
2925 4843 3138 4889 tantum
3164 4835 3330 4890 etiam
3359 4833 3568 4888 homini

1991 4931 2136 4985 Deus
2161 4930 2477 4992 innotescit,
2501 4929 2762 4982 nimirum
2791 4927 2949 4997 juxta
2977 4925 3389 4996 proportionem
3418 4923 3571 4993 puri-

1991 5020 2144 5085 tatis,
2173 5037 2294 5089 qute
2324 5019 2622 5090 unicuique
2656 5018 2820 5081 inest,
2853 5018 2939 5072 sui
2969 5017 3336 5087 cognitionem
3368 5016 3568 5084 imper-

1994 5113 2155 5165 tiens.
2193 5112 2312 5165 Hoc
2354 5121 2536 5166 autem
2573 5110 2643 5164 ab
2693 5110 2952 5180 Apostolo
2998 5109 3204 5178 accepit
3250 5105 3565 5173 Gregorius,

1994 5203 2073 5258 sic
2099 5201 2166 5256 ad
2193 5200 2507 5256 Corinthios
2541 5200 2818 5255 scribente
2845 5217 2860 5254 :
2891 5199 3038 5254 Tunc
3067 5214 3396 5269 cognoscam,
3427 5198 3565 5251 sicut

1993 5300 2042 5346 et
2071 5291 2308 5362 cognitus
2337 5307 2454 5346 sum
2481 5291 2547 5346 3'.
2583 5289 2754 5356 Quem
2786 5290 2967 5346 locum
3007 5292 3085 5346 sic
3117 5289 3365 5360 exposuit
3394 5289 3567 5358 Chry-

1997 5393 2277 5438 sostomus
2307 5399 2322 5437 :
2358 5380 2497 5447 Quia
2531 5397 2677 5436 nunc
2711 5381 2930 5451 quidem
2969 5379 3112 5434 Deus
3142 5380 3207 5432 ad
3248 5393 3347 5433 nos
3377 5391 3568 5431 accur-

395 5547 462 5633 ξξ⁶
497 5549 763 5633 ρψκξιι]
789 5593 825 5633 ι-
849 5552 940 5606 42.
1015 5554 1061 5590 ’⁸
1093 5551 1239 5633 Psal.
1274 5572 1324 5624 ι,
1357 5557 1408 5614 6.
1487 5560 1532 5592 ⁸⁸
1569 5559 1730 5617 Num.
1767 5576 1881 5628 XVI,

1984 5579 1996 5631 ;
2035 5561 2077 5617 ll
2111 5561 2252 5618 Tim.
2287 5577 2351 5633 tt,
2386 5563 2472 5620 i9.
2550 5564 2595 5596 ³⁰
2627 5562 2795 5621 Exod.
2831 5575 3029 5626 xxxnt,
3091 5564 3180 5618 12.
3285 5562 3328 5594 ³⁸
3362 5561 3560 5622 Matth.

329 5629 455 5683 xxv,
492 5619 576 5673 1'2.
654 5622 696 5654 ³³
734 5621 751 5675 l
787 5621 915 5678 Cor.
960 5636 1080 5690 xm,
1126 5625 1214 5679 12.
