4064 6274
581 265 711 328 1315

1993 250 2377 313 ADDENDA.

3723 243 3890 309 1216

577 384 665 446 iit,
703 391 830 435 tunc
863 389 1039 435 autem
1078 379 1179 450 ipsi
1223 377 1287 433 ad
1331 393 1455 432 cum
1497 387 1869 431 accurremus.
1903 371 2058 438 Quod
2093 371 2138 424 si
2170 375 2215 430 Α
2245 366 2756 436 comprehensione,
2835 379 2898 419 ac
2953 362 3266 435 cognitione
3329 359 3895 422 circumscribatur,

575 473 700 541 quis
733 472 786 524 in
819 488 879 523 ea
929 472 1198 525 sententia
1230 479 1331 532 est,
1366 477 1422 522 ut
1467 467 1554 521 his
1603 466 1786 520 verbis
1821 483 1834 518 :
1871 463 2015 516 Tunc
2058 477 2148 514 co-

578 580 846 634 gnoscam,
881 565 1016 616 sicut
1051 573 1100 616 et
1143 563 1380 632 cognitus
1428 578 1565 626 sum,
1602 559 2146 629 comprehensionem

579 661 754 726 ipsam
821 655 1118 724 signiﬁcari
1173 653 1486 717 existimet;
1557 651 1840 706 sciendum
1903 659 1987 704 est
2049 648 2153 702 hoc

578 749 894 802 adverbium
949 747 1166 810 καθὼς,
1215 763 1338 800 cum
1375 752 1439 800 de
1471 744 1580 799 Deo
1625 754 1678 799 et
1722 745 1877 798 nobis
1925 741 2148 803 dicitur,

579 853 686 890 non
753 837 941 890 eodem
1013 838 1173 890 modo
1246 833 1621 904 accipiendum
1689 846 1854 896 esse;
1919 827 2151 898 exempli

578 943 767 994 causa,
797 927 870 980 ait
897 925 1178 995 Scriptura
1203 943 1216 978 :
1245 924 1390 979 Sicut
1413 925 1690 977 miseretur
1721 930 1874 991 pater
1895 919 2152 989 ﬁliorum,

581 1020 824 1070 misertus
867 1028 942 1070 est
991 1019 1244 1071 Dominus
1280 1015 1581 1070 timentibus
1616 1031 1670 1068 se
1702 1013 1768 1067 ³⁸.
1802 1013 1965 1082 Atqui
1999 1025 2150 1065 com-

580 1112 856 1164 miseratio
882 1109 974 1163 Dei
1000 1109 1533 1164 commiserationem
1563 1105 1846 1160 hominum
1873 1104 2156 1171 incompa-

580 1203 824 1256 rabiliter
861 1202 1094 1256 excedit.
1127 1200 1189 1253 Et
1235 1215 1427 1254 rursus
1459 1217 1474 1253 :
1512 1198 1697 1253 Estote
1737 1197 1978 1268 perfecti,
2021 1197 2156 1248 sicut

579 1305 625 1349 ct
673 1293 836 1346 Pater
881 1302 1048 1348 vester
1080 1293 1301 1346 caelestis
1340 1292 1600 1362 perfectus
1633 1303 1708 1346 est
1754 1291 1821 1344 ".
1867 1290 1929 1343 Et
1977 1300 2156 1341 tamen

582 1388 768 1440 nullus
795 1393 879 1439 est
916 1385 1253 1448 mortalium,
1287 1385 1378 1452 qui
1413 1383 1479 1436 ad
1513 1381 1828 1450 huiusmodi
1863 1377 2154 1448 perfectiir

581 1500 704 1537 nent
742 1481 982 1550 aspirare
1037 1483 1230 1550 possit.
1283 1479 1415 1534 Item
1464 1478 1572 1532 alio
1610 1477 1732 1530 loco
1763 1493 1776 1528 :
1805 1473 1956 1528 Sicut
2012 1471 2157 1524 misit

583 1589 663 1624 me
705 1573 883 1635 Pater,
913 1580 960 1624 ct
989 1587 1081 1640 ego
1113 1570 1266 1623 mitto
1307 1585 1396 1623 vos
1426 1569 1490 1621 ³³.
1520 1566 1683 1636 Atqui
1720 1582 1827 1620 non
1856 1565 2045 1618 eadem
2076 1568 2160 1616 est

585 1663 860 1716 missionis
910 1664 1066 1716 ratio.
1107 1661 1201 1715 llle
1235 1662 1403 1726 enim,
1460 1670 1519 1715 ut
1552 1661 1732 1714 lumen
1783 1675 1810 1711 a
1851 1657 1985 1722 sole,
2019 1656 2098 1711 sic
2127 1670 2156 1709 a

585 1753 744 1808 Patre
793 1755 992 1808 missus
1039 1767 1144 1816 est,
1193 1770 1354 1808 unam
1410 1764 1577 1822 atque
1625 1753 1870 1806 eamdem
1923 1766 2046 1803 cum
2095 1764 2160 1802 eo

586 1845 792 1900 habens
825 1846 1224 1911 substantiam;
1263 1854 1319 1899 at
1359 1843 1629 1914 discipuli,
1676 1853 1736 1898 ut
1776 1842 1921 1898 servi
1982 1857 2012 1896 a
2061 1843 2162 1894 Do-

588 1938 737 1992 mino
769 1937 921 1991 missi
971 1949 1118 1991 sunt.
1153 1938 1228 1990 Ad
1264 1937 1514 1990 eumdem
1548 1951 1766 2005 quoque
1797 1935 2014 1988 modum
2049 1934 2161 1987 hinc

585 2029 830 2098 Apostoli
871 2029 1029 2083 verba
1070 2028 1432 2099 :Cognoscam
1477 2029 1612 2082 sicut
1653 2038 1703 2082 et
1740 2029 1980 2098 cognitus
2020 2043 2157 2091 sum,

589 2119 886 2190 perlectam
931 2120 1149 2190 quidem
1186 2121 1305 2175 fore
1335 2130 1468 2174 tunc
1507 2130 1754 2173 nostram
1792 2119 2159 2188 cognitionem

586 2213 859 2276 indicant,
911 2227 1018 2264 non
1071 2220 1252 2264 tamen
1300 2208 1419 2264 sine
1469 2209 1578 2262 ullo
1628 2208 1950 2263 discrimine
1998 2209 2159 2264 talem

585 2302 765 2372 qualis
792 2310 874 2356 est
906 2297 959 2354 in
992 2301 1122 2354 Deo.
1155 2299 1272 2353 lmo
1300 2313 1429 2354 vero
1457 2308 1666 2354 tantum
1701 2299 1843 2354 inter
1875 2307 2162 2369 utramque

585 2393 952 2461 cognitionem
989 2392 1261 2444 interesse
1310 2405 1541 2444 necesse
1577 2399 1680 2455 est,
1713 2398 1978 2458 quantum
2021 2389 2163 2443 inter

585 2481 826 2536 divinant
886 2492 1135 2535 naturam
1189 2489 1245 2534 et
1296 2488 1540 2535 nostram
1592 2479 1934 2534 intervallum
1987 2478 2160 2533 inter-

582 2575 786 2642 jecuim
831 2583 934 2627 est.
983 2573 1062 2626 Ac
1099 2573 1275 2626 videte
1305 2589 1416 2642 quo
1447 2588 1548 2627 nos
1585 2572 1880 2640 spiritualis
1914 2583 1968 2627 et
2005 2573 2162 2627 theo-

588 2667 759 2733 logica
803 2664 1050 2733 gradatio
1098 2664 1432 2718 subvexerit.
1477 2663 1688 2719 Etenim
1742 2665 1808 2718 ab
1853 2665 2161 2736 incompre-

591 2757 961 2811 hensibilitate
993 2757 1191 2811 divina:
1222 2765 1452 2824 naturae,
1484 2757 1631 2811 velut
1660 2773 1690 2811 a
1721 2757 1896 2827 primo
1925 2760 2161 2827 quodam

589 2855 749 2903 scala:
779 2851 974 2919 gradu,
1007 2851 1072 2902 ad
1104 2849 1544 2912 admirationem,
1574 2850 1728 2918 quasi
1762 2850 1828 2903 ad
1860 2849 2161 2903 secundum

589 2943 814 3009 gradum
866 2941 1036 2996 evecti
1090 2956 1302 3004 sumus,
1347 2939 1415 2994 ab
1451 2939 1813 2994 admiratione
1860 2955 2054 2994 rursus
2097 2939 2163 2994 ad

2260 470 2420 528 atque
2451 459 2520 513 ob
2545 467 2796 512 naturam
2828 457 3043 526 quidem
3078 469 3244 524 supra
3292 468 3482 508 rerum
3517 452 3904 506 universita-

2260 557 2365 602 tem
2380 563 2500 603 esse
2513 551 2714 618 (neque
2729 548 2871 602 enim
2896 545 3106 615 concipi
3127 545 3237 600 ullo
3255 544 3419 599 modo
3438 543 3737 614 possﬂob
3754 558 3896 612 pro-

2261 639 2557 692 videntiam
2605 650 2784 692 autem
2820 639 2873 691 in
2913 637 3167 691 universo
3206 651 3354 692 esse.
3393 635 3514 690 llac
3539 636 3717 690 enim
3758 635 3900 687 uui-

2260 744 2472 784 versam
2507 744 2687 783 rerum
2725 728 2922 782 molem
2977 727 3244 796 indigere,
3283 725 3596 780 Enimvero
3636 726 3897 778 immeo-

2261 834 2356 874 sus
2382 819 2600 890 quidem
2631 829 2716 874 est
2743 820 2905 881 Deus,
2948 833 3056 871 non
3107 827 3166 871 ut
3192 832 3459 872 numerus
3489 825 3602 870 aut
3657 819 3896 884 magni-

2262 912 2751 980 tudo:utrumque
2806 911 2951 963 enim
3009 910 3202 963 horum
3239 909 3580 978 principium
3664 909 3896 960 habuit.

2259 1001 2636 1072 Contemplatu
2671 1013 2850 1055 autem
2883 1001 3135 1066 didicilis,
3175 1015 3370 1070 nempe
3419 1001 3774 1054 secundum
3807 1018 3895 1062 es,

2263 1104 2382 1158 qua:
2411 1089 2558 1144 circa
2588 1090 2766 1159 ipsum
2799 1098 2949 1154 sunt,
2990 1089 3042 1143 id
3087 1098 3192 1156 εει,
3226 1097 3507 1158 quatenus
3550 1105 3629 1145 ex
3667 1089 3898 1144 eﬂ'ectis

2261 1181 2576 1250 c0guoseitu
2588 1196 2630 1234 r.
2653 1179 2787 1235 Nam
2812 1181 2926 1236 hinc
2943 1195 3160 1250 quoque
3181 1189 3399 1250 promer
3413 1181 3488 1233 im
3499 1181 3633 1234 beci
3643 1180 3893 1234 llitatcm

2264 1281 2508 1327 nostram
2536 1273 2770 1328 obscure
2801 1272 3179 1342 intelligimus.
3215 1271 3284 1324 At
3335 1285 3470 1326 vero
3506 1269 3684 1326 istud
3731 1272 3894 1340 plane

2263 1364 2650 1432 comprehendi
2710 1370 2909 1432 potest,
2943 1363 3120 1431 ipsum
3174 1362 3507 1417 immensum
3549 1371 3893 1431 naturaque

2265 1454 2871 1522 ineomprehensibileni
2912 1469 3056 1507 esse.
3113 1451 3515 1508 Communibus
3548 1454 3729 1506 enim
3769 1468 3894 1507 oin-

2267 1547 2414 1600 nium
2444 1545 2609 1599 animi
2642 1545 2960 1599 notiOnibus
2989 1545 3210 1599 insitum
3236 1553 3339 1609 est,
3367 1545 3522 1612 quod
3562 1545 3738 1600 Deus
3777 1557 3889 1598 ιιιιι

2267 1646 2531 1707 tempore,
2579 1645 2695 1690 tum
2747 1638 2991 1706 potentia
3041 1636 3285 1692 inﬁnitus
3337 1637 3430 1690 sit.
3498 1636 3782 1701 Etenim,
3837 1647 3890 1688 at

2193 1724 2236 1782 Β
2267 1744 2376 1784 rem
2414 1729 2563 1782 brevi
2601 1728 2953 1796 complectar,
3003 1726 3168 1790 Deus,
3203 1737 3258 1780 et
3317 1726 3888 1795 incomprehensibi.

2265 1822 2331 1874 lis
2353 1829 2504 1876 estet
2522 1819 3054 1889 comprehensibilis,
3077 1827 3129 1872 et
3147 1833 3288 1889 egre
3307 1820 3882 1886 comprehensibilis.

2261 1909 2507 1964 Primum
2546 1920 2810 1980 quantum
2855 1910 2921 1961 ad
2984 1918 3256 1974 naturam,
3288 1913 3530 1962 alterum
3593 1922 3881 1979 quantum

2261 1999 2328 2054 ad
2361 2000 2804 2064 immensitatem,
2841 2007 3178 2068 postremum
3207 2008 3476 2068 quantum
3511 1999 3591 2052 ad
3619 2015 3718 2064 ea,
3755 2016 3878 2069 qua

2269 2091 2418 2145 circa
2461 2092 2638 2161 ipsum
2670 2102 2799 2145 sunt
2829 2109 2842 2144 :
2873 2090 3171 2159 quamlibet
3207 2088 3523 2144 Eunomius
3556 2093 3875 2156 existimet,

2263 2187 2492 2256 simplex
2528 2186 2672 2242 Deus
2716 2188 2809 2250 sit,
2840 2203 2966 2242 eum
3021 2186 3385 2256 contemplatu
3417 2185 3728 2242 difﬁcilem
3764 2205 3872 2242 non

2261 2293 2404 2342 esse,
2434 2293 2622 2333 verum
2671 2287 2768 2333 aut
2802 2280 3028 2334 omnino
3069 2279 3742 2348 incomprehensibilem,
3780 2293 3867 2333 aut

2262 2385 2490 2442 prorsus
2514 2371 3085 2440 comprehensibilem,
3123 2379 3309 2440 utpote
3349 2370 3723 2425 individuum
3756 2374 3867 2426 sui-

2267 2476 2374 2530 que
2405 2464 2633 2516 omnino
2667 2463 2900 2516 similem
2931 2481 2943 2516 :
2982 2460 3042 2515 In
3076 2460 3393 2530 compositis
3425 2462 3618 2526 enim,
3651 2461 3826 2532 inquit
3849 2502 3862 2522 ,

2263 2551 2510 2607 accidere
2543 2561 2743 2621 potest,
2775 2563 2976 2620 utpars
3006 2552 3254 2621 quietiam
3299 2552 3680 2621 percipiatur,
3714 2570 3857 2622 quc-

2277 2644 2401 2697 dam
2440 2645 2715 2714 incognita
2749 2653 2986 2706 maneat,
3014 2653 3071 2697 at
3097 2658 3204 2698 non
3237 2643 3364 2697 item
3390 2643 3446 2696 in
3485 2645 3859 2714 simplicibus.

2263 2735 2361 2789 Cui
2396 2735 2475 2791 sic
2495 2737 2929 2805 respondendum
2973 2745 3092 2792 est:
3126 2733 3467 2804 Simplicitas
3504 2752 3859 2808 nequaquam

2267 2824 2359 2880 Dei
2377 2837 2586 2882 natura:
2615 2836 2719 2894 est,
2739 2827 2991 2894 Eunomi,
3020 2839 3078 2881 ut
3097 2828 3176 2882 vel
3200 2828 3378 2898 plene,
3402 2827 3494 2882 rel
3517 2829 3685 2884 nullo
3705 2835 3858 2883 modo

2268 2918 2478 2988 percipi
2527 2919 2698 2988 possit
2734 2938 2750 2974 :
2781 2919 2876 2974 sed
2907 2920 3050 2973 aliud
3083 2927 3166 2974 est
3210 2918 3395 2974 divina
3436 2931 3671 2986 natura,
3718 2922 3854 2974 aliud

591 3033 963 3087 vehementius
1022 3031 1352 3087 desiderium
1416 3033 1896 3099 conscendimus;
1957 3043 2073 3086 tum
2134 3048 2160 3084 a

2269 3011 2613 3080 simplicitas,
2633 3027 2755 3082 qua:
2779 3013 2926 3067 circa
2945 3021 3191 3066 naturam
3211 3011 3600 3067 consideratur
3625 3031 3644 3068 :
3665 3029 3858 3084 quem-

590 3123 863 3177 desiderio
917 3124 984 3176 ad
1043 3125 1419 3194 purgationem
1482 3123 1680 3179 sublati
1738 3139 1978 3190 sumus;
2041 3124 2167 3178 hinc

594 3231 758 3285 poi-io
815 3218 880 3269 ad
943 3214 1036 3270 Dei
1103 3217 1516 3271 similitudinem
1581 3217 1877 3281 subduCIi,
1945 3232 2009 3271 ac
2063 3233 2166 3287 po.

591 3320 795 3362 stremo
839 3324 902 3361 eo
949 3310 1339 3377 pervenimus,
1388 3317 1448 3362 ut
1491 3323 1617 3361 cum
1671 3308 1780 3361 Deo
1824 3306 2168 3364 familiariter

592 3400 992 3468 colloquamur,
1031 3414 1270 3467 eumque
1311 3414 1406 3468 per
1441 3401 1703 3454 unionem
1746 3397 2040 3466 perfectius
2070 3415 2164 3454 co-

597 3503 948 3557 gnoseamus.

663 3625 926 3679 PssLLus.
973 3622 1114 3676 Deus
1148 3623 1252 3676 diis
1294 3624 1542 3676 unitas...
1583 3620 1891 3689 Quicunque
1936 3623 2168 3690 corporis

594 3717 781 3770 molem
823 3717 1216 3783 crassitiemque
1255 3723 1598 3782 superarunt,
1633 3723 1996 3783 cognoscentes
2030 3713 2168 3782 quod

594 3824 737 3863 mens
767 3809 1032 3860 duntaxat
1078 3815 1224 3869 sunt,
1271 3821 1375 3859 non
1414 3805 1476 3858 ob
1511 3805 1680 3858 ullam
1717 3805 1883 3859 aliam
1930 3821 2167 3871 causam,

592 3915 750 3968 quant
796 3899 858 3950 ob
902 3899 1328 3967 generationem,
1377 3896 1695 3964 humanique
1729 3898 1928 3965 generis
1976 3912 2168 3964 propa-

594 3992 879 4060 gationent,
923 3991 1154 4057 corporis
1203 4005 1360 4057 opera
1406 3990 1529 4052 usi,
1582 3996 1901 4058 mentemque
1943 4004 2094 4041 suam
2137 4005 2171 4042 a

593 4082 840 4134 vitiorum
891 4079 1007 4133 labe
1054 4089 1388 4148 purgarunt,
1433 4089 1588 4149 atque
1635 4079 1706 4133 ad
1751 4081 1936 4148 prima:
1984 4080 2170 4132 mentis

594 4187 867 4240 rerumque
893 4173 1128 4226 omnium
1173 4171 1450 4238 e/fectricis
1494 4172 1848 4240 exceptionem
1884 4187 2170 4240 congruam

593 4266 935 4332 iitoneamque
983 4263 1369 4329 reddiderunt,
1418 4263 1504 4315 his
1570 4264 1752 4316 nititur
1795 4262 1958 4316 Deus.
2023 4261 2171 4316 Nam

593 4374 710 4410 cum
747 4371 888 4410 mens
936 4373 1069 4426 pura
1116 4365 1272 4425 atque
1307 4357 1613 4424 incorrupta

595 4449 746 4503 nulla
785 4465 840 4502 re
881 4448 1222 4513 intermedia,
1269 4447 1612 4517 colloquitur,
1643 4463 1706 4500 ac
1753 4462 1849 4515 per
1893 4463 2010 4500 eam
2054 4463 2174 4500 cum

593 4542 774 4594 anima
815 4539 1244 4594 consuetudinem
1289 4539 1444 4592 habet
1475 4554 1494 4592 :
1521 4539 1959 4606 quemadmodum
1993 4554 2173 4591 rursus

595 4649 686 4701 per
725 4633 858 4685 hanc
897 4634 1105 4701 corpori
1149 4632 1484 4701 adjungitur.
1531 4629 1791 4684 Catterum
1834 4629 2038 4692 unitur,
2073 4644 2174 4681 non

596 4734 653 4775 ut
701 4723 790 4774 ille
837 4736 935 4788 est,
988 4723 1079 4777 sed
1138 4731 1294 4792 prout
1349 4737 1443 4776 nos
1499 4723 1710 4775 uuionis
1761 4720 1909 4774 illius
1958 4736 2174 4788 capaces

595 4828 797 4868 sumus.
841 4815 1010 4882 Atque
1049 4815 1169 4866 hinc
1216 4817 1422 4866 demum
1463 4814 1763 4867 innotescit.
1815 4811 1996 4880 Neque
2036 4813 2176 4865 enim

597 4903 705 4956 alio
754 4903 908 4957 modo
956 4905 1236 4971 quisquam
1285 4903 1448 4955 Deum
1498 4919 1804 4971 cognoscere
1839 4913 2030 4971 patest,
2072 4904 2177 4957 nisi

595 4997 669 5049 ad
717 5012 836 5049 eum
871 4997 1110 5050 animam
1157 5011 1310 5047 suam
1363 4995 1653 5059 resolverit,
1697 4997 1751 5048 in
1793 5011 1952 5063 eaque
2002 4996 2173 5064 ipsum

601 5087 912 5155 susceperit.

670 5221 788 5279 Col.
822 5222 925 5277 6‘27
957 5221 1018 5276 Β.
1081 5219 1374 5274 lmmensus
1419 5220 1580 5291 igitur
1606 5231 1682 5275 est
1717 5222 1875 5287 Deus,
1909 5233 2016 5277 etc.
2043 5223 2178 5276 lint-

599 5335 693 5373 sns
752 5329 1060 5372 sermonem
1104 5313 1171 5368 de
1205 5313 1313 5369 Deo
1350 5313 1656 5381 'l‘heologus
1700 5315 1911 5384 repetit,
1946 5328 2177 5383 eumque

600 5413 927 5464 innnensum
961 5422 1081 5464 esse
1114 5405 1452 5475 pronuntiat,
1489 5413 1547 5457 ut
1583 5406 1674 5475 qui
1709 5406 1871 5460 nullis
1917 5408 2178 5474 temporis

599 5503 801 5556 tinibus
828 5501 1153 5571 interseptus
1180 5499 1272 5566 sit,
1307 5511 1406 5552 nec
1437 5504 1698 5566 tempore,
1745 5513 1846 5551 nec
1895 5495 2039 5559 loco,
2077 5513 2178 5553 nec

673 5657 716 5687 ³³
759 5655 898 5711 Psal.
932 5672 1026 5720 cn,
1066 5657 1150 5708 l3.
1210 5644 1274 5686 ’³⁸
1307 5652 1496 5708 Matth.
1533 5667 1584 5708 v.
1617 5653 1706 5708 48.

2267 3104 2558 3158 admodum
2589 3104 2838 3158 videlicet
2888 3114 2943 3158 et
2991 3104 3045 3158 in
3091 3103 3434 3173 compositis,
3470 3104 3626 3158 aliud
3656 3115 3854 3158 natura

2267 3205 2392 3260 est,
2448 3195 2597 3251 aliud
2661 3197 3019 3266 compositio,
3077 3211 3199 3266 qua:
3249 3197 3398 3252 circa
3463 3211 3530 3252 ea
3572 3199 3850 3251 cemitur.

2275 3287 2543 3354 Quocirca
2583 3286 2938 3358 quaerendum
2989 3296 3075 3342 est
3123 3287 3386 3357 quidnam
3444 3288 3513 3343 sit
3545 3286 3713 3350 Deus,
3747 3290 3846 3356 qui

2269 3379 2502 3449 simplex
2529 3391 2722 3433 natura
2761 3388 2868 3442 est,
2917 3377 2972 3432 id
3010 3387 3096 3433 est
3140 3379 3498 3448 quaerendum
3554 3386 3636 3434 est
3665 3379 3846 3448 prius,

2267 3471 2401 3542 quid
2432 3471 2503 3526 sit
2533 3471 2679 3526 Deus
2702 3471 3002 3525 secundum
3061 3477 3533 3540 naturam,,'quam
3569 3481 3628 3524 ιιι
3662 3474 3851 3542 loqua-

2271 3579 2392 3618 mur
2421 3563 2488 3617 de
2517 3563 2893 3630 simplicitate,
2924 3577 3047 3632 quae
3070 3577 3190 3617 eam
3223 3562 3487 3632 sequitur.

2341 3652 2600 3706 PSELLUS.
2636 3651 2933 3707 [inmensus
2967 3655 3144 3721 itaque
3183 3661 3259 3706 est
3300 3653 3456 3715 Deus,
3492 3668 3596 3704 nec
3628 3654 3748 3720 ﬁne
3772 3656 3848 3707 in-

2271 3754 2548 3813 terseptus,
2582 3760 2673 3797 nec
2720 3745 3017 3813 cognitione
3061 3745 3426 3812 perceptibilis,
3461 3753 3712 3812 quantus
3739 3759 3846 3813 est,

2271 3849 2360 3891 nec
2377 3836 2492 3890 loco
2522 3837 2974 3901 circumscriptus,
3007 3853 3101 3889 nec
3128 3852 3373 3904 corporea
3418 3836 3629 3889 ratione
3654 3837 3846 3892 direm-

2268 3938 2413 3996 ptus.
2452 3931 2523 3982 Et
2561 3928 2919 3996 contemplatu
2948 3929 3176 3999 difﬁcilis
3207 3945 3463 3998 quantum
3493 3928 3568 3981 ad
3608 3929 3750 3983 situs
3771 3946 3845 3982 eo-

2271 4037 2410 4087 rum,
2434 4021 2524 4090 qui
2552 4021 2947 4074 illuminantur.
2977 4019 3142 4087 Nam,
3165 4030 3223 4073 ut
3250 4019 3436 4074 scribit
3470 4037 3699 4090 magnus
3723 4020 3842 4074 Dio-

2272 4115 2474 4184 nysius,
2505 4129 2596 4166 nec
2647 4115 2695 4166 si
2729 4129 2833 4184 qua
2861 4123 2939 4168 est
2973 4114 3170 4167 eximia
3219 4123 3268 4168 et
3300 4112 3495 4166 selecto
3525 4113 3838 4177 hierarchia,

2272 4207 2384 4274 ipsa
2430 4215 2599 4258 tamen
2631 4222 2726 4274 pro
2758 4215 3014 4274 potestate
3043 4205 3499 4274 speculationibus
3537 4206 3716 4264 utitur,
3747 4218 3833 4252 so-

2273 4297 2398 4350 lutis
2454 4314 2517 4350 ac
2551 4297 2728 4350 liberis
2761 4298 2948 4351 mentis
2998 4297 3432 4365 conceptionibus
3467 4295 3622 4349 Decus
3653 4307 3834 4360 appre-

1664 4356 1734 4408 sit
1757 4394 1772 4419 ,
1816 4371 1931 4408 cum
1968 4365 2163 4418 mente,

2278 4388 2525 4441 hendens.
2551 4386 2859 4453 Quamlibet
2885 4388 3083 4458 aliquis
3103 4356 3403 4452 edistimet,
3449 4400 3557 4441 etc.
3585 4356 3836 4451 Quoniam

2275 4480 2518 4532 doctrina
2534 4481 2774 4548 quautam
2805 4479 3016 4548 gentilis
3044 4477 3393 4547 philosophia:
3412 4479 3499 4530 illi
3525 4475 3836 4530 adrersabs-
3890 4515 3898 4525 .

2278 4581 2384 4634 tur,
2423 4571 2535 4624 ha'c
2569 4586 2634 4624 ea:
2679 4573 2897 4624 adverso
2941 4572 3152 4635 statuit,
3182 4587 3245 4624 ac
3273 4587 3524 4639 perquam
3562 4579 3719 4622 acute
3744 4570 3835 4620 dis-

2277 4665 2452 4718 solvit.
2515 4663 2753 4718 Tradant
2805 4666 2968 4727 enim,
3021 4663 3293 4717 Platonici
3347 4664 3668 4733 praesertim,
3721 4661 3835 4713 nihil

2277 4757 2500 4827 simplex
2533 4757 2731 4826 partim
2776 4755 3145 4825 comprehendi
3170 4771 3342 4819 posse,
3370 4754 3569 4818 partim
3617 4767 3836 4819 compre-

2278 4850 2432 4903 hendi
2459 4865 2563 4902 non
2599 4863 2801 4919 posse:
2836 4864 3014 4902 verum
3054 4850 3163 4901 sive
3193 4863 3384 4916 corpus
3420 4845 3557 4897 illud
3589 4845 3682 4907 sit,
3728 4847 3839 4896 sub-

2276 4943 2527 4996 stantiam
2580 4940 2774 4994 habens
2820 4940 3145 4993 similaribus
3197 4938 3436 5007 partibus
3492 4945 3833 4997 constantem,

2277 5037 2382 5088 sive
2407 5037 2569 5088 etiam
2593 5034 2848 5104 quiddam
2877 5033 3263 5099 incorporeum,
3287 5030 3521 5100 quisquis
3547 5028 3698 5080 illius
3722 5043 3837 5095 por-

2280 5139 2380 5180 tem
2402 5127 2710 5194 perceperit,
2731 5133 2898 5178 tatum
2926 5140 3128 5194 quoque
3160 5124 3468 5191 percepisse.
3499 5118 3689 5172 Verum
3721 5121 3838 5172 siss-

2279 5216 2490 5286 plicitas
2531 5216 2623 5268 Dei
2670 5227 2866 5268 natura
2915 5230 3017 5267 non
3064 5222 3164 5277 est,
3201 5213 3361 5266 etiam
3412 5211 3458 5262 si
3489 5209 3715 5276 simplex
3753 5207 3835 5270 sit,

2279 5309 2724 5379 quemadmodum
2752 5323 2843 5361 nec
2872 5309 2926 5360 in
2962 5308 3110 5360 nobis
3145 5321 3350 5359 natura:
3384 5306 3644 5358 rationem
3668 5302 3835 5362 habet,

2279 5401 2418 5471 quod
2435 5399 2707 5469 compositi
2731 5415 2935 5464 sumus,
2962 5414 3140 5452 verum
3158 5399 3212 5452 id
3231 5407 3482 5452 naturam
3510 5397 3838 5450 circumstat.

2283 5495 2658 5564 qualiscunque
2693 5491 2904 5546 tandem
2938 5491 3032 5546 illa
3071 5502 3169 5546 est.

1784 5653 1826 5695 θ’
1863 5653 2022 5707 .loan.
2062 5671 2150 5722 xx,
2189 5657 2277 5709 2i.
