4064 6274
245 269 379 335 1317

1201 268 1522 329 NICETAS
1564 267 1646 328 IN
1688 265 1912 327 ORAT-
1955 266 2123 327 XLlI
2165 266 2230 329 S.
2268 264 2501 326 GREG.

3353 261 3488 326 1318

315 377 450 433 Ibid.
501 375 621 430 lam
664 392 806 442 rero,
851 392 972 430 eam
1021 377 1349 433 immensitas
1385 380 1663 449 bifariam,
1711 387 1818 436 etc.
1843 379 1900 440 Α
1923 378 2257 434 sideratione
2283 393 2458 434 aevum
2487 390 2652 432 unum
2677 385 2784 443 est,
2801 375 2958 447 juxta
2987 390 3153 447 quam
3182 373 3325 431 Deus
3355 391 3494 444 quo-

233 477 534 533 rostquam
572 466 881 539 Theologus
936 468 1406 524 Eunomianorum
1455 471 1816 540 objectionrm

235 557 427 624 solvit,
483 559 548 612 ad
597 560 929 628 propositam
961 561 1029 615 de
1079 561 1360 616 divinitate
1398 561 1817 631 disputationem

238 652 405 711 redit,
444 665 508 704 ac
539 652 606 704 de
633 651 900 706 immenso
928 652 1226 719 disserens,
1279 654 1356 708 ait
1405 653 1731 710 immensum
1765 655 1816 708 id

238 742 376 804 dici,
412 741 581 810 quod,
610 749 718 793 tam
768 742 1044 810 principii,
1082 759 1244 813 quam
1281 745 1408 799 linis
1461 747 1670 800 ratione
1717 747 1820 800 im-

239 847 494 887 mensum
519 841 623 888 est.
657 831 789 886 Nam
815 833 960 901 quod
989 834 1088 889 hos
1110 835 1248 891 duos
1272 837 1529 906 temporis
1560 840 1820 895 terminos

236 932 486 993 superat,
522 938 620 977 nec
668 925 720 977 in
769 926 852 978 his
897 925 1191 992 invenitur,
1225 929 1440 996 proprie
1491 928 1818 984 immensum

234 1024 348 1078 est,
379 1013 429 1067 id
461 1021 565 1076 est,
598 1015 744 1083 quod
777 1022 831 1068 et
856 1015 1122 1084 principio
1145 1027 1197 1070 et
1225 1016 1330 1070 line
1358 1027 1522 1072 caret.
1550 1019 1816 1084 Quoniam

238 1114 428 1159 autem
459 1119 624 1173 supra
657 1104 879 1174 pelagus
915 1105 1146 1166 dixerat,
1179 1109 1465 1163 commode
1496 1109 1584 1163 hic
1601 1125 1820 1180 quoque

236 1195 499 1264 profundi
556 1195 823 1250 meminit.
884 1197 976 1250 Ait
1023 1199 1192 1261 enim,
1251 1213 1377 1254 cum
1425 1201 1477 1254 in
1520 1217 1816 1271 supernum

238 1283 576 1353 profundum
611 1294 665 1338 et
693 1284 1102 1354 impermeabile
1124 1287 1378 1358 principii
1409 1289 1632 1360 pelagus
1663 1307 1820 1346 mens

238 1376 484 1429 humana
521 1376 814 1443 aspexerit,
846 1376 936 1431 Dei
969 1378 1297 1448 principium
1330 1379 1686 1450 inrestigans,
1719 1396 1820 1436 nec

238 1465 444 1520 deinde
509 1467 724 1530 habeat,
783 1467 873 1519 ubi
929 1466 1119 1536 pedem
1175 1468 1340 1538 [igere
1392 1484 1456 1523 ac
1517 1472 1820 1526 consistere

239 1560 436 1630 possit,
467 1557 613 1628 quod
649 1559 701 1612 in
741 1559 840 1612 hac
865 1559 932 1613 de
962 1559 1072 1614 Deo
1098 1559 1487 1631 imaginatione
1523 1576 1623 1616 nec
1655 1562 1816 1616 linem

241 1651 450 1715 ullum,
484 1664 584 1704 nec
631 1650 910 1720 principii,
965 1665 1031 1705 ex
1080 1665 1191 1720 quo
1237 1653 1502 1722 originem
1563 1654 1814 1716 duxerit,

1920 486 2050 541 que,
2080 469 2324 536 αἰώνιος,
2361 471 2415 525 id
2441 477 2546 534 est,
2575 477 2815 524 aeternus
2837 483 2935 524 seu
2963 466 3244 523 saecularis
3275 465 3494 530 dicitur,

1919 570 2088 632 atque
2112 563 2280 616 etiam
2329 560 2679 630 προαιώνιος,
2729 559 2781 614 id
2814 569 2922 624 est,
2971 573 3086 614 aevo
3143 571 3238 614 seu
3291 555 3495 611 szcculo

1921 655 2089 722 prior.
2126 651 2260 708 Nam
2293 654 2470 724 ipsum
2541 667 2763 722 quoque
2814 652 3076 707 saeculum
3122 650 3269 705 fecit.
3323 650 3496 704 Porro

1921 741 2062 796 inter
2089 758 2267 797 aevum
2317 754 2375 798 ct
2415 755 2628 813 tempus
2685 745 2789 797 hoc
2844 752 2932 796 est
2969 741 3286 796 diliereutiae
3339 739 3490 810 quod

1923 833 2027 886 aevi
2059 834 2281 903 quidem
2331 833 2637 903 proprietas
2675 841 2760 886 est
2783 832 3082 901 antiquitas
3137 840 3190 884 et
3240 830 3499 883 immuta-

1921 924 2106 980 bilitas
2140 925 2265 995 (nec
2298 925 2444 978 enim
2477 925 2690 978 dierum
2734 925 3086 992 noctiumque
3115 936 3372 976 mensura
3403 921 3499 974 de-

1921 1013 2130 1078 linitur,
2165 1013 2256 1067 sed
2293 1013 2485 1067 eodem
2513 1011 2676 1067 modo
2700 1027 2916 1080 semper
2945 1027 3006 1066 se
3038 1011 3244 1081 habet),
3279 1021 3495 1080 tempus

1920 1113 2104 1159 autem
2133 1110 2383 1166 vocatur,
2441 1102 2587 1172 quod
2643 1101 2696 1157 in
2751 1101 3136 1172 generatione,
3193 1111 3248 1156 et
3307 1115 3500 1157 corru-

1920 1197 2130 1264 ptione,
2167 1202 2223 1249 ct
2255 1192 2556 1247 mutatione
2581 1201 2684 1258 est,
2718 1198 2882 1260 atque
2924 1190 3060 1245 alias
3106 1190 3214 1244 alio
3248 1192 3410 1244 modo
3436 1203 3499 1246 se

1922 1285 2107 1339 habet.

1989 1375 2253 1431 Pssuus.
2277 1374 2452 1428 Prisci
2475 1373 2776 1442 philosophi
2817 1371 2984 1425 solius
3016 1381 3187 1425 motus
3219 1370 3501 1424 circularis

1920 1482 2173 1522 mensura
2197 1467 2295 1520 wui
2320 1466 2692 1535 cogitationem
2723 1463 3003 1532 deﬁnitam
3029 1477 3142 1515 esse
3161 1471 3498 1516 censuerunt:

1921 1556 2060 1626 quod
2125 1555 2393 1623 perfectus
2453 1555 2524 1605 sit
2571 1553 2657 1604 hic
2718 1560 2890 1604 motus
2923 1589 2938 1614 ,
2985 1551 3282 1617 cujusmodi
3337 1566 3503 1605 atrum

1920 1651 2080 1704 etiam
2111 1648 2306 1703 est..At
2331 1646 2685 1718 Porphyrius,
2703 1656 2750 1699 et
2782 1660 2841 1698 eo
2869 1646 3137 1713 antiquior
3165 1642 3504 1712 philosophus

243 1740 810 1807 circumscriptionem
857 1741 1021 1792 ullam
1075 1740 1338 1804 inveniat,
1377 1743 1690 1812 hujusmodi
1720 1745 1820 1797 im-
1849 1762 1893 1820 Β
1926 1741 2192 1803 Plotinus,
2233 1755 2419 1793 novam
2452 1739 2743 1808 quamdam
2761 1735 2822 1790 de
2854 1751 2962 1790 aevo
2995 1735 3291 1788 doctrinam
3319 1733 3502 1804 prodi-

247 1845 528 1893 mensum,
584 1830 906 1894 anarcbum,
945 1831 998 1884 id
1053 1839 1157 1894 est,
1201 1833 1471 1902 principio
1498 1848 1690 1888 carens
1723 1849 1821 1903 ap-

243 1923 430 1992 pellat.
454 1920 667 1975 Etenim
698 1920 843 1991 quod
879 1936 908 1975 a
936 1922 1090 1976 nullo
1117 1923 1446 1992 principium
1495 1924 1677 1992 habet,
1715 1927 1818 1979 im-

245 2029 497 2068 mensum
515 2022 619 2068 est.
639 2015 777 2067 Cum
798 2023 976 2068 autem
999 2015 1339 2082 adinleriora
1361 2016 1476 2071 inec
1493 2019 1822 2086 etpostcrio-

246 2119 310 2158 ra
347 2113 626 2173 aspectum
670 2105 879 2170 retulit,
913 2118 978 2158 eo
1020 2105 1166 2173 quod
1200 2121 1266 2158 ne
1298 2106 1386 2160 hic
1411 2106 1630 2176 quidem
1665 2122 1820 2162 mens

243 2203 452 2249 certam
483 2194 803 2264 ﬁrmamque
855 2195 1036 2248 sedem
1074 2194 1289 2260 habeat,
1321 2195 1374 2249 in
1404 2211 1510 2266 qua
1541 2198 1821 2264 consistat,

247 2287 578 2338 immensum
617 2285 719 2338 hoc
751 2283 1058 2337 immortale
1085 2285 1451 2355 interitusque
1481 2297 1536 2340 et
1573 2288 1824 2341 imitatio-

248 2376 340 2431 nis
378 2391 573 2446 expers
603 2375 915 2446 appellavit.
953 2373 1111 2440 Quod
1160 2378 1305 2430 enim
1355 2392 1626 2446 nusquam
1676 2377 1824 2432 desi-

240 2469 349 2532 uit,
385 2467 695 2521 immortale
744 2475 845 2520 est.
902 2465 1115 2521 Rursus
1164 2481 1288 2521 cum
1338 2481 1493 2520 mens
1529 2465 1824 2536 utrumque

244 2557 611 2621 contraxerit,
647 2556 924 2626 superius,
956 2554 1202 2624 inquam,
1227 2563 1283 2608 et
1309 2554 1556 2615 inferius,
1583 2557 1686 2609 boc
1716 2562 1822 2619 est,

245 2647 508 2715 principii
539 2661 754 2715 expers,
787 2655 842 2699 et
872 2646 1031 2698 linem
1061 2645 1333 2705 nesciens.
1369 2653 1481 2695 tum
1513 2657 1640 2697 vero
1657 2646 1822 2698 Deum

246 2744 515 2788 aeternum
541 2739 808 2789 nominat.
827 2733 1112 2788 IEternum
1135 2743 1315 2786 autem
1345 2733 1569 2799 dicitur,
1601 2744 1828 2788 auctore

247 2827 536 2895 Dionysio,
576 2839 688 2879 non
745 2824 907 2878 modo
938 2823 1086 2892 quod
1133 2833 1316 2876 ortum
1365 2838 1470 2875 non
1527 2823 1735 2887 habuit,
1767 2831 1829 2877 ut.

249 2917 420 2983 Deus,
452 2919 549 2972 sed
580 2918 740 2971 etiam
794 2917 940 2984 quod
1002 2916 1164 2969 morti
1195 2923 1251 2968 et
1297 2915 1632 2983 corruptioui
1662 2923 1827 2984 atque

251 3010 505 3064 interitui
547 3008 843 3063 obnoxium
885 3022 992 3061 non
1031 3015 1139 3070 est,
1187 3017 1244 3059 ut
1284 3005 1459 3075 angeli
1508 3014 1671 3075 atque.
1711 3008 1830 3060 ani-

1923 1833 2135 1886 derunt.
2189 1829 2564 1884 lmmobilibus
2612 1829 2752 1882 enim
2803 1839 2852 1880 et
2902 1827 3165 1879 distantia
3201 1823 3502 1880 carentibus

1923 1923 2110 1992 [armis
2141 1921 2275 1975 illud
2316 1919 2689 1986 attribuentes,
2714 1919 2884 1972 omnis
2913 1933 3114 1988 quoque
3143 1930 3318 1970 motus
3347 1926 3396 1970 et
3417 1916 3503 1969 di-

1924 2014 2138 2067 stantia:
2167 2028 2352 2082 expers
2384 2027 2497 2065 esse
2524 2011 2838 2076 docuerunt,
2869 2010 3002 2062 scite
3033 2025 3163 2062 sane
3197 2016 3248 2062 et
3293 2007 3506 2076 signiﬁ-

1923 2115 2126 2171 canter,
2157 2105 2266 2157 ἀπὸ
2294 2103 2388 2156 τοῦ
2431 2103 2521 2157 ἀεὶ
2560 2098 2724 2167 εἶναι,
2766 2101 2820 2154 id
2852 2109 2950 2166 est,
2988 2100 3050 2152 ab
3090 2116 3173 2164 eo,
3199 2098 3338 2168 quod
3369 2114 3510 2151 sem-

1923 2211 2016 2262 per
2050 2195 2141 2260 sit,
2167 2195 2325 2263 hujus
2352 2194 2578 2248 nominis
2605 2191 2923 2264 etymologia
2955 2191 3206 2245 deducta.
3238 2191 3508 2255 Quemad-

1925 2291 2142 2340 modum
2191 2287 2354 2351 enint,
2414 2284 2685 2354 inquiunt,
2750 2299 2783 2336 a
2842 2283 3027 2351 [armis
3056 2297 3173 2350 qute
3228 2281 3504 2334 materiam

1924 2388 2202 2447 superant,
2238 2378 2570 2446 prtcteritum
2596 2385 2644 2428 et
2673 2375 2915 2444 futurum
2945 2373 3219 2426 abstracta
3251 2382 3408 2426 sunt:
3429 2373 3506 2426 sic

1925 2470 2087 2524 etiam
2114 2469 2350 2537 ipsorum
2391 2482 2662 2528 mensura,
2692 2466 2789 2520 hoc
2813 2473 2914 2530 est,
2941 2479 3108 2518 tecum
3160 2479 3304 2533 teque
3327 2463 3392 2516 ab
3420 2465 3506 2517 Itis

1930 2569 2192 2613 remotum
2232 2567 2332 2624 est,
2387 2565 2543 2626 atque
2581 2556 2635 2609 id
2679 2556 2819 2625 quod
2862 2564 2962 2618 est,
2999 2565 3197 2619 ntanet,
3250 2555 3504 2606 nimirum

1931 2665 2180 2718 pra'seus.
2220 2646 2336 2700 Hoc
2366 2649 2530 2717 igitur
2579 2644 2772 2716 dogma
2803 2643 2949 2698 nullo
2998 2645 3152 2698 modo
3205 2643 3512 2712 comprobat

1931 2738 2246 2808 Theologus.
2277 2741 2415 2792 Nam
2438 2739 2484 2792 si
2515 2753 2680 2792 tecum
2716 2735 3022 2806 hujusmodi
3050 2737 3304 2789 rationem
3331 2735 3506 2798 habet,

1928 2842 1987 2885 ut
2021 2831 2227 2884 nullam
2257 2831 2469 2884 omnino
2502 2844 2807 2882 mensuram
2833 2829 3104 2892 dmittat,
3141 2843 3235 2881 nec
3255 2826 3512 2882 interual-

1932 2925 2042 2976 lum
2089 2924 2259 2975 ullum
2311 2919 2552 2990 partibus
2586 2935 2792 2989 quoque
2837 2929 3014 2972 careat
3050 2927 3369 2973 necesseest.
3423 2917 3508 2971 Ea:

1929 3031 2034 3085 quo
2059 3015 2196 3068 illud
2223 3023 2492 3082 sequetur,
2539 3011 2825 3065 stecularia
2856 3012 3034 3064 omnia
3069 3012 3123 3064 in
3151 3020 3344 3080 punctu
3382 3027 3511 3064 con-

250 3111 376 3150 tnae.
398 3095 704 3165 thuident
745 3110 868 3149 cum
901 3095 969 3148 de
995 3093 1129 3162 Deo,
1160 3095 1252 3164 qui
1287 3094 1508 3164 proprie
1540 3105 1596 3148 et
1617 3109 1827 3164 semper

1933 3107 2084 3160 clusa
2112 3121 2222 3160 esse
2252 3120 2270 3158 :
2301 3103 2406 3157 tale
2451 3104 2589 3157 enim
2619 3113 2720 3168 est,
2776 3105 2856 3167 id,
2892 3103 3032 3173 quod
3064 3101 3305 3172 partibus
3342 3111 3512 3154 caret.

249 3195 360 3251 est,
392 3201 573 3241 sermo
606 3188 836 3240 habetur
882 3185 1100 3256 proprie
1149 3200 1372 3256 quoque
1422 3182 1578 3250 αἰὼν,
1629 3184 1682 3238 id
1711 3195 1827 3247 est,

251 3293 429 3332 atrum
463 3280 686 3344 dicitur,
719 3280 875 3348 quasi
909 3282 938 3331 ό
972 3279 1059 3331 ἀεὶ
1096 3277 1172 3330 ὢν
1195 3315 1210 3341 ,
1251 3277 1304 3332 id
1343 3285 1461 3342 est,
1503 3277 1592 3347 qui
1626 3290 1827 3343 semper

249 3381 335 3424 est
375 3389 391 3426 :
427 3379 483 3424 at
509 3371 576 3425 de
607 3371 812 3440 angelis
844 3379 898 3424 et
923 3371 1212 3424 animabus
1245 3369 1666 3438 haudquaquam
1703 3382 1832 3437 pro-

251 3464 372 3532 prie
426 3462 532 3516 dici
586 3472 782 3530 potest.
821 3460 1022 3514 IEVHIII
1057 3475 1204 3514 enim
1246 3461 1466 3514 illorum
1502 3457 1831 3528 principium

251 3553 470 3620 habuit,
510 3569 698 3606 verum
729 3555 892 3607 tinem
923 3553 1240 3607 habiturum
1273 3566 1382 3604 non
1418 3560 1521 3605 est.
1567 3550 1834 3616 Quocirca

254 3650 457 3718 partim
505 3647 604 3702 aevi
653 3647 949 3717 participes
1013 3653 1164 3708 sunt,
1215 3645 1342 3715 quia
1392 3642 1834 3714 incorruptibiles

251 3749 387 3795 sunt
415 3748 470 3794 et
514 3739 855 3794 immortales
886 3756 900 3789 :
949 3738 1150 3807 partim
1189 3736 1471 3804 temporis,
1499 3735 1626 3804 quia
1659 3735 1714 3788 in
1747 3751 1833 3789 re-

253 3843 378 3882 rum
419 3839 725 3882 creatarutu
774 3829 950 3881 classe
996 3837 1146 3880 sunt.
1199 3826 1377 3894 Atque
1429 3834 1489 3879 ut
1535 3826 1677 3878 hanc
1719 3839 1832 3877 rem

257 3920 562 3976 dilucidius
595 3921 956 3988 explicemus,
991 3918 1272 3973 sciendum
1299 3927 1382 3972 est
1407 3915 1573 3985 bujus
1596 3917 1835 3971 nominis

256 4012 462 4066 inultas
506 4026 629 4066 esse
679 4011 1130 4080 signiﬁcationes.
1157 4007 1290 4062 Nam
1321 4017 1376 4062 et
1408 4007 1836 4076 uniuscujusque

257 4105 502 4160 ltominis
533 4107 642 4156 vita
673 4117 848 4156 aevum
898 4102 1127 4168 dicitur,
1158 4111 1214 4155 et
1240 4100 1389 4154 mille
1435 4113 1703 4153 annorum
1737 4114 1837 4151 nu-

257 4206 446 4246 merus
477 4201 532 4246 et
564 4200 673 4244 tota
724 4191 840 4243 hazc
887 4204 1126 4259 praesens
1172 4189 1303 4255 vita,
1355 4196 1410 4243 et
1441 4187 1624 4242 futura
1671 4190 1833 4242 etiam

257 4287 556 4338 arternitas.
593 4285 805 4338 llursus
835 4297 1009 4337 aevum
1042 4291 1255 4351 tempus
1285 4281 1486 4334 dicitur
1515 4295 1531 4332 :
1564 4279 1678 4333 Nec
1709 4296 1833 4348 pars

259 4377 373 4431 ulla
401 4377 676 4446 temporis,
701 4375 830 4429 solis
856 4389 1104 4429 mensura
1137 4385 1185 4427 et
1217 4381 1357 4425 motu
1381 4371 1622 4439 deﬁnita,
1652 4371 1704 4424 id
1729 4384 1832 4434 eet,

262 4467 450 4521 diebus
470 4484 535 4522 ac
555 4468 807 4522 noctibus
825 4477 1110 4528 constans,
1124 4465 1216 4519 sed
1235 4466 1326 4518 ille
1343 4464 1502 4532 quasi
1521 4461 1833 4530 temporalis

261 4558 484 4625 quidam
519 4568 700 4612 motus
751 4566 806 4610 et
837 4555 1188 4611 intervallum
1221 4555 1365 4623 quod
1393 4554 1559 4607 sitnul
1601 4567 1728 4607 cum
1766 4552 1832 4607 iis

267 4661 390 4715 qua:
415 4649 770 4700 aeternitatem
820 4647 1045 4709 habent,
1091 4645 1422 4698 extenditur.
1455 4643 1713 4698 Additum
1752 4655 1836 4698 est

267 4747 447 4792 autem
479 4755 502 4790 ελ
524 4737 712 4802 Quasi,
746 4737 874 4805 quia
889 4747 1138 4790 exactam
1171 4735 1272 4788 aevi
1296 4736 1716 4804 descriptionem
1748 4736 1832 4789 al-

264 4832 410 4885 lerre
457 4844 568 4884 non
612 4843 930 4899 possumus.
976 4825 1112 4880 Nam
1171 4827 1318 4896 quod
1381 4827 1448 4882 iis
1499 4826 1684 4892 rebus,
1716 4842 1838 4896 qua:

268 4922 500 4992 tempori
528 4922 788 4990 subjecta:
824 4927 974 4986 sunt,
1021 4929 1236 4988 tempus
1288 4927 1412 4974 est:
1461 4919 1568 4974 hoc
1618 4921 1838 4975 aeternis

266 5031 441 5071 aevum
471 5025 575 5070 est.
613 5013 826 5068 Etenim
855 5023 981 5068 ante
1013 5012 1201 5067 mundi
1227 5013 1578 5080 creationem,
1611 5029 1735 5068 cum
1770 5030 1838 5068 ue

267 5109 349 5164 soi
374 5109 591 5176 quidem
619 5116 787 5172 esset,
816 5107 911 5175 qui
956 5107 1099 5160 diem
1125 5119 1156 5158 a
1185 5114 1355 5168 nocte
1399 5103 1686 5174 divideret,
1729 5121 1836 5159 non

265 5211 386 5256 erat
413 5217 588 5256 ενιιιιι
635 5197 1025 5263 mensurabile,
1071 5199 1165 5252 sed
1196 5197 1364 5254 veluti
1417 5198 1640 5268 quidam
1700 5207 1838 5253 tem-

268 5292 522 5363 porarias
575 5301 780 5357 motus,
832 5299 995 5361 atque
1047 5291 1419 5356 intervallum,
1478 5291 1624 5361 quod
1673 5293 1838 5348 simul

269 5401 394 5442 cum
431 5384 650 5439 aeternis
684 5382 849 5438 rebus
873 5383 1311 5451 protrahebatur.
1341 5385 1519 5454 Atque
1569 5387 1672 5438 bac
1703 5399 1834 5438 con-

342 5523 459 5596 (H)
493 5522 726 5578 Mundus
753 5522 1093 5578 intellectilis.
1129 5522 1351 5596 Respce
1387 5528 1439 5580 in
1467 5523 1654 5581 Graeco
1676 5524 1836 5581 Pselli

268 5594 443 5677 deest,
475 5597 698 5677 seduhoc
723 5596 1121 5651 substantivum
1153 5594 1448 5677 desiderari
1493 5599 1838 5666 apertissime

271 5673 442 5739 ὶιιιιιρι
472 5682 537 5722 ex
567 5673 632 5721 iis
657 5683 777 5737 qua:
800 5681 925 5721 mox
951 5674 1272 5735 sequuntur.

1936 3198 2054 3263 Quo
2083 3197 2209 3268 quid
2240 3196 2458 3251 stultius
2489 3197 2620 3266 ﬁngi
2656 3194 2863 3263 possit?
2893 3193 3017 3248 lam
3047 3211 3110 3248 ne
3141 3197 3370 3247 mundus
3392 3196 3511 3263 qui—

1933 3291 2048 3343 dem
2067 3288 2391 3342 intellectilis
2411 3303 2576 3341 (suum
2603 3297 2702 3350 est,
2725 3295 2784 3340 ut
2815 3286 3079 3339 nonnullis
3109 3285 3335 3338 videtur.
3355 3283 3514 3338 Αἰνί-

1935 3390 2114 3435 ternus
2143 3383 2281 3432 enim
2309 3387 2408 3432 est.
2441 3377 2613 3430 Porro
2647 3377 2956 3430 teuiternum
2979 3391 3070 3444 per
3091 3376 3186 3428 reci
3213 3375 3509 3443 participa-

1933 3468 2360 3523 tionemdicitur.
2384 3464 2496 3519 Nec
2517 3481 2632 3520 vero
2655 3466 2840 3533 ﬁrmus
2861 3475 2909 3518 et
2927 3463 3201 3533 aequabilis
3221 3463 3368 3517 illius
3392 3473 3509 3518 sta-

1940 3571 2026 3614 tus
2057 3576 2225 3615 rerum
2245 3566 2347 3625 est,
2376 3558 2468 3628 qui
2485 3556 2808 3612 intellectilis
2839 3557 3066 3610 mundus
3099 3554 3212 3626 (id)
3235 3565 3335 3609 est.
3366 3552 3510 3618 Quin

1933 3656 2120 3719 etiam,
2151 3661 2203 3707 et
2231 3667 2394 3705 unum
2413 3661 2513 3716 est,
2566 3659 2618 3705 et
2646 3649 2815 3703 multa
2843 3664 2862 3704 :
2891 3665 3053 3703 unum
3081 3649 3314 3718 quidem,
3340 3663 3518 3717 quan-

1936 3757 2048 3800 tum
2081 3747 2153 3798 ad
2189 3744 2355 3812 ipsius
2390 3751 2683 3808 naturam;
2713 3741 2880 3796 multa
2924 3750 3122 3804 autem,
3149 3749 3404 3809 quantum
3434 3742 3510 3792 ad

1936 3852 2176 3892 nostram
2237 3835 2688 3904 intelligentiam,
2760 3833 3029 3902 animique
3099 3833 3508 3900 conceptionem.

1939 3929 2278 3985 lndiuiduum
2304 3929 2445 3983 enim
2468 3937 2565 3993 est,
2591 3929 2794 3996 vimque
2821 3926 3110 3994 plurimam
3137 3924 3310 3979 habet.
3330 3913 3513 3990 Quare

1936 4024 1982 4077 si
2003 4023 2118 4092 quis
2141 4022 2311 4091 ipsum
2338 4029 2394 4074 ut
2411 4020 2690 4074 essentiam
2708 4019 2992 4089 quamdam
3013 4018 3318 4088 cogitauerit
3343 4018 3508 4071 vitam

1936 4116 2366 4183 identitatemque
2396 4113 2690 4178 habentem,
2737 4121 2846 4165 tum
2879 4113 3253 4182 cogitationem
3302 4126 3364 4163 ac
3389 4121 3506 4164 sta-

1937 4209 2223 4273 bilitatem,
2257 4209 2411 4261 illam
2439 4207 2674 4278 quidem,
2725 4217 2982 4276 quantum
3023 4206 3092 4258 ad
3149 4203 3362 4258 vitalem
3391 4217 3516 4270 spe-

1937 4303 2088 4363 c'em,
2122 4299 2256 4352 hanc
2285 4307 2486 4364 autem,
2538 4309 2795 4368 quantum
2834 4295 2903 4348 ad
2927 4293 3223 4346 identitatis
3255 4292 3509 4344 immuta-

1939 4390 2196 4444 bilitatem
2219 4404 2540 4458 :rursusque
2575 4386 2905 4440 identitatem
2961 4399 3023 4437 ac
3048 4382 3408 4435 dirersitatem
3431 4381 3510 4432 ita

1937 4481 2366 4541 consideraverit,
2397 4488 2453 4532 ut
2481 4479 2536 4531 in
2567 4478 2741 4530 altera
2775 4473 2987 4544 quidem
3015 4471 3246 4542 partium
3282 4467 3510 4538 wquali-

1941 4583 2099 4626 tatem
2137 4581 2346 4639 spectet,
2373 4572 2426 4624 in
2463 4571 2635 4623 altera
2663 4576 2839 4620 autem
2863 4581 2981 4620 eam
3005 4562 3378 4632 diﬁcrentiam,
3403 4576 3510 4631 qua

1940 4668 2002 4719 ab
2041 4664 2282 4720 omnibus
2309 4665 2432 4718 aliis
2482 4663 2634 4718 rebus
2685 4660 3005 4730 sejungitur,
3047 4668 3155 4711 tum
3192 4656 3302 4710 haec
3331 4656 3512 4721 ,mul.a

1941 4759 2289 4822 contraxerit,
2347 4755 2730 4826 facultatesque
2757 4763 2805 4806 et
2841 4752 3104 4822 potentias
3153 4750 3208 4802 in
3231 4749 3512 4802 essentiam

1939 4851 2280 4912 concluserit,
2315 4859 2471 4919 atque
2498 4847 2678 4899 omnia
2717 4844 2871 4913 quasi
2901 4858 3064 4896 unum
3092 4841 3253 4909 fuerit
3287 4849 3511 4894 contem-

1939 4941 2138 5008 platus,
2161 4941 2252 4995 ille
2269 4938 2453 5009 procul
2477 4938 2640 4992 dubio
2670 4935 3010 5006 perspexerit.
3037 4931 3136 4988 Est
3157 4933 3296 5009 enim
3320 4947 3508 4997 avum,

1941 5041 1998 5085 ut
2027 5033 2280 5086 crassiori
2312 5031 2551 5085 Minerva
2582 5029 2856 5098 deﬁniant,
2887 5025 3246 5080 illuminatum
3277 5023 3409 5076 illud
3445 5021 3510 5075 ab

1940 5122 2237 5176 intellectili
2266 5122 2461 5176 mundo
2486 5121 2718 5190 spatium
2743 5119 2878 5189 (l5),
2903 5115 3231 5171 individuum
3257 5123 3511 5184 quantum

1939 5215 2009 5268 ad
2039 5213 2286 5282 temporis
2325 5223 2527 5281 partes,
2567 5219 2618 5265 et
2668 5209 3020 5273 immutabile,
3050 5205 3188 5278 quod
3233 5221 3324 5259 nec
3370 5217 3512 5272 pra:-

1942 5304 2157 5357 tcritum
2215 5299 2388 5366 habet,
2422 5316 2514 5354 nec
2569 5300 2846 5369 futurum,
2895 5311 2946 5353 et
3001 5315 3116 5352 cum
3173 5310 3274 5366 quo
3305 5296 3360 5348 in
3397 5293 3512 5346 solo

1939 5396 2189 5462 prwsenti
2227 5393 2558 5448 universitati
2609 5408 2786 5447 rerum
2847 5391 3018 5446 indita
3059 5399 3137 5444 est
3165 5387 3410 5442 essentia.
3442 5383 3510 5437 ld

2013 5532 2126 5603 (15)
2150 5529 2523 5585 Illuntinatum
2549 5529 2688 5603 illud;
2709 5529 2944 5603 spatium
2990 5525 3124 5598 [lioc
3148 5535 3365 5603 quoque
3387 5520 3510 5576 loco

1941 5595 2339 5659 substantirunt
2367 5604 2533 5666 deest,
2559 5595 2790 5669 spatium
2822 5595 3276 5669 ve|_iniervalittttt
3309 5606 3515 5664 poneti-

1942 5675 2071 5730 dum
2113 5675 2392 5737 existimo,
2427 5687 2552 5727 nam
2577 5666 2644 5725 de
2671 5684 2734 5725 ea
2767 5683 2825 5725 re
2855 5666 2962 5721 illic
2995 5674 3210 5721 tractat.
