4048 6278
548 219 681 285 1319

1959 216 2342 278 ADDENDA.

3656 210 3797 276 1320

543 331 706 400 igitur
733 330 873 402 quod
911 348 1003 387 nec
1029 330 1308 402 praeteriit,
1337 345 1431 384 nec
1465 328 1706 398 futurunt
1733 334 1832 391 est,
1863 325 1952 379 sed
1985 341 2126 378 sem-
2161 336 2200 390 Α
2229 325 2438 395 quidem
2460 334 2507 379 et
2527 324 2658 392 alia,
2683 325 2868 379 etclam
2898 326 3155 393 videlicet,
3185 338 3401 392 terram,
3421 341 3591 390 mare,
3620 326 3805 389 solem,

543 430 635 490 per
662 431 762 487 est,
797 423 930 476 αἰὼν
957 425 1179 488 dicitur,
1213 423 1323 476 ἀπὸ
1352 421 1448 474 τοῦ
1476 421 1565 475 ἀεὶ
1590 421 1648 472 ἐν
1679 418 1758 488 τῷ
1785 417 1850 470 ὃν
1875 412 2042 478 εἶναι,
2069 415 2124 469 id

543 523 620 566 est
645 514 708 566 ab
738 530 798 568 eo
829 516 968 585 quod
1003 529 1206 583 semper
1250 514 1306 566 in
1359 524 1477 568 ente
1520 513 1612 575 sit,
1669 524 1856 563 nomen
1907 507 2126 562 ducens.

543 608 714 674 Atque
743 607 1042 674 huiusmodi
1063 617 1186 663 sunt
1210 607 1466 662 caelestia.
1490 605 1735 660 rEternte
1757 604 1895 657 enim
1923 618 2126 667 eorum,

544 707 595 752 et
623 700 860 753 essentia!
885 710 1029 764 sunt,
1052 709 1101 753 et
1131 700 1383 752 actiones.
1407 697 1733 751 Sublunaria
1755 704 1932 748 autem
1948 694 2129 746 omnia

545 792 876 859 generationi
907 803 958 846 et
1012 793 1298 845 mutationi
1329 790 1567 859 subjecta
1602 798 1748 842 sunt.
1781 785 1848 840 Et
1874 785 2128 856 quemad-

548 880 758 933 modum
793 897 912 934 cum
934 881 1002 934 iis
1028 897 1146 950 qua:
1175 891 1318 934 motu
1355 888 1560 944 carent,
1599 893 1767 932 wvum
1807 875 1968 930 simul
2001 889 2130 927 con-

547 973 788 1026 stitutum
814 984 889 1026 est
912 975 1020 1026 :sic
1043 973 1202 1027 etiam
1233 989 1349 1025 cum
1374 973 1438 1024 iis
1457 987 1574 1041 qua:
1589 979 1883 1032 moventur,
1906 976 2129 1036 tempus,

486 1051 489 1054 ί
547 1065 686 1132 quod
712 1079 915 1132 semper
943 1064 1087 1131 ﬂuit,
1137 1073 1188 1117 et
1240 1063 1417 1117 eodem
1452 1077 1572 1114 cum
1604 1061 1688 1115 his
1743 1070 1890 1112 motu
1939 1058 2125 1110 cietur.

546 1153 725 1223 Hujus
751 1166 928 1224 partes
953 1160 1072 1208 duce
1093 1163 1217 1208 sunt
1241 1155 1569 1222 praeteritum
1607 1161 1654 1205 et
1686 1152 1946 1221 futurum.
1989 1148 2127 1202 Nam

544 1262 775 1315 pra'sens
807 1261 1066 1313 nusquam
1094 1255 1193 1298 est.
1225 1245 1578 1314 Posteaquam
1606 1258 1723 1296 vero
1748 1241 1974 1294 duorum
2001 1254 2131 1308 quo-

546 1335 792 1388 rumdam
823 1352 856 1387 a
896 1335 1047 1388 nobis
1079 1336 1274 1388 mentio
1310 1335 1457 1402 facta
1487 1343 1586 1398 est,
1627 1347 1807 1401 nempe
1834 1340 1884 1384 et
1921 1344 2123 1393 eorum,

543 1442 684 1496 quw,
718 1436 827 1479 tam
852 1428 1104 1491 essentia,
1129 1441 1288 1494 quam
1322 1425 1530 1477 actione
1549 1423 1760 1476 stabilia
1787 1431 1930 1486 sunt,
1954 1420 2127 1489 cujus,

546 1519 749 1588 generis
787 1527 912 1572 sunt
968 1518 1324 1582 intellectilia,
1359 1526 1410 1570 et
1449 1532 1650 1582 eorum,
1681 1530 1799 1585 quae
1843 1513 2128 1567 secundum

545 1620 823 1680 utramque
857 1622 1154 1674 moventur,
1209 1609 1343 1663 nihil
1392 1617 1568 1662 autem
1613 1609 1665 1660 in
1717 1621 1894 1659 rerum
1935 1615 2129 1658 natura

2226 416 2408 469 lunam
2445 425 2496 469 et
2545 415 2747 486 reliqua
2804 417 2981 470 sidera
3035 421 3277 472 incrcata
3326 419 3499 472 dicere
3547 417 3810 487 quispiam

2227 512 2414 578 possit,
2445 511 2568 577 quia
2590 525 2683 577 per
2720 511 3060 579 temporalem
3089 515 3501 582 protractionem
3548 515 3812 584 producta

2228 616 2330 653 non
2359 602 2486 654 sint.
2522 599 2638 653 Hoc
2668 602 2801 654 enim
2821 601 3115 655 hominibus
3146 606 3411 658 convenit.
3443 604 3621 671 Quare
3643 610 3811 676 tequi-

2229 708 2354 746 voca
2379 693 2766 761 signiﬁcatione
2795 694 2982 748 horum
3012 695 3305 761 verborum,
3338 712 3441 752 non
3477 698 3530 750 in
3561 708 3807 768 tempore,

2227 785 2573 852 imposturam
2592 785 2744 855 facit,
2779 788 2870 856 qui
2909 788 3006 840 hoc
3034 788 3190 842 modo
3221 798 3628 858 argumentatur
3701 791 3813 845 Du-

2227 879 2355 949 plici
2383 879 2522 933 enim
2572 879 2727 932 modo
2765 878 2966 948 aliquid
2998 864 3312 949 intelligitur
3350 882 3402 934 in
3441 892 3668 951 tempore
3710 901 3811 937 non

2227 986 2362 1033 esse,
2415 968 2490 1023 vel
2521 969 2649 1039 quia
2680 971 3056 1039 sempiternum
3094 971 3184 1035 sit,
3212 971 3287 1024 vel
3315 973 3438 1041 quia
3485 990 3813 1043 nequaquam

2227 1076 2318 1129 per
2369 1059 2710 1128 temporalem
2773 1063 3187 1130 protractionem
3219 1062 3273 1115 in
3327 1079 3505 1116 rerum
3559 1077 3812 1118 naturam

2228 1151 2503 1218 prodierit.
2532 1149 2616 1204 Ex
2651 1167 2753 1220 quo
2782 1151 3022 1220 eﬂ‘icitur,
3054 1163 3109 1206 ut
3141 1152 3253 1206 alia
3270 1154 3496 1217 ratione,
3546 1157 3638 1223 qui
3663 1171 3811 1209 extra

2232 1253 2432 1310 tempus
2454 1251 2554 1307 est,
2589 1243 2643 1295 in
2692 1251 2920 1311 tempore
2949 1245 3020 1296 sit
3063 1259 3081 1294 :
3125 1246 3252 1314 quia
3302 1245 3539 1299 videlicet
3597 1265 3702 1301 non
3749 1253 3810 1302 ab

2230 1337 2424 1384 aeterno
2451 1330 2520 1382 sit
2545 1345 2565 1395 ;
2593 1329 2700 1384 alia
2727 1339 2900 1385 autem
2929 1331 2981 1384 in
3002 1343 3234 1402 tempore
3256 1350 3359 1388 non
3393 1336 3483 1400 sit,
3512 1338 3640 1406 quia
3661 1354 3809 1390 sum-

2232 1434 2347 1473 mus
2378 1420 2614 1473 omnium
2662 1437 2834 1474 rerum
2866 1423 3197 1477 Architectus
3231 1425 3300 1476 ad
3344 1424 3459 1494 ejus
3499 1428 3810 1496 productio-

2231 1526 2347 1564 nem
2371 1519 2600 1580 tempore
2626 1512 2840 1566 minime
2863 1527 2992 1581 opus
3028 1513 3206 1567 habet.
3249 1514 3394 1581 Quin
3437 1518 3600 1570 etiam
3641 1519 3695 1572 in
3728 1536 3810 1574 re-

2233 1600 2326 1654 bus
2355 1601 2602 1656 humanis
2633 1604 2889 1657 nonnulla
2923 1613 3069 1670 sunt,
3093 1621 3209 1676 qua:
3248 1608 3360 1660 sine
3391 1611 3636 1677 temporis
3661 1627 3809 1665 mora

552 1716 776 1754 vacuum
805 1710 906 1763 est,
939 1701 1067 1770 quin
1100 1701 1274 1768 potius
1306 1700 1360 1752 in
1387 1699 1628 1752 omnibus
1647 1697 1930 1751 contrariis
1964 1710 2126 1748 nexus
2158 1683 2201 1738 Β
2228 1691 2371 1759 gigni
2403 1693 2591 1757 solent,
2650 1703 2709 1746 ut
2759 1694 2910 1748 lactis
2943 1699 3202 1750 concretio
3248 1714 3339 1751 seu
3388 1703 3716 1770 coagulatio,
3760 1717 3807 1758 ct

554 1791 769 1859 quidam
801 1806 864 1843 ac
897 1791 1098 1854 media,
1142 1798 1268 1843 sunt
1305 1789 1511 1859 :igitur
1542 1791 1727 1842 horum
1757 1787 1928 1841 media
1981 1793 2123 1850 sunt,

544 1893 603 1934 ut
631 1883 832 1948 partim
860 1883 927 1947 ;in
977 1897 1087 1936 tevo
1121 1882 1252 1948 sint,
1304 1882 1500 1949 partim
1547 1881 1602 1934 in
1649 1881 1917 1947 tempore?
1947 1877 2125 1947 Hujus

545 1973 688 2026 modi
737 1972 922 2027 caelum
961 1982 1058 2036 est,
1101 1983 1150 2026 et
1193 1990 1253 2027 ea
1284 1989 1402 2042 qua:
1429 1972 1561 2026 luna
1615 1972 1930 2027 sublimiora
1977 1979 2123 2026 sunt.

544 2066 751 2120 Horum
779 2070 966 2121 etenim
993 2065 1294 2120 substantia
1317 2067 1528 2136 quidem
1573 2076 1774 2118 teterna
1805 2072 1903 2128 est,
1936 2065 2126 2134 quippe

543 2172 660 2226 qua:
693 2171 785 2209 nec
819 2157 1063 2222 intereat,
1116 2171 1208 2209 nec
1251 2164 1534 2224 augeatur,
1597 2169 1690 2207 nec
1725 2152 2001 2218 olteretur,
2033 2162 2124 2204 aut

555 2249 864 2300 immutetur
902 2262 921 2300 :
959 2255 1108 2298 actus
1152 2255 1329 2298 autem
1383 2242 1478 2298 sub
1520 2254 1722 2312 tempus
1771 2242 1937 2297 cadit.
1981 2240 2125 2294 Nam

548 2354 668 2391 cum
740 2341 1014 2391 universus
1059 2337 1286 2391 mundus
1337 2344 1569 2390 movetur
1613 2335 1727 2387 alia
1788 2334 1956 2402 ipsius
1998 2347 2123 2400 pars

543 2444 702 2498 super
734 2429 1066 2483 horizontem
1112 2429 1326 2494 eminet,
1365 2429 1476 2482 alia
1497 2428 1724 2481 ntedium
1760 2425 1944 2479 ctelum
1965 2433 2122 2489 tenet,

545 2522 654 2573 alia
682 2506 1116 2574 adVOccidentem
1168 2521 1357 2586 tendit,
1391 2519 1500 2573 alia
1530 2519 1672 2586 infra
1705 2526 1900 2570 terram
1932 2517 2120 2585 fertur.

549 2609 613 2663 In
653 2611 835 2664 eodem
879 2627 1082 2680 quoque
1103 2627 1290 2680 genere
1323 2621 1396 2663 est
1424 2610 1628 2664 anima.
1671 2607 1815 2662 Nam
1841 2619 1897 2662 ut
1923 2620 2124 2664 aeterna

543 2710 620 2754 est
649 2701 815 2768 ipsius
840 2703 1100 2766 essentia,
1127 2701 1206 2754 ita
1247 2711 1395 2752 actus
1431 2699 1525 2752 sub
1552 2701 1798 2767 temporis
1822 2715 2124 2752 mensuram

543 2793 908 2863 cadit.Neque
939 2794 1079 2847 enim
1111 2801 1317 2862 repente
1347 2807 1430 2853 ea,
1455 2806 1570 2860 quae
1589 2791 1802 2860 quaerit,
1835 2789 2122 2858 perspicit:

547 2899 722 2936 verum
753 2895 800 2936 et
829 2887 988 2952 [mem
1012 2882 1116 2936 sibi
1158 2882 1426 2950 proponit,
1451 2889 1502 2933 et
1523 2880 1786 2949 principia
1815 2880 1968 2950 quasi
1996 2879 2122 2947 fun-

542 2975 795 3029 damenta
815 2975 954 3043 jacit
977 2984 1159 3043 atque,
1189 2973 1254 3026 ab
1284 2973 1366 3025 his
1387 2973 1456 3025 ad
1487 2973 1643 3025 illum
1668 2973 1996 3039 procedit.—
2016 2971 2124 3026 Nec

544 3079 776 3136 tempus.
813 3063 1121 3119 Aristoteles
1187 3064 1440 3117 adversus
1497 3072 1732 3115 veterum
1781 3060 2124 3115 Academiam

542 3157 847 3227 disputans,
876 3171 938 3210 ac
969 3171 1091 3208 cum
1134 3157 1248 3224 ipso
1295 3156 1457 3208 etiam
1506 3152 1732 3207 Platone
1787 3153 2122 3219 contendens,

543 3261 796 3301 aeternum
813 3257 1040 3315 tempus,
1062 3256 1217 3316 atque
1233 3262 1298 3300 ea:
1314 3258 1536 3313 utraque
1550 3255 1702 3314 parte
1714 3245 1983 3315 inﬁnitum
2001 3262 2126 3300 con-

540 3341 759 3393 stituere
798 3340 1026 3393 videtur.
1049 3337 1194 3392 Nam
1219 3337 1404 3404 Plato,
1427 3337 1597 3405 ipsum
1630 3338 1869 3391 veritatis
1909 3353 2126 3406 scopum

542 3431 762 3498 feriens,
819 3439 868 3482 et
902 3429 1091 3484 ca'lum
1135 3436 1372 3482 creatum
1423 3427 1590 3496 fuisse
1615 3427 1876 3497 affirmat,
1904 3441 2064 3499 atque
2091 3445 2125 3482 a

539 3522 770 3589 quodam
812 3519 1094 3588 temporali
1129 3529 1324 3588 puncto
1372 3519 1730 3572 conversionis
1775 3531 1824 3574 et
1867 3519 2122 3574 convolu-

542 3611 704 3664 tionis
738 3611 1062 3680 principium
1095 3611 1381 3678 accepisse,
1421 3624 1641 3679 cumque
1671 3625 1732 3663 eo
1756 3619 1807 3663 et
1837 3619 2040 3681 tempus
2073 3621 2124 3666 et

541 3713 791 3755 naturam
835 3703 996 3756 simul
1036 3703 1253 3757 condita
1299 3700 1486 3770 fuisse.
1526 3701 1840 3756 Aristoteles
1873 3713 2047 3756 autem
2075 3713 2125 3757 et

541 3792 750 3861 caelum,
776 3801 827 3847 et
883 3803 1110 3860 motum,
1151 3802 1202 3846 et
1237 3801 1440 3862 tempus
1475 3793 1714 3847 increata
1756 3809 1867 3847 esse
1907 3795 2120 3850 astruit.

547 3884 708 3938 Hanc
759 3887 900 3938 enim
947 3886 1412 3958 interrogationem
1453 3883 1632 3952 affert.
1677 3883 1899 3955 Tempus
1933 3885 2011 3939 vel
2067 3887 2123 3940 in

545 3986 782 4044 tempore
810 3987 911 4044 est,
949 3979 1030 4032 vel
1081 3994 1206 4033 non.
1251 3979 1314 4032 bi
1347 3979 1402 4031 in
1439 3989 1668 4046 tempore
1696 3993 1799 4031 non
1822 3987 1923 4043 est,
1960 3977 2124 4033 habeo

546 4070 686 4139 quod
705 4084 888 4140 quam
912 4086 933 4124 :
976 4072 1025 4124 si
1057 4081 1238 4124 autem
1281 4081 1357 4124 est
1383 4071 1438 4124 in
1480 4081 1730 4140 tempore,
1759 4070 1822 4124 de
1871 4070 1964 4124 illo
1989 4085 2119 4141 quo-

475 4196 494 4205 ι
545 4177 677 4231 que.
706 4173 937 4230 tempore
989 4163 1124 4216 idem
1179 4178 1365 4217 rursus
1397 4177 1598 4232 quiero.
1652 4161 1801 4215 Nam
1841 4178 1936 4216 nec
1993 4172 2122 4217 tem-

539 4255 688 4324 poris
747 4264 949 4325 tempus
1007 4255 1319 4325 investigare
1405 4264 1564 4326 atque
1635 4255 1909 4324 exquirere
1935 4295 1952 4320 ,
2009 4254 2123 4310 ulla

2227 1783 2522 1852 superficiei
2551 1800 2810 1852 aquarum
2833 1789 3154 1856 congelatio.
3202 1787 3320 1842 Non
3348 1793 3482 1842 ettim
3515 1795 3811 1860 particula-

2227 1870 2356 1926 riter
2388 1887 2451 1925 ac
2490 1875 2750 1938 paulatim
2789 1887 3146 1940 concrescunt,
3199 1880 3289 1932 sed
3334 1881 3608 1949 confertim
3647 1894 3694 1936 et
3727 1900 3808 1936 re-

2227 1975 2400 2030 pente,
2459 1973 2508 2018 et
2573 1981 2676 2018 non
2731 1964 3173 2036 quemadmodum
3235 1973 3338 2041 ipsi
3415 1977 3800 2032 consuevimus.

2229 2051 2471 2117 -—Quasi
2516 2057 2832 2125 temporalis
2865 2057 3086 2126 quidem
3123 2071 3304 2115 motus
3339 2071 3394 2116 et
3432 2063 3800 2120 intervallum.

2227 2140 2310 2197 Ne
2337 2143 2574 2198 divinum
2602 2148 2789 2200 horum
2825 2148 3100 2204 verborum
3151 2168 3362 2206 sensum
3399 2154 3564 2206 surda
3587 2171 3803 2222 prorsus

2227 2251 2353 2289 aure
2379 2237 2684 2306 accipimus,
2711 2239 3029 2296 liceatnobis
3048 2257 3146 2310 pro
3183 2236 3352 2297 animi
3383 2244 3609 2298 arbitrio
3640 2264 3804 2300 meum

2223 2328 2435 2396 ﬁctione
2466 2330 2742 2398 fabricari,
2772 2333 2912 2402 quod
2945 2349 3166 2404 magnus
3203 2335 3485 2405 Gregorius
3515 2353 3569 2391 re
3600 2339 3804 2392 intelle-

2225 2421 2326 2474 :cit.
2362 2420 2644 2474 Tollantur
2688 2424 2868 2493 itaque
2905 2425 3051 2479 nobis
3077 2435 3125 2479 et
3155 2427 3363 2490 caelum,
3387 2437 3436 2482 et
3468 2429 3568 2490 sol,
3586 2441 3633 2482 et
3659 2429 3802 2490 litua,

2227 2512 2497 2581 omnisque
2526 2513 2760 2566 siderum
2793 2524 2965 2569 motus
2999 2531 3133 2570 :nos
3164 2527 3336 2582 autem
3368 2519 3424 2571 in
3447 2519 3560 2573 loco
3582 2537 3674 2588 per
3730 2522 3796 2590 fi-

2223 2612 2490 2671 gmentum
2521 2601 2834 2660 habitemus.
2908 2605 3097 2660 Annon
3142 2624 3328 2662 rursus
3376 2610 3671 2666 intervallis
3702 2614 3808 2666 dis-

2227 2692 2446 2746 tinctam
2483 2694 2641 2747 vitam
2671 2695 2966 2752 habemus?
3005 2700 3145 2768 quod
3200 2701 3247 2754 si
3276 2701 3575 2756 interi-allis
3614 2704 3806 2756 distin-

2227 2791 2386 2847 ctam,
2419 2785 2602 2853 utique
2627 2797 2677 2839 et
2697 2788 2750 2840 in
2773 2803 3072 2844 mensuram
3093 2790 3383 2846 cadentem.
3409 2796 3494 2860 {At
3520 2793 3670 2862 cujus
3695 2805 3809 2848 tan-

2230 2873 2348 2926 dem
2378 2877 2452 2928 rei
2486 2892 2733 2932 mensura
2759 2879 3176 2941 .describemur?
3212 2884 3294 2936 Au
3324 2886 3496 2939 solis?
3527 2887 3690 2956 Atqui
3722 2886 3809 2939 ille

2225 2977 2462 3018 sermone
2495 2977 2677 3021 nostro
2723 2961 2960 3025 sublatus
2999 2974 3114 3028 est?
3165 2975 3246 3027 An
3277 2975 3463 3029 laute?
3503 2977 3662 3046 Atqui
3694 2978 3808 3044 ipsa

2148 3035 2195 3096 Ο
2226 3068 2425 3122 quoque
2453 3072 2486 3108 a
2519 3057 2666 3111 nobis
2705 3061 2959 3116 avolavit.
2994 3061 3074 3116 An
3114 3065 3342 3118 aliorum
3385 3035 3613 3122 siderum
3642 3071 3810 3122 cursi-

2229 3146 2364 3201 bus?
2402 3145 2501 3201 Ubi
2529 3150 2741 3204 tandem
2790 3151 2885 3207 illa
2916 3154 3028 3222 ﬁxa
3059 3165 3233 3222 erunt,
3285 3167 3378 3210 aut
3421 3160 3816 3216 movebuntur!

2228 3236 2296 3292 In
2318 3240 2442 3293 caelo
2460 3242 2486 3295 Ρ
2517 3241 2677 3308 Atqui
2709 3243 2893 3313 ficti-ia:
2922 3247 3094 3300 oratio
3120 3247 3217 3301 hoc
3251 3264 3454 3318 quoque
3488 3249 3657 3304 stellis
3682 3267 3806 3318 spo-

2227 3330 2416 3385 liatum
2437 3334 2492 3385 in
2515 3333 2741 3388 nihilum
2766 3336 2998 3392 resolvit.
3037 3338 3185 3393 Talis
3209 3339 3375 3409 igitur
3403 3352 3576 3396 motus
3607 3352 3803 3408 uoster,

2225 3431 2275 3473 et
2316 3423 2446 3484 vita,
2467 3438 2563 3476 nec
2596 3433 2800 3494 tempus
2839 3437 2938 3493 est,
2968 3443 3058 3481 nec
3086 3437 3334 3500 temporis
3363 3446 3489 3500 pars
3517 3432 3649 3497 ulla,
3681 3432 3806 3486 sub-

2225 3511 2352 3566 latis
2391 3515 2645 3569 nimirunt
2689 3516 2772 3570 Itis
2799 3519 2976 3585 rebus,
3026 3521 3215 3590 quibus
3249 3534 3451 3594 tempus
3503 3526 3800 3593 con/icitur.

2227 3603 2400 3675 Atque
2431 3607 2645 3662 interim
2691 3618 2863 3664 tamen
2903 3611 2959 3665 in
2997 3624 3145 3668 motu
3187 3625 3238 3668 et
3277 3615 3552 3669 intervallo
3599 3633 3800 3671 sumus.

2227 3695 2344 3750 Hoc
2373 3697 2536 3768 igitur
2559 3699 2721 3754 veluti
2751 3703 3056 3772 temporalis
3089 3706 3306 3774 quidam
3345 3717 3519 3761 motus
3551 3719 3631 3762 est
3655 3722 3701 3762 et
3725 3710 3805 3760 in-

2227 3789 2532 3844 tervallum.
2568 3789 2684 3844 Hoc
2718 3794 2928 3848 aeternis
2955 3809 3122 3848 aevum
3152 3806 3254 3851 est.
3284 3797 3388 3862 Qui
3407 3800 3469 3852 de
3493 3802 3645 3853 rebus
3666 3799 3803 3854 divi-

2225 3881 2306 3933 nis
2336 3883 2476 3948 apud
2497 3881 2715 3951 gentiles
2745 3885 3144 3940 accuratissime
3175 3887 3538 3956 disputarunt,
3575 3905 3799 3958 quorum

2223 3979 2400 4025 vertex
2439 3981 2489 4025 et
2531 3974 2838 4042 coryphceus
2865 3986 2963 4043 est,
3015 3977 3240 4032 Proclus
3290 3980 3350 4033 τὸ
3377 3981 3570 4046 ἀΐδιον,
3611 3985 3668 4035 id
3701 3992 3800 4046 est,

2224 4071 2502 4129 teternum,
2541 4065 2598 4118 in
2628 4068 2762 4120 duas
2810 4079 2989 4137 partes
3020 4071 3282 4137 dividunt,
3327 4072 3552 4128 alteram
3605 4077 3797 4145 juidem

2222 4167 2428 4225 partem
2447 4157 2682 4212 eamdem
2699 4175 2812 4214 esse
2843 4169 3133 4217 statuentes
3159 4179 3277 4217 cum
3305 4181 3434 4232 tero,
3463 4183 3555 4220 seu
3588 4167 3796 4233 seculo,

2224 4257 2282 4301 ut
2310 4249 2470 4302 simul
2512 4252 2814 4306 universum
2857 4255 2948 4319 sit,
2988 4256 3267 4325 temporali
3303 4259 3664 4326 protractioue
3709 4276 3795 4314 ne-

539 4365 774 4419 unquam
796 4347 1118 4419 fatigatione
1146 4349 1483 4412 desistemus,
1513 4363 1607 4400 nec
1648 4346 1786 4401 illud
1814 4348 1873 4401 in
1901 4348 2121 4401 immen-
2145 4365 2201 4426 ι)
2224 4356 2490 4411 quaquam
2515 4343 2864 4398 termittabile.
2889 4345 3055 4417 Atque
3083 4348 3137 4400 in
3159 4347 3258 4402 hac
3283 4351 3464 4404 teterni
3479 4361 3634 4418 parte
3661 4368 3795 4406 men-

538 4457 656 4494 sum
691 4456 924 4511 unquam
983 4439 1230 4510 progredi
1268 4440 1492 4494 desinet.
1537 4437 1652 4493 Hoc
1697 4447 1777 4492 est
1812 4438 2120 4493 Aristotelis

538 4543 929 4602 argumentum.
966 4531 1121 4598 Quod
1150 4542 1338 4600 autem
1388 4529 1500 4584 haec
1552 4533 1774 4599 quiestio
1818 4529 2122 4597 hujusmodi

543 4642 646 4680 non
680 4626 764 4691 sit,
800 4634 858 4679 ut
887 4626 1150 4693 explicari
1185 4640 1249 4677 ac
1277 4623 1498 4677 dissolvi
1527 4632 1772 4692 nequeat,
1813 4620 1935 4676 hinc
1970 4623 2119 4693 quis-

539 4718 680 4785 piam
732 4715 1074 4784 intellexerit,
1122 4715 1264 4786 quod
1302 4725 1505 4784 tempus
1557 4731 1649 4768 nec
1689 4717 1742 4768 in
1788 4723 2017 4783 tempore
2039 4724 2118 4770 est

539 4824 631 4862 nec
662 4824 847 4862 rursus
890 4807 1141 4877 temporis
1181 4821 1386 4875 expers.
1423 4803 1565 4858 Deus
1607 4804 1747 4858 enim
1779 4805 2116 4875 simulatque

537 4903 724 4953 ctelum
761 4899 1054 4967 producere
1087 4894 1273 4953 voluit.
1312 4895 1556 4949 voluntas
1585 4895 1683 4948 illa
1725 4897 1782 4948 in
1810 4910 1940 4964 opus
1960 4897 2114 4961 exiit,

537 5007 599 5043 ac
629 4993 766 5043 citra
799 5000 1002 5056 tempus
1025 4987 1272 5040 universa
1303 5001 1484 5038 rerum
1535 4986 1780 5040 machina
1806 4997 2112 5041 constructa

536 5090 634 5135 est.
674 5079 796 5133 Non
835 5089 1012 5132 tamen
1040 5077 1242 5132 idcirco
1273 5079 1520 5145 temporis
1563 5093 1764 5148 quoque
1791 5095 1974 5149 expers
1997 5092 2072 5134 est
2091 5096 2110 5135 :

537 5173 785 5242 quoniam
819 5187 938 5226 cum
966 5174 1114 5242 prius
1155 5188 1256 5226 non
1281 5183 1440 5238 esset,
1478 5184 1661 5242 postea
1699 5183 1877 5230 creata
1907 5184 1956 5228 et
1987 5191 2112 5227 con-

536 5265 722 5316 stituta
767 5274 866 5317 est.
901 5261 1102 5318 Eadent
1169 5274 1246 5318 est
1295 5267 1548 5334 temporis
1597 5266 1762 5319 ratio.
1836 5264 2110 5331 Quatenus

534 5358 672 5409 enim
696 5372 812 5410 cum
837 5356 989 5425 prius
1030 5372 1136 5410 non
1165 5365 1326 5422 esset,
1357 5366 1538 5425 postea
1579 5357 1854 5411 conditum
1886 5366 1986 5423 est,
2012 5358 2112 5411 mi-

538 5446 674 5499 nime
722 5447 1017 5501 increatum
1078 5457 1126 5502 et
1172 5449 1426 5516 temporis
1477 5464 1662 5516 expers
1704 5461 1802 5504 est.
1837 5449 2108 5513 Quatenus

536 5548 712 5612 autem
745 5556 848 5594 non
873 5557 964 5609 per
995 5540 1482 5610 protractionemin
1510 5557 1620 5595 esse
1643 5543 1862 5610 prodiit,
1893 5542 1991 5595 hac
2027 5544 2110 5596 ni-

537 5629 726 5684 mirum
751 5632 952 5686 ratione
986 5631 1234 5700 temporis
1278 5645 1461 5699 expers
1494 5632 1601 5685 dici
1621 5634 1836 5701 possit:
1865 5633 2104 5702 quando-

2231 4439 2334 4483 tem
2356 4446 2558 4500 quoque
2586 4433 2869 4500 collocant,
2916 4439 3155 4490 nonnulli
3180 4439 3344 4492 etiam
3370 4441 3632 4497 animam.
3659 4439 3794 4495 Nam

2226 4530 2276 4575 et
2301 4531 2559 4592 quantum
2602 4525 2671 4577 ad
2719 4526 3021 4592 essentiam,
3072 4537 3123 4582 et
3170 4539 3426 4598 quantum
3478 4532 3548 4585 ad
3601 4541 3795 4596 actum,

2225 4626 2448 4685 utraque
2485 4625 2684 4670 teterna
2709 4628 2810 4672 est.
2836 4617 3019 4689 Neque
3045 4621 3185 4674 enim
3206 4624 3444 4678 essentiae
3469 4640 3657 4678 earum
3675 4640 3796 4693 pars

2223 4711 2328 4763 alia
2350 4710 2624 4778 progenita
2655 4720 2753 4775 est,
2785 4711 2897 4764 alia
2927 4713 3282 4782 progignitur,
3305 4715 3416 4769 alia
3439 4717 3796 4786 progignetur,

2225 4816 2389 4870 neque
2420 4801 2474 4854 in
2507 4817 2691 4855 earum
2721 4813 2842 4856 actu
2873 4804 3161 4874 quidquam
3187 4806 3387 4875 de/icit,
3441 4823 3622 4861 verum
3652 4819 3796 4862 utra-

2221 4910 2320 4964 que
2335 4896 2524 4951 harum
2542 4907 2591 4952 et
2619 4901 2846 4954 essentia
2875 4911 2923 4954 et
2940 4909 3064 4954 actu
3086 4901 3340 4970 perfecta.
3367 4902 3794 4973 Progressionent

2221 4988 2399 5056 itaque
2443 5004 2538 5058 per
2581 4991 2985 5044 similitudinem
3035 5001 3085 5045 et
3133 4993 3627 5047 dissimilitudinem
3683 4994 3796 5062 fieri

2220 5093 2426 5132 necesse
2453 5088 2550 5134 est.
2581 5081 2720 5145 Quid
2743 5082 2942 5150 igitur?
2965 5081 3116 5135 Abeo
3133 5083 3272 5152 quod
3292 5092 3580 5136 secundum
3601 5094 3797 5137 utram-

2218 5187 2318 5240 que
2348 5174 2610 5226 rationem
2642 5187 2896 5228 (sternunt
2931 5183 3030 5236 est,
3054 5175 3150 5228 hoc
3179 5184 3278 5239 est,
3312 5178 3602 5228 secundum
3619 5191 3793 5230 essen-

2219 5265 2352 5318 tiam
2378 5276 2425 5319 et
2462 5274 2662 5331 actum,
2708 5266 2777 5318 ad
2806 5267 2862 5318 id
2906 5267 3045 5337 quod
3073 5277 3261 5321 neutra
3303 5270 3510 5321 ratione
3538 5279 3792 5323 aeternum

2215 5366 2315 5421 est,
2341 5358 2707 5426 proficiscetur
2739 5360 2936 5425 oratio,
2958 5359 3028 5413 ad
3057 5359 3113 5412 id
3146 5360 3408 5425 videlicet,
3454 5363 3594 5431 quod
3641 5376 3787 5414 erea-

2217 5458 2330 5503 tum
2381 5459 2481 5517 est,
2521 5461 2570 5505 et
2603 5451 2810 5519 fluxum
2861 5462 2908 5505 et
2955 5452 3234 5520 caducum,
3274 5455 3569 5523 cujusmodi
3616 5465 3788 5507 nostra

2216 5541 2489 5594 individua
2511 5554 2654 5596 sunt.
2687 5540 2799 5596 Nos
2826 5542 2959 5596 enim
2992 5560 3083 5598 nec
3105 5553 3357 5599 azternam
3393 5548 3670 5598 essentiam
3699 5545 3788 5595 ha-

2216 5636 2418 5700 bemus,
2447 5650 2536 5690 nec
2563 5647 2736 5690 actum
2755 5638 3116 5706 particulatim
3150 5657 3422 5707 augemus.
3467 5639 3653 5697 Venmt
3681 5638 3786 5688 σιω
