4048 6278
293 342 426 408 1321

1247 333 1568 394 NiCE'l‘AS
1615 334 1696 394 IN
1737 333 1962 394 ORAT.
2006 330 2172 392 XLII
2215 330 2278 389 S.
2318 329 2552 391 GREG.

3429 324 3564 390 1322

282 461 492 530 quit'cm
528 469 662 507 nunc
692 453 916 506 facimus
985 451 1093 504 alia
1130 452 1454 520 jampridem
1495 451 1781 520 effecimus;
1813 469 1874 504 ac
1904 456 1951 512 Α
1980 466 2106 506 cum
2165 448 2333 504 Deum
2370 447 2516 512 dico,
2548 444 2789 512 Patrem,
2847 453 2899 500 et
2931 444 3152 511 Filium,
3205 455 3258 500 et
3293 446 3560 515 Spiritum

280 560 543 620 postremo
579 545 647 598 ad
682 545 786 598 alia
819 560 1001 597 rursus
1047 543 1293 612 facienda
1327 560 1715 611 praeparantur.
1776 542 1874 598 Ve-

281 660 398 697 rum
425 643 476 695 id
514 639 641 692 ordo
666 654 768 690 non
806 646 906 703 est,
944 654 1034 690 nec
1085 639 1376 708 progressio
1418 653 1510 705 per
1556 636 1874 689 similitudi-

286 749 401 787 nem
426 730 729 783 decurrens.
760 727 988 781 Proinde
1011 729 1146 780 inter
1184 745 1242 781 ea
1289 713 1406 796 qua:
1435 727 1646 780 omnino
1676 739 1874 782 (eterna

283 835 429 887 sunt,
470 834 516 876 et
547 840 608 876 ea
632 838 748 892 qute
777 823 1105 889 corruptioni
1131 839 1348 890 prorsus
1386 823 1873 886 obnoxia,naturas

283 915 546 988 quasdam
605 915 909 982 interjectas
948 929 1060 966 esse
1091 929 1295 967 necesse
1327 921 1426 976 est,
1464 929 1578 981 qua:
1621 923 1874 965 naturam

291 1010 500 1080 quidem
529 1017 784 1060 wternam
819 1005 1067 1071 habeant,
1093 1016 1339 1060 ca'terum
1363 1007 1647 1060 secundum
1675 1015 1876 1074 tempus

288 1109 470 1171 agant.
504 1099 674 1168 Atque
705 1098 774 1150 ad
812 1097 944 1150 hunc
966 1097 1179 1150 modum
1223 1107 1465 1165 provecta
1494 1097 1873 1166 disputatione,

291 1193 344 1244 in
374 1190 540 1244 medio
568 1187 752 1242 ordine
773 1186 982 1253 caelum,
1015 1197 1280 1257 totumque
1309 1187 1591 1241 atthereum
1627 1198 1875 1241 ornatum

287 1283 485 1341 locant.
521 1295 676 1349 quem
699 1279 896 1333 scilicet
932 1289 1186 1349 quantum
1212 1279 1280 1332 ad
1307 1281 1590 1333 essentiam
1623 1289 1876 1334 aeternum

288 1389 399 1428 esse
425 1382 693 1448 asserunt,
727 1370 866 1440 quod
900 1373 1204 1424 universum
1233 1370 1532 1437 complexus
1557 1371 1876 1425 immortalis

287 1475 550 1519 maneat:
599 1476 848 1518 cwterum
894 1465 1240 1518 azternitatem
1288 1475 1544 1534 quantunt
1593 1464 1660 1516 ad
1701 1472 1877 1515 actum

287 1556 697 1626 haudquaquam
733 1554 816 1608 illi
856 1555 1120 1609 tribuunt.
1149 1554 1332 1612 Neque
1353 1557 1490 1609 enim
1529 1563 1694 1608 totum
1724 1569 1879 1606 suum

289 1658 488 1701 motum
541 1663 714 1700 secum
762 1645 925 1699 simul
959 1647 1191 1715 collegit,
1231 1647 1319 1698 sed
1355 1663 1446 1715 per
1489 1661 1638 1699 omne
1675 1657 1877 1710 tempus

287 1737 449 1790 simul
485 1736 790 1789 movebitur.
819 1734 987 1803 Atque
1014 1735 1091 1788 ita
1115 1735 1178 1788 de
1210 1744 1406 1788 a'terno
1427 1733 1719 1801 philosophi
1758 1749 1875 1802 pro-

1985 550 2234 598 sanctum
2275 541 2422 596 dico.
2462 538 2730 594 Divinitas
2759 539 2904 592 enim
2939 538 2994 592 in
3035 538 3122 594 bis
3153 538 3328 594 tribus
3379 554 3568 607 perso-

1982 635 2068 689 nis
2116 642 2217 699 est,
2268 648 2370 688 nec
2405 631 2489 687 vel
2539 646 2703 702 supra
2737 631 2850 686 haec
2890 631 3219 697 extenditur,
3259 648 3324 687 ne
3369 634 3568 687 multos

1980 727 2114 783 deos
2141 726 2488 780 ethnicorum
2523 738 2676 778 more
2705 723 3144 789 introducamus,
3166 739 3265 780 nec
3289 724 3432 779 infra
3456 737 3566 780 tres

1983 833 2252 889 personas
2285 817 2655 881 contrahitur,
2690 832 2758 870 ne
2797 816 3101 871 divinitatis
3133 816 3317 886 inopia
3370 817 3564 885 degra-

1980 925 2200 974 vemur,
2234 925 2396 963 unam
2432 919 2640 964 tantum
2671 908 2727 962 in
2760 908 2873 964 Deo
2927 923 3217 978 personam
3261 925 3533 979 agnoscen

1985 1012 2086 1065 tes,
2120 1001 2582 1072 quemadmodum
2618 1000 2810 1054 Judaei.
2841 1000 3166 1070 Quanquam
3205 1001 3354 1056 enim
3387 1003 3566 1071 genti-

1982 1095 2143 1150 lisino
2176 1110 2272 1150 seu
2311 1094 2629 1163 paganismo
2665 1093 2974 1163 judaismus
3004 1093 3316 1162 Opponitur,
3365 1105 3420 1148 at
3451 1110 3568 1148 ma-

1981 1190 2094 1243 lum
2133 1199 2311 1244 tamen
2345 1189 2398 1242 in
2426 1196 2661 1258 utroque
2704 1188 2997 1256 reperitur.
3036 1186 3394 1242 Gentilismus
3419 1189 3563 1241 enim

1986 1290 2208 1348 propter
2242 1280 2471 1335 deorum
2506 1278 2909 1333 multitudinem
2944 1277 3190 1334 excessui
3231 1278 3426 1335 similis
3445 1295 3566 1335 esse

1983 1371 2243 1437 videtur;
2301 1372 2611 1441 judaismus
2662 1378 2846 1426 autem
2904 1372 3166 1438 deiectui,
3224 1382 3408 1443 utpote
3459 1389 3566 1426 una

1984 1476 2217 1530 persona
2235 1463 2575 1518 divinitatem
2598 1464 3086 1521 circumscribens.
3105 1463 3377 1520 Excessus
3405 1482 3568 1535 porro

1987 1563 2041 1607 et
2073 1554 2340 1619 delectus,
2380 1557 2598 1609 tametsi
2632 1558 2775 1608 inter
2805 1570 2864 1610 se
2893 1556 3152 1610 contrarii
3181 1556 3312 1621 sint,
3341 1565 3569 1626 uterque

1987 1653 2164 1698 tamen
2209 1647 2261 1699 in
2295 1647 2424 1700 vitio
2455 1655 2557 1702 cst.
2590 1647 2662 1701 At
2697 1649 2868 1702 virtus
2901 1658 2984 1702 est
3023 1647 3394 1713 mediocritas,
3424 1650 3476 1702 in
3502 1664 3568 1702 eo

1988 1736 2186 1803 posita,
2223 1745 2283 1789 ut
2313 1744 2556 1789 sant-tam
2589 1735 2908 1790 Trinitatem
2980 1737 3272 1792 credamus
3333 1753 3397 1792 ac
3442 1753 3568 1793 con-

290 1825 403 1895 fani
455 1827 836 1879 disseruerunt.
883 1825 951 1878 At
985 1839 1206 1894 magnus
1253 1821 1537 1892 Gregorius
1585 1822 1695 1876 hazc
1745 1822 1878 1884 tela;
1914 1813 1957 1872 Β
1989 1826 2258 1891 tueamur,
2298 1838 2478 1894 atque,
2521 1837 2634 1881 tum
2665 1828 2946 1882 Judaicam
2982 1829 3148 1882 unius
3185 1844 3432 1898 persona:
3480 1845 3569 1884 as-

286 1917 534 1986 fabulosa
582 1918 744 1970 missa
785 1915 1009 1984 faciens,
1041 1926 1386 1984 posteaquam
1427 1914 1588 1967 semel
1620 1929 1685 1967 ea:
1720 1929 1877 1967 sacra

287 2008 568 2076 Scriptura
607 2008 796 2062 didicit
828 2007 968 2077 fore,
1001 2016 1132 2060 utet
1162 2007 1330 2060 stellio
1369 2007 1583 2071 cadant,
1616 2015 1665 2059 et
1696 2005 1879 2058 uelum

286 2101 438 2168 quasi
473 2101 777 2168 vertiginem
825 2100 1089 2169 patiatur,
1150 2098 1203 2152 in
1257 2099 1495 2152 oratione
1536 2098 1767 2167 quadam
1797 2096 1878 2150 his

291 2191 458 2244 verbis
524 2193 752 2244 utitur:
791 2191 1094 2245 Anarchum
1161 2190 1217 2243 id
1271 2203 1369 2253 est,
1419 2189 1556 2254 quod
1607 2187 1876 2256 antiquius

287 2283 606 2351 principium
627 2299 952 2352 nequaquam
984 2282 1232 2336 sortitum
1261 2296 1371 2347 est;
1403 2291 1654 2336 aeternum
1679 2290 1878 2345 autem,

289 2373 430 2444 quod
466 2392 499 2427 a
535 2391 697 2429 causa
729 2391 1060 2446 progressum
1089 2376 1196 2445 [ine
1223 2375 1636 2445 haudquaquam
1667 2377 1877 2427 conclu-

290 2465 459 2521 ditur.
494 2465 632 2520 llinc
671 2476 875 2521 constat
905 2469 958 2519 id
997 2467 1135 2537 quod
1161 2466 1456 2521 anarchum
1492 2476 1590 2532 est,
1624 2478 1877 2522 aeternum

290 2558 452 2610 etiam
493 2573 648 2622 esse;
684 2561 823 2627 quod
861 2560 1000 2613 enim
1025 2576 1056 2613 a
1089 2574 1254 2613 causa
1308 2559 1600 2628 profectum
1630 2575 1733 2612 non
1777 2568 1876 2620 est,

293 2663 393 2720 quo
413 2650 622 2704 tandem
643 2651 795 2703 modo
830 2649 1018 2714 emori,
1055 2659 1146 2704 aut
1171 2652 1384 2703 omnino
1407 2651 1622 2704 interire
1646 2649 1880 2718 poterit?

297 2735 443 2790 Nam
479 2739 617 2808 quod
655 2739 856 2805 interit,
889 2740 985 2793 hoc
1012 2742 1256 2795 interitus
1284 2756 1503 2794 causam
1546 2739 1720 2807 habet,
1741 2742 1878 2811 quod

293 2849 327 2886 a
356 2833 533 2886 causis
571 2833 842 2899 abscedat,
884 2833 1334 2904 quemadmodum
1393 2831 1532 2903 quod
1585 2833 1650 2887 ab
1710 2833 1876 2887 altero

294 2930 552 2990 movetur,
578 2925 770 2978 moreri
799 2933 990 2978 cessat.
1018 2923 1281 2989 Quonam,
1314 2924 1549 2993 inquam,
1576 2927 1728 2977 modo
1741 2925 1878 2993 quod

295 3029 460 3068 causa
490 3027 658 3080 caret,
703 3016 918 3070 interire
948 3017 1140 3082 poterit
1167 3016 1192 3068 ?
1228 3013 1340 3069 Nec
1368 3015 1509 3069 enim
1535 3015 1760 3082 seipsum
1783 3017 1877 3068 de—

297 3117 456 3174 seret,
505 3109 659 3162 utsic
693 3125 726 3162 a
756 3109 927 3178 seipso
978 3109 1276 3174 abscedens,
1315 3108 1534 3162 exitium
1578 3108 1678 3161 sibi
1723 3117 1879 3178 atque

296 3202 572 3256 interitum
619 3212 876 3258 accersat.
931 3201 1192 3267 Quocirca
1228 3202 1366 3272 quod
1399 3203 1662 3271 principio
1710 3211 1879 3266 caret,
1908 3184 1953 3244 ο

296 3293 479 3362 procul
507 3294 665 3346 dubio
687 3302 940 3348 aeternum
969 3309 1172 3362 quoque
1198 3301 1297 3346 est.
1329 3293 1394 3347 At
1428 3310 1531 3347 non
1559 3309 1585 3346 e
1613 3308 1880 3359 converso,

297 3385 435 3454 quod
479 3395 733 3440 aeternum
793 3395 894 3447 est,
949 3385 1085 3440 idem
1146 3401 1347 3457 quoque
1401 3385 1663 3454 principio
1711 3396 1880 3441 vacat.

299 3477 492 3530 Anima
517 3479 656 3530 enim
686 3487 734 3530 et
767 3493 909 3531 mens
945 3488 1156 3532 (eterna:
1189 3486 1346 3540 sunt,
1378 3479 1504 3548 quia
1531 3477 1882 3543 immortales,

301 3586 393 3624 nec
408 3580 580 3625 tamen
605 3573 859 3641 principii
876 3581 1133 3641 expertes.
1157 3570 1352 3625 Omnia
1374 3573 1636 3642 siquidem
1657 3589 1688 3625 a
1712 3573 1885 3637 prima

300 3674 462 3713 causa
489 3668 609 3713 orta
652 3670 798 3714 sunt.
839 3660 964 3712 Jam
1014 3675 1132 3712 t'ero
1189 3670 1442 3713 teternum
1498 3671 1546 3714 et
1587 3659 1886 3713 immortale

300 3755 400 3801 hac
433 3750 631 3802 ratione
650 3749 927 3816 differunt,
977 3747 1117 3816 quod
1139 3748 1327 3800 interni
1360 3764 1546 3801 nomen
1583 3749 1884 3818 generalius

299 3839 392 3904 sit,
424 3840 741 3894 immortalis
778 3848 954 3892 autem
1002 3838 1307 3906 specialius.
1354 3836 1496 3889 Nam
1523 3837 1684 3905 juxta
1713 3840 1883 3906 genti-

299 3935 433 3989 lium
501 3931 931 4002 philosophorum
991 3930 1329 3990 sententiam,
1385 3929 1449 3982 de
1491 3929 1886 3998 quibuscunque

301 4025 603 4081 immortale
633 4023 978 4092 pra-dicatur,
1026 4022 1090 4074 de
1140 4019 1326 4074 iisdent
1356 4036 1560 4089 quoque
1583 4030 1833 4074 retentum
1869 4035 1885 4070 :

303 4129 359 4173 at
387 4134 492 4172 non
528 4131 712 4169 contra
737 4114 979 4167 omnibus
1004 4113 1212 4166 a’ternis
1234 4114 1535 4165 immortale
1563 4127 1764 4181 quoque
1787 4111 1884 4164 ad-

299 4186 566 4285 iungitur.
604 4206 945 4262 Immortalia
979 4206 1138 4271 enim,
1189 4205 1456 4273 inquiunt,
1504 4217 1566 4257 ea
1616 4202 1884 4266 dicuntur,

304 4319 420 4374 qua:
447 4305 607 4356 vitam
633 4301 845 4362 habent,
881 4297 1181 4367 cujusmodi
1216 4305 1438 4350 mentem
1471 4305 1626 4365 atque
1651 4294 1886 4346 animam

307 4411 417 4451 esse
445 4395 704 4459 diximus,
737 4410 798 4444 ac
839 4401 1062 4445 naturas
1097 4398 1213 4458 post
1268 4387 1434 4442 Deum
1488 4388 1781 4457 proximus.
1819 4386 1887 4438 At

307 4503 425 4540 cum
446 4488 633 4540 caelum
665 4485 766 4553 [ine
797 4499 978 4536 carere
1013 4482 1216 4544 dicunt,
1257 4496 1356 4532 non
1390 4479 1748 4533 immortalem
1802 4477 1886 4529 illi

305 4590 554 4633 naturam
583 4579 842 4640 tribuunt,
877 4574 966 4629 sed
996 4585 1270 4628 a'ternam.
1306 4573 1444 4625 Mors
1477 4574 1617 4625 enim
1657 4573 1776 4625 vilic
1812 4579 1886 4624 est

305 4669 555 4738 privatio.
605 4666 736 4732 Quae
765 4675 939 4718 autent
971 4665 1078 4717 vita
1103 4677 1433 4731 nequaquam
1479 4663 1705 4728 prwdita
1741 4670 1884 4724 sunt,

307 4763 566 4833 quomodo
591 4761 876 4812 morientur
904 4757 930 4810 7
981 4755 1171 4810 Verum
1194 4753 1358 4820 juxta
1391 4765 1651 4807 nostrates
1689 4755 1886 4806 theolo-

309 4872 400 4924 gos
445 4869 604 4906 unum
651 4851 888 4919 idemque
920 4857 994 4902 est
1025 4856 1279 4901 (sternunt
1309 4854 1357 4898 et
1383 4845 1702 4898 immortale.

377 4945 495 5000 Col.
529 4943 632 4997 6‘27
662 4943 723 4996 Ο.
756 4944 921 5010 Atque
946 4939 1055 4993 hazc
1078 4936 1227 4992 nobis
1263 4937 1315 4989 in
1346 4937 1628 5004 prtesentia
1658 4937 1721 4988 de
1751 4933 1882 4998 Deo,

305 5045 414 5090 etr.
455 5034 574 5097 llie,
603 5033 801 5100 inquit,
829 5033 1005 5084 oratio
1039 5029 1107 5083 dc
1134 5026 1243 5082 Deo
1271 5027 1430 5080 tinem
1462 5025 1675 5079 habeat.
1701 5023 1886 5093 Neque

304 5128 452 5180 cuitu
481 5127 547 5178 dc
573 5125 682 5178 Deo
713 5133 950 5176 tractare
990 5120 1375 5190 proposuimus
1418 5135 1431 5172 :
1468 5118 1563 5172 sed
1605 5119 1672 5172 de
1707 5118 1886 5170 incar~

307 5219 545 5272 nationis
565 5216 797 5270 consilio
823 5224 877 5267 et
898 5215 1200 5268 meonomia
1226 5212 1520 5268 disserere.
1550 5210 1885 5264 Oliconomia

306 5319 516 5373 autem;
583 5325 707 5362 cum
771 5309 837 5361 de
878 5306 1188 5359 hominibus
1244 5306 1442 5374 agitur,
1502 5313 1584 5359 est
1635 5302 1888 5357 tractatio

309 5414 472 5472 atque
519 5401 920 5455 administratio
968 5414 1170 5462 rerum,
1221 5397 1474 5453 utilitatis
1525 5412 1749 5466 scopum
1784 5393 1886 5450 sibi

306 5509 621 5565 proponens
653 5513 666 5547 :
707 5507 830 5545 cum
862 5503 1043 5546 autem
1073 5489 1140 5542 de
1166 5489 1276 5542 Deo
1301 5503 1482 5543 sermo
1526 5487 1778 5551 habetur,
1803 5494 1887 5540 est

304 5587 613 5642 voluntaria
664 5586 1055 5655 magnitudinis
1105 5582 1335 5652 propria:
1386 5581 1669 5636 demissio.
1719 5579 1888 5636 Porro

381 5748 424 5779 ³⁸
455 5747 556 5802 Isa.
590 5763 664 5810 vr,
699 5747 754 5801 2.

670 5841 947 5904 PA'rttOL.
991 5841 1110 5902 Gtt.
1154 5837 1472 5901 CXXVII.

1986 1919 2282 1974 sertionem
2318 1919 2590 1988 fugiamus
2623 1921 2694 1991 (id
2727 1921 2871 1974 enim
2902 1920 3148 1976 defectus
3187 1931 3292 1988 est,
3327 1931 3378 1976 et
3429 1922 3566 1976 divi-

1984 2013 2171 2066 uitatis
2197 2014 2424 2082 impia),
2458 2022 2571 2065 tum
2604 2013 2854 2084 gentilem
2887 2014 3114 2068 deorum
3141 2014 3564 2081 multitudinem,

1985 2119 2108 2174 qutt-
2144 2105 2365 2172 quidem
2407 2119 2665 2160 excessus
2701 2113 2864 2174 atque
2897 2105 3267 2160 exuberantiae
3300 2106 3563 2161 rationem

1987 2198 2168 2252 habet.
2202 2196 2298 2252 llis
2336 2206 2518 2252 autem
2549 2198 2731 2253 verbis
2756 2207 2811 2253 et
2840 2199 2958 2252 Arii
3012 2199 3360 2266 divisionem,
3391 2210 3443 2255 et
3469 2199 3566 2254 Sa-

1988 2289 2639 2344 beliiicontradictionem
2661 2289 2876 2345 evertit.
2903 2285 3112 2344 Etenim
3165 2288 3280 2344 Arii
3319 2289 3564 2344 doctrina

1986 2394 2094 2432 non
2147 2378 2434 2434 dissimilis
2464 2387 2549 2434 est
2582 2379 2914 2448 gentilismo,
2959 2389 3243 2449 propterea
3275 2383 3418 2449 quod
3451 2394 3567 2433 ma-

1980 2471 2157 2540 jorem
2209 2470 2449 2536 Patrem,
2476 2478 2530 2526 et
2567 2470 2832 2524 minorem
2870 2468 3088 2535 Filium,
3123 2480 3286 2540 atque
3308 2485 3372 2524 eo
3403 2471 3564 2524 etiam

1986 2581 2184 2621 rursus
2233 2565 2546 2620 inferiorem
2587 2563 2849 2633 Spiritum
2901 2573 3151 2617 sanctum
3204 2570 3434 2618 a'struat.
3467 2564 3568 2617 Sa-

1982 2654 2128 2709 bellii
2162 2662 2341 2708 autem
2392 2653 2581 2722 opinio
2623 2651 2883 2722 judaismi
2942 2653 3358 2706 similitudinem
3407 2653 3567 2723 gerit,

1981 2743 2242 2815 quoniam
2261 2759 2421 2798 unam
2446 2750 2660 2798 tantum
2688 2744 2740 2797 in
2760 2743 2871 2798 Deo
2885 2756 3172 2812 personam
3201 2760 3322 2798 esse
3339 2745 3555 2808 asserit,

1983 2850 2047 2891 ac
2071 2845 2182 2890 tres
2211 2849 2478 2904 personas
2511 2832 2821 2889 contundit.

2052 2927 2172 2982 Col.
2209 2926 2314 2983 630
2345 2928 2408 2979 A.
2449 2923 2540 2979 Sic
2565 2925 2813 2978 nimirum
2846 2923 3048 2978 Sancta
3096 2931 3426 2987 sanctorum,
3463 2933 3568 2978 etc.

1981 3021 2094 3083 Sic,
2130 3016 2327 3087 inquit,
2364 3014 2644 3086 proﬂigata
2671 3013 2893 3084 jttdaica
2933 3014 3094 3068 unius
3121 3029 3365 3082 persona:
3387 3029 3567 3068 asser-

1989 3110 2159 3175 tione,
2207 3116 2372 3177 atquc
2397 3104 2614 3160 ctbnica
2639 3105 2867 3158 deorum
2899 3101 3264 3170 multitudine,
3297 3119 3567 3160 veneran-

1985 3204 2067 3256 dae
2097 3200 2346 3256 essentia“:
2375 3212 2622 3268 persona:
2651 3197 3096 3259 introducuntur,
3128 3211 3246 3266 qua:
3269 3213 3364 3266 per
3391 3199 3568 3252 excelv

1986 3293 2206 3348 lentiam
2231 3300 2329 3346 aut
2357 3287 2790 3359 complexionem
2827 3289 3024 3342 Sancta
3043 3297 3356 3344 sanctorum
3390 3293 3572 3361 appel-

1989 3387 2190 3452 lantur,
2223 3384 2308 3439 vel
2340 3383 2521 3454 potius
2543 3381 2671 3451 quia
2703 3381 2990 3435 oculorum
3019 3393 3298 3450 aspectum
3333 3382 3569 3453 fugiunt.

1987 3474 2460 3542 Quemadmodum
2513 3469 2659 3526 enim
2695 3469 2748 3523 in
2787 3470 2957 3524 veteri
3009 3471 3382 3536 tabernaculo,
3426 3473 3573 3540 quod

1988 3566 2181 3622 ﬁxerat
2211 3566 2408 3630 Moses,
2438 3565 2665 3618 interior
2695 3577 2819 3632 pars
2842 3562 3005 3627 illius,
3036 3577 3199 3632 quam
3227 3561 3421 3619 Sancta
3439 3580 3572 3620 san-

1989 3669 2201 3714 ctorutn
2230 3657 2526 3719 vocabant,
2549 3654 2665 3709 velo
2693 3655 2971 3724 tegebatur
3001 3663 3164 3725 atque
3186 3656 3529 3724 operiebatur
3555 3676 3566 3711 :

1989 3751 2069 3804 sic
2101 3751 2264 3805 etiam
2301 3757 2411 3803 tres
2437 3749 2600 3802 unius
2629 3745 2932 3802 divinitatis
2966 3761 3210 3812 persona:
3244 3748 3454 3817 fulgore
3479 3747 3569 3801 illo

1990 3842 2297 3914 splendet-is
2320 3857 2384 3896 ex
2405 3842 2536 3912 ipsis
2557 3842 2869 3907 exsiliente,
2894 3843 3048 3911 quasi
3081 3842 3316 3896 obducto
3330 3841 3566 3911 quodam

1989 3936 2107 3989 velo
2158 3936 2503 4003 operiuntur,
2558 3948 2623 3988 ac
2654 3948 2723 3988 ne
2766 3934 2836 3988 ab
2866 3933 2998 4003 ipsis
3032 3932 3248 4001 quidem
3284 3931 3566 4001 Serapbitn

1989 4043 2150 4085 serias
2185 4030 2311 4082 alas.
2342 4026 2666 4081 habentibus
2701 4027 2937 4096 spectari
2965 4032 3191 4095 queunt.
3241 4025 3461 4090 Verum,
3510 4035 3570 4078 ut

1988 4119 2385 4192 grandiloquus
2417 4117 2586 4172 Isaias
2609 4116 2764 4183 ait“,
2798 4117 3010 4173 duabus
3038 4118 3257 4188 quidem
3287 4117 3388 4172 alis
3404 4116 3568 4171 facies

1987 4228 2171 4268 earum
2201 4212 2488 4281 obtegunt,
2529 4209 2741 4264 duabus
2777 4219 2956 4264 autem
2994 4210 3175 4279 pedes,
3215 4209 3439 4278 reliquis
3473 4209 3569 4262 de-

1989 4307 2156 4376 nique
2185 4305 2399 4358 duabus
2431 4303 2618 4356 volant
2649 4316 2712 4355 ac
2741 4302 3008 4364 clamant,
3036 4301 3290 4367 Sanctus,
3329 4314 3565 4366 sanctus,

1987 4405 2205 4450 sanctus
2247 4393 2525 4456 Dominus,
2579 4390 2777 4458 triplici
2828 4389 3263 4443 sanctiﬁcatione
3317 4390 3368 4442 in
3405 4405 3569 4443 unam

1924 4524 1965 4578 υ
1994 4487 2420 4542 dominationem
2467 4494 2696 4537 coeunte
2729 4490 2974 4536 sanetam
3005 4478 3325 4534 Trinitatem
3359 4481 3567 4535 collauc

1995 4584 2208 4636 dantes.
2265 4579 2438 4632 Exeo
2472 4577 2671 4632 elenim
2725 4574 2869 4646 quod
2930 4574 3087 4646 tertio
3150 4587 3334 4626 vocem
3399 4574 3568 4638 illam,

1994 4671 2241 4735 Sanctus,
2289 4678 2563 4740 repetunt,
2615 4679 2725 4723 tres
2767 4681 3032 4737 personas
3079 4665 3344 4722 indicant.
3402 4665 3478 4718 Ex
3506 4681 3572 4719 eo

1991 4776 2170 4818 autem
2195 4763 2339 4833 quod
2373 4763 2541 4817 semel
2572 4761 2842 4816 duntaxat
2871 4759 3084 4813 Domini
3117 4773 3303 4814 vocem
3340 4759 3571 4828 subjun-

1991 4860 2145 4920 guut,
2196 4865 2360 4904 unam
2386 4850 2725 4931 divinitatem
2756 4848 3038 4904 declarant
3061 4865 3080 4905 :
3104 4849 3568 4919 quemadmodum

1988 4951 2041 4995 et
2082 4957 2311 5012 magnus
2333 4942 2666 4996 Athanasius
2688 4941 2900 4996 docuit.

2061 5033 2193 5086 ibid.
2247 5033 2511 5098 Quoniam
2541 5044 2716 5087 autem
2749 5032 2974 5087 bonitati
3002 5033 3216 5086 minime
3244 5033 3401 5094 satis,
3451 5043 3558 5086 etc.

1986 5125 2120 5179 Cum
2147 5127 2222 5180 ait
2252 5126 2560 5196 'l‘beologus
2605 5144 2618 5180 :
2657 5125 2774 5180 Non
2803 5127 2938 5181 satis
2977 5137 3114 5193 erat,
3151 5130 3242 5183 sed
3268 5129 3568 5196 oportebat,

1993 5235 2098 5271 non
2129 5233 2194 5272 eo
2228 5233 2390 5272 sensu
2427 5218 2527 5270 hoc
2557 5217 2718 5278 dixit,
2755 5218 2896 5284 quod
2922 5218 3028 5272 ulla
3055 5233 3112 5272 re
3140 5219 3285 5273 Dens
3309 5219 3569 5287 indigeat,

1997 5323 2182 5362 verum
2211 5318 2270 5360 ut
2294 5308 2683 5362 exuberantem
2723 5310 2814 5363 Dei
2842 5311 3230 5380 benignitatem
3279 5311 3348 5362 ob
3381 5310 3570 5362 mulos

1993 5408 2176 5467 portat,
2207 5413 2270 5453 ac
2289 5400 2698 5454 beneﬁcentiam
2730 5403 2884 5470 quasi
2907 5404 3268 5457 necessariam
3292 5403 3566 5462 ostendat,

1993 5489 2194 5542 Moveri
2234 5501 2415 5542 autem
2451 5489 2620 5544 Deum
2661 5493 2797 5546 dixit
2827 5508 2932 5544 non
2961 5491 3302 5562 simpliciter,
3343 5489 3434 5543 scd
3471 5507 3566 5542 sua

1993 5581 2165 5650 ipsius
2193 5583 2673 5652 contemplatione.
2710 5583 2813 5638 Sex
2847 5583 2988 5637 enim
3027 5585 3200 5646 modis
3223 5583 3424 5659 ali_:pri-.t
3457 5600 3565 5634 ino-

3177 5835 3253 5895 42
