4048 6278
521 350 660 416 1323

1937 343 2321 405 ADDENDA.

3642 343 3786 409 132$

465 518 481 538 ί
522 473 812 530 vetur,per
827 455 1696 530 generationem,corruptionem,
1718 466 2090 523 augmentum,
2124 460 2169 516 Α
2197 471 2318 510 rum
2352 466 2405 511 ut
2432 472 2527 513 eos
2583 458 2761 528 potius
2798 473 2939 529 tegre
2982 459 3207 513 mobiles
3242 458 3438 533 dicam,
3473 456 3604 512 mibi
3663 475 3790 527 per-

518 557 948 613 dccrementum,
970 548 1344 601 attentionem
1382 553 1434 598 et
1463 542 1690 614 localem
1719 543 2098 598 mulationem.

524 645 683 714 Atqui
728 645 867 697 Deus
898 654 997 694 nec
1037 638 1305 701 nascitur,
1333 651 1457 690 cum
1481 635 1850 704 sempiternus
1879 635 1970 696 sit,
2002 648 2101 688 nec

522 738 744 800 occidit,
805 741 990 804 utpote
1045 739 1318 795 aeternus;
1376 741 1477 782 nec
1532 736 1782 797 augetur,
1823 726 2101 795 perfectus

521 832 665 884 enim
708 835 825 892 est;
851 838 950 878 nec
977 821 1265 886 decrescit,
1299 828 1384 875 est
1408 818 1550 873 enim
1579 817 1966 881 immutabilis;
1998 829 2100 871 nec

521 922 807 981 alteratur,
841 913 1154 984 qualitatem
1201 910 1344 966 enim
1383 920 1493 964 non
1522 908 1718 974 habet;
1777 921 1881 963 nec
1940 909 2099 962 locati

524 1011 687 1067 modo
714 1025 779 1065 ex
812 1008 920 1063 alio
944 1007 1065 1061 loco
1103 1005 1157 1058 in
1197 1003 1362 1058 alium
1409 1001 1770 1071 commigrat;
1810 1016 1919 1070 quo
1954 1001 2100 1056 enim

525 1103 931 1171 commigraret,
965 1098 1058 1169 qui
1092 1096 1276 1152 omnia
1313 1092 1541 1164 impleti
1572 1093 1772 1148 Motum
1804 1101 1982 1147 autem
2015 1092 2103 1148 hic

523 1194 832 1263 Titcologus
849 1189 1065 1245 vocavit
1102 1186 1196 1242 Dei
1223 1187 1275 1240 in
1319 1199 1441 1241 sese
1458 1185 1834 1240 collectionem
1858 1193 1915 1240 ct
1945 1184 2102 1238 intel-

522 1285 820 1356 ligentiam,
874 1289 1068 1350 praeter
1118 1291 1213 1332 eos
1252 1290 1343 1331 sex
1397 1274 1594 1329 modos
1639 1274 1840 1344 quibus
1897 1272 2100 1341 aliquid

523 1376 728 1430 moveri
776 1370 1098 1427 Aristoteles
1144 1367 1350 1422 docuit.
1403 1364 1721 1421 Merebatur
1755 1365 1900 1420 enim
1938 1364 2099 1427 licus,

522 1484 616 1523 seu
649 1462 1075 1536 pulchritudinis
1111 1460 1453 1529 splendorem
1507 1455 1865 1526 perspiciens.
1914 1454 2096 1509 Move-

520 1561 681 1612 batur
718 1563 897 1609 autem
923 1552 1140 1605 intuens
1170 1548 1358 1602 mundi
1390 1546 1772 1614 formas,quas
1800 1545 1851 1598 in
1889 1542 2103 1613 magnis

525 1651 642 1704 suis
679 1642 1097 1715 cogitationibus
1132 1655 1288 1695 mens
1315 1638 1502 1693 utendi
1557 1635 1872 1690 fabricatrix
1903 1635 2105 1690 consti-

524 1749 719 1793 tuerat.
750 1734 1106 1802 Posteaquam
1140 1738 1322 1784 autem
1351 1727 1530 1781 bonus
1558 1724 1646 1778 ille
1670 1740 1777 1778 non
1827 1724 1958 1779 satis
2003 1726 2101 1776 ba-

520 1828 895 1896 buitseipsum
929 1820 1287 1890 contemplari
1319 1835 1335 1872 :
1373 1832 1562 1872 verum
1599 1815 1667 1869 ob
1694 1815 1954 1869 bonitatis
1970 1829 2103 1869 exu-
2130 1805 2177 1865 B

522 1916 823 1971 berantiam
861 1911 1124 1982 ‘quaedam
1164 1922 1286 1965 esse
1314 1907 1507 1971 voluit,
1542 1921 1663 1975 qua:
1693 1904 1956 1960 beneﬁcio
1984 1904 2105 1959 afﬁ-

525 2015 804 2073 celentur,
859 2018 926 2060 ac
969 2002 1268 2058 bonitatem
1313 2001 1483 2068 ipsius
1532 1997 1923 2068 participarent
1973 1998 2102 2067 (hoc

523 2098 670 2152 enim
717 2095 988 2167 signiﬁcat
1027 2096 1077 2149 id
1110 2093 1256 2163 quod
1281 2093 1359 2146 ait
1393 2108 1406 2145 :
1438 2089 1671 2147 Dilimttli
1712 2105 1775 2144 ac
1814 2089 2104 2159 propagari

516 2192 725 2246 bonum
766 2187 1074 2257 oportebat,
1107 2184 1158 2240 id
1198 2191 1302 2249 est,
1339 2197 1505 2241 unum
1540 2181 1708 2237 Deum
1747 2195 1846 2251 pro
1891 2180 2104 2235 ratione

521 2298 737 2348 eorum,
781 2282 878 2352 qui
928 2280 1099 2349 ipsius
1147 2291 1378 2344 capaces
1426 2282 1631 2339 essent,
1687 2288 1786 2342 per
1835 2274 2102 2328 bonorum

519 2370 1071 2431 communicationem
1144 2365 1538 2435 multiplicari),
1576 2364 1647 2418 ob
1695 2362 1835 2423 hanc
1880 2374 2103 2415 causam

521 2465 787 2521 tuendum
820 2463 1136 2517 universum
1170 2457 1444 2527 producit,
1482 2470 1589 2511 non
1630 2453 2104 2515 obuecessitatem

523 2561 786 2628 aliquam,
843 2564 916 2609 ‘ut
955 2551 1204 2606 nonnulli
1240 2550 1602 2614 blaterarunt,
1652 2560 1840 2602 verum
1883 2555 2106 2616 propter

522 2663 793 2706 summam
836 2646 1152 2700 bonitatem.
1198 2645 1273 2696 Ac
1312 2641 1553 2710 primum
1600 2638 1823 2712 quidem
1875 2639 2101 2710 angelos

521 2753 576 2798 et
606 2739 853 2794 caelestes
899 2736 1127 2806 spiritus
1205 2734 1487 2803 cogitavit.
1541 2732 1907 2787 Conveniebat
1957 2733 2103 2786 enim

521 2830 914 2901 intelligibilem
983 2837 1229 2880 naturam
1279 2834 1404 2879 ante
1452 2824 1763 2879 sensibiicm
1808 2824 2104 2893 procreari.

521 2933 699 2995 Atque
721 2921 973 2993 cogitatio
995 2920 1084 2974 illa
1117 2934 1254 2988 opus
1280 2918 1512 2982 exstitit,
1538 2916 1998 2986 quemadmodum
2038 2917 2103 2969 ad

522 3019 695 3071 Deum
734 3014 919 3069 Juditlt
950 3013 1165 3066 diccbat
1191 3027 1206 3063 :
1233 3008 1497 3078 Cogitaui
1526 3008 1693 3072 enim,
1722 3007 1922 3078 inquit,
1952 3020 2108 3076 atque

521 3109 699 3159 eodem
729 3113 985 3157 momento
1013 3101 1105 3153 tibi
1128 3109 1320 3169 praesto
1360 3100 1571 3163 fuerunt
1606 3100 1803 3164 omnia,
1862 3114 2108 3167 quierun-

524 3213 621 3267 que
652 3196 820 3265 fecisti
849 3195 915 3250 ".
970 3196 1152 3262 Atque
1211 3193 1265 3245 in
1327 3189 1556 3244 Psalmis
1606 3191 1878 3244 habetur:
1932 3189 2095 3243 Verbo

527 3289 740 3345 Domini
766 3288 881 3341 creti
913 3286 1113 3355 ﬁrmati
1146 3291 1291 3348 sunt,
1329 3293 1374 3336 et
1402 3283 1591 3351 spiritu
1627 3285 1736 3336 oris
1765 3282 1877 3350 ejus
1926 3282 2095 3334 omnia

522 3380 689 3432 virtus
739 3391 920 3431 eorum
950 3375 1019 3429 ³⁸.
1073 3373 1177 3427 Per
1222 3369 1461 3424 Verbum
1499 3370 1718 3438 quidem
1770 3385 1861 3423 seu
1898 3369 2093 3423 Filium

526 3469 620 3523 Dei
652 3466 827 3537 angeli
861 3464 1027 3521 creati
1075 3470 1209 3517 sunt
1240 3477 1255 3516 :
1292 3468 1551 3515 caeterum
1588 3475 1616 3511 a
1661 3457 1869 3528 Spiritu
1907 3469 2097 3513 sancto

524 3563 869 3617 sanctitatem
906 3563 1249 3625 acceperunt,
1306 3568 1371 3608 ac
1406 3553 1632 3623 perfecti
1673 3560 1821 3608 sunt.
1865 3556 1943 3608 Ac
1975 3568 2098 3622 pro-

527 3653 652 3708 inde
683 3659 921 3707 asancta
957 3648 1224 3701 Trinitate
1269 3647 1397 3701 facti
1442 3654 1588 3710 sunt,
1639 3644 1800 3699 Patre
1839 3647 2095 3700 nimirum

526 3743 821 3813 cogitante,
859 3739 998 3794 Filio
1027 3736 1346 3800 fabricante,
1402 3752 1467 3791 ac
1517 3735 1723 3805 Spiritu
1767 3736 2097 3807 perliciente.

524 3835 701 3905 Atque
744 3835 809 3887 ad
843 3847 966 3888 eum
1009 3830 1230 3885 modum
1297 3828 1616 3898 splendores
1661 3830 1885 3884 secundi
1927 3831 2097 3885 creati

531 3936 679 3988 sunt,
720 3933 983 3994 quantum
1037 3921 1289 3976 videlicet
1323 3921 1393 3977 ad
1439 3919 1845 3991 prteiulgentem
1876 3922 2098 3978 clarita~

533 4028 641 4070 tem
693 4016 863 4069 beatae
914 4013 1220 4075 Trinitatis,
1250 4027 1281 4067 a
1335 4027 1443 4082 qua
1500 4026 1596 4082 per
1628 4012 2098 4082 participationem

531 4106 941 4161 collustrantur.
988 4102 1161 4157 Primi
1214 4102 1507 4171 splendoris
1551 4104 1873 4158 administri.
1919 4105 2099 4160 Prima

527 4199 672 4253 enim
709 4196 906 4266 fulgida
940 4203 1127 4251 natura
1162 4193 1306 4250 Deus
1331 4202 1429 4260 est,
1453 4195 1547 4263 qui
1586 4195 1804 4265 angelos
1834 4211 1898 4255 ex
1933 4197 2101 4250 nibilo

526 4291 800 4363 produxit,
838 4290 994 4361 juxta
1022 4289 1306 4359 imaginem
1360 4305 1515 4345 suam
1550 4302 1645 4343 eos
1677 4303 1891 4353 creans,
1923 4289 2104 4343 incor-

526 4384 1315 4454 poream,inquam,naturatn,
1341 4382 1496 4451 quasi
1514 4382 1762 4450 spiritum
1786 4381 2101 4450 quemdam,

2204 548 2397 599 suadet
2433 545 2601 601 isnias
2628 548 2817 601 (licens
2852 564 2865 600 :
2900 547 3172 612 Quomodo
3208 547 3471 601 cedistide
3495 548 3650 609 (celo,
3677 547 3791 599 Li.-

2204 636 2355 711 cifer,
2391 639 2481 708 qui
2520 653 2670 691 mane
2701 638 2956 692 oriebaris
2981 640 3073 693 δοῖ
3122 637 3256 692 Nam
3291 654 3427 693 .cum
3487 639 3575 691 illc
3602 642 3788 693 cianus

2203 731 2271 784 ab
2313 733 2555 785 omnium
2594 746 2775 785 rerum
2808 731 3099 786 Conditore
3130 741 3345 786 creatus
3370 743 3539 800 esset,
3568 745 3630 784 ac
3662 748 3789 799 pto-

2202 833 2323 893 pter
2342 823 2686 893 splendorem
2723 822 2939 878 Luril‘er
2981 823 3375 898 nominaretur,
3425 833 3783 892 posteaquam

2204 915 2467 971 adversus
2492 915 2682 993 Deum,
2711 933 2739 970 a
2770 934 2876 986 quo
2909 917 3163 972 conditus
3193 925 3331 989 erat,
3387 914 3568 968 efferri
3619 924 3786 983 atque

2204 1008 2536 1064 insolescere
2581 1012 2767 1085 rmpit,
2808 1020 2865 1063 ttt
2903 1019 2982 1065 est
3018 1011 3156 1079 apud
3194 1007 3410 1083 Isaiam,
3457 1024 3627 1077 seque
3678 1009 3784 1077 ipsi

2203 1114 2481 1171 opponere
2507 1101 2749 1180 cupiens,
2774 1102 2909 1154 dixit
2948 1117 2963 1153 :
2996 1100 3288 1153 Ascendam
3326 1102 3377 1153 in
3421 1100 3607 1151 caelum
3640 1112 3661 1148 :
3688 1116 3782 1149 su-

2201 1206 2294 1259 per
2325 1200 2469 1244 astra
2505 1192 2621 1245 curii
2657 1207 2846 1261 ponam
2907 1191 3149 1242 thronum
3181 1203 3351 1241 meum
3384 1203 3403 1239 :
3435 1188 3787 1240 conscendam

2204 1282 2386 1341 nubes,
2416 1293 2463 1336 et
2509 1299 2594 1335 cro
2628 1284 2820 1337 similis
2854 1282 3129 1336 Αιιίδδὶηεο
3151 1281 3216 1346 ³¹;
3254 1281 3471 1350 propria
3501 1280 3787 1333 voluntate

2204 1372 2275 1425 ob
2306 1372 2620 1441 Itttjusmodi
2660 1374 2966 1441 superbiam
3002 1373 3174 1441 caligo
3203 1371 3378 1425 factus
3406 1381 3485 1424 est
3518 1385 3582 1423 ac
3607 1366 3788 1422 nomi-

2205 1474 2384 1518 natttr.
2419 1467 2680 1530 Quamvis
2715 1466 2857 1519 enim
2884 1465 2951 1518 ob
2989 1464 3591 1532 incompreltcnsibiletn
3620 1474 3786 1516 nati;-

2204 1572 2277 1609 τω
2309 1556 2569 1610 rationem
2604 1555 2744 1610 Deus
2772 1571 2988 1625 quoque
3022 1557 3132 1623 ipse
3164 1557 3337 1624 caligo
3360 1554 3594 1622 dicatur.
3627 1553 3786 1619 juxta

2204 1647 2331 1701 illud
2369 1668 2378 1700 :
2421 1646 2606 1701 Posuit
2639 1647 2875 1701 tenebras
2905 1646 3182 1699 latibulum
3202 1662 3352 1699 suum
3371 1647 3437 1725 δ’,
3467 1661 3573 1698 non
3602 1654 3783 1696 tamen

2205 1740 2375 1809 caligo
2400 1751 2482 1795 est
2517 1756 2615 1794 nee
2654 1739 2776 1794 fuit.
2811 1741 2877 1794 At
2909 1741 3157 1793 diabolus
3191 1749 3242 1791 ct
3271 1740 3441 1805 caligo
3471 1737 3650 1791 foetus
3676 1749 3781 1811 (εει²

2207 1841 2260 1886 et
2295 1848 2358 1885 eo
2387 1833 2605 1885 nomine
2629 1845 2875 1885 vocatur.
2909 1832 2997 1887 Sic
3029 1833 3170 1884 enim
3196 1847 3318 1885 eum
3351 1840 3506 1884 vorat
3543 1829 3782 1884 Joannes

2207 1920 2516 1991 Tlteologns
2541 1940 2553 1975 :
2583 1921 2829 1976 Teneone
2859 1925 3023 1976 lucrm
3070 1939 3169 1974 non
3197 1923 3696 1989 comprehenderunt
3716 1919 3780 1994 ⁸³,

2207 2012 2257 2065 id
2291 2021 2395 2090 est.
2449 2015 2759 2067 adversaria
2817 2024 3061 2083 potestas
3105 2014 3380 2067 Christum
3432 2029 3778 2081 nequaquam

2207 2106 2504 2172 superavit.
2534 2104 2795 2170 Quocircn
2825 2105 3043 2173 angelos
3075 2104 3439 2157 immutabilcs
3462 2102 3641 2156 dicere.
3686 2118 3782 2155 ve-

2207 2211 2352 2273 reor,
2386 2212 2507 2251 cum
2532 2196 2711 2265 cogito
2754 2196 2897 2249 hunc
2926 2195 3255 2271 Luciferum,
3286 2197 3377 2264 qni
3436 2198 3610 2248 bonus
3645 2202 3783 2267 erat,

2206 2289 2414 2342 arbitrii
2442 2288 2686 2341 libertate
2706 2297 2758 2340 et
2791 2289 2938 2349 plena
2968 2289 3245 2342 voluntate
3273 2304 3336 2342 ex
3370 2288 3600 2341 naturali
3639 2288 3783 2337 bono

2209 2380 2262 2434 in
2284 2379 2359 2455 id,
2386 2379 2529 2448 quod
2585 2388 2777 2447 prazter
2814 2392 3062 2432 naturam
3097 2390 3235 2454 erat,
3272 2378 3655 2452 degenerasse,
3705 2383 3785 2428 at-

2208 2485 2313 2536 que
2342 2469 2501 2523 etiam
2524 2468 2750 2522 rebelles
2777 2468 2995 2536 angelos
3026 2467 3098 2522 illi
3129 2467 3424 2542 subjectos,
3448 2467 3539 2537 qtti
3565 2466 3781 2535 quidem

2207 2560 2322 2614 vitii
2356 2559 2639 2613 architecti
2673 2560 2953 2634 dicuntur,
2988 2574 3094 2611 non
3140 2556 3283 2625 quod
3333 2558 3382 2610 ei
3423 2557 3784 2611 substantiam

2208 2648 2452 2704 dederint
2482 2648 2678 2720 (neque
2711 2649 2854 2702 enim
2885 2648 2992 2702 ulla
3024 2659 3107 2703 est
3138 2647 3265 2700 mali
3298 2646 3655 2716 substantia),
3690 2645 3785 2700 sc-d

2209 2740 2349 2807 quod
2388 2738 2546 2807 primi
2589 2738 2786 2813 malum
2813 2753 2906 2792 seu
2938 2738 3338 2806 improbitatem
3386 2736 3782 2790 commiserint.

2208 2830 2382 2896 Atque
2405 2829 2564 2881 etiam
2590 2826 2921 2903 Tlteologus,
2957 2839 3242 2898 postquam
3268 2828 3542 2881 daemones
3577 2827 3783 2895 impro-

2212 2920 2326 2989 prie
2361 2921 2473 2972 vitii
2510 2920 2835 2973 architectos
2871 2921 3193 2983 nominavit,
3246 2935 3313 2973 ne
3341 2919 3466 2989 quis
3489 2919 3620 2971 illud
3656 2918 3786 2970 sult-

2209 3011 2407 3066 stantia
2443 3009 2724 3078 praeditum
2755 3025 2877 3065 esse
2937 3012 3290 3073 existimaret,
3346 3011 3486 3062 hanc
3514 3008 3784 3077 suspicio-

2212 3118 2334 3157 nem
2392 3101 2674 3172 tnitigavit,
2711 3116 2833 3154 cum
2887 3102 3112 3171 addidit,
3170 3116 3264 3156 eos
3295 3116 3392 3170 per
3417 3103 3598 3170 fugam
3656 3099 3782 3154 boni

2210 3192 2519 3249 conditores
2550 3193 2675 3246 mali
2712 3192 2901 3257 fuisse,
2936 3193 3021 3247 bis
3054 3192 3230 3247 verbis
3258 3192 3646 3262 propemodum
3679 3193 3785 3245 hoc

2203 3285 2414 3364 dicens,
2443 3284 2669 3360 malum,
2697 3296 2790 3339 seu
2837 3286 3052 3359 vitium,
3099 3299 3205 3339 non
3235 3298 3357 3339 esse
3397 3284 3779 3349 substantiam,

2203 3377 2295 3430 sed
2317 3377 2532 3430 virtutis
2560 3376 2939 3446 privationem,
2962 3387 3020 3432 ut
3046 3377 3216 3448 caligo
3242 3375 3465 3431 luminis
3497 3385 3580 3432 est
3602 3391 3780 3431 reces-

2210 3484 2329 3523 sus.
2382 3467 2850 3534 Quemadmodum
2882 3469 3048 3538 igitur
3076 3469 3169 3538 qui
3199 3470 3373 3523 lucem
3405 3468 3565 3537 fugit,
3605 3468 3656 3521 in
3701 3478 3781 3522 te.

2205 3559 2387 3615 nebris
2413 3569 2681 3624 versatur,
2740 3560 2813 3612 ita
2858 3560 3153 3625 daemones,
3197 3572 3546 3631 t-osteaquatn
3578 3576 3607 3615 a
3637 3563 3781 3616 bono

2205 3660 2569 3714 recesserunt,
2602 3651 2654 3703 in
2691 3651 2832 3703 malo
2885 3651 3054 3704 relicti
3085 3663 3236 3708 sunt.
3274 3651 3380 3707 Nec
3420 3668 3546 3707 vero
3577 3654 3778 3707 malum

2208 3752 2420 3796 tantum
2489 3741 2808 3808 eth-rerum,
2888 3744 2977 3797 sed
3053 3743 3209 3799 nobis
3285 3746 3491 3812 peccati
3564 3760 3779 3814 quoque

2206 3845 2459 3889 auctores
2507 3834 2852 3897 exstiterunt,
2884 3842 3068 3903 utpote
3098 3834 3208 3890 Deo
3245 3837 3615 3893 adversantes.
3647 3838 3781 3893 Huic

2205 3929 2348 3979 enim
2390 3940 2496 3979 non
2547 3924 2858 3980 sufﬁciebat
2902 3940 2999 3981 sua
3041 3926 3213 3996 ipsius
3246 3931 3505 3984 duntaxat
3540 3941 3781 3985 conten:-

2209 4018 2444 4088 platione
2473 4019 2703 4081 moveti,
2725 4018 2818 4071 sed
2850 4016 3079 4073 diﬂ'undi
3129 4020 3331 4074 bonum
3366 4023 3670 4091 oportebat,
3718 4032 3775 4076 ut

2207 4110 2361 4178 plura
2392 4117 2574 4164 essent
2620 4124 2739 4192 quae
2783 4109 3044 4165 beneficio
3085 4109 3440 4166 adicerentur.
3498 4112 3610 4167 Hoc
3637 4129 3774 4168 tum

2209 4217 2435 4255 summie
2464 4201 2719 4255 bonitatis
2738 4210 2853 4255 erat
2873 4202 3149 4270 cupientes
3171 4203 3415 4271 pluribus
3440 4206 3778 4263 benefacere.

2207 4291 2493 4347 Contraria
2520 4295 2683 4363 igitur
2718 4293 2934 4347 ratione
2958 4308 3172 4349 summa
3204 4303 3289 4349 est
3323 4296 3633 4351 daemonum
3664 4314 3779 4364 per-

2208 4384 2459 4447 versitas,
2494 4385 2584 4453 qui
2621 4398 2727 4439 non
2763 4384 2926 4439 modo
2972 4385 3181 4440 arbitrii
3224 4388 3472 4442 libertate
3499 4406 3564 4444 ac
3599 4392 3781 4446 volun-

532 4468 626 4531 aut
658 4479 833 4547 ignem
869 4476 1091 4530 materia
1123 4484 1427 4538 vacantem,
1449 4474 1904 4543 quemadmodum
1927 4474 2100 4542 inquit
2134 4510 2176 4564 ο
2212 4484 2319 4528 ta:e
2346 4475 2471 4528 mali
2510 4473 2637 4529 facti
2667 4484 2811 4540 sunt,
2832 4476 2926 4531 sed
2957 4476 3094 4532 alios
3120 4475 3279 4532 etiam
3334 4479 3507 4534 malos
3553 4483 3779 4537 reddunt

529 4570 697 4624 David
743 4587 756 4623 :
787 4568 892 4633 Qui
919 4569 1048 4637 facit
1075 4568 1288 4650 angelos
1322 4583 1446 4621 suos
1473 4566 1716 4635 spiritus,
1744 4577 1790 4619 et
1826 4568 2100 4621 ministros

527 4675 650 4714 suos
680 4659 949 4727 ﬂammam
990 4659 1128 4729 ignis
1157 4658 1223 4712 ³³.
1278 4656 1489 4721 Quibus
1507 4657 1687 4710 verbis
1724 4656 2024 4719 levitatem,
2050 4665 2104 4710 et

529 4752 730 4804 mentis
758 4750 1033 4815 ardorem,
1076 4759 1239 4822 atque
1264 4751 1436 4803 aciem
1468 4750 1910 4816 celeritatemque
1956 4750 2102 4807 circa

528 4842 771 4897 divinam
825 4850 1075 4895 naturam
1113 4851 1166 4895 et
1205 4841 1568 4895 ministerium
1613 4839 1893 4905 describit,
1941 4847 2105 4908 atque

529 4931 766 4987 ostendit
801 4946 896 4986 eos
932 4933 985 4984 in
1018 4931 1250 4986 sublime
1277 4920 1515 4993 ferri,“ct
1547 4930 1616 4985 ab
1642 4932 1791 4984 omni
1838 4944 2022 4985 crassa
2052 4939 2107 4983 ct

528 5035 742 5079 terrena
775 5022 1101 5092 cogitatione
1135 5022 1334 5075 liberos
1360 5034 1498 5075 esse.
1529 5021 1609 5074 Ac
1637 5019 1823 5074 vellem
1860 5020 2100 5089 quidem,

528 5116 724 5184 inquit,
773 5115 906 5170 mibi
940 5114 1123 5169 dicere
1155 5112 1342 5169 liceret
1368 5111 1589 5183 angelos
1619 5111 1684 5166 ad
1715 5112 1913 5165 malum
1945 5127 2103 5181 pror-

533 5223 628 5262 sus
658 5209 964 5262 imtuobiles
995 5221 1138 5268 esse,
1183 5215 1367 5276 utpote
1424 5205 1538 5260 Deo
1582 5205 2098 5274 appropinquantes,

527 5314 592 5354 ac
621 5299 767 5353 circa
810 5299 1046 5352 medium
1099 5298 1244 5352 illius
1299 5298 1506 5351 lumine
1573 5306 1924 5352 coruscantes
1978 5301 2102 5367 (nos

525 5393 673 5444 enim
712 5390 1035 5444 intermedia
1054 5388 1369 5460 angelorum
1390 5404 1554 5458 opera
1579 5389 1988 5455 illuminaaatr),
2013 5403 2103 5441 vc-

598 5546 642 5577 "
667 5544 853 5601 Juditlt
884 5562 959 5610 tit,
989 5546 1044 5600 4.

525 5613 570 5648 ⁸³
600 5614 755 5670 Joatt.
802 5635 839 5682 ι,
876 5617 925 5671 5.

1148 5546 1191 5578 ³⁸
1224 5544 1366 5599 Psal.
1405 5560 1573 5609 xxxtt,
1598 5544 1650 5600 6.

1751 5545 1793 5576 "
1825 5542 1966 5598 Psal.
1997 5558 2112 5609 cm,
2142 5545 2191 5597 4.

2208 4581 2273 4620 ac
2297 4566 2522 4636 perdere
2546 4577 2835 4621 conantur.

2280 4655 2535 4712 PSELLHS.
2581 4656 2852 4721 Quoniam
2879 4667 3061 4712 autem
3102 4674 3321 4713 summo
3355 4661 3433 4715 illi
3466 4662 3636 4719 bono.
3682 4664 3777 4719 Ve-

2210 4756 2342 4802 teres
2401 4765 2464 4801 ac
2493 4751 2653 4818 primi
2704 4752 3020 4819 philosophi,
3081 4753 3456 4808 addubitantes
3520 4760 3779 4826 quodnam

2210 4838 2319 4893 Deo
2348 4856 2529 4894 nomen
2563 4843 2832 4896 commode
2882 4845 3192 4909 tribuerent,
3243 4844 3427 4909 Deum,
3464 4862 3514 4901 et
3588 4849 3779 4915 Unum,

2209 4941 2256 4982 et
2288 4929 2516 4994 Bonum,
2559 4932 2665 4984 tria
2695 4932 2824 4998 haec,
2864 4935 3100 5003 inquam,
3132 4936 3549 5005 incorruptibilis
3580 4956 3779 4994 natura:

2207 5020 2420 5073 nomina
2449 5023 2829 5089 produxerunt,
2880 5023 3009 5076 nillil
3056 5040 3170 5077 eam
3202 5041 3316 5078 esse
3355 5038 3649 5081 asserentes
3680 5031 3779 5083 nisi

2207 5109 2393 5177 Deum,
2419 5111 2553 5164 nihil
2569 5123 2743 5166 autent
2765 5113 2950 5180 Deum,
2972 5115 3074 5169 nisi
3109 5114 3504 5185 bonum,'idque
3523 5119 3660 5171 idem
3674 5136 3777 5174 esse

2205 5205 2341 5274 quod
2377 5220 2560 5271 unum,
2592 5208 2780 5275 quippe
2802 5217 2851 5259 et
2880 5222 3060 5261 eorum
3089 5207 3224 5277 (15),
3259 5225 3376 5277 qua:
3401 5222 3519 5261 sunt
3547 5211 3775 5263 collecti-

2205 5312 2346 5359 vum,
2384 5306 2538 5366 atque
2573 5298 2642 5349 ad
2680 5299 2835 5352 unius
2869 5301 3335 5368 participationem
3388 5317 3450 5354 ea
3486 5298 3769 5355 adducens.

2211 5387 2382 5442 Unum
2408 5391 2565 5456 enim,
2600 5393 2791 5445 unione
2843 5404 2889 5446 et
2937 5396 3154 5447 monade
3193 5406 3350 5448 atoue
3384 5400 3585 5448 mittite
3615 5397 3773 5449 excel-

2267 5542 2313 5576 ⁴⁰
2357 5543 2459 5600 lsa.
2497 5559 2607 5612 xtv,
2657 5546 2745 5614 12,
2851 5548 3046 5603 “lbid.
3088 5551 3170 5605 l5.

3246 5552 3292 5584 "
3334 5552 3479 5607 Psal.
3517 5569 3649 5617 xrtt,
3687 5550 3761 5605 l2.

597 5754 709 5825 (ιὸ)
749 5752 942 5806 Eorum
973 5769 1089 5823 qua:
1117 5764 1259 5808 sunt.
1323 5751 1468 5825 Lego
1499 5752 1645 5807 enim
1697 5750 1869 5806 τῶντε
1911 5751 2102 5820 ὅντων,

2206 5768 2249 5807 in
2282 5752 2554 5821 θεώντων,
2582 5764 2637 5808 ut
2677 5755 2729 5808 in
2764 5756 2954 5812 (ἐι-ιεςο
2982 5756 3193 5812 codice.
