4048 6278
369 359 506 424 i325

1332 356 1654 419 NICETAS
1697 357 1778 418 IN
1822 356 2044 418 OlMT.
2093 355 2251 415 XLll
2299 358 2359 416 S.
2401 355 2636 419 GREG.

3492 356 3629 422 11³26

365 473 558 523 tentias
615 477 715 526 est.
753 470 942 526 Uuitas
999 472 1258 544 siquidem
1316 473 1478 527 unius
1544 483 1619 527 est
1647 473 1952 552 .particeps.
1991 476 2030 528 Α
2065 473 2213 525 σου.
2245 470 2446 525 Deinde
2487 467 2783 525 intellectili
2832 468 3036 523 mundo
3079 469 3346 539 producto
3395 477 3631 530 scnsil.‘."

365 564 712 630 Quodautem
747 566 1012 633 particeps
1049 576 1125 620 est
1175 583 1233 620 eo
1270 565 1494 635 inferius
1534 579 1634 629 cst,
1667 567 1818 636 cujus
1868 577 1945 621 est

361 656 643 722 particeps.
673 651 798 707 lam
832 658 957 709 uuio
994 658 1258 709 unitatum
1300 657 1601 724 conjunctio
1660 669 1758 711 est.
1791 658 1945 722 Quod

361 759 541 800 autem
575 761 639 798 es;
671 746 963 800 unitatibus
1017 747 1318 815 conﬁcitur,
1371 745 1782 817 haudquaquam
1817 765 1946 818 pure

360 853 524 890 unum
556 846 654 902 est,
682 848 836 906 atque
875 840 1038 893 etiam
1091 827 1448 893 multitudinis
1480 839 1735 892 rationem
1770 840 1939 894 habet.

368 926 537 980 Porro
602 943 768 980 unum
844 928 1184 996 multitudine
1247 929 1609 997 prtestantius.
1670 929 1943 983 Postremo

361 1035 567 1084 manas,
619 1020 800 1090 siquis
829 1023 1040 1090 proprie
1076 1021 1220 1092 loqui
1270 1023 1412 1085 velit,
1446 1038 1776 1092 nequaquam
1806 1023 1943 1077 idem

357 1121 455 1178 est,
521 1113 659 1181 quod
715 1129 898 1176 unum,
953 1114 1043 1167 sed
1084 1117 1262 1183 passio
1289 1117 1553 1185 quaedam,
1611 1123 1703 1168 aut
1734 1115 1942 1170 habitus

357 1206 534 1258 unius.
573 1203 909 1258 Mausionem
958 1209 1095 1260 enim
1155 1209 1442 1276 quamdam
1503 1217 1554 1262 et
1590 1209 1941 1260 constantiam

359 1295 516 1346 unius
559 1293 818 1348 declarat.
863 1293 1035 1348 Unum
1089 1297 1227 1350 enim
1279 1297 1450 1350 solum
1504 1297 1940 1368 multiplicatum,

358 1402 518 1438 unum
545 1402 730 1439 rursus
775 1397 872 1440 est.
911 1388 979 1440 At
1009 1388 1102 1441 Dei
1138 1405 1344 1453 nomen,
1384 1406 1500 1443 eum
1523 1392 1740 1459 propria
1769 1407 1943 1444 essen-

358 1477 434 1529 tia
457 1485 649 1530 cuncta
686 1478 902 1546 implere
949 1479 1299 1534 demonstrat.
1335 1481 1564 1536 Proinde
1598 1483 1808 1536 bonitas
1845 1482 1942 1536 Dei

355 1567 587 1631 qualitas
645 1585 749 1622 non
779 1581 876 1637 est,
934 1572 1026 1625 sed
1089 1573 1187 1626 ltoc
1246 1575 1417 1643 ipsum
1466 1575 1622 1640 Deus,
1666 1586 1712 1630 et
1753 1591 1939 1630 unum.

357 1659 500 1723 Quid
536 1661 672 1714 enim
735 1662 873 1715 Deus
931 1663 1080 1716 aliud
1125 1673 1224 1728 est,
1249 1683 1407 1738 quam
1449 1681 1713 1720 sumntum
1747 1667 1940 1722 bonunt

357 1749 628 1818 primaque
657 1751 755 1803 illa
780 1769 942 1806 causa
994 1770 1087 1822 per
1115 1770 1269 1823 quam
1305 1754 1505 1825 reliqua
1551 1772 1754 1826 quoque
1803 1758 1939 1811 bona

2051 561 2152 614 lcm
2184 573 2375 612 rursus
2407 567 2586 611 mente
2617 557 2856 626 concipit
2916 557 3076 611 Deus.
3115 557 3246 613 Nam
3275 560 3622 629 opiﬁciorum

2048 651 2267 722 quidem
2306 652 2548 706 rationes
2577 649 2720 720 apud
2763 651 2940 718 ipsum
2983 663 3200 720 semper
3223 661 3405 718 erant,
3442 666 3628 724 utpote

2047 743 2206 798 simul
2245 741 2430 796 omnia
2493 756 2711 809 semper
2763 752 3190 808 cognoscentem
3243 761 3257 799 :
3304 754 3434 800 tunc
3494 763 3625 802 vero

2047 835 2232 889 animo
2275 835 2531 902 concepit
2569 834 2798 904 angelos
2835 835 3084 904 spiritus,
3129 835 3391 892 nimirum
3422 849 3479 894 ut
3527 855 3626 896 eos

2047 925 2398 994 produceret,
2430 924 2652 993 quando
2685 925 2801 992 jam
2856 925 3239 980 conveniebat.
3278 927 3429 983 Mens
3453 929 3624 994 enim,

2046 1013 2212 1085 hujus
2244 1016 2613 1071 universitatis
2646 1031 2866 1085 parens.
2899 1019 3079 1071 omnia
3106 1019 3326 1088 quidem
3354 1022 3625 1089 parturie-

2047 1107 2140 1162 bat
2175 1127 2188 1161 :
2223 1117 2411 1178 postea
2453 1117 2632 1162 autem
2657 1111 3020 1178 parturitione
3043 1112 3132 1165 illa
3161 1114 3480 1182 tempestive
3505 1129 3626 1169 sese

2043 1198 2356 1268 proferente
2415 1200 2748 1256 intellectilis
2801 1203 3039 1258 mundus
3085 1205 3320 1273 primum
3373 1205 3622 1261 detectus

2043 1299 2128 1345 est
2161 1305 2175 1344 :
2210 1305 2273 1345 sc
2297 1293 2492 1348 deinde
2521 1293 2609 1347 hic
2645 1309 2710 1348 ex
2733 1296 2954 1349 materia
2976 1305 3029 1350 et
3061 1296 3236 1352 forma
3264 1302 3624 1362 constitutus.

2045 1382 2324 1449 quietiam
2358 1384 2428 1438 ob
2462 1385 2603 1439 hanc
2636 1401 2858 1440 causam
2898 1389 3196 1444 materialis
3229 1399 3282 1444 et
3313 1394 3624 1460 aspectabi-

2048 1473 2114 1528 lis
2145 1474 2365 1530 dicitur.
2418 1479 2512 1530 Est
2538 1485 2718 1530 autem
2755 1479 3016 1542 mundus,
3069 1490 3130 1534 ut
3171 1483 3349 1551 inquit
3393 1500 3624 1554 magnus

2045 1566 2297 1631 Basilius,
2332 1578 2386 1624 et
2407 1579 2532 1624 ante
2564 1585 2686 1624 eum
2724 1571 3063 1636 Aristoteles,
3115 1577 3515 1643 coagmentatio
3559 1593 3622 1632 ex

2043 1661 2188 1714 ctelo
2231 1669 2287 1714 et
2322 1669 2464 1715 terra
2502 1663 2823 1729 naturisque
2887 1665 3231 1722 intermediis
3275 1682 3288 1719 :
3325 1677 3384 1722 ut
3439 1679 3620 1725 autem

2043 1750 2389 1807 Nazianzeno
2427 1755 2623 1824 placet,
2664 1755 2827 1810 etiam
2860 1761 3264 1830 coagmentatio
3295 1771 3349 1817 et
3391 1777 3621 1818 concre-

355 1841 691 1910 eﬁiciuntur?
723 1844 832 1897 Sua
893 1844 1063 1913 ipsius
1096 1847 1272 1901 solum
1311 1849 1770 1916 contemplatione
1824 1866 1929 1904 mo-

2045 1843 2142 1898 tio.
2169 1844 2584 1914 Coagmentatio
2613 1849 2852 1916 quidem,
2892 1861 2951 1905 ut
2977 1866 3041 1905 ex
3075 1853 3161 1907 his
3207 1854 3542 1910 constitutus
3572 1865 3626 1910 ct

356 1934 489 2001 veri,
517 1936 610 1988 hoc
631 1945 733 2001 est,
771 1939 1002 1990 converti
1037 1954 1100 1991 ac
1132 1937 1312 2008 colligi
1347 1939 1416 1992 ad
1454 1941 1711 2008 seipsum,
1757 1951 1939 2012 utpote

354 2020 506 2075 nulla
549 2038 602 2076 re
657 2025 924 2092 superiore
975 2025 1087 2079 loco
1146 2027 1342 2096 posita,
1405 2028 1475 2080 ad
1519 2044 1678 2098 quam
1727 2030 1940 2084 subvehi

352 2113 537 2177 possit,
606 2114 1046 2183 quemadmodum
1115 2116 1294 2170 aninta
1352 2116 1421 2170 ad
1475 2128 1694 2170 mentem
1726 2158 1740 2179 ,
1793 2136 1937 2173 mens

318 2199 325 2203 ’
353 2212 529 2258 autem
560 2204 628 2257 ad
653 2204 837 2260 Deum.
870 2188 1014 2258 Nam
1034 2209 1442 2274 compositorum
1479 2217 1527 2261 et
1566 2224 1936 2277 corporeorum

353 2297 486 2351 nihil
515 2298 566 2350 in
595 2299 822 2366 seipsum
865 2299 1044 2371 colligi
1088 2299 1304 2354 dicitur.
1327 2299 1568 2366 Quonam
1603 2303 1741 2355 enim
1782 2303 1937 2357 modo

351 2407 540 2461 corpus
570 2394 640 2446 ad
667 2410 776 2448 sese
799 2395 1148 2465 colligeretur,
1177 2413 1296 2450 cum
1338 2397 1678 2468 simplicitate
1711 2403 1938 2455 careat?

350 2491 507 2554 atque
564 2485 775 2539 etiamsi
813 2487 939 2554 quid
965 2502 1180 2559 corpore
1225 2498 1423 2553 carent,
1449 2505 1552 2542 non
1606 2499 1778 2542 tamen
1815 2507 1937 2558 pro-

347 2587 527 2645 pterea
545 2579 728 2631 statim
745 2578 796 2631 in
813 2594 923 2632 sese
940 2579 1120 2648 colligi
1132 2580 1340 2647 poterit.
1361 2578 1598 2644 Quonam
1626 2583 1762 2634 enim
1781 2581 1934 2636 modo

348 2668 635 2736 qualitates
660 2672 712 2723 in
742 2687 851 2724 sese
870 2671 1050 2740 colligi
1068 2681 1281 2741 queant,
1307 2689 1425 2726 cum
1449 2675 1718 2744 propriam
1753 2693 1932 2729 essen-

352 2761 482 2814 tiam
506 2777 605 2816 non
627 2763 850 2818 habeant
874 2766 898 2819 ?
921 2763 1068 2817 Illud
1085 2780 1201 2818 vero
1220 2766 1354 2818 scire
1381 2781 1550 2826 opera:
1579 2769 1807 2833 pretium
1833 2779 1930 2830 est,

347 2853 486 2920 quod
506 2854 560 2908 in
577 2855 656 2910 Itis
669 2857 838 2919 rebus,
855 2872 972 2926 qua'
985 2857 1153 2926 ﬁnita:
1173 2875 1236 2912 ac
1253 2861 1390 2912 circa
1402 2860 1666 2928 inscripta:
1679 2868 1822 2927 sunt,
1842 2862 1933 2914 int-

345 2946 607 3015 perfectus
622 2959 794 3002 motus
811 2960 910 3016 est,
925 2951 979 3003 in
993 2949 1181 3020 quibus
1201 2950 1445 3004 nimirum
1465 2963 1633 3005 motus
1651 2953 1759 3020 ipse
1774 2954 1931 3022 [incm

347 3051 570 3107 spectat.
595 3040 838 3112 Exempli
854 3046 1061 3114 gratia:
1083 3044 1254 3100 Motus
1267 3046 1428 3116 glebae
1445 3063 1476 3099 a
1513 3047 1753 3117 partibus
1779 3066 1931 3119 supe-

345 3129 574 3184 rioribus
604 3132 671 3185 ad
698 3133 976 3200 inferiores
1001 3135 1339 3204 imperfectus
1363 3144 1440 3190 est
1473 3137 1758 3204 :quoaiam
1788 3154 1926 3206 eam,
1958 3159 2001 3218 ρ

347 3235 466 3274 cum
485 3221 554 3274 ad
575 3233 811 3276 centrum
837 3232 992 3280 terra?
1012 3227 1322 3294 pervenerit,
1351 3227 1510 3295 finem
1535 3237 1706 3281 motus
1743 3228 1932 3284 habere

347 3328 550 3368 necesse
562 3325 638 3368 est
650 3355 663 3368 .
679 3315 1040 3369 Consimiliter
1056 3318 1102 3369 si
1117 3317 1242 3386 quid
1259 3334 1323 3374 ea:
1339 3320 1391 3372 in
1399 3320 1530 3386 ferio
1539 3321 1583 3372 ri
1591 3319 1704 3373 loco
1718 3338 1929 3375 sursum

345 3419 524 3459 versus
547 3417 838 3471 moveatur,
867 3409 1205 3478 imperfectus
1233 3427 1434 3481 quoque
1476 3413 1560 3465 hic
1608 3425 1779 3468 motus
1809 3415 1925 3470 erit.

351 3491 495 3562 Ignis
524 3497 659 3549 enim
697 3508 789 3550 aut
829 3500 966 3553 aeris
995 3513 1202 3569 partem
1238 3503 1289 3554 in
1323 3503 1525 3574 integra
1549 3521 1646 3558 sua
1667 3508 1928 3562 elementa

343 3585 576 3640 desinere
629 3605 834 3644 necesse
876 3601 972 3645 est.
1023 3591 1121 3645 llic
1152 3610 1270 3649 vero
1311 3605 1481 3648 ntotus
1519 3613 1623 3649 non
1684 3599 1736 3650 in
1769 3601 1926 3667 ﬁnem

344 3677 514 3731 ullum
553 3682 770 3746 desinit,
816 3685 946 3752 quin
988 3685 1162 3747 potius
1217 3687 1322 3754 ipse
1350 3688 1424 3752 id,
1481 3689 1621 3757 quod
1666 3694 1924 3760 agitatur,

343 3771 568 3825 maxime
599 3773 824 3840 per/icit.
861 3774 1038 3837 Quare
1079 3773 1227 3828 nullo
1285 3778 1436 3829 modo
1467 3779 1804 3846 imperfectus
1836 3782 1922 3834 di-

343 3859 536 3912 cendus
583 3873 680 3914 est.
715 3861 1032 3932 Imperfecta
1074 3865 1287 3934 quidem
1327 3877 1406 3920 est
1460 3879 1642 3921 nostra
1677 3870 1925 3939 gignendi

343 3951 505 4014 ratio,
576 3954 998 4024 quandoquidem
1069 3959 1251 4026 fretum
1317 3960 1597 4029 perfractis
1672 3965 1922 4017 maternis

338 4043 564 4096 vinculis
616 4046 670 4098 in
729 4047 897 4100 lucem
944 4049 1110 4114 exire,
1137 4067 1199 4103 ac
1245 4049 1403 4118 finem
1463 4055 1717 4108 nascendi
1747 4053 1922 4122 facere

341 4148 541 4188 necesse
570 4144 670 4188 est.
708 4138 770 4190 At
798 4153 902 4189 nou
935 4139 1060 4190 item
1104 4139 1413 4206 imperfecta
1455 4139 1611 4194 Verbi
1641 4141 1739 4196 Dei
1769 4160 1921 4212 gene-

343 4223 499 4289 ratio,
533 4227 780 4294 quoniam
806 4227 951 4280 nullo
989 4228 1094 4296 [ine
1133 4230 1606 4284 circumscribitur.
1639 4230 1918 4288 Enimvero

345 4311 644 4372 dristoleles
689 4319 828 4373 inter
867 4329 1039 4373 motus
1072 4322 1406 4390 imperfectos
1457 4323 1571 4376 εωιὶ
1626 4328 1920 4380 conversio-

344 4425 457 4463 nem
497 4412 879 4466 numerandum
926 4424 1142 4469 censet:
1189 4432 1365 4470 verum
1399 4415 1770 4471 elementorum
1797 4421 1916 4488 qui-

2042 1937 2288 2007 expletus
2316 1956 2330 2005 ;
2367 1942 2646 1996 concretio
2678 1948 2902 2008 autem;
2930 1944 3084 2011 quasi
3129 1945 3432 2014 permislio,
3488 1962 3621 2018 pro-

2042 2036 2164 2096 pter
2190 2029 2454 2087 elementa
2483 2047 2604 2100 quas
2645 2048 2751 2088 non
2785 2034 2958 2088 solum
2995 2038 3215 2107 pmpria
3258 2039 3373 2093 loca
3400 2039 3622 2108 habent,

2041 2120 2134 2173 sed
2159 2119 2303 2177 inter
2332 2137 2391 2178 se
2420 2138 2640 2194 quoque
2672 2126 3118 2182 commiscentur.
3142 2125 3412 2194 Quoniam
3438 2141 3619 2186 autem

2040 2211 2304 2282 quidquid
2337 2215 2609 2282 laudatur,
2652 2217 2733 2270 vel
2788 2219 3090 2272 secundum
3121 2221 3396 2290 propriam
3458 2233 3618 2277 natu-

2042 2316 2157 2357 ram
2191 2302 2464 2370 laudatur,
2495 2306 2580 2360 vel
2622 2307 2924 2362 secundum
2979 2309 3298 2364 relationem
3353 2326 3515 2380 quam
3549 2311 3618 2364 ad

2039 2393 2268 2450 alterum
2293 2398 2549 2466 quiddam
2587 2398 2769 2464 habet,
2794 2400 2998 2454 idcirco
3025 2401 3333 2472 'l‘lieologus
3353 2403 3616 2457 mundum

2042 2489 2294 2544 laudibus
2334 2492 2558 2556 vehens,
2597 2492 3106 2547 omnem'encomii
3171 2503 3420 2549 naturam
3457 2510 3611 2549 sums

2039 2582 2226 2635 matim
2291 2584 2614 2652 complexus
2657 2591 2762 2650 est,
2793 2598 2916 2638 cum
2975 2585 3135 2650 dixit,
3179 2593 3387 2654 partem
3425 2601 3622 2640 unam-

2037 2689 2311 2743 quamque
2364 2674 2576 2741 mundi,
2621 2682 2676 2729 et
2721 2689 2819 2745 per
2873 2690 2932 2731 se
2987 2675 3316 2731 laudabilem
3367 2691 3508 2744 esse,
3564 2689 3620 2733 et

2037 2766 2448 2832 concinnitatis,
2505 2781 2616 2837 qua
2648 2781 2776 2821 cum
2803 2767 2978 2823 altero
3006 2767 3196 2837 juncta
3233 2777 3336 2834 est,
3381 2771 3618 2826 ratione.

2037 2855 2102 2910 Et
2134 2858 2353 2926 quidem
2416 2857 2807 2913 concinnitatis
2848 2859 3018 2914 verbo
3050 2858 3395 2916 demonstrat
3435 2869 3620 2930 partes

2035 2947 2228 3001 mundi
2293 2960 2640 3017 nequaquam
2700 2947 2846 3002 inter
2899 2963 2958 3003 se
2987 2949 3314 3006 adversari:
3361 2967 3460 3019 per
3480 2968 3618 3007 con-

2036 3045 2256 3092 centum
2322 3045 2529 3103 autem,
2553 3038 2714 3092 docet
2751 3053 2862 3093 non
2902 3042 3064 3094 modo
3095 3039 3201 3096 sibi
3241 3040 3470 3097 invicem
3509 3059 3619 3100 nor.

2039 3128 2287 3181 adversar
2305 3126 2342 3190 i,
2363 3127 2456 3182 sed
2486 3127 2859 3197 pulcherrime
2887 3132 3050 3185 etiam
3073 3132 3217 3188 inter
3232 3147 3292 3188 se
3318 3133 3616 3192 cohaerere.

2033 3218 2448 3272 Connectuntur
2477 3219 2626 3274 enim
2666 3220 2773 3274 alia
2806 3221 2951 3287 aliis,
2985 3236 3049 3277 ac
3095 3223 3339 3280 suaviter
3374 3234 3430 3280 et
3463 3235 3615 3282 tran-

2032 3310 2203 3379 quille
2268 3311 2702 3365 communicant.
2783 3311 3255 3378 Quemadmodum
3329 3316 3476 3372 enim
3555 3318 3611 3374 in

2032 3400 2242 3455 cithara
2321 3416 2387 3457 ex
2424 3403 2656 3458 diversis
2702 3404 2918 3472 quidem
2974 3405 3208 3474 ﬁdibus,
3253 3420 3514 3464 ca~terum
3545 3416 3610 3466 ad

2032 3494 2196 3548 unius
2225 3496 2511 3551 cantilenae
2532 3497 2827 3566 perfectam
2849 3499 3278 3556 modulationem
3313 3503 3609 3558 concinen-

2030 3583 2200 3649 tibus,
2250 3584 2540 3640 harmonia
2567 3586 2858 3641 conﬂcitur
2903 3588 3144 3644 :eodem
3197 3591 3360 3644 modo
3409 3589 3463 3644 in
3510 3591 3614 3646 hoc

2033 3677 2241 3730 mundo
2275 3677 2504 3732 diversae
2535 3678 2760 3748 quidem
2787 3689 2916 3735 sunt
2950 3680 3184 3751 species,
3219 3681 3312 3737 sed
3338 3691 3519 3738 tamen
3545 3683 3614 3737 ad

2030 3768 2193 3836 hujus
2219 3769 2674 3838 complementum
2705 3771 3008 3828 concordes
3033 3783 3086 3828 ct
3107 3788 3388 3829 consona’.
3412 3772 3608 3830 Omnia

2029 3858 2173 3911 enim
2200 3859 2304 3929 ipsi
2331 3870 2732 3932 congruentem
2775 3862 3062 3918 utilitatem
3096 3865 3360 3933 praebent,
3399 3873 3454 3918 et
3485 3864 3611 3920 licet

2030 3951 2188 4006 Iocali
2222 3952 2327 4006 situ
2351 3951 2611 4010 distincta
2641 3954 2770 4021 sint,
2793 3962 2854 4009 ut
2883 3954 3173 4018 elementa,
3195 3965 3376 4010 tamen
3405 3971 3611 4026 cogna-

2032 4039 2101 4092 tis
2125 4039 2484 4095 relationibus
2514 4042 2659 4096 inter
2691 4058 2752 4098 se
2786 4059 3038 4100 connexa
3073 4053 3126 4099 et
3163 4055 3421 4102 concreta
3456 4057 3604 4110 sunt.

2022 4133 2126 4185 alia
2157 4148 2214 4186 re
2241 4133 2492 4190 videlicet
2521 4135 2587 4188 ad
2617 4135 2765 4190 aliud
2799 4139 3054 4206 quiddam
3083 4139 3312 4207 pulchre
3329 4141 3606 4208 quadran-

2024 4235 2096 4288 te,
2161 4234 2304 4280 terra
2378 4227 2638 4282 nimirum
2699 4244 2825 4284 cum
2867 4245 3008 4299 aqua
3065 4231 3410 4299 (utriusque
3456 4231 3601 4285 enim

2024 4319 2334 4373 communis
2378 4329 2461 4374 est
2495 4319 2756 4389 gravitas,
2806 4330 2862 4375 et
2896 4319 3166 4389 frigiditas
3193 4320 3213 4391 )
3245 4337 3261 4374 :
3293 4335 3434 4387 aqua
3485 4336 3606 4374 rur-

2023 4423 2144 4462 sum
2179 4424 2304 4462 curn
2344 4424 2471 4464 aere
2501 4411 2810 4479 (perspicua
2844 4410 3012 4465 enim'
3041 4420 3206 4479 atque
3263 4411 3484 4465 humida
3523 4419 3608 4467 est

339 4503 458 4554 dem
511 4511 684 4556 motus
746 4504 1076 4573 imperfectos
1120 4522 1232 4559 esse
1278 4507 1526 4572 asseruit,
1565 4508 1680 4561 cteli
1739 4521 1914 4563 autem
1951 4523 1992 4577 υ
2027 4516 2189 4569 aqua.
2231 4502 2694 4569 quemadmodum
2726 4511 2778 4556 ει
2807 4505 2967 4571 aer):
3003 4517 3129 4556 aere
3176 4503 3305 4556 item
3332 4518 3454 4556 cum
3482 4504 3604 4573 ίεηε

340 4607 536 4650 motum
589 4600 900 4668 perﬁciendi
960 4602 1135 4668 potius
1165 4605 1398 4672 corporis
1451 4605 1535 4658 sui
1583 4606 1686 4658 vim
1728 4605 1917 4660 habere

337 4691 719 4756 pronuntiavit.
781 4690 956 4755 Quam
1011 4702 1188 4744 autem
1243 4709 1456 4745 causam
1507 4695 1709 4762 affert?
1772 4694 1917 4759 Quo-

338 4781 500 4845 niam,
537 4782 727 4852 inquit,
753 4783 983 4851 lapidem
1025 4785 1289 4851 agitatum
1341 4785 1412 4837 ad
1466 4794 1660 4839 terram
1716 4788 1912 4852 delabi,

251 4939 259 4947 _
333 4883 382 4926 et
417 4890 592 4928 aerent
641 4877 693 4928 in
729 4877 858 4930 locis
924 4879 1169 4930 concavis
1229 4878 1494 4932 inclusum
1535 4882 1601 4933 ad
1656 4881 1914 4951 integrant

335 4981 488 5016 suum
518 4967 828 5020 elementum
861 4969 1062 5037 subrigi
1106 4979 1330 5034 oportet.
1379 4973 1447 5024 At
1505 4971 1710 5035 coelum,
1763 4975 1914 5043 ﬁnito

336 5069 499 5121 motu,
540 5075 641 5127 quo
667 5061 877 5112 tandem
908 5061 1021 5113 loco
1057 5063 1352 5118 consistet?

405 5150 522 5203 Col.
551 5150 654 5204 650
682 5151 742 5203 C.
779 5151 868 5203 Sic
897 5153 1062 5220 igitur
1103 5163 1259 5220 atque
1307 5151 1368 5205 ob
1403 5152 1497 5206 Itas
1544 5170 1732 5208 causas
1762 5171 1913 5208 mun-

333 5240 432 5293 dus
470 5241 537 5305 is,
581 5251 687 5294 etc.
727 5242 838 5303 Sic,
868 5243 1062 5310 inquit,
1108 5242 1158 5294 id
1199 5251 1302 5305 est,
1338 5248 1510 5310 primo
1533 5243 1720 5297 ordine
1750 5253 1912 5313 atque

331 5333 397 5382 ad
429 5346 591 5383 unam
655 5331 1071 5402 cogitationem.
1123 5344 1177 5385 et
1238 5333 1355 5386 sola
1400 5334 1652 5387 bonitate
1686 5335 1909 5400 ductus,

332 5423 550 5490 angelos
571 5423 797 5476 creavit.
837 5423 1062 5478 Modesti
1098 5434 1280 5477 autem
1314 5425 1552 5480 hominis
1588 5435 1675 5479 est
1702 5427 1908 5493 dicere,

332 5523 597 5582 quantum
635 5515 856 5583 quidem
909 5515 1023 5584 ipse
1049 5515 1118 5569 de
1177 5515 1262 5570 his
1321 5519 1487 5572 rebus
1537 5518 1908 5587 philosiiphari

331 5620 494 5674 queo,
550 5606 709 5675 cujus
761 5621 884 5659 cum
946 5623 1110 5676 parva
1165 5617 1221 5661 et
1287 5609 1555 5663 imbecilla
1591 5610 1662 5664 sit
1705 5611 1906 5677 oratio,

333 5715 528 5767 magna
585 5709 768 5753 tamen
832 5708 886 5752 et
939 5700 1110 5753 ardua
1175 5701 1356 5754 metiri
1417 5713 1577 5772 atque
1617 5705 1908 5772 exquirere

329 5793 667 5864 aggreditur.
717 5793 832 5851 Hoc
871 5793 1016 5850 enim
1075 5794 1354 5865 significat
1403 5797 1629 5855 verbum
1659 5801 1903 5869 σταθμᾶ-

2023 4595 2136 4648 sive
2175 4609 2299 4647 cum
2336 4593 2540 4648 aethere
2584 4612 2597 4648 :
2651 4595 2829 4648 calida
2882 4594 3026 4649 enim
3081 4603 3134 4648 et
3169 4594 3306 4650 levia
3337 4595 3450 4649 haec
3487 4596 3602 4650 ele-

2023 4692 2206 4737 menta
2240 4693 2391 4739 sunt.
2430 4683 2608 4753 Atque
2637 4684 2824 4738 omnia
2852 4684 3088 4739 invicem
3120 4685 3188 4740 ad
3237 4685 3424 4740 mundi
3464 4699 3602 4741 con-

2018 4777 2360 4831 stitutionem
2419 4777 2524 4831 sibi
2588 4784 2782 4832 mutuo
2849 4775 3166 4844 conferunt,
3235 4783 3400 4834 etiam
3481 4795 3602 4848 quae

2020 4869 2253 4923 maxime
2292 4870 2564 4924 contraria
2601 4869 2875 4925 videmur.
2908 4870 3046 4924 Nam
3103 4869 3248 4940 quod
3277 4872 3389 4926 ait:
3423 4875 3600 4942 Atque

2016 4961 2271 5016 omnibus
2330 4962 2396 5016 ad
2432 4963 2638 5030 omnia,
2671 4963 2754 5018 sic
2798 4963 3091 5032 intelliges.
3129 4962 3596 5029 Quemadmodum

2017 5052 2237 5108 interra
2272 5073 2381 5111 non
2429 5059 2606 5111 solum
2641 5066 2724 5112 est
2775 5057 2995 5114 siccitas
3049 5066 3102 5112 et
3153 5058 3455 5122 crassities,
3501 5059 3594 5111 sed

2017 5144 2180 5196 etiam
2223 5144 2442 5208 humor,
2498 5157 2552 5200 et
2586 5163 2702 5210 aer,
2734 5157 2898 5217 atque
2927 5149 3090 5203 etiam
3128 5149 3313 5219 ignis:
3345 5149 3423 5203 sic
3453 5161 3506 5202 et
3540 5149 3594 5202 in

2016 5249 2181 5304 aqua,
2222 5245 2274 5289 et
2306 5237 2532 5306 reliquis
2578 5241 2890 5302 elementis,
2925 5242 3111 5295 omnia
3150 5243 3412 5311 reperies.
3454 5240 3591 5308 Ergo

2015 5331 2083 5391 si,
2149 5331 2231 5384 vel
2281 5331 2577 5399 separatim
2641 5333 3073 5402 unumquodque
3133 5332 3594 5396 consideraveris,

2021 5423 2106 5476 vel
2165 5431 2410 5476 mutuam
2460 5423 2781 5478 relationem
2833 5441 2938 5494 qua
2998 5426 3140 5478 inter
3190 5437 3250 5476 se
3298 5425 3591 5492 quadrent,

2015 5524 2130 5568 tum
2166 5515 2547 5580 excellentem,
2581 5515 2786 5586 inquit,
2813 5516 3062 5570 omnium
3119 5514 3450 5580 mistionem,
3474 5526 3587 5568 tum

2012 5609 2160 5663 omni
2200 5610 2450 5664 oratione
2509 5611 2948 5680 prrestantiorem
3001 5607 3409 5661 distinctionem
3471 5624 3592 5661 esse

2010 5701 2326 5770 perspicies.
2355 5700 2556 5758 Verum
2608 5711 2664 5755 ut
2716 5702 2784 5756 ad
2853 5703 3163 5755 institutum
3224 5711 3584 5764 revertamur,

2011 5792 2176 5864 Deus,
2210 5793 2540 5866 intelligibili
2572 5796 2810 5852 essentia
2866 5806 3075 5863 creata,
3117 5796 3223 5852 hoc
3275 5805 3380 5862 est,
3424 5794 3592 5850 cccle-
