4048 6278
471 335 607 400 1327

1887 344 2267 409 ADDENDA.

3577 348 3715 415 1328

464 452 611 506 tibus
645 446 938 501 virtutibus
975 454 1027 501 et
1086 445 1390 511 ordinibus,
1454 446 1766 503 scnsibilem
1816 462 2038 518 quoque
2069 458 2112 512 Α
2146 462 2265 505 runt
2297 469 2358 507 ac
2387 454 2643 511 distincta
2673 465 2819 513 sunt.
2853 457 3021 514 Porro
3042 461 3230 515 mentis
3250 476 3437 516 nonten
3472 479 3717 552 nonnun-

462 552 714 597 naturam
741 537 1008 603 condidit,
1038 538 1235 593 cmlum
1262 537 1513 594 videlicet
1547 553 1612 593 ac
1639 547 1864 605 terram,
1896 548 1951 595 et
1977 556 2040 596 ea

461 651 587 705 quae
635 635 719 689 his
748 631 1121 693 continentur,
1179 638 1234 684 ut
1269 631 1585 686 ostenderet
1637 647 1696 688 se
1740 648 1849 686 non
1883 633 2041 687 modo

456 735 749 796 cognatam
798 735 853 778 et
903 722 1265 793 propinquam
1346 722 1450 776 sibi
1509 732 1759 778 naturam
1822 723 2041 780 efﬁcere

464 831 629 887 posse
662 814 924 885 (congrua
960 823 1140 867 autem
1169 820 1225 868 et
1257 821 1497 883 cognata
1531 813 1639 870 Deo
1677 825 1758 870 est
1794 831 1881 879 ea,
1919 831 2043 886 quae

461 908 735 963 rationem
758 904 947 966 habet.
974 915 1140 974 atque
1186 905 1469 960 intellectu
1503 910 1624 961 solo
1653 907 2038 976 comprehendi

461 998 666 1071 potest)
698 1014 711 1051 :
746 996 841 1052 sed
875 1008 929 1052 et
968 997 1283 1065 longissime
1317 1008 1609 1063 semotam,
1640 1014 1759 1053 eam
1804 999 2036 1066 scilicet,

460 1106 585 1161 quae
623 1090 728 1146 sub
760 1103 983 1145 sensum
1015 1089 1183 1155 cadit,
1226 1105 1292 1146 ac
1323 1091 1672 1159 potissimum
1706 1108 1829 1160 qua:
1858 1090 2039 1145 anima

461 1191 630 1238 caret.
667 1180 991 1252 Quanquam
1019 1181 1165 1236 enim
1193 1181 1377 1236 omnia
1406 1181 1608 1238 divina:
1640 1182 1904 1238 bonitatis
1933 1183 2039 1237 ali-

461 1274 594 1347 quid
631 1275 886 1340 habeant,
911 1281 1091 1328 tamen
1129 1288 1251 1342 quae
1291 1272 1401 1328 vita
1437 1282 1646 1339 carent,
1684 1275 1948 1330 hactenus
1977 1273 2071 1329 ca'

458 1368 723 1424 fruuntur
760 1365 906 1436 quod
943 1373 1110 1432 sunt;
1146 1365 1449 1420 animantia
1507 1377 1714 1432 autem,
1766 1379 2038 1436 quatenus

458 1471 515 1515 et
558 1467 706 1522 sunt,
747 1467 800 1513 et
847 1457 1012 1511 vitam
1050 1455 1289 1523 habent;
1343 1456 1509 1512 homo
1549 1472 1704 1525 vero,
1768 1468 2040 1528 quatenus

458 1562 513 1605 et
555 1552 690 1612 hrc,
736 1560 790 1603 et
835 1546 1103 1602 rationem
1159 1545 1385 1616 insuper
1438 1547 1639 1613 habet;
1704 1556 1758 1602 at
1811 1548 2039 1616 angelus

460 1640 823 1713 propinquior
854 1641 1037 1696 adhuc
1073 1647 1162 1696 est
1213 1638 1348 1704 Deo,
1382 1639 1582 1709 quippe
1629 1638 2035 1706 intellectualis,

457 1749 511 1794 ct
545 1738 660 1793 sola
693 1744 878 1791 mente
900 1734 1294 1806 perceptibilis.

2141 559 2300 613 quam
2326 544 2393 599 de
2420 548 2599 601 anima
2631 566 2833 620 quoque
2859 552 2998 619 ipsa,
3021 563 3071 606 et
3103 554 3527 629 intelligibilibus
3559 544 3716 613 natu-

2141 635 2242 698 ris,
2263 651 2381 704 qua:
2408 653 2525 690 eam
2557 652 2827 708 superant,
2851 646 3174 712 praedicatur
3196 660 3214 697 .'
3253 646 3520 700 interdum
3540 660 3718 703 autem

2139 729 2349 797 proprie
2377 732 2442 784 de
2470 733 2700 800 simplici
2737 745 2894 804 atque
2924 736 3232 793 indiuisibili
3267 749 3463 794 natura
3498 741 3714 806 dicitur,

2143 826 2201 871 ut
2234 819 2330 872 hoc
2367 818 2501 875 loco.
2534 820 2788 877 Nondum
2816 826 2955 879 enim
2989 828 3170 881 anima
3215 839 3354 893 erat,
3382 832 3718 902 quandoqui-

2140 910 2256 964 dem
2287 928 2383 966 nec
2407 913 2580 969 homo.
2608 916 2786 971 Missa:
2822 920 2958 972 enim
2989 920 3123 988 [iant
3158 925 3433 977 naturales
3460 924 3542 979 Ine
3567 935 3720 996 atque

2141 1008 2461 1074 regelativte,
2503 1023 2620 1077 qua:
2666 1009 2953 1078 improprie
3014 1014 3208 1068 animle
3264 1032 3454 1070 nomen
3514 1018 3719 1071 sortito:

2139 1106 2287 1149 sunt.
2317 1098 2509 1152 Anima
2536 1100 2793 1170 siquidem
2826 1106 2901 1159 vis
2954 1118 3030 1159 est
3060 1109 3299 1177 organici
3337 1125 3575 1177 corporis
3606 1128 3624 1164 :
3656 1128 3720 1164 ac

2140 1196 2336 1260 plantte
2375 1211 2709 1266 nequaquam
2765 1213 2885 1254 sunt
2939 1206 3224 1271 organicas,
3280 1207 3372 1259 sed
3441 1211 3719 1263 naturales

2140 1280 2425 1347 duntaxat.
2457 1282 2607 1348 Quod
2648 1295 2823 1340 autem
2871 1301 3093 1343 utentem
3125 1306 3328 1347 omnem
3386 1310 3451 1348 ac
3507 1313 3721 1352 sensum

2140 1387 2346 1425 omnem
2375 1389 2409 1426 a
2467 1378 2643 1442 prima
2672 1389 2845 1431 mente
2871 1390 3152 1444 procreata
3192 1398 3303 1437 esse
3349 1385 3449 1449 ait,
3508 1402 3721 1456 carpere

2141 1462 2562 1519 ataueittsectari
2589 1467 2716 1519 nti/ti
2744 1468 2842 1522 Itoc
2872 1469 2987 1523 loco
3010 1473 3236 1536 videtur,
3266 1491 3383 1528 cum
3417 1477 3720 1535 Platonicus

2140 1554 2480 1621 imposturas,
2522 1565 2633 1609 tum
2683 1573 2747 1611 ea
2771 1574 2888 1627 qua:
2928 1559 3257 1618 Jamblicltus
3308 1575 3358 1618 et
3388 1565 3720 1637 Porphyrius

2138 1652 2184 1693 et
2226 1640 2450 1698 Proclus
2493 1645 2555 1700 tle
2589 1644 2887 1702 ctelestibus
2930 1650 3151 1717 sphwris
3192 1668 3319 1708 uane
3354 1667 3510 1722 atque
3549 1661 3721 1726 inepte

2139 1726 2524 1784 disseruerunt.
2597 1729 2791 1787 Omnia
2853 1737 3017 1800 enim,
3073 1754 3190 1807 qute
3247 1742 3378 1795 luna
3441 1748 3721 1813 superiora

528 1827 647 1883 Col.
678 1826 783 1882 650
836 1829 896 1883 υ.
931 1826 1209 1881 Enimvero
1256 1843 1402 1881 mens
1434 1826 1554 1896 jam
1599 1838 1648 1882 ει
1691 1842 1896 1893 “mm,
1928 1837 2036 1882 etc,
2073 1814 2113 1872 Β
2143 1828 2290 1885 sunt,
2332 1821 2513 1874 animo
2544 1824 2774 1891 prwdita
2800 1841 2914 1880 esse
2948 1831 3389 1895 pronuntiarunt.
3426 1834 3721 1910 Tlteologus

455 1920 563 1975 Per
592 1927 827 1975 mentem
864 1918 1109 1974 hocloco
1158 1919 1553 1990 intelligibilem
1606 1921 1891 1985 mundum,
1933 1920 2039 1974 hoc

455 2016 540 2065 est
566 2008 815 2078 angelos,
858 2006 1159 2077 signiﬁcat;
1198 2024 1293 2078 per
1323 2022 1547 2063 sensum
1571 2020 1777 2075 autem,
1801 2010 2039 2066 sensibi-

456 2101 596 2164 lem,
623 2100 808 2171 aitque
839 2117 853 2155 :
901 2100 966 2156 Hi
1000 2084 1109 2156 duo
1144 2101 1334 2155 mundi
1365 2101 1506 2156 inter
1547 2118 1606 2157 se
1634 2102 1866 2168 discreti~
1896 2103 2035 2158 intra

454 2196 708 2266 proprios
733 2195 866 2249 lines
882 2193 1282 2262 consistebant,
1301 2194 1406 2250 hoc
1424 2202 1530 2260 est,
1558 2196 1821 2264 peculiari
1849 2197 2035 2262 modo,

457 2299 625 2359 atque
668 2287 1008 2357 impermiste
1057 2287 1250 2353 creati,
1289 2297 1501 2342 natura:
1536 2303 1650 2343 suae
1682 2288 1822 2344 lines
1864 2289 2039 2345 haud.

458 2395 736 2452 quaquam
789 2379 1150 2436 excedebant.
1205 2377 1461 2436 Manebat
1493 2379 1639 2434 enim
1696 2381 2036 2436 intellectilis

458 2478 699 2532 mundus
722 2476 777 2530 in
814 2491 917 2531 suo
949 2474 1077 2541 line,
1113 2474 1374 2530 nimirum
1405 2474 1821 2530 utintellectilis
1858 2475 2034 2530 solum

459 2576 610 2625 esset
656 2586 670 2622 :
724 2582 790 2624 ac
851 2581 1044 2622 rursus
1091 2566 1371 2622 sensibilis
1425 2567 1478 2619 in
1528 2580 1628 2621 sua
1682 2568 2038 2634 permanebat

462 2669 678 2725 natura,
708 2666 1032 2726 tantumque
1070 2656 1350 2713 sensibilis
1406 2665 1547 2712 erat.
1599 2655 1773 2710 Porro
1810 2664 2037 2727 uterque

462 2750 726 2806 bonitatis
750 2761 803 2805 et
827 2749 1084 2819 potentiae
1124 2747 1244 2802 Filii
1281 2748 1375 2804 Dei
1410 2749 1674 2805 creatoris
1703 2750 1787 2806 sui
1824 2752 2036 2820 magni-

463 2842 739 2897 tieentiam
796 2841 850 2895 in
881 2842 1063 2912 scipso
1097 2841 1307 2896 ferebat
1365 2846 1532 2910 atque
1572 2840 1920 2904 ostendebat,
1973 2854 2037 2894 ac

464 2948 562 3003 per
601 2933 1072 2988 constructionem
1099 2933 1181 2987 sui
1211 2940 1373 3001 atque
1404 2930 1649 2987 ordinem
1679 2931 1858 2987 tat-itis
1887 2932 2035 2986 voci-

461 3028 567 3082 bus
603 3026 851 3096 opiltcem
885 3025 1235 3096 praedicabat,
1296 3023 1454 3094 juxta
1500 3025 1631 3079 illud
1667 3024 1838 3080 :Caali
1874 3041 2035 3080 enar-

461 3130 582 3174 rant
623 3118 854 3190 gloriam
901 3117 996 3172 Dei
1019 3116 1103 3183 M*;
1135 3125 1302 3187 atque
1355 3118 1521 3173 etiam
1580 3119 1737 3188 juxta
1779 3117 1832 3172 itl
1883 3117 2029 3188 quod

460 3209 723 3279 scriptum
752 3217 836 3264 est
871 3208 926 3263 in
989 3207 1128 3263 libro
1161 3208 1456 3278 Sapientia:
1487 3225 1501 3261 :
1531 3206 1616 3261 Ex
1669 3206 2037 3276 magnitudine

458 3309 510 3355 et
617 3299 1013 3371 pulchritudine
1084 3315 1284 3354 rerum
1364 3309 1669 3353 creaturam
1700 3336 1716 3361 ,
1809 3296 2038 3351 collatus

460 3409 582 3447 cum
653 3393 729 3447 eis
780 3407 967 3446 earum
1025 3390 1263 3459 eﬂ‘ector,
1321 3405 1387 3442 ac
1462 3388 1760 3454 fabricator
1825 3389 2037 3458 conspi-

459 3484 687 3539 citur".
730 3482 898 3553 Igitur
953 3481 1007 3536 hi
1055 3481 1167 3535 duo
1219 3481 1405 3535 mundi
1467 3482 1606 3535 inter
1660 3495 1721 3537 se
1775 3480 2038 3552 disjuncti

458 3586 618 3637 erant
649 3590 714 3631 ac
748 3572 1175 3640 circumscripti.
1211 3569 1469 3626 Nondum
1514 3580 1697 3628 autem
1752 3573 2039 3643 utriusque

460 3673 954 3738 temperamentum
1028 3662 1201 3717 ullum
1264 3671 1403 3729 erat,
1465 3671 1561 3718 aut
1635 3664 2037 3720 contrariorum

460 3759 716 3815 mistura.
779 3753 1067 3811 Contraria
1134 3753 1280 3807 enim
1343 3763 1472 3808 sunt
1515 3767 1670 3808 mens
1715 3764 1772 3809 et
1820 3769 2036 3819 sensus,

458 3850 629 3920 idque
661 3847 808 3917 quod
840 3845 1064 3900 materia
1100 3851 1405 3908 constat,et
1432 3844 1578 3913 quod
1610 3843 1835 3899 materia
1865 3855 2033 3900 caret.

458 3939 669 3996 Idcirco
700 3948 880 3993 autem
913 3934 1312 4004 temperamenti
1371 3935 1539 3990 verbo
1589 3950 1722 3993 usus
1777 3945 1882 4004 est,
1909 3940 2037 4009 quia

458 4047 557 4101 per
598 4043 827 4087 omnem
865 4028 1107 4083 hominis
1147 4028 1315 4083 vitam
1353 4027 1573 4083 animus
1621 4044 1653 4083 a
1685 4043 1914 4099 corpore
1954 4031 2035 4086 di.

456 4123 568 4180 vidi
595 4130 651 4178 et
681 4119 931 4191 separari
991 4133 1102 4174 non
1138 4126 1337 4189 potest.
1388 4115 1637 4174 Misturte
1682 4135 1814 4175 vero
1843 4136 2037 4176 nomen

458 4215 677 4286 adjecit,
726 4220 950 4283 propter
1007 4227 1126 4267 eam
1192 4213 1591 4283 separationem
1654 4226 1819 4282 quam
1880 4227 2032 4268 mors

460 4307 635 4365 aﬂ‘ert.
677 4307 813 4362 Nam
866 4322 990 4377 qua:
1030 4315 1429 4377 temperantur,
1467 4307 1871 4376 separationem
1933 4322 2034 4363 ne-

460 4403 666 4467 sciunt,
703 4398 970 4454 utvinum
1007 4406 1061 4452 et
1103 4413 1244 4468 aqua
1280 4413 1295 4450 :
1336 4412 1459 4467 quae
1486 4406 1667 4452 autem
1714 4398 2036 4463 miscentur,

2145 1921 2321 1965 autem
2352 1920 2582 1967 nondum
2619 1917 2886 1972 exstitisse
2945 1921 3184 1977 animum
3217 1925 3388 1991 docet,
3437 1945 3557 1985 cum
3605 1933 3719 2001 jam

2144 2003 2362 2072 spitatrte
2395 2020 2572 2059 omnes
2603 2018 2796 2062 creata:
2837 2023 3034 2067 essent.
3063 2011 3189 2068 Jam
3243 2033 3363 2072 vero
3395 2021 3483 2073 ltic
3525 2024 3726 2093 opiﬁcis“

2145 2109 2332 2149 moans
2379 2096 2615 2151 diversus
2662 2109 2739 2152 est
2774 2100 2839 2153 ab
2872 2118 2954 2166 eo,
3001 2120 3155 2173 quem
3198 2107 3369 2165 ὦ·ωεὶ
3425 2113 3720 2185 philosophi

2145 2185 2507 2242 introducunt.
2544 2189 2689 2243 Nam
2738 2192 2843 2257 illi,
2898 2210 2992 2249 nec
3050 2196 3257 2267 Deum,
3300 2218 3393 2257 nec
3447 2215 3718 2276 naturam,

2144 2278 2444 2333 immediate
2469 2280 2752 2351 quidquam
2780 2285 2955 2352 facere
2983 2300 3247 2359 asserunt,
3286 2310 3351 2348 ac
3380 2299 3603 2365 proinde
3631 2317 3721 2356 nec

2143 2378 2258 2435 post
2285 2380 2511 2425 mentem
2544 2374 2790 2443 protinus
2844 2395 3055 2432 sensum
3087 2383 3332 2453 gignunt,
3362 2389 3454 2442 sed
3490 2393 3719 2459 primum

2144 2457 2451 2525 deifarmem
2482 2473 2725 2530 mentem,
2757 2468 2945 2524 deinde
2973 2475 3375 2543 particularem,
3401 2496 3495 2535 nec
3525 2484 3717 2539 diuinte

2145 2552 2333 2605 utentis
2371 2557 2706 2625 participem,
2753 2572 2869 2626 post
2912 2565 3142 2618 animam
3196 2573 3382 2625 mentis
3409 2585 3718 2644 compotem,

2144 2648 2253 2693 tum
2292 2643 2598 2712 simpliciter
2636 2650 2893 2718 animant,
2923 2665 3106 2718 postea
3139 2667 3414 2731 naturam,
3458 2673 3615 2734 atque
3644 2643 3721 2721 ita

2143 2740 2403 2796 postremo
2462 2750 2696 2791 sensum.
2736 2741 2802 2792 At
2853 2759 3075 2813 magnus
3135 2744 3219 2800 hic
3283 2747 3448 2804 Pater
3499 2758 3720 2809 summis

2144 2823 2352 2876 naturis
2374 2828 2665 2893 procreatis
2699 2831 2775 2884 ittt
2804 2832 3012 2888 demum
3046 2841 3249 2894 medias
3286 2857 3318 2895 a
3355 2840 3461 2896 Deo
3522 2847 3720 2914 produ-

2147 2927 2260 2968 ctas
2295 2933 2404 2972 esse
2434 2920 2530 2974 ait.
2558 2920 2768 2976 Etenim
2803 2936 2860 2978 ut
2892 2928 2975 2981 illi
2997 2932 3252 2986 rationem
3281 2935 3485 3001 ineunt,
3506 2951 3715 2994 natura:

2145 3006 2319 3060 ordini
2331 3007 2585 3067 snbseruit
2608 3012 2747 3070 Deus
2763 3031 2783 3067 :
2796 3026 2852 3070 ut
2867 3029 3043 3074 autem
3063 3024 3210 3077 docet
3250 3026 3335 3079 hic
3364 3036 3569 3095 auctor,
3583 3033 3721 3085 ratio

2143 3116 2300 3168 quant
2352 3103 2408 3155 in
2454 3119 2631 3159 rerum
2665 3111 2929 3165 creatione
2971 3116 3161 3183 tenuit,
3193 3126 3402 3173 natura:
3446 3119 3583 3190 leges
3630 3139 3723 3177 stt-

2064 3168 2109 3228 c
2137 3199 2309 3258 perat.

2209 3283 2328 3336 Col.
2359 3283 2457 3339 631
2496 3286 2562 3340 A.
2605 3287 2718 3344 Hoc
2748 3292 2911 3362 igitur
2939 3311 3059 3350 cum
3085 3299 3283 3369 artifex
3328 3300 3577 3369 Verbum,
3604 3312 3713 3358 etc.

2140 3370 2449 3441 Quoniam,
2538 3378 2756 3450 inquit,
2820 3389 3225 3444 contrariorum
3301 3395 3710 3462 permistionctn

2139 3462 2254 3519 ﬁeri
2288 3467 2599 3538 Oportebat,
2638 3487 2704 3528 ac
2756 3476 2918 3531 veluti
2972 3482 3710 3556 commissuramquamdam

2138 3561 2192 3607 ct
2232 3557 2636 3626 colligationem
2701 3565 2929 3621 visibilis
2991 3579 3046 3623 et
3110 3571 3404 3630 invisibilis
3485 3587 3711 3646 naturae,

2139 3644 2301 3700 talem
2340 3648 2616 3705 hominem
2677 3656 2920 3711 condidit
2953 3656 3123 3715 Filius
3155 3661 3273 3725 Dei,
3301 3667 3506 3722 animal
3546 3644 3713 3722 unum

2137 3755 2204 3794 ex
2245 3740 2462 3796 duabus
2518 3745 2734 3801 naturis
2787 3752 3148 3819 compositum
3187 3764 3350 3823 atque
3395 3758 3712 3824 conﬂatum,

2139 3846 2338 3901 corpus
2384 3834 2605 3903 quidem
2644 3853 2712 3891 ex
2743 3847 2918 3904 terra,
2945 3857 3066 3911 qua:
3103 3844 3216 3912 jam
3256 3857 3440 3902 creata
3471 3860 3589 3905 erat
3632 3852 3711 3906 ei-

2139 3924 2370 3993 lingens,
2413 3940 2444 3978 a
2469 3926 2651 3995 scipso
2683 3937 2865 3984 autem
2894 3931 3230 4001 spiraculum
3261 3935 3528 3994 inserens.
3559 3940 3715 4008 Quod

2139 4025 2319 4069 autem
2350 4017 2504 4084 dicit,
2550 4035 2584 4072 a
2619 4021 2812 4089 seipso,
2863 4039 2972 4078 non
3026 4024 3171 4082 idem
3207 4030 3480 4100 significat
3509 4033 3652 4103 quod
3681 4050 3714 4090 a

2140 4120 2238 4159 sua
2293 4105 2646 4174 substantia,
2699 4114 3157 4182 quemadmodum
3233 4122 3486 4178 nonnulli
3536 4125 3716 4180 dicere

2139 4196 2263 4249 ausi
2299 4208 2449 4262 sunt,
2484 4199 2580 4254 sed
2614 4200 2682 4254 ab
2715 4200 2991 4261 cliectrice
3025 4220 3079 4260 et
3115 4206 3463 4267 fabricatrice
3485 4228 3585 4268 sua
3624 4230 3718 4284 po-

2141 4287 2329 4340 tentia.
2378 4289 2591 4360 Corpus
2639 4292 2785 4347 enim
2837 4310 2907 4350 ex
2956 4297 3276 4369 sultjaccnte
3314 4306 3566 4369 materia,
3598 4307 3717 4360 ani-

2140 4394 2282 4433 mam
2315 4392 2496 4436 autem
2527 4398 2558 4438 a
2588 4385 2735 4440 nulla
2768 4400 2827 4442 re
2860 4391 3116 4460 sumpsit,
3141 4394 3235 4448 sed
3264 4408 3332 4449 ex
3367 4395 3541 4450 nihilo
3561 4411 3718 4451 crea-

459 4501 689 4563 possunt
731 4490 997 4561 separari,
1058 4500 1119 4544 ut
1175 4490 1421 4544 triticum
1459 4497 1512 4543 et
1547 4489 1833 4544 hordeum.
1867 4490 2034 4544 Porro
2061 4511 2114 4571 ι)
2143 4474 2256 4571 Ψ·-
2298 4475 2483 4571 Mum?
2532 4487 2714 4571 θυιέιη
2787 4483 3100 4540 "Ominibus
3159 4489 3462 4558 ενρειιιιυτ
3510 4493 3711 4545 amma-

460 4582 577 4637 lnec
609 4582 1015 4636 contrariorum
1053 4580 1284 4636 mistura
1333 4578 1562 4649 majoris
1612 4579 1893 4649 sapientiae
1937 4580 2033 4634 Dei

462 4673 681 4741 signum
704 4670 917 4726 editura
946 4677 1088 4734 erat,
1118 4680 1285 4739 atque
1309 4676 1630 4739 argumento
1658 4669 1863 4735 futura,
1889 4668 2037 4738 quod

461 4762 646 4816 varias
663 4760 827 4816 etiam
857 4772 912 4815 et
943 4761 1272 4830 multiplices
1308 4769 1534 4814 naturas
1568 4759 1789 4815 allicere
1833 4770 2039 4828 posset,

464 4868 528 4906 ac
559 4848 797 4918 profusa:
822 4849 997 4918 ipsius
1021 4848 1285 4904 bonitatis
1314 4848 1589 4918 specimen
1618 4847 1948 4904 exhibitura.

532 4937 794 4993 Pssuma.
824 4933 978 4989 Mens
1032 4942 1087 4987 et
1132 4949 1347 4988 sensus.
1384 4933 1663 4989 Parentem
1704 4935 1863 5002 huius
1914 4938 2034 4991 uni-

461 5027 729 5083 versitatis
755 5024 1001 5080 selectam
1058 5034 1106 5079 et
1165 5024 1457 5094 principem
1513 5033 1738 5079 mentem
1790 5043 1923 5094 esse,
1954 5029 2034 5084 uel

461 5118 636 5188 potius
663 5117 855 5181 Deum,
884 5126 945 5171 et-
967 5115 1196 5183 Bonum,
1231 5126 1280 5169 et
1314 5114 1513 5179 Unum,
1545 5120 1718 5171 omnia
1740 5135 1856 5190 qua:
1885 5132 2031 5189 sunt,

462 5217 512 5261 et
555 5206 684 5260 nihil
705 5221 887 5261 eorum
913 5222 1029 5275 qua:
1063 5217 1204 5272 sunt,
1226 5220 1273 5260 et
1319 5222 1480 5277 supra
1507 5223 1569 5261 ea
1590 5224 1706 5279 qua:
1728 5219 1875 5277 sunt,
1899 5222 1947 5264 et
1979 5212 2033 5263 in

462 5299 530 5351 iis
563 5310 682 5367 quo:
714 5305 837 5349 sunt
880 5295 1269 5349 existimamus.
1299 5295 1438 5367 Ergo
1487 5298 1543 5350 in
1583 5298 1677 5351 hoc
1716 5315 1821 5354 uno
1855 5302 2032 5353 omnia

460 5391 690 5456 inerant,
726 5399 836 5442 tam
861 5388 1216 5451 intellectilia,
1247 5405 1406 5458 quam
1436 5390 1676 5456 sensilia,
1708 5406 1798 5444 nec
1822 5407 2032 5460 separa-

463 5480 576 5544 tim,
609 5494 701 5533 nec
741 5477 977 5548 confuse.
1016 5479 1197 5549 Neque
1248 5484 1405 5545 enim,
1448 5490 1503 5533 ut
1550 5479 1668 5544 illa,
1702 5483 1793 5535 sed
1825 5491 1882 5533 ut
1919 5481 2029 5546 ille,

459 5573 763 5641 hujusmo.!i
803 5575 929 5627 unio
978 5583 1114 5628 erat.
1182 5570 1358 5639 Igitur
1400 5588 1517 5624 cum
1559 5573 1738 5625 onznia
1797 5573 1852 5624 in
1892 5569 2027 5638 Uno,

458 5666 598 5735 quod
636 5677 759 5719 ante
781 5667 960 5720 omnia
986 5676 1084 5727 est,
1122 5665 1281 5718 simul
1311 5671 1507 5728 essent,
1542 5674 1725 5732 postea
1762 5677 2035 5733 processe-

2147 4566 2352 4629 Dicitur
2376 4569 2522 4621 enim
2565 4570 2926 4640 spiraculum,
2972 4575 3131 4645 juxta
3179 4579 3315 4634 illud
3353 4598 3366 4633 :
3409 4580 3717 4650 lnsufﬂarit

2139 4657 2192 4710 in
2246 4658 2436 4728 faciem
2491 4661 2608 4730 ejus
2660 4665 2991 4732 spiraculum
3042 4669 3163 4724 vita:
3189 4669 3259 4724 “.
3298 4672 3513 4729 Dicitur
3551 4677 3717 4729 etiam

2139 4747 2344 4812 anima,
2388 4761 2447 4803 ut
2485 4751 2589 4807 hoc
2636 4752 2757 4808 loco
2792 4768 2807 4808 :
2844 4756 2913 4810 Et
2939 4759 3119 4827 {actus
3149 4771 3228 4815 est
3261 4761 3319 4815 in
3360 4765 3602 4817 animam
3637 4768 3719 4819 ri-

2140 4848 2339 4892 ventem
2369 4841 2435 4896 ⁵⁷.
2464 4840 2599 4896 item
2639 4844 2821 4914 imago
2847 4846 2940 4903 Dei
2969 4861 3216 4917 vocatur,
3250 4853 3407 4923 juxta
3437 4856 3568 4911 illud
3597 4876 3611 4913 :
3637 4859 3719 4911 Ad

2138 4931 2420 5000 imaginem
2457 4932 2581 5001 fecit
2606 4951 2723 4989 eum
2753 4937 2818 4991 ⁸⁸.
2860 4940 3034 4994 Porro
3064 4942 3195 4997 illud
3226 4960 3239 4998 :
3277 4947 3359 4998 Ad
3393 4948 3716 5017 imaginem;

2140 5023 2475 5093 intelligendi
2535 5029 2642 5081 vim
2702 5030 3024 5103 arhitriique
3076 5036 3385 5093 libertatem
3438 5042 3710 5105 ostendit;

2144 5115 2215 5170 ad
2248 5118 2656 5173 similitudinem
2699 5133 2907 5190 autem,
2940 5110 3177 5192 Virtutis,
3205 5130 3384 5198 quoad
3432 5133 3553 5200 ejus
3601 5140 3714 5185 heri

2142 5218 2341 5276 potest,
2378 5208 2767 5267 imitationem.
2800 5211 3228 5272 lntellectualem
3261 5228 3443 5274 autem
3474 5223 3711 5274 animam

2140 5297 2181 5350 Τ
2189 5300 2449 5370 heologns
2483 5301 2655 5366 dixit,
2683 5302 2749 5358 ad
2782 5305 3143 5361 diﬂ‘erentiam
3179 5311 3378 5364 anima:
3424 5314 3709 5365 brutOrum

2139 5393 2519 5458 animantium,
2537 5411 2657 5465 quae
2679 5398 2954 5455 sensibilis
2976 5409 3082 5455 est.
3113 5400 3204 5457 Sic
3237 5403 3401 5473 igitur
3422 5403 3512 5457 Dei
3543 5403 3710 5458 Filius

2141 5484 2414 5539 hominem
2456 5484 2788 5555 fabricatus,
2821 5490 2975 5559 quasi
3019 5493 3185 5546 alium
3220 5500 3515 5563 quemdam
3549 5511 3709 5549 mun-

2138 5578 2266 5629 dum
2299 5577 2365 5631 ab
2390 5595 2454 5629 eo
2480 5578 2573 5649 qui
2610 5591 2827 5649 aspectu
2873 5586 3126 5648 sentitur,
3156 5586 3335 5655 ipsum
3366 5588 3418 5641 in
3445 5604 3512 5642 eo
3540 5590 3713 5641 collov

2145 5680 2253 5735 cat,
2292 5683 2547 5737 magnum
2585 5671 2844 5727 nimirum
2876 5674 2931 5729 in
2970 5691 3153 5733 narro.
3190 5680 3712 5745 Deutoezit..senim.

530 5788 577 5819 “
608 5786 757 5843 Psal.
795 5802 949 5855 xvm,
988 5788 1038 5843 1.
1116 5787 1310 5858 "Sap.
1350 5802 1470 5854 xm,
1508 5785 1561 5841 5.
1642 5789 1683 5819 "
1722 5786 1859 5846 Gen.
1893 5805 1954 5860 tt,
1990 5791 2042 5848 7.
2121 5794 2162 5825 "'
2195 5791 2329 5847 ibid.
2407 5789 2451 5824 ⁸⁸
2477 5789 2611 5846 Gen.
2652 5808 2689 5859 1,
2719 5793 2807 5849 27.
