4048 6278
391 339 527 407 1329

1351 352 1671 417 manus
1716 352 1797 417 IN
1839 355 2065 419 ORAT.
2111 360 2275 421 XLII
2318 360 2381 424 ε.
2423 365 2652 425 anns.
2696 350 2702 355 '

3482 336 3658 455 me

387 496 512 535 cum
546 486 748 539 mundo
774 483 829 539 in
859 488 1144 545 oculorum
1169 507 1391 548 sensum
1423 496 1653 553 cadente
1675 498 1957 553 hominem
1992 483 2030 536 Α
2063 482 2340 548 imiimi!»
2372 499 2435 538 π
2495 500 2589 553 ρετ
2643 492 2873 539 mortem
2930 493 3168 554 δοιιπῦῑι
3223 500 3526 556 τιιτειιείιιιο
3582 489 3637 542 ίη

383 590 731 642 comparans,
753 580 949 649 μικρὸν
970 583 1195 656 κόσμον,
1220 586 1272 641 id
1312 596 1396 642 est
1431 606 1652 659 parvum
1676 592 1954 659 mundum,

381 679 508 719 cum
540 665 877 732 nominabat,
905 672 1047 727 velut
1070 688 1135 728 ex
1165 676 1355 732 mundi
1384 679 1671 738 clementis
1698 693 1956 737 constan-

383 768 512 811 tcm.
568 760 637 812 At
683 763 958 817 contrario
999 765 1160 835 plane
1216 769 1378 823 modo
1427 786 1659 842 magnus
1716 773 1956 828 mundus

382 849 548 903 hoino
578 849 843 908 dicendus
873 864 976 918 est,
1008 866 1196 928 utpote
1224 860 1317 929 qui
1348 870 1402 916 et
1427 878 1489 918 ea
1516 866 1697 919 omnia
1735 864 1952 932 habeat,

381 957 501 1009 quae
532 944 808 1001 sensibilis
858 948 1116 1016 mundus,
1147 966 1211 1005 ac
1241 963 1500 1022 praeterea
1535 954 1954 1012 intellectualem

379 1044 433 1088 et
457 1035 775 1089 rationalem
806 1039 1070 1105 animam,
1102 1042 1172 1096 ob
1203 1057 1365 1111 quam
1397 1052 1452 1100 ct
1482 1047 1708 1116 angelus
1740 1064 1956 1119 quoque

380 1125 522 1181 alius
545 1136 647 1192 est,
680 1126 772 1183 Dei
819 1130 1097 1198 adorator,
1133 1135 1329 1192 mistus
1366 1152 1432 1193 ex
1463 1138 1677 1197 duabus
1719 1143 1951 1208 naturis,

381 1217 651 1273 visibilem
699 1221 920 1290 quidem
956 1235 1207 1282 naturam
1232 1269 1248 1293 ,
1286 1229 1341 1284 in
1374 1246 1593 1287 sensum
1641 1234 1952 1300 cadentem,

378 1312 553 1368 oculis
594 1329 871 1371 eerncns:
913 1316 1271 1390 intelligibilia
1329 1332 1508 1378 autem
1567 1340 1634 1380 ac
1710 1328 1955 1382 coelestia

379 1420 487 1458 non
534 1420 792 1471 cernens,
828 1408 926 1464 sed
959 1411 1027 1467 iis
1072 1412 1337 1479 initiatus,
1363 1428 1417 1472 et
1471 1433 1658 1473 eorum
1711 1420 1954 1491 quidem,

379 1513 501 1566 quas
531 1514 560 1552 a
605 1497 714 1553 Deo
754 1500 807 1554 in
857 1511 998 1558 terra
1038 1506 1256 1560 condita
1303 1519 1432 1563 sunt
1463 1512 1828 1581 principatum
1865 1530 1955 1583 ge-

380 1604 528 1653 rens,
570 1590 682 1655 ipse
720 1602 900 1646 autem
950 1594 1043 1648 Dei
1085 1596 1311 1664 imperio
1360 1602 1680 1669 subjectus,
1712 1606 1956 1660 mortalis

378 1680 811 1752 immortalisquc
860 1699 1066 1740 natura:
1109 1690 1361 1745 conlinis.
1401 1691 1607 1747 Medius
1645 1694 1789 1750 inter
1840 1712 1955 1751 Ina-

2063 577 2466 631 resurrcrtione
2494 577 2871 644 excellentius,
2924 594 3085 647 quam
3138 580 3316 648 primo
3347 578 3439 633 illo
3471 595 3640 639 nexu,

2059 668 2463 723 constricturns
2504 677 2607 734 est,
2649 669 2777 737 quia
2811 670 2923 740 jam
2975 684 3072 724 nec
3126 670 3233 724 ulla
3268 670 3490 736 solutio,
3541 688 3641 726 nec

2060 759 2379 825 coniunctio
2412 759 2593 815 futura
2623 771 2728 816 est.

2131 849 2247 905 Col.
2275 850 2371 906 651
2406 851 2464 904 Β.
2502 852 2634 906 Illud
2677 860 2737 907 ut
2783 862 3020 919 maneat,
3067 862 3169 908 etc.
3214 851 3405 907 Anima
3436 854 3491 907 in
3526 866 3635 906 sta-

2060 942 2265 996 bilitate
2290 954 2339 997 et
2371 947 2670 998 constantia
2701 953 2856 1015 atque
2878 946 3153 1001 identitate
3182 946 3394 999 condita
3426 946 3599 1016 fuerat
3620 970 3641 1009 ,-

2060 1048 2253 1100 σοι-ρων
2296 1044 2469 1087 autem
2507 1036 2560 1088 in
2593 1036 2885 1089 mutatione
2912 1048 3069 1108 alque
3100 1038 3435 1092 alteratione.
3468 1038 3641 1108 Atque

2061 1136 2116 1179 ut
2152 1127 2208 1180 in
2239 1142 2420 1197 genere
2453 1126 2653 1191 dicam,
2696 1144 2883 1198 corpus
2922 1131 3131 1200 quidem
3166 1130 3442 1200 a/fectibus
3483 1140 3639 1185 antea

2059 1219 2467 1290 haudquaquam
2497 1221 2697 1274 vitiosis
2730 1221 3021 1291 subjectum
3056 1232 3169 1277 erat
3203 1241 3221 1278 :
3250 1224 3429 1277 anima
3461 1238 3640 1277 autem

2060 1310 2125 1364 ab
2159 1310 2467 1379 hujusmodi
2511 1312 2672 1365 etiam
2725 1312 3000 1381 a/I‘ectibus
3050 1315 3300 1368 immunis
3335 1324 3470 1369 erat.
3501 1314 3637 1368 Pro-

2059 1402 2181 1457 inde
2225 1405 2405 1457 anima
2446 1404 2502 1457 in
2557 1405 2752 1473 seipsa,
2792 1403 2930 1459 velut
2966 1405 3018 1458 in
3052 1405 3341 1475 exemplari
3368 1404 3637 1462 Creatoris

2058 1495 2141 1546 sui
2173 1494 2423 1563 imagine,
2449 1495 2654 1548 divinas
2682 1496 2882 1564 [armas
2923 1497 3273 1565 conspiciens,
3300 1497 3640 1555 Conditorem

2057 1604 2208 1639 suum
2257 1587 2554 1641 celebrabat
2602 1597 2757 1658 atque
2814 1587 3094 1654 laudabat,
3125 1588 3204 1643 vel
3230 1606 3321 1659 per
3366 1591 3639 1659 propriam

2057 1678 2412 1733 constantiam
2462 1689 2515 1732 et
2564 1680 2947 1734 immutabilem
3002 1680 3356 1745 identitatem,
3402 1684 3638 1738 eamdem

377 1774 712 1842 gnitudinem
741 1788 793 1831 ει
812 1778 1199 1845 humilitatem,
1235 1783 1317 1838 vel
1359 1794 1415 1839 ut
1450 1785 1591 1842 inter
1623 1788 1946 1845 immortali-

2058 1785 2261 1839 quoque
2314 1770 2377 1825 de
2426 1770 2613 1840 opiﬁce
2665 1787 2759 1825 suo
2809 1772 3103 1841 opinionem
3169 1771 3415 1828 habebat.
3464 1773 3637 1828 Homo

378 1874 544 1921 tatem
577 1876 633 1922 et
660 1870 1041 1925 mortalitatem
1076 1873 1307 1940 pesitus.
1344 1890 1409 1930 ac
1442 1891 1543 1932 nec
1576 1878 1680 1934 hoc
1713 1883 1951 1951 preprie,

379 1973 479 2013 nec
516 1959 645 2014 illud
677 1962 959 2031 (utrinque
992 1965 1138 2019 cnim
1182 1966 1439 2022 libratum
1473 1985 1596 2026 eum
1630 1973 1770 2030 Deus
1798 1990 1952 2031 Creao

385 2048 483 2115 vit,
520 2049 772 2105 videlicet
801 2051 1102 2110 observans
1130 2066 1307 2113 utram
1361 2058 1412 2113 in
1461 2069 1668 2130 partem
1716 2079 1951 2134 propen-

380 2138 532 2209 deat)
572 2141 655 2197 vel
699 2151 757 2196 ut
781 2142 943 2198 simul
967 2154 1023 2200 et
1053 2147 1445 2215 magnitudinis
1487 2160 1698 2208 natura:
1737 2154 1950 2210 intelle-

374 2231 519 2287 ctilis
571 2243 625 2288 et
674 2234 1001 2292 humilitatis
1059 2248 1269 2295 natura:
1327 2242 1600 2299 sensibilis
1651 2245 1949 2318 particeps.

372 2326 550 2395 Atque
581 2326 719 2382 idem
775 2329 1004 2399 spiritus
1041 2341 1094 2385 et
1132 2346 1262 2387 caro
1293 2342 1396 2389 est.
1439 2333 1678 2404 Spiritus
1726 2340 1945 2408 quidem

372 2415 556 2470 anima
584 2424 669 2472 est
695 2428 913 2487 propter
935 2420 1193 2490 gratiam,
1226 2430 1284 2474 nt
1314 2423 1640 2480 immortalis
1661 2427 1757 2494 sit,
1793 2430 1952 2483 tanti-

371 2520 480 2573 que
509 2507 756 2563 benelleii
788 2523 1069 2565 auctorem
1101 2510 1286 2569 laudet
1315 2532 1329 2569 :
1362 2529 1492 2570 caro
1520 2525 1702 2573 autem
1731 2532 1950 2588 prapter

371 2597 683 2666 superbiam
709 2637 727 2663 ,
785 2612 846 2655 ut
901 2615 996 2671 per
1047 2618 1246 2674 corpus
1289 2605 1548 2674 patiatur,
1579 2622 1644 2663 ac
1688 2609 1949 2678 patiendo

372 2688 786 2755 submouentur,
828 2692 973 2761 quod
1007 2703 1151 2749 terra
1194 2705 1299 2757 est,
1325 2704 1489 2767 atque
1518 2699 1615 2765 ita,
1649 2701 1695 2756 si
1730 2702 1949 2770 quando

370 2788 591 2850 propter
631 2791 867 2838 mentem
896 2784 1190 2852 eﬂ‘eratur,
1242 2795 1461 2858 propter
1486 2797 1690 2847 terram
1720 2792 1946 2863 dejicie-

371 2882 483 2928 tur.
515 2874 735 2931 Animal
782 2877 837 2931 in
870 2880 1122 2947 prasenti
1170 2880 1392 2950 quidem
1438 2882 1550 2938 vita
1600 2898 1697 2954 per
1738 2895 1943 2941 certam

371 2967 770 3035 providentiam
803 2969 991 3025 vivens
1035 2969 1090 3025 et
1132 2972 1495 3041 gubernatum
1533 2990 1549 3028 :
1584 2975 1649 3030 ad
1700 2975 1944 3031 futurum

370 3066 552 3113 autem
575 3061 837 3115 saeculum
875 3061 1298 3132 transmigrans.
1340 3062 1494 3130 Quod
1533 3064 1577 3118 si
1607 3065 1731 3135 quis
1754 3067 1945 3123 dicat:

372 3148 660 3217 Quomodo
703 3150 866 3220 igitur
913 3153 1181 3219 Adamus,
1252 3156 1497 3211 nondum
1553 3156 1762 3226 lapsus,
1821 3159 1944 3213 talis

371 3242 596 3297 ell'ectus
640 3252 725 3300 cst
779 3242 1046 3314 (nondum
1114 3245 1260 3299 enim
1323 3248 1518 3303 mortis
1582 3250 1944 3305 sententiain

369 3347 495 3386 eum
518 3335 867 3403 pronuntiata
914 3333 1111 3404 fuerat)
1137 3344 1197 3390 ut
1222 3346 1443 3406 propter
1470 3353 1673 3407 corpus
1702 3341 1946 3397 mortalis

355 3429 543 3490 esset,
574 3436 627 3481 et
677 3436 901 3498 propter
948 3428 1187 3484 animam
1242 3429 1607 3486 immortalis?
1649 3432 1943 3487 Dicendum

372 3515 497 3570 ideo
530 3515 732 3572 factum
765 3533 909 3585 esse,
940 3520 1069 3590 quia
1114 3519 1258 3575 Deus
1286 3518 1527 3576 futuram
1563 3521 1737 3592 ipsius
1769 3531 1945 3579 trans-

371 3606 737 3673 gressionem,
766 3621 1107 3679 mortemque
1140 3612 1209 3664 ab
1232 3627 1295 3666 ea
1328 3624 1764 3681 promanantem,
1807 3629 1947 3684 prte-

371 3694 598 3760 sciebat,
649 3699 864 3753 tametsi
904 3699 1141 3754 medium
1198 3700 1340 3755 inter
1384 3702 1850 3758 immortalitatem
1893 3714 1946 3758 et

372 3787 758 3842 mortalitatem
809 3788 986 3857 ipsum
1035 3792 1322 3846 creaverit.
1360 3794 1452 3847 Vel
1501 3796 1667 3848 etiam
1726 3805 1945 3864 propter

371 3880 681 3935 universam
714 3882 904 3937 Adamn
939 3884 1333 3951 posteritatem,
1354 3886 1437 3939 vel
1471 3894 1529 3940 ut
1557 3886 1702 3942 illius
1736 3896 1944 3942 naturae

372 3972 712 4043 participem,
738 3973 854 4030 haec
903 3975 1066 4029 verba
1109 3975 1333 4045 protulit
1388 3974 1714 4046 Theolocgus.
1750 3978 1946 4032 Extreo

372 4078 547 4129 nium,
581 4064 778 4135 inquit,
809 4066 1074 4136 mysterii,
1129 4067 1235 4122 hoc
1278 4075 1382 4132 εει,
1415 4076 1475 4122 ut
1510 4069 1673 4124 homo
1709 4079 1843 4124 nutu
1890 4081 1945 4126 et

371 4158 724 4214 subvectione
751 4159 819 4214 ad
864 4161 1032 4215 Deum
1085 4160 1213 4216 deus
1244 4160 1527 4216 elIiciatur.
1561 4162 1728 4219 Deum
1760 4172 1942 4219 autem

372 4248 513 4316 lieri,
567 4257 650 4303 est
698 4248 1118 4327 illuminatjonis
1166 4250 1366 4307 divinae
1411 4254 1732 4323 participem
1777 4255 1940 4310 lieri:

370 4356 480 4394 non
520 4350 699 4395 autem
748 4342 815 4396 ad
857 4343 1096 4397 divinam
1140 4343 1437 4399 essentiam
1480 4345 1737 4416 migrare.
1771 4346 1942 4404 Porro

372 4434 608 4490 hominis
633 4434 701 4489 ad
744 4433 911 4489 Deum
943 4436 1245 4499 subvectio,
1278 4438 1557 4492 industriae
1580 4455 1644 4495 ac
1677 4441 1942 4496 sedulita-

372 4527 443 4581 tis
477 4526 639 4597 hujus
686 4529 812 4582 vita:
856 4542 993 4596 opus
1034 4536 1119 4582 est
1150 4544 1166 4585 :
1200 4528 1710 4600 divinitatisjautem
1747 4548 1941 4587 conse-

368 4620 539 4685 cutio,
593 4618 759 4674 futuri
808 4620 992 4675 saeculi
1041 4621 1341 4685 praemium.
1394 4620 1531 4677 Nam
1565 4638 1691 4679 cum
1745 4626 1798 4679 in
1846 4626 1941 4682 Dei

368 4710 723 4781 materimque
770 4710 1007 4764 conﬁnio
1051 4711 1214 4781 positi
1260 4711 1467 4778 simus,
1513 4713 1559 4768 si
1599 4713 1820 4783 quidem
1873 4718 1940 4771 ad

367 4802 648 4858 materiam
702 4802 1061 4870 declinemus,
1110 4802 1282 4859 crassi
1336 4818 1402 4859 ac
1462 4805 1766 4861 inateriales
1818 4824 1833 4861 :
1893 4807 1940 4863 si

367 4901 550 4948 autem
581 4894 646 4947 ad
691 4893 861 4950 Deum
905 4893 1227 4962 tendamus,
1264 4895 1435 4951 divini
1468 4906 1633 4968 atque
1677 4898 1813 4954 adeo
1864 4898 1939 4954 dii

373 4985 747 5040 nominamur.
779 4984 858 5040 Eo
897 4986 1099 5041 etenim
1149 4985 1286 5042 mihi
1322 4989 1492 5044 tendit
1522 4991 1717 5061 exigua
1778 4990 1941 5060 hujus

366 5076 493 5132 vita:
521 5078 762 5147 cognitio
791 5078 1144 5148 veritatisque
1174 5081 1475 5150 perceptio,
1502 5091 1562 5137 ut
1597 5082 1689 5139 Dei
1720 5083 1940 5141 clarita-

368 5179 477 5224 tem
509 5169 743 5236 videam,
772 5185 947 5241 eaque
998 5171 1221 5228 alliciar.
1263 5170 1737 5240 Quemadmodum
1789 5178 1936 5232 enim

369 5261 422 5317 id
463 5259 609 5331 quod
663 5262 775 5332 igni
824 5263 1192 5333 propinquum
1240 5273 1357 5330 est,
1411 5280 1643 5336 eamque
1686 5275 1938 5323 naturam

368 5352 567 5417 habet,
601 5362 659 5407 ut
706 5354 964 5424 patiatur,
1010 5354 1281 5410 ﬂammam
1331 5358 1572 5428 concipit
1609 5375 1623 5412 :
1660 5357 1741 5414 sic
1772 5360 1938 5415 etiam

365 5445 535 5499 animi
562 5444 617 5499 in
655 5445 758 5501 hac
790 5447 900 5501 vita
930 5447 998 5502 ad
1045 5446 1214 5502 Deum
1255 5449 1464 5505 erectio
1493 5461 1653 5520 atque
1701 5450 1939 5521 conjun-

313 5563 317 5567 -
367 5536 479 5591 ctio
527 5535 721 5593 futura:
761 5539 886 5594 vitae
913 5538 1308 5595 deilieationem
1351 5541 1513 5596 nobis
1541 5541 1820 5609 conciliat,
1850 5542 1938 5598 di-

368 5640 529 5696 gnam
559 5627 688 5693 Deo,
720 5629 815 5700 qui
847 5630 1085 5685 animam
1108 5644 1231 5685 cum
1257 5644 1489 5700 corpore
1517 5631 1673 5702 quasi
1703 5632 1935 5690 vinculis

444 5783 557 5857 (ιδ)
586 5785 708 5842 llaec
734 5785 984 5842 videntur
1029 5804 1149 5845 esse
1176 5785 1353 5843 Pselli.

2056 1861 2242 1932 igitur,
2272 1862 2367 1917 hoc
2404 1874 2503 1928 est,
2530 1862 2628 1917 illa
2654 1864 2889 1932 corporis
2922 1864 3219 1934 anima'que
3243 1866 3492 1929 mistura,
3516 1883 3637 1920 cum

2056 1957 2235 2012 omnia
2273 1974 2370 2012 sua
2398 1957 2565 2028 ipsius
2586 1975 2745 2011 causa
2783 1959 2931 2027 facta
2966 1975 3073 2013 esse
3104 1969 3360 2025 cerneret,
3400 1960 3469 2014 ad
3499 1959 3637 2014 hunc

2057 2052 2295 2104 morbum
2327 2050 2554 2119 fortasse
2605 2050 2973 2121 impellebatur
2994 2092 3009 2116 ,
3037 2061 3094 2105 ut
3121 2069 3177 2106 se
3222 2053 3480 2122 wqualem
3530 2051 3635 2106 Deo

2052 2161 2166 2199 esse
2229 2144 2580 2199 existimaret.
2613 2143 2679 2197 At
2741 2160 2930 2213 corpus
2991 2160 3055 2198 ea:
3105 2144 3278 2198 altera
3331 2156 3481 2215 parte
3539 2146 3636 2199 de-

2052 2253 2310 2307 pressum,
2342 2238 2669 2306 propriisque
2708 2235 2982 2304 aﬂ'ectibus
3040 2236 3391 2302 abstractum,
3441 2255 3473 2291 a
3532 2253 3636 2291 cm-

2054 2328 2269 2383 lestibus
2302 2327 2541 2381 avulsam
2572 2328 2807 2380 animam
2831 2328 3078 2381 deorsum
3108 2329 3429 2394 retrahebat,
3477 2337 3634 2401 atque

2053 2420 2107 2473 in
2134 2435 2290 2474 suum
2329 2418 2686 2488 prmeipitium
2721 2418 2936 2487 urgebat
2967 2428 3019 2473 et
3045 2419 3366 2490 impellebat.
3406 2420 3484 2474 Ac
3518 2430 3633 2474 tum

2050 2511 2249 2565 scilicet
2279 2511 2456 2576 homo,
2497 2526 2553 2565 se
2603 2511 2797 2565 anima:
2840 2510 3151 2581 dignitatem
3201 2528 3303 2566 non
3348 2529 3380 2566 a
3429 2530 3484 2567 se
3534 2514 3635 2566 Ita-

2052 2602 2246 2665 buisse,
2266 2602 2356 2656 sed
2389 2601 2662 2657 Creatoris
2688 2601 2939 2670 bene/icio
2975 2605 3235 2672 accepisse
3264 2605 3628 2675 cognoscebat.

2051 2694 2321 2757 Proinde,
2377 2693 2505 2747 dum
2553 2694 2869 2748 insolentius
2919 2694 3238 2763 efferebatur
3263 2735 3277 2759 ,
3308 2712 3338 2747 a
3368 2697 3633 2764 corporeis

2051 2785 2415 2856 aﬂlictionibus
2460 2785 2933 2854 commonefactus,
2979 2783 3237 2837 sentiebat
3275 2800 3331 2838 se
3369 2785 3635 2854 magnitu-

2051 2878 2172 2932 dine
2220 2877 2465 2947 gloriari,
2518 2876 2575 2929 id
2598 2886 2717 2941 est,
2771 2881 2908 2945 quod
2967 2877 3161 2929 animle
3214 2878 3631 2946 magnitudinem

2048 2969 2516 3037 pra'stautiamqne
2561 2968 2754 3022 eximio
2783 2963 3084 3023 Conditoris
3116 2970 3201 3022 sti
3246 2967 3493 3036 beneﬁcio
3541 2985 3633 3022 ac.—

2050 3061 2360 3129 cepisset.—
2393 3059 2504 3129 (lli)
2532 3059 2749 3114 Animal
2771 3057 2860 3112 hic
2885 3059 3031 3113 varie
3056 3059 3441 3129 gubernatum,
3467 3070 3631 3129 atque

1973 3143 2015 3198 (ἶ
2053 3150 2160 3206 alio
2211 3150 2542 3218 demigrnns.
2583 3147 2750 3217 Nam,
2810 3149 3016 3223 mitione
3051 3150 3433 3218 prcescientiar,
3471 3152 3632 3206 etiam

2054 3260 2171 3316 qua:
2223 3247 2454 3297 nondum
2503 3241 2650 3311 [acta
2685 3250 2855 3306 erant,
2900 3241 2953 3294 in
3000 3239 3177 3295 eodem
3221 3241 3356 3307 loco,
3406 3259 3507 3313 quo
3543 3261 3629 3304 ea.

2052 3353 2170 3407 quis
2192 3336 2384 3406 ﬁebant
2427 3345 2518 3388 aut
2539 3334 2684 3402 facta
2713 3334 2946 3403 fuerant,
2978 3335 3117 3403 apud
3156 3333 3320 3388 Deum
3346 3338 3629 3390 censeban-

2056 3436 2164 3481 tur.
2201 3424 2361 3481 Varie
2388 3425 2773 3496 gubernatum.
2805 3422 2898 3479 Cr.
2933 3424 3415 3495 οἰκονομούμενον.
3458 3423 3633 3478 (Eco-

2052 3520 2229 3575 nomia
2263 3526 2558 3584 autemest,
2598 3516 2736 3588 ejus,
2764 3516 2904 3587 quod
2948 3517 3286 3587 dispensatur
3319 3534 3380 3571 ac
3409 3519 3630 3587 regitur,

2051 3612 2201 3666 varia
2251 3609 2627 3678 multiplexque
2672 3608 3003 3681 gubernatio,
3033 3608 3103 3663 ad
3131 3607 3245 3675 eius
3294 3613 3629 3663 commodum

2052 3702 2443 3771 utilitatemque
2467 3718 2500 3754 a
2528 3700 2865 3769 dispensante
2901 3700 3166 3754 instituta.
3203 3698 3343 3754 Nam
3376 3715 3468 3753 nos
3496 3715 3629 3769 quo-

2052 3813 2151 3870 que
2185 3795 2493 3850 maeroribus
2532 3806 2579 3850 et
2622 3794 2981 3865 voluptatibus
3021 3794 3398 3866 gubernantur,
3441 3810 3629 3848 secun-

2052 3891 2244 3943 darum
2274 3904 2447 3942 rerum
2473 3886 2917 3958 adversarumque
2941 3887 3176 3953 casibus,
3211 3887 3396 3941 timore
3430 3896 3478 3939 et
3527 3903 3626 3940 au-

2052 3983 2227 4046 dacia,
2257 3990 2567 4050 paupertate
2602 3990 2649 4034 et
2675 3982 2894 4046 divitiis,
2941 3982 3245 4050 ueterisque
3274 3980 3440 4050 ltujus
3471 3996 3627 4052 gene-

2053 4076 2254 4138 ris;ac
2295 4081 2476 4141 postea
2522 4072 2591 4126 ad
2622 4072 2846 4128 alteram
2900 4073 3064 4129 vitam
3108 4074 3418 4145 migramus.
3448 4102 3507 4128 -.—-
3562 4072 3630 4126 Et

2052 4165 2195 4236 quod
2215 4164 2456 4237 mysterii
2487 4173 2789 4220 extremum
2818 4174 2923 4231 est,
2954 4165 3009 4219 id
3042 4176 3139 4232 est,
3164 4175 3320 4235 caput
3342 4174 3392 4219 et
3419 4180 3626 4218 summa

2053 4259 2213 4313 totius
2268 4256 2512 4312 humanm
2551 4258 2673 4312 vitae
2713 4257 3120 4326 dispensationis
3172 4272 3234 4309 ac
3271 4256 3623 4325 migrationis.

2050 4350 2218 4405 Porro
2251 4360 2408 4405 nutus
2443 4358 2492 4403 et
2522 4349 2780 4403 subvectio
2809 4349 2878 4402 ad
2914 4348 3071 4417 hujus
3114 4349 3236 4402 viae
3270 4347 3626 4415 dispensatio.

2052 4459 2167 4498 nem
2225 4442 2496 4509 referenda
2534 4449 2612 4495 est
2656 4456 2674 4492 :
2715 4439 3014 4494 divinitatis
3055 4450 3231 4493 autem
3278 4439 3511 4507 adeptio,
3555 4436 3629 4491 ad

2047 4544 2312 4605 posteram
2360 4535 2542 4588 vitam.
2585 4532 2773 4587 Mentis
2822 4531 2964 4586 enim
3003 4531 3071 4585 ad
3124 4529 3293 4584 Deum
3340 4531 3623 4595 subvectio,

2048 4627 2329 4681 industria:
2388 4640 2520 4694 opus
2569 4635 2677 4689 est,
2725 4632 2773 4679 et
2818 4624 3072 4678 virtutum
3105 4621 3278 4677 cultus
3309 4639 3327 4677 :
3358 4623 3624 4690 dei/icatio

2048 4731 2250 4782 autem,
2285 4719 2457 4772 omnis
2487 4717 2714 4770 acticnis
2751 4725 2802 4770 et
2848 4715 3305 4783 contemplationis
3337 4725 3411 4768 est
3444 4715 3627 4768 termi-

2047 4831 2166 4869 nus.
2201 4811 2380 4876 Quare
2405 4826 2509 4864 nou
2552 4806 2777 4876 simplex
2802 4814 2878 4861 est
2911 4807 3010 4860 ista
3038 4807 3206 4860 animi
3240 4807 3308 4860 ad
3344 4805 3504 4859 Deum
3536 4805 3626 4857 in-

2045 4905 2288 4962 clinatio.
2315 4899 2546 4955 Proinde
2587 4916 2756 4969 operte
2792 4899 3018 4970 pretium
3048 4907 3123 4951 est
3154 4890 3459 4968 cognoscere
3496 4906 3621 4967 quot

2047 5012 2127 5050 res
2164 4997 2300 5049 inter
2340 5008 2447 5045 ‘nos
2486 5008 2548 5046 ac
2578 4990 2745 5044 Deum
2784 4990 3072 5060 interjectre
3106 4992 3235 5044 sint.
3268 4989 3505 5043 l’rimum
3541 4990 3623 5041 in-

2046 5085 2365 5141 acccssibilis
2396 5084 2492 5138 illa
2515 5083 2706 5152 caligo,
2743 5098 2900 5148 quant
2932 5083 3017 5134 vix
3051 5097 3279 5151 unquam
3313 5079 3529 5150 quidam
3554 5096 3620 5134 ea:

2047 5192 2248 5239 eorum,
2280 5175 2370 5244 qui
2406 5175 2611 5226 ratione
2636 5172 2847 5240 praediti
2871 5183 3015 5236 sunt,
3040 5173 3222 5224 ordine
3259 5172 3620 5241 prcetergressi

2045 5276 2170 5324 sunt
2203 5280 2221 5319 :
2256 5264 2445 5317 deinde
2471 5263 2723 5332 angelica:
2752 5264 2987 5328 virtutes,
3017 5274 3132 5333 post
3166 5263 3442 5332 caliginem
3467 5261 3619 5314 illam

2042 5358 2321 5430 proxima',
2353 5371 2469 5426 qua:
2506 5354 2569 5406 ab
2616 5370 2718 5408 uno
2764 5354 3045 5422 prodeunt,
3074 5364 3123 5407 et
3156 5355 3384 5406 unitates
3432 5354 3620 5406 dicun-

2046 5460 2150 5514 tur,
2186 5459 2296 5503 tum
2330 5462 2470 5500 mens
2508 5445 2811 5511 dimidiata,
2839 5447 2892 5499 in
2926 5461 3084 5515 quant
3108 5445 3215 5498 illa:
3241 5445 3618 5498 terminantur:

2041 5551 2224 5611 postea
2267 5538 2619 5609 particulares
2661 5537 2905 5606 quwdom
2953 5546 3177 5600 mentes,
3226 5549 3369 5591 mox.
3400 5535 3617 5600 animae,

2042 5641 2154 5688 tum
2186 5643 2391 5688 natura
2416 5639 2466 5686 et
2490 5646 2733 5699 corpora,
2770 5645 2831 5683 ac
2869 5639 3128 5697 postremo
3156 5630 3401 5683 materia.
3435 5627 3491 5684 Is
3516 5628 3616 5701 igi-
