4064 6274
598 306 727 374 1331

2029 296 2407 384 ADDENDA.

3679 333 3775 400 1&1}

594 435 703 489 tur,
734 423 825 493 qui
873 423 1202 481 divinitatem
1256 425 1483 495 adipisci
1516 434 1694 497 parat,
1731 428 1961 496 primum
1998 445 2053 483 se
2102 431 2170 483 ad
2202 438 2243 491 Α
2276 450 2367 487 nec
2396 434 2540 504 infra
2588 446 2840 490 naturam
2895 439 3166 493 conditum
3217 446 3322 504 est,
3366 456 3454 493 nec
3494 449 3658 496 natura
3700 463 3774 499 cer-

595 519 833 572 animam
865 527 1131 573 convertat
1171 529 1219 571 et
1251 518 1469 587 colligat
1501 535 1706 573 necesse
1740 527 1838 583 est,
1869 520 2059 575 deinde
2086 536 2176 588 per

593 625 709 663 eam
741 609 808 663 ad
836 619 1078 673 mentem,
1114 626 1298 664 rursus
1330 626 1421 678 per
1454 622 1678 666 mentem
1698 611 1767 665 ad
1791 628 1852 666 ea
1884 629 2001 684 qute
2024 630 2176 682 supe-

596 702 744 756 riora
773 710 916 768 sunt,
945 719 1007 755 ac
1026 701 1245 771 denique
1276 719 1368 772 per
1384 719 1443 757 ea
1466 704 1533 756 ad
1566 704 1733 759 Deum
1760 705 1957 759 tendat.
1988 706 2053 759 At
2085 722 2176 758 nec

597 796 689 866 qui
717 794 785 847 ad
808 795 1042 848 animam
1084 795 1307 863 seipsum
1335 796 1591 849 convertit
1636 813 1698 850 ac
1739 797 1997 860 subvexit,
2038 797 2176 850 divi—

596 885 818 939 nitatem
863 895 1172 938 consecutus
1217 894 1314 946 est,
1353 903 1444 938 nec
1469 887 1558 956 qui
1594 886 1664 938 ad
1692 894 1939 938 mentem.
1985 885 2176 941 Verum

514 1004 521 1011 -
596 975 690 1029 ille
736 974 987 1031 animalis
1059 974 1214 1028 ltomo
1265 975 1506 1046 efficitur,
1567 993 1660 1030 nec
1693 977 1835 1046 capit
1888 994 2007 1048 quce
2053 990 2175 1033 sunt

600 1068 860 1138 spiritus;
883 1068 967 1122 hic
998 1085 1135 1130 vero,
1172 1068 1545 1123 intellectualis
1574 1071 1784 1141 quidem
1816 1073 1906 1126 sed
1943 1073 2175 1126 nondum

598 1161 763 1217 Deus.
801 1160 954 1228 Quod
981 1161 1027 1215 si
1056 1177 1148 1231 per
1184 1170 1405 1215 mentem
1441 1162 1493 1216 in
1530 1178 1781 1216 arcanam
1815 1165 1963 1218 illam
1993 1164 2182 1236 caligi-

595 1271 714 1309 nem
747 1256 1114 1324 penetraverit,
1151 1271 1216 1308 ac
1246 1271 1360 1307 cum
1396 1253 1500 1309 Deo
1538 1264 1792 1319 versetur,
1829 1265 1936 1309 tum
1968 1272 2084 1311 vero
2108 1256 2177 1310 ad

600 1347 767 1403 Deum
786 1347 903 1418 jam
937 1347 1055 1415 ﬁeri
1087 1357 1134 1402 et
1169 1346 1500 1401 divinitatem
1527 1348 1759 1417 assequi,
1784 1359 1832 1404 et
1871 1347 1965 1402 Dei
1989 1350 2176 1419 splen-

596 1439 776 1491 dorem
803 1437 1019 1503 intneri,
1057 1454 1117 1491 ac
1135 1435 1295 1507 juxta
1341 1436 1491 1490 illum
1517 1438 1685 1507 eﬁingi
1721 1450 1876 1508 atque
1906 1439 2178 1506 eﬂ‘ormari

597 1532 815 1586 dicitur.
849 1531 1115 1603 Quoniam
1164 1541 1338 1585 autem
1385 1542 1620 1596 naturae,
1646 1540 1704 1585 ut
1740 1549 1839 1602 par
1871 1542 2005 1597 erat,
2037 1548 2180 1586 men-

599 1624 791 1676 tionem
822 1621 1062 1691 fecimus,
1101 1623 1324 1693 agedum
1355 1623 1418 1676 de
1451 1639 1513 1676 ea
1560 1623 1797 1679 nonnihil
1830 1625 2174 1679 disseramus.

600 1710 814 1767 Natura
850 1714 1025 1784 itaque
1066 1724 1257 1782 pra'ter
1300 1714 1438 1769 alias
1465 1717 1660 1770 multas
1699 1717 1865 1785 ipsius
1905 1717 2180 1788 signiﬁca-

2280 537 2573 597 rumpetur.
2599 560 2667 569 —
2694 527 2765 584 Ut
2808 527 2904 585 Dei
2949 532 3254 586 claritatem
3301 541 3356 586 et
3383 531 3578 586 videam
3615 543 3658 588 et
3690 551 3772 590 sen-

2280 621 2434 673 tiam.
2467 616 2566 675 Res
2593 621 2783 677 divinte
2805 624 3154 693 corporaliter
3173 634 3438 694 utcunque
3452 627 3773 694 perspiciuntur,

2278 722 2433 781 atque
2478 731 2661 769 earnm
2712 717 3048 788 trajectioues
3091 720 3344 788 qua'dam
3401 728 3536 773 sunt.
3584 719 3775 784 Quoniam

2279 815 2454 859 autem
2480 807 2544 860 de
2578 809 2880 876 hujusmarli
2906 810 3056 863 rebus
3074 811 3198 864 dum
3228 820 3352 864 sunt
3380 814 3642 874 sententia,
3662 814 3775 865 nlzm

2277 906 2456 949 nnstra
2480 906 2527 949 et
2556 898 2868 961 christiana,
2904 902 3071 953 altera
3098 916 3289 954 eorum
3317 902 3407 971 qui
3443 903 3572 970 apud
3610 903 3775 955 ethnicos

2276 988 2570 1043 doctissimi
2603 991 2767 1045 habiti
2798 1002 2939 1052 sunt,
2969 1002 3195 1063 utraque
3246 995 3378 1047 mihi
3413 997 3685 1063 exponenda
3711 1008 3773 1048 εει.

2280 1081 2485 1137 Nostra
2532 1084 2709 1153 itaque
2756 1084 2852 1137 hoc
2898 1086 3052 1139 modo
3098 1101 3156 1138 se
3203 1086 3377 1138 habet.
3417 1084 3560 1149 Deus,
3592 1087 3778 1155 quidquid

2280 1172 2490 1235 tandem
2531 1181 2628 1238 est,
2663 1173 2999 1241 incorporeus
3045 1182 3144 1239 est,
3198 1175 3625 1245 immutabilisque
3659 1188 3698 1228 et
3727 1181 3778 1227 nl-

2279 1262 2557 1315 terationis
2584 1277 2767 1329 expers
2801 1271 2974 1317 manet
2999 1277 3019 1316 :
3043 1279 3138 1316 nos
3166 1275 3347 1315 autem
3381 1266 3511 1318 circa
3545 1282 3644 1319 eum
3681 1281 3780 1316 com-

2279 1363 2565 1406 mutamur.
2624 1351 2763 1407 Nam
2813 1355 3260 1424 quemadmodum
3323 1372 3478 1409 unam
3518 1359 3776 1424 eamdemth

2278 1459 2472 1507 vocem,
2503 1444 2559 1497 in
2585 1442 2849 1497 subdivali
2871 1445 3049 1514 aliqua
3073 1444 3189 1499 loco
3205 1445 3476 1512 diffusam,
3504 1447 3589 1499 alii
3605 1460 3776 1497 noscrun

2278 1537 2524 1602 audiunt,
2561 1538 2658 1591 alii
2686 1538 2936 1591 minime:
2964 1550 3121 1607 atque
3156 1551 3223 1592 es:
3256 1540 3320 1592 iis
3346 1539 3432 1607 qui
3455 1539 3670 1600 audiunt,
3712 1539 3778 1590 alii

2278 1629 2476 1683 clarius
2510 1630 2752 1695 audiunt,
2777 1630 2875 1683 alii
2903 1630 3215 1695 obscurius;
3251 1647 3316 1683 ac
3361 1646 3532 1684 rursus
3553 1645 3605 1683 ex
3627 1631 3689 1683 his
3717 1629 3776 1697 qui

2281 1737 2385 1775 non
2436 1721 2692 1788 audiunt,
2749 1720 2891 1775 alius
2922 1721 3124 1776 idcirco
3172 1737 3276 1774 non
3315 1721 3529 1779 audivit,
3556 1721 3658 1790 quia
3692 1734 3775 1786 pra-

598 1804 785 1868 tiones,
823 1814 898 1859 est
944 1804 1262 1876 principium
1302 1814 1472 1860 motus
1508 1817 1555 1861 et
1602 1807 1789 1877 quietis
1820 1807 1954 1876 ejus,
1982 1809 2038 1861 in
2069 1824 2170 1877 quo
2209 1801 2250 1857 Β
2280 1810 2364 1865 cul
2394 1820 2628 1864 remotus
2669 1819 2837 1874 esset,
2867 1811 3007 1864 alius
3040 1815 3186 1880 quod
3230 1811 3376 1863 auris
3402 1821 3606 1863 meatum
3628 1808 3776 1861 obstru-

594 1898 766 1964 primo
795 1896 929 1952 inest
970 1913 1060 1967 per
1093 1913 1168 1962 se,
1209 1908 1257 1951 et
1287 1914 1388 1951 non
1426 1915 1519 1967 per
1566 1898 1829 1953 accidens.
1880 1897 1992 1953 Hoc
2037 1903 2177 1953 enim

599 1986 886 2057 unicuique
920 2003 1095 2041 rerum
1126 1989 1458 2041 naturalium
1491 1988 1648 2058 affert
1694 1998 1909 2056 natura,
1934 1998 1991 2042 ut
2018 1989 2069 2043 in
2096 2006 2179 2043 se-

597 2081 714 2148 ipsa
743 2089 915 2134 motus
947 2081 1263 2150 principium
1291 2123 1303 2146 ,
1340 2082 1620 2153 eodemque
1648 2080 1801 2136 modo
1831 2083 2017 2153 quietis
2048 2099 2181 2153 quo-

596 2188 695 2242 que
727 2172 888 2242 finem
936 2173 1146 2230 habeat.
1180 2170 1434 2231 Crescunt
1481 2175 1621 2227 enim
1651 2173 1871 2244 plantw,
1910 2184 1964 2228 ut
1997 2175 2062 2229 ab
2096 2175 2177 2229 his

596 2263 937 2333 incipiamus,
966 2274 1139 2317 motus
1176 2264 1496 2334 principium
1536 2266 1590 2317 in
1621 2267 1804 2334 seipsis
1839 2265 2084 2320 habentes
2117 2281 2178 2319 ac

598 2370 828 2408 crescere
857 2355 1136 2422 desinunt,
1169 2354 1275 2425 ﬁne
1325 2356 1567 2410 naturali
1608 2366 1891 2411 cessantes.
1931 2355 2079 2411 Idem
2116 2361 2179 2410 de

596 2447 803 2501 homine
851 2448 1148 2511 dicendum,
1196 2457 1244 2501 et
1286 2464 1438 2515 equo,
1469 2456 1519 2502 et
1564 2449 1707 2513 bove,
1756 2459 1804 2503 et
1828 2450 2070 2520 sphinge,
2126 2459 2176 2502 et

596 2539 841 2610 formica,
871 2551 918 2594 et
945 2556 1060 2609 ape,
1097 2549 1146 2592 et
1184 2549 1236 2593 ut
1268 2539 1406 2594 brevi
1433 2539 1771 2608 complectar,
1802 2542 1864 2592 tle
1891 2539 2034 2592 omni
2061 2538 2177 2592 ani-

597 2632 750 2696 mali,
787 2633 895 2685 sive
930 2631 1128 2703 reptili,
1161 2633 1269 2686 sive
1301 2632 1536 2698 natatili,
1580 2633 1686 2686 sive
1731 2630 1961 2687 volatili.
2008 2631 2178 2702 Atque

594 2722 713 2791 ipsa
740 2721 901 2776 etiam
934 2732 1161 2793 quatuor
1206 2721 1462 2777 elementa
1499 2732 1771 2778 moventur
1798 2735 1844 2779 et
1878 2722 2171 2795 quiescunt.

596 2810 738 2883 Nam
773 2823 822 2867 et
862 2813 996 2885 ignis
1026 2823 1073 2868 et
1095 2830 1187 2867 aer
1211 2823 1394 2885 suapte
1428 2823 1621 2869 natura
1647 2831 1854 2871 sursum
1881 2826 2175 2878 moventur,

592 2916 643 2961 et
668 2922 787 2959 cum
817 2905 886 2959 ad
912 2908 1129 2975 propria
1159 2907 1273 2961 loca
1294 2911 1641 2987 pervenerint,
1665 2908 1863 2963 moveri
1886 2907 2173 2963 desinunt:

594 3006 643 3053 et
678 3013 860 3051 rursus
893 3004 1032 3049 terra
1058 3007 1106 3050 et
1139 3013 1299 3065 aqua,
1337 3007 1536 3052 motum
1563 3007 1749 3067 suapte
1787 3008 1980 3052 natura
2021 3001 2173 3051 deor-

598 3104 717 3145 sum
746 3098 1034 3162 vergentem
1057 3091 1282 3157 sortitte,
1316 3090 1385 3143 ad
1410 3106 1648 3145 centrum
1678 3101 1919 3160 vergunt,
1958 3099 2012 3144 et
2057 3107 2175 3144 cum

2283 1913 2425 1956 ctum
2453 1902 2665 1956 haberet
2695 1902 2969 1973 (nimirum
3024 1910 3275 1956 concreta
3303 1902 3440 1956 circa
3472 1910 3645 1970 partem
3670 1899 3771 1952 illam

2281 1994 2518 2065 pituita),
2563 1995 2701 2048 alius
2726 1996 2847 2065 quin
2876 2010 2959 2049 res
2990 1993 3132 2048 alias
3170 2004 3348 2066 ageret
3379 2011 3397 2049 :
3428 1991 3768 2062 quemadmodum

2281 2088 2403 2142 item
2450 2086 2560 2142 sole
2593 2089 2650 2142 in
2678 2087 3017 2143 meridionali
3063 2087 3212 2142 linea
3242 2097 3410 2141 stante
3438 2086 3607 2140 culices
3625 2084 3765 2154 quidem

2282 2189 2333 2233 et
2380 2191 2587 2235 noctua:
2641 2182 2889 2249 exiguum
2919 2179 3180 2251 quiddam
3224 2192 3378 2251 atque
3419 2179 3653 2233 obscurum
3681 2173 3766 2225 lucis

2282 2270 2491 2324 radium
2512 2273 2819 2337 admittunt,
2850 2270 3089 2327 homines
3121 2282 3319 2338 autem,
3342 2281 3390 2326 et
3410 2266 3648 2340 elephanti,
3664 2273 3763 2333 pm!

2280 2363 2499 2431 quisque
2526 2360 2753 2432 aﬁ'ectus
2781 2373 2882 2429 est,
2914 2364 3135 2419 uberius
3162 2364 3247 2419 vel
3271 2365 3472 2433 parcius
3500 2359 3763 2415 illuminetsr:

2279 2453 2455 2506 eodem
2504 2454 2657 2508 modo
2709 2472 2801 2510 nos
2834 2472 3038 2527 quoque
3077 2452 3227 2511 circa
3273 2459 3434 2525 Deum
3478 2449 3760 2509 imntutabilttt

2279 2558 2707 2611 permanentem,
2745 2559 2902 2617 prout
2927 2551 3156 2619 quisque
3181 2548 3421 2619 afﬁcitur,
3451 2555 3748 2600 commutamur

2281 2634 2545 2701 Quocirca
2582 2634 2791 2700 Petrus,
2845 2650 2897 2692 et
2938 2641 3030 2708 qui
3081 2652 3198 2694 tum
3227 2640 3459 2702 aderant,
3496 2638 3642 2707 igneas
3676 2630 3757 2684 illa:

2281 2724 2492 2796 linguas
2541 2730 2833 2797 conspicati
2881 2739 3059 2785 sunt:
3097 2746 3201 2784 non
3253 2731 3385 2801 quod
3429 2727 3590 2782 similis
3628 2724 3757 2790 lingua

2280 2815 2459 2870 divina
2519 2818 2693 2887 figura
2747 2820 2862 2882 sit,
2905 2819 2996 2874 sed
3029 2822 3168 2889 quia
3216 2823 3356 2874 circa
3392 2820 3594 2888 linguam
3632 2812 3754 2882 [tum

2278 2915 2393 2961 erat
2422 2907 2656 2978 Spiritus
2690 2912 2949 2979 operatio.
2984 2912 3163 2983 Atque
3191 2914 3299 2968 hcec
3324 2929 3386 2967 ex
3412 2910 3611 2963 doctrina
3633 2912 3752 2958 nostra

2278 2997 2716 3068 deprompsimus.
2745 3001 2809 3053 At
2836 3001 3052 3070 gentiles
3078 3001 3394 3071 philosophi,
3422 3012 3604 3071 quorum
3619 3000 3751 3063 l’o‘m'

2278 3103 2396 3142 mus
2444 3088 2710 3159 lampadis
2740 3101 2974 3161 gestator
2999 3100 3048 3146 et
3086 3094 3443 3161 hierophantes
3472 3086 3641 3142 Proeliis
3664 3078 3745 3146 [υἷι.

595 3181 665 3237 ad
710 3181 942 3234 universi
967 3182 1193 3238 medium
1239 3184 1583 3252 pervenerint,
1616 3184 1669 3236 in
1715 3184 1900 3251 seipsis
1926 3184 2170 3252 conquie—
2207 3169 2249 3226 ο
2288 3179 2344 3230 in
2385 3179 2488 3233 tria
2520 3178 2628 3234 hate
2677 3180 2912 3235 divinum
2947 3184 3308 3238 evocationem
3339 3181 3611 3253 partiunlltt-
3635 3171 3744 3237 Alt“

593 3284 765 3328 scunt.
794 3271 919 3327 Hcec
948 3274 1012 3328 de
1036 3287 1232 3330 natura
1257 3277 1419 3329 tradit
1453 3274 1779 3329 Aristoteles.
1810 3275 1878 3328 At
1903 3276 1949 3328 si
1972 3273 2177 3343 Orpheo

594 3365 876 3425 trefimus,
918 3376 964 3419 et
998 3363 1311 3433 Platonicis,
1351 3376 1399 3420 et
1432 3365 1588 3436 Lycio
1640 3365 1945 3433 philosopho
1980 3363 2042 3418 de
2082 3382 2179 3416 na-

594 3464 717 3510 tura
741 3458 1116 3524 pertractanti,
1143 3467 1275 3511 eteo
1311 3457 1602 3525 antiquiori
1633 3456 1984 3509 Chalcedonia
2017 3456 2176 3507 Jam-

595 3544 768 3604 blicho
797 3546 1150 3618 Pythagorico
1180 3590 1195 3615 ,
1258 3559 1450 3603 natura
1508 3549 1604 3604 Dei
1656 3565 1745 3602 ars
1792 3548 2031 3620 quaedam
2078 3557 2175 3603 est.

599 3640 876 3708 Triplicem
905 3657 1062 3711 porro
1085 3640 1175 3696 ille
1196 3643 1248 3696 in
1272 3641 1569 3697 universum
1599 3652 1766 3696 artem
1790 3641 1964 3697 habet.
1991 3642 2178 3696 Prima

596 3735 701 3803 ipsi
733 3734 893 3787 insita
938 3746 1039 3798 est,
1077 3751 1256 3805 nempe
1283 3751 1389 3806 qua
1426 3736 1602 3790 omnia
1640 3736 1811 3805 efﬁcit,
1848 3751 1909 3788 ac
1944 3734 2179 3804 fabrica-

597 3836 702 3890 tur,
750 3829 906 3896 quani
948 3824 1124 3881 idenm
1173 3825 1331 3880 Plato
1367 3827 1681 3889 nominavit,
1729 3843 1820 3881 nos
1871 3837 2089 3881 mentem
2144 3845 2177 3880 α

595 3917 745 3976 nulla
788 3936 951 3973 causa
992 3928 1184 3982 ortam,
1236 3934 1326 3971 nec
1367 3918 1478 3971 ulla
1527 3920 1764 3972 oratione
1802 3919 2175 3989 explicabilem

596 4026 865 4066 vacamus.
896 4010 1097 4072 Altera,
1153 4013 1360 4065 tametsi
1399 4010 1546 4065 illinc
1585 4013 1811 4075 oriatur,
1851 4029 1955 4066 non
2002 4024 2175 4066 tamen

595 4102 643 4157 ei
671 4116 872 4169 semper
920 4100 1127 4155 adnexa
1171 4112 1246 4155 est
1274 4142 1287 4164 ,
1320 4103 1410 4156 sed
1431 4118 1490 4157 eo
1521 4113 1767 4172 tempore,
1800 4119 1901 4170 quo
1943 4103 2012 4155 ad
2055 4118 2172 4155 eum

597 4196 897 4254 revertitur.
936 4192 1112 4251 Tertia
1150 4204 1325 4250 autem
1352 4203 1400 4248 et
1445 4205 1707 4263 postrema
1747 4194 1840 4248 Dei
1867 4211 1956 4248 ars
1984 4211 2045 4248 ea
2074 4204 2173 4262 est,

595 4304 711 4357 qua:
745 4288 984 4355 inferiori
1013 4287 1219 4358 quidem
1268 4287 1381 4342 loco
1408 4297 1735 4353 numeratur,
1778 4302 1935 4357 quam
1971 4289 2171 4351 anima,

595 4389 840 4439 cn'terum
865 4379 1169 4448 corporibus
1203 4376 1542 4441 dominatur,
1574 4392 1734 4446 eaque
1794 4386 1842 4430 et
1878 4377 2080 4447 gignit,
2123 4387 2171 4431 et

2283 3268 2449 3323 aliam
2520 3271 2689 3340 ipsius
2748 3281 2950 3341 partem
3006 3275 3353 3344 αὐτοπτικὴν
3404 3277 3587 3331 vocant,
3631 3259 3737 3313 illi"

2282 3362 2614 3431 ἑποπτικὴν,
2646 3362 2808 3417 aliam
2833 3363 3228 3438 ὲνθεαςτικήν.
3259 3366 3318 3422 Si
3340 3365 3444 3436 quis
3472 3361 3601 3432 igitur
3616 3351 3737 3407 enim

2280 3453 2628 3524 intelligentia
2662 3453 2711 3510 et
2742 3458 2908 3512 nitore
2941 3475 3004 3512 ac
3033 3460 3320 3529 splendore
3349 3460 3562 3529 ﬂuentum
3582 3445 3739 3507 illud,“

2281 3557 2471 3600 natura
2503 3556 2602 3613 est,
2633 3550 2902 3617 perspicit,
2925 3551 3034 3616 ipse
3056 3562 3252 3623 utpote
3273 3561 3490 3607 evocator
3505 3557 3543 3599 et
3563 3543 3743 3609 spectator

2280 3636 2558 3709 αΰτὸπτης
2607 3641 2823 3696 d‘citur.
2861 3642 2922 3697 Si
2952 3646 3069 3714 quis
3115 3655 3293 3700 autem
3325 3638 3579 3712 imaginario
3608 3629 3745 3682 σηὶυιω

2280 3726 2510 3783 vehiculo
2547 3747 2627 3783 res
2672 3732 2874 3787 divinas
2910 3735 3082 3805 cugita
3105 3738 3245 3791 tione
3292 3736 3525 3805 informet,
3555 3721 3603 3775 ab
3623 3716 3746 3769 altera

2276 3827 2500 3890 profano
2543 3823 2779 3895 theologo
2830 3827 2899 3877 ad
2949 3828 3002 3881 id
3041 3829 3308 3886 incitatus
3357 3826 3547 3889 ἐπόπτης
3572 3814 3634 3866 hic
3679 3821 3742 3859 το·

2276 3914 2389 3966 cari
2451 3923 2634 3983 potest.
2698 3920 2765 3970 At
2829 3919 2897 3982 si,
2957 3936 3050 3974 nec
3100 3933 3288 3987 mente,
3341 3935 3423 3974 nec
3471 3903 3741 3981 imaginatione

2277 4009 2591 4074 speculetur,
2622 4009 2715 4062 sed
2745 4010 2912 4065 oculis
2941 4012 3074 4067 solis
3114 4017 3319 4070 divinas
3347 4008 3562 4083 quasdam
3583 3998 3735 4054 visiones

2276 4112 2368 4164 per
2396 4113 2567 4152 aerem
2602 4099 2808 4157 delatas
2839 4107 3109 4175 inspiciat,
3144 4109 3189 4162 is
3217 4103 3484 4173 ὲνοειστὴς
3506 4096 3591 4151 dici
3608 4088 3730 4161 Ρ⁰⁶³ί¹ί

2279 4195 2422 4251 Nam
2453 4212 2759 4269 corporeum
2790 4221 2993 4276 quoque
3023 4208 3202 4264 lumen
3235 4207 3410 4261 divinis
3431 4201 3555 4256 rebus
3579 4190 3728 4282 sum:

2277 4296 2387 4343 tum
2421 4302 2568 4355 esse,
2610 4274 2931 4363 afﬁrmant,
2976 4299 3121 4366 quod
3161 4301 3363 4371 quidem
3403 4274 3723 4375 arripimus“?

2278 4382 2424 4437 nullo
2459 4387 2685 4452 negotio.
2720 4405 2782 4441 ca
2837 4390 3038 4444 scilicet
3098 4367 3301 4446 natura
3345 4387 3547 4443 bonitate
3577 4367 3727 4446 praeui.

595 4471 715 4532 alit,
755 4480 805 4524 et
830 4480 1007 4540 auget,
1036 4483 1084 4526 et
1116 4480 1277 4525 movet
1303 4511 1316 4532 ,
1343 4481 1390 4523 et
1421 4469 1660 4539 perfecit,
1689 4486 1751 4522 ac
1782 4469 2004 4539 denique
2029 4470 2172 4539 quie—
2205 4512 2247 4567 Β
2276 4491 2381 4544 qua
2410 4485 2459 4529 et
2493 4475 2744 4534 Socrates
2790 4488 2839 4534 et
2881 4479 3125 4536 Plotinus
3171 4485 3391 4553 fuerunt,
3428 4475 3513 4530 alii
3535 4469 3591 4523 ad
3621 4468 3728 4517 certas

598 4570 699 4614 tem
735 4561 800 4614 iis
834 4563 1012 4630 affert.
1050 4562 1218 4633 Atque
1270 4578 1333 4615 ea
1373 4560 1680 4621 materiales
1708 4563 1935 4616 rationes
1976 4562 2170 4616 habens

597 4667 779 4707 eorum
810 4669 926 4720 qua:
953 4654 1081 4722 facit
1105 4694 1120 4719 ,
1146 4671 1336 4724 easque
1381 4654 1533 4707 modo
1577 4653 1804 4724 quodam
1851 4652 2170 4723 intelligens,

596 4759 922 4813 nequaquam
963 4746 1032 4796 ad
1061 4761 1112 4798 se
1140 4747 1319 4811 refert,
1371 4761 1463 4798 nec
1497 4748 1564 4799 ad
1591 4746 1860 4814 propriam
1894 4747 2174 4798 essentiam

596 4837 868 4897 convertit,
903 4838 991 4889 sed
1039 4837 1346 4905 corporibus
1374 4838 1800 4906 inseparabiliter
1833 4838 2088 4900 adliceret,
2119 4836 2173 4888 in

594 4947 657 4987 ea
684 4937 986 4997 penetrans,
1045 4945 1139 4982 nec
1185 4938 1467 4982 revertens.
1517 4929 1618 4982 Ars
1664 4930 1775 4983 huic
1826 4929 2173 4998 igiturapnd

595 5021 935 5092 philosophos
995 5036 1102 5084 eos,
1152 5035 1280 5090 quos
1349 5022 1908 5086 commemoravimus,
1976 5031 2173 5075 natura

599 5112 877 5169 nominata
916 5122 1015 5165 est.
1052 5109 1180 5165 llazc
1216 5109 1374 5165 Plato
1406 5126 1526 5164 cum
1558 5110 1684 5165 cwlo
1711 5120 1761 5166 et
1791 5120 2018 5181 tempore
2049 5130 2171 5182 pro-

587 5206 770 5281 genita
793 5219 903 5259 esse
923 5214 1115 5261 censet.
1149 5203 1328 5274 Neque
1357 5205 1498 5259 enim
1516 5205 1665 5274 prius
1690 5206 1983 5268 exstitisse,
2007 5210 2166 5275 quam

597 5296 781 5353 ctelum
810 5302 1046 5347 creatum
1097 5302 1252 5348 esset.
1292 5293 1529 5351 Primum
1557 5294 1696 5349 enim
1731 5294 1786 5347 id
1813 5310 1925 5347 esse
1965 5308 2170 5348 necesse

593 5396 692 5452 est,
733 5384 869 5456 quod
914 5401 1101 5454 corpus
1148 5400 1211 5438 ac
1256 5384 1464 5454 reliqua
1529 5383 1932 5453 complectitur:
1971 5396 2026 5441 at
2056 5402 2172 5441 cor-

596 5494 732 5546 pora
762 5479 961 5543 omnia,
985 5493 1103 5546 qua:
1129 5485 1244 5546 post
1283 5475 1469 5529 calum
1499 5484 1681 5529 creata
1728 5484 1877 5541 sunt,
1906 5485 2022 5546 post
2072 5492 2168 5533 na-

597 5581 772 5627 turam
814 5579 862 5623 et
915 5569 1061 5638 infra
1105 5580 1356 5623 naturam
1408 5577 1591 5621 creata
1650 5578 1806 5630 sunt,
1859 5585 2164 5641 rursusque,

597 5671 803 5718 naturce
841 5662 950 5728 lege
986 5661 1323 5720 intereuntia,
1364 5660 1693 5725 corruptioni
1744 5662 1971 5715 obnoxia
2018 5673 2163 5720 sunt.

599 5750 799 5813 Caelum
828 5760 1022 5818 autem,
1059 5750 1104 5802 si
1143 5750 1257 5825 quis
1306 5750 1496 5823 optime
1539 5751 1872 5807 considerare
1921 5754 2159 5821 valuerit,

2275 4569 2439 4622 circui
2446 4571 2632 4636 tiones,
2654 4569 2723 4624 ad
2743 4571 2916 4627 lumen
2934 4574 3082 4631 luna:
3100 4576 3319 4646 fortasse
3340 4568 3502 4624 mentis
3518 4556 3728 4647 emetientes

2275 4662 2556 4715 sentientes
2592 4679 2608 4717 :
2640 4661 2884 4734 ὤθειρείὶ
2914 4676 3114 4732 autem,
3143 4679 3198 4721 ut
3232 4666 3416 4737 ferunt,
3446 4657 3513 4713 vel
3541 4651 3730 4707 tantum

2274 4756 2414 4808 enim
2448 4764 2634 4808 vocant
2660 4796 2674 4821 ,
2713 4757 2892 4812 oculos
2927 4759 3213 4813 obtinentes
3236 4798 3250 4822 ,
3284 4757 3357 4810 vel
3400 4749 3540 4805 thuris
3565 4742 3728 4809 lli/"0m

2280 4847 2352 4898 vel
2392 4845 2584 4899 bdellio
2616 4864 2629 4899 :
2656 4848 2863 4918 Assyrii
2889 4850 3029 4916 vero,
3078 4851 3281 4906 tesseris
3309 4839 3592 4918 quibusdam,
3612 4827 3732 4925 ltili”

2271 4937 2453 5005 disque
2470 4940 2768 4994 nominibus
2795 4942 3124 5013 mgsticlsque
3148 4941 3332 4995 litteris
3351 4939 3400 4991 in
3413 4918 3728 4987 sacerdotali“!

2273 5026 2496 5082 bracteis
2517 5031 2714 5095 seipsos
2732 5035 3142 5102 sanctiﬁcantes,
3168 5033 3465 5089 substratum
3486 5017 3593 5108 illud
3610 5014 3729 5108 ῖκξοῗ·

2271 5119 2443 5187 porcis
2475 5121 2640 5189 copiis
2669 5120 2844 5177 lumen
2880 5129 3270 5195 perspexerunt.
3308 5118 3422 5171 lla'c
3451 5103 3724 5195 Ροτρῆντίήῆ·

2270 5182 2320 5264 et
2345 5182 2696 5279 Iumblichus,
2731 5226 2779 5268 et
2803 5182 2893 5269 ille
2914 5182 3323 5285 prtidigiosorum
3352 5204 3580 5262 verborum
3603 5182 3724 5285 illi?“

2271 5310 2438 5356 tectus
2480 5301 2702 5358 Proclus
2742 5272 2927 5373 nugttti
2958 5272 3097 5362 sunt".
3149 5303 3259 5359 Nos
3293 5310 3480 5356 autem.
3507 5301 3559 5340 ηε
3584 5272 3721 5373 manu:

2269 5392 2397 5463 gica:
2438 5364 2837 5462 speculationis:
2913 5414 3030 5468 quin
3101 5399 3152 5451 in
3196 5396 3274 5447 his
3312 5386 3459 5445 verbis
3491 5380 3626 5432 lucet,

2269 5485 2568 5540 claritatem
2605 5496 2659 5542 et
2704 5463 3013 5545 videam‘ct
3054 5487 3304 5547 sentiam,
3335 5476 3514 5552 omnino
3549 5463 3717 5545 ιιραιεξ

2267 5576 2467 5639 simus,
2500 5578 2595 5631 hoc
2626 5581 2916 5647 exemplum
2959 5590 3312 5650 proponamus.
3344 5570 3416 5624 Sil
3444 5553 3717 5652 σιιίέαπξςλῗ

2273 5635 2552 5723 ascendere
2580 5670 2651 5722 ad
2679 5635 2837 5725 salem
2867 5635 3119 5741 par'et,'ttt
3146 5666 3280 5722 illius
3309 5656 3452 5715 radiis
3472 5635 3712 5741 sl’mdwf‘

2270 5757 2621 5815 illuminetur.
2661 5761 2781 5828 llic,
2816 5765 2868 5817 in
2899 5776 3024 5819 actu
3048 5763 3241 5834 quidem
3265 5758 3370 5818 crit,
3398 5748 3502 5801 dum
3530 5738 3710 5792 εοκετϐη·
