4048 6278
301 317 444 382 1333

1261 311 1583 372 NICETAS
1635 309 1716 371 IN
1763 310 1986 372 ORAT.
2025 310 2190 371 XLII
2235 312 2294 373 S.
2338 312 2570 373 GREG.

3421 311 3556 378 133!

296 438 407 501 det,
456 449 653 504 pennas
707 440 921 501 u'roque
970 429 1123 484 lateri
1175 415 1441 498 imponens
1493 431 1605 501 (aut
1656 428 1702 480 si
1762 427 1960 496 quidA
1992 427 2248 483 alienant.
2302 427 2599 483 Mavimum
2649 428 2792 484 cnim
2839 427 3118 499 tranquilli
3156 427 3346 493 animi,
3395 441 3560 499 atque

302 528 452 583 aliud
514 524 911 595 excogitaverit)
962 522 1238 589 prosiliens
1275 541 1336 575 ac
1381 523 1605 590 seipsnm
1656 536 1882 573 movens.

304 624 378 675 Ac
414 618 670 684 tantisper
721 616 931 684 quidem
966 631 1165 683 pennas
1217 614 1458 677 movebit,
1509 623 1661 680 atque
1710 612 1888 665 eodem

306 730 371 766 ut:
397 722 451 764 tu
498 709 809 780 agitabitur,
866 724 965 776 quo
1022 707 1090 759 ad
1127 707 1459 773 splendidum
1505 708 1673 776 ipsum
1715 705 1887 758 orbem

303 812 577 870 provectus
613 800 798 870 fuerit.
837 798 961 852 Post
1015 815 1155 862 vero,
1193 815 1308 851 cum
1343 800 1503 852 solem
1536 800 1611 850 ita
1648 797 1886 858 subierit,

307 904 362 946 ut
394 910 496 946 non
529 892 736 960 longius
763 930 778 956 ,
809 907 968 961 quam
998 890 1164 959 palmi
1194 889 1470 943 intervallo
1514 889 1578 943 ab
1608 906 1666 942 eo
1695 890 1886 952 distet,

307 994 485 1037 utrum
529 986 737 1034 tandem
784 981 952 1050 ipsius
1007 980 1204 1034 actioni
1237 980 1568 1035 tribuendum
1599 982 1715 1040 erit.
1751 982 1889 1050 quod

305 1073 398 1125 illo
431 1071 791 1133 collustretur,
825 1087 1000 1122 annon
1031 1071 1202 1137 potius
1233 1072 1372 1123 actio
1421 1071 1664 1131 cessabit,
1700 1086 1761 1121 ac
1789 1086 1885 1137 pa-

306 1162 471 1217 tiendi
490 1164 698 1216 initium
730 1163 888 1232 faciet
912 1165 936 1217 ?
988 1160 1073 1214 Ita
1088 1164 1271 1232 procul
1298 1161 1475 1214 dubio.
1502 1160 1694 1214 Eadem
1728 1162 1891 1227 igitur

306 1267 487 1308 nostra
503 1271 706 1326 quoque
720 1263 795 1308 est
812 1253 1117 1310 ratio.Nam
1140 1264 1390 1324 quantum
1411 1255 1477 1308 ad
1501 1254 1751 1307 virtutum
1774 1252 1888 1307 cul-

308 1355 416 1400 tum
438 1347 860 1416 atquestudiunt,
876 1339 1099 1400 nativam
1116 1344 1362 1400 habemus
1383 1347 1710 1415 facultatem,
1732 1363 1893 1415 quan-

307 1446 418 1491 tum
446 1446 619 1493 autem
647 1439 716 1493 ad
739 1440 841 1492 vim
866 1439 1155 1493 divinitatis
1177 1439 1522 1503 sentiendam,
1552 1439 1838 1507 passivam.

376 1531 494 1585 Col.
527 1532 625 1587 651
653 1532 714 1588 C.
758 1531 913 1586 Hunc
943 1533 1152 1586 arbitrii
1183 1533 1428 1586 libertate
1466 1537 1746 1594 donatum,
1781 1541 1886 1585 etc.

309 1620 616 1691 Quicunque
657 1622 869 1676 tandem
894 1623 1200 1692 paradisus,
1252 1623 1366 1678 sive
1412 1623 1743 1677 intellectilis
1774 1623 1889 1678 sive

308 1712 609 1767 sensibilis.
636 1712 961 1782 Quanquam
995 1714 1128 1767 mihi
1160 1713 1397 1781 videtur,
1428 1712 1887 1782 quemadmodum

311 1804 474 1858 homo
506 1804 861 1871 intelligibilis
892 1804 1053 1860 simul
1095 1813 1151 1860 et
1182 1804 1458 1858 sensibilis
1499 1812 1716 1858 creatus
1761 1802 1879 1858 luc-

312 1906 415 1955 rat,
454 1895 525 1949 ita
573 1896 737 1950 etiam
774 1898 894 1964 ejus
930 1897 1367 1951 sacratissimum
1400 1896 1689 1951 delubrum
1724 1895 1884 1950 intel-

313 1984 490 2039 lectile
522 1985 684 2040 simul
732 2000 796 2040 ac
849 1986 1052 2041 sensile
1087 1987 1275 2050 fuisse,
1326 1986 1710 2057 duplicemque
1761 2001 1885 2055 spe-

315 2077 454 2131 ciem
491 2077 767 2131 habuisse.
800 2075 934 2131 Nam
974 2079 1138 2132 homo
1168 2093 1400 2148 corpore
1424 2078 1476 2132 in
1508 2078 1626 2133 loco
1653 2078 1887 2131 maxime

311 2168 501 2223 divino
533 2169 807 2233 habitans,
835 2171 887 2223 in
918 2169 1042 2223 loco
1075 2170 1486 2239 incomparabili
1522 2177 1786 2238 quantum
1819 2169 1886 2223 ad

313 2260 554 2315 animam
596 2263 1064 2316 commorabatur.
1108 2266 1146 2316 A
1188 2262 1294 2317 Deo
1344 2278 1509 2332 porro
1558 2263 1610 2317 id
1661 2263 1887 2317 honoris

315 2361 646 2407 consecutus
700 2362 826 2417 est,
881 2364 938 2406 ut
995 2353 1206 2407 arbitrii
1260 2353 1512 2407 libertate
1570 2355 1884 2407 donaretur.

316 2443 530 2499 Idcirco
563 2453 744 2499 autem
782 2446 831 2499 ei
867 2446 1097 2499 liberum
1128 2446 1419 2499 arbitrium
1451 2445 1635 2498 datum
1688 2453 1790 2510 cst,
1832 2454 1885 2497 ut

323 2535 525 2589 bonum
563 2549 670 2588 non
729 2537 931 2597 minus,
977 2546 1085 2589 etc.
1123 2535 1177 2588 Id
1229 2544 1334 2597 cst,
1386 2546 1437 2587 ut
1483 2535 1708 2600 bonum,
1742 2535 1886 2603 quiut

316 2635 615 2694 gereretur,
653 2640 945 2679 commune
994 2634 1160 2687 esset,
1217 2640 1313 2678 nec
1358 2623 1466 2677 Deo
1514 2635 1744 2687 tantum,
1794 2626 1885 2679 sed

318 2717 523 2770 homini
573 2732 790 2786 quoque
842 2718 1212 2770 ascriberetur
1256 2733 1269 2768 :
1306 2716 1379 2768 illi
1417 2718 1659 2784 quidem,
1688 2727 1746 2770 ut
1794 2733 1889 2769 na-

316 2814 452 2858 turae
508 2808 758 2859 humanae
810 2808 1072 2861 virtutum
1125 2807 1331 2860 semina
1387 2807 1672 2873 inserenti,
1727 2818 1779 2861 et
1834 2818 1889 2862 nt

318 2897 633 2966 adjuvanti;
665 2899 788 2951 huic
810 2910 1013 2962 autem,
1048 2906 1106 2950 ut
1137 2898 1348 2967 cligcnti
1375 2907 1426 2951 et
1458 2899 1691 2953 facienti.
1717 2898 1889 2955 Omne

315 2988 459 3040 enim
497 2999 641 3043 recte
682 2991 883 3043 factum
917 2991 1204 3058 utriusque
1232 3004 1524 3043 commune
1562 3000 1664 3051 est,
1700 3007 1889 3060 nempe

1990 521 2060 572 ab
2097 519 2244 573 omni
2308 520 2501 585 aï¬‚ectu
2559 521 2679 591 puri
2731 529 2784 576 et
2828 521 2982 576 liberi
3029 530 3408 592 argumentum
3455 531 3556 585 est,

2002 607 2210 661 nudum
2268 624 2409 671 esse,
2466 626 2567 665 nec
2622 612 2966 667 erubescere.
3029 611 3102 665 Ac
3163 611 3306 666 Deus
3350 610 3557 666 homini

1993 698 2159 767 legem
2214 702 2339 762 dat,
2386 701 2539 768 quasi
2588 703 2868 757 materiam
2917 712 2971 756 et
3034 702 3341 758 facultatem
3407 703 3558 758 liberi

1991 790 2250 856 arbitrii,
2313 801 2372 846 ut
2433 793 2485 845 in
2540 808 2601 845 ea
2669 774 2842 848 virtus
2894 795 3151 849 eluceret.
3213 792 3323 848 Lex
3377 804 3557 847 autem

1992 892 2321 947 praeceptum
2359 894 2497 945 erat,
2543 895 2648 938 etc.
2682 885 2952 954 Scriptum
3003 894 3085 940 est
3114 885 3258 938 enim
3292 902 3303 938 :
3337 884 3400 938 Et
3428 902 3563 952 pra:-

1991 976 2123 1040 cepit
2173 974 2425 1028 Dominus
2480 973 2619 1029 Deus
2654 977 2783 1030 Adw
2831 978 3049 1030 dicens:
3078 975 3162 1030 Ea:
3221 978 3362 1030 omni
3394 976 3558 1047 ligno,

1991 1065 2129 1135 quod
2181 1076 2255 1119 est
2310 1067 2359 1118 iu
2411 1068 2705 1137 paradiso,
2764 1068 3046 1124 comedas:
3079 1068 3141 1122 de
3184 1070 3329 1138 ligno
3385 1078 3560 1122 autem

1992 1159 2225 1214 scientia:
2259 1159 2379 1213 boni
2405 1168 2453 1215 et
2492 1160 2617 1214 ntali
2652 1177 2753 1214 non
2787 1162 3042 1216 comedes.
3075 1160 3399 1233 Quacunque
3424 1163 3560 1215 enim

1992 1250 2078 1304 die
2109 1252 2420 1316 comederis,
2469 1261 2634 1305 morte
2663 1253 2901 1306 morieris
2928 1253 2995 1306 âµÎ¿.
3044 1250 3221 1307 Arbor
3256 1260 3435 1306 autem
3473 1253 3562 1306 illa

1991 1344 2109 1397 erat
2148 1343 2390 1399 scientia:
2421 1344 2549 1399 boni
2583 1353 2637 1400 et
2671 1344 2820 1399 mali.
2852 1344 2988 1409 Nam
3025 1358 3149 1398 cum
3189 1359 3252 1397 cx
3288 1359 3348 1396 ea
3378 1357 3562 1397 como-

1992 1434 2161 1491 disset
2213 1436 2407 1501 Adam,
2459 1452 2726 1506 suamque
2776 1438 3074 1491 nuditatem
3121 1417 3403 1501 scrisissct,
3452 1445 3561 1490 tum

1991 1526 2212 1581 domum
2257 1527 2547 1593 intellexit,
2578 1528 2724 1597 quod
2774 1527 2974 1580 bmmm
3012 1527 3230 1596 quidem
3282 1536 3397 1585 erat
3428 1542 3566 1587 przc-

1993 1621 2135 1688 cepti
2170 1620 2505 1685 observatio,
2548 1621 2748 1673 malum
2793 1629 2974 1672 autem
3017 1618 3401 1687 transgressio.
3459 1617 3564 1671 Du-

1999 1712 2190 1780 pliccm
2243 1721 2424 1766 autem
2472 1712 2757 1766 scientiam
2814 1728 2936 1765 csse
2993 1711 3250 1777 dicimus,
3310 1711 3560 1773 alteram,

1993 1818 2115 1872 qua:
2151 1819 2237 1859 rcs
2268 1804 2563 1865 antecedit,
2601 1820 2766 1874 quam
2801 1813 2854 1856 ct
2878 1804 3288 1873 dijudicativam
3327 1804 3565 1874 appella-

1995 1911 2115 1951 mus
2145 1915 2157 1949 :
2194 1896 2449 1959 alteram,
2502 1912 2622 1965 quas
2657 1913 2743 1952 res
2781 1899 2927 1965 ipsas
2960 1896 3272 1960 comitatur,
3304 1912 3367 1951 ac
3402 1897 3563 1952 realis

1988 1987 2214 2041 dicitur.
2266 1985 2340 2040 Ea
2374 1988 2556 2059 igitur.
2588 2004 2710 2058 qua:
2757 1988 3098 2043 discernendi
3135 2003 3199 2043 ac
3229 1988 3563 2057 diiudicandi

1990 2078 2096 2130 vim
2147 2078 2344 2143 habet,
2402 2088 2528 2136 ante
2580 2082 2922 2152 degustatum
2984 2083 3230 2137 arborem
3301 2082 3565 2152 praeditus

1988 2179 2106 2223 erat
2139 2170 2401 2227 Adamus.
2451 2172 2570 2241 lpse
2602 2174 2744 2227 enim
2794 2186 2846 2228 et
2902 2174 3076 2229 brutis
3107 2172 3479 2228 animantibus
3511 2183 3565 2229 et.

1992 2265 2147 2317 uxori
2183 2266 2405 2318 nomina
2447 2281 2545 2336 per
2579 2268 2952 2331 coniecturam
2988 2267 3270 2336 imposuit.
3310 2268 3387 2323 Ac
3434 2282 3561 2323 rea-

1992 2358 2092 2408 Iem
2116 2357 2402 2428 rlogttstata
2428 2359 2620 2413 arbore
2643 2363 2866 2429 insuper
2885 2361 3115 2431 adeptus
3146 2369 3247 2415 est.
3275 2359 3563 2426 Quodnam

1990 2459 2172 2500 autem
2232 2460 2378 2504 essat
2425 2452 2628 2521 lignum
2677 2452 2807 2504 illud
2862 2452 3234 2518 interdictum,
3283 2451 3564 2522 Scriptura

1990 2543 2210 2613 (pridem
2270 2559 2378 2596 non
2436 2544 2701 2598 indicavit
2750 2554 3050 2598 :cwtermn
3117 2545 3394 2599 nonnullis
3443 2559 3564 2599 eam

1993 2633 2280 2688 licuincam
2333 2632 2504 2688 fuisse
2570 2634 2794 2703 placuit,
2854 2650 2917 2686 cx
2985 2635 3143 2703 cujus
3203 2636 3365 2688 etiam
3420 2634 3566 2689 loliis

1994 2734 2117 2794 post
2188 2736 2518 2794 prazccptum
2584 2726 2843 2780 violatum
2911 2727 3073 2795 primi
3144 2735 3396 2794 parentes
3463 2727 3566 2781 sibi

1990 2826 2168 2869 vestes
2216 2817 2553 2873 cottsucriut.
2604 2819 2681 2871 Ac
2718 2826 3012 2887 propterea
3059 2819 3322 2886 scriptum
3391 2834 3561 2874 esse:

1996 2903 2058 2958 Et
2112 2907 2383 2960 maledixit
2447 2906 2699 2961 Dominus
2763 2909 2980 2975 ï¬cui".
3049 2909 3312 2964 Arborem
3382 2920 3563 2963 autem

1995 2999 2115 3050 sine
2169 3013 2289 3052 esse
2349 2999 2522 3060 aiunt.
2583 3014 2699 3053 cam
2761 2999 2866 3053 vim
2924 2999 3234 3066 habentem,
3290 3009 3349 3054 ut
3398 3000 3562 3053 vitam

315 3090 372 3134 et
403 3080 672 3142 facientis.
729 3090 783 3135 et
825 3082 940 3134 Dei.
990 3083 1132 3135 Deus
1191 3083 1335 3134 enim
1378 3081 1667 3134 facultates
1721 3091 1772 3133 (Ï„Î¹
1810 3083 1885 3134 in-
1918 3104 1960 3159 (Ï‚
1996 3090 2182 3143 :ï¬‚â€˜crat
2214 3108 2226 3143 Îµ
2261 3105 2381 3158 qua:
2424 3088 2641 3157 quidem
2699 3091 2767 3143 ab
2804 3089 2872 3144 iis
2923 3091 3076 3154 solis,
3128 3090 3223 3160 qui
3275 3090 3379 3143 vita
3418 3091 3565 3159 digni

314 3181 617 3226 stramenta
670 3173 1022 3241 suppeditat:
1062 3172 1225 3224 homo
1281 3181 1462 3224 autem
1526 3174 1739 3225 actione
1790 3189 1888 3227 sua

315 3277 429 3316 rem
487 3263 745 3329 praeclare
786 3265 1030 3317 coniicit.
1082 3261 1173 3316 Ille
1224 3261 1432 3316 semina
1497 3262 1759 3317 mandat:
1802 3263 1889 3317 hic.

316 3355 567 3425 agricolae
619 3371 845 3410 munere
888 3355 1156 3419 fungitur.
1214 3356 1344 3411 Nam
1379 3373 1499 3410 cum
1537 3358 1588 3408 in
1640 3358 1889 3425 paradiso

317 3457 535 3515 propter
581 3462 742 3517 opera
782 3449 919 3500 bona
975 3448 1275 3501 collocatus
1314 3457 1479 3511 esset,
1517 3448 1620 3501 nisi
1677 3449 1886 3500 arbitrd

316 3537 622 3593 libertatem
682 3541 1007 3604 habuisset,
1083 3556 1424 3610 nequaquam
1484 3557 1545 3594 ex
1613 3542 1889 3594 voluntate

312 3646 473 3697 agere
512 3631 803 3686 videretur.
841 3631 1129 3687 Enimvero
1166 3633 1385 3687 sensilis
1414 3631 1705 3702 paradisus
1732 3633 1887 3702 quis-

318 3736 441 3773 nam
496 3722 608 3783 sit,
671 3738 735 3775 ex
801 3721 1031 3776 Genesis
1067 3722 1298 3777 historia
1355 3723 1704 3792 perspicuum
1768 3706 1889 3779 esse

312 3825 495 3881 queat.
544 3812 808 3866 Plantavit
843 3813 1010 3871 enim.
1064 3813 1260 3880 inquit,
1303 3812 1439 3866 Deus
1491 3815 1803 3881 paradisum
1835 3817 1888 3867 in

310 3903 464 3958 Eden
516 3904 583 3956 ad
636 3902 903 3956 Orientem
929 3903 992 3955 â¸Â³.
1030 3909 1097 3956 At
1133 3902 1428 3972 Gregorius
1482 3903 1764 3956 historiam
1821 3905 1887 3958 ad

314 3994 632 4064 allegOriatu
664 3992 920 4056 traducit,
954 4005 1117 4063 atque
1145 4009 1241 4062 per
1275 3994 1638 4047 intcllrctilem
1669 3994 1886 4063 quidem

309 4088 644 4160 paradisuut,
701 4087 980 4142 caelestem
1033 4087 1203 4165 vitant
1250 4086 1527 4156 intelligit,
1571 4087 1654 4140 vel
1690 4087 1888 4141 anima:

311 4182 599 4252 puritatem
646 4192 702 4234 et
749 4180 1098 4234 claritatem:
1134 4194 1227 4247 per
1279 4179 1489 4247 plantas
1537 4188 1742 4239 autem,
1789 4177 1889 4230 im-

311 4276 571 4331 mortales
615 4275 854 4328 rationes
888 4282 942 4327 ct
993 4273 1208 4328 divinas
1238 4272 1620 4339 cogitationes,
1654 4287 1883 4341 quarum

312 4367 434 4421 alia:
469 4367 744 4422 tenuiores
776 4376 924 4430 sunt,
971 4365 1088 4420 aliae
1134 4364 1502 4434 perfectiores.
1539 4362 1709 4435 Porro
1743 4365 1884 4434 quod

1994 3191 2141 3245 sunt,
2184 3199 2281 3236 nec
2323 3183 2486 3236 morti
2540 3180 2847 3249 suhjaccnt,
2879 3181 2967 3236 edi
3013 3188 3207 3251 potest.
3252 3179 3370 3235 Jatn
3422 3197 3564 3251 quo-

1995 3277 2144 3328 niam
2196 3274 2535 3340 spiritualem
2576 3272 2889 3343 paradisum
2925 3272 3335 3337 constituimus,
3371 3288 3432 3327 ac
3468 3289 3563 3342 per

1991 3379 2114 3419 eum
2158 3365 2432 3420 cmlestem
2466 3365 2628 3418 vitam
2661 3363 3057 3428 intelleximus,
3094 3363 3303 3434 lignum
3341 3379 3562 3434 quoque

1994 3457 2123 3511 illud
2160 3472 2341 3520 omne,
2375 3472 2439 3510 ex
2486 3469 2596 3524 quo
2650 3448 2985 3510 manducare
3033 3455 3193 3510 nobis
3231 3465 3560 3525 praeceptum

1992 3558 2091 3612 est,
2153 3548 2226 3601 ita
2277 3547 2553 3616 explicare
2610 3560 2931 3615 possumus,
2973 3555 3032 3600 ut
3081 3546 3350 3609 dicamus,
3406 3546 3568 3600 nobis

1995 3654 2090 3707 per
2116 3637 2246 3692 illud
2273 3638 2470 3691 divina:
2488 3636 2966 3707 contemplationis
2989 3635 3212 3691 delicias
3243 3635 3562 3706 signiï¬cari.

1994 3728 2132 3781 Deus
2179 3728 2327 3780 enim
2370 3726 2686 3782 universum
2740 3734 2845 3791 est,
2894 3726 2947 3781 in
2985 3741 3117 3795 quo,
3156 3732 3211 3779 et
3253 3739 3349 3794 per
3379 3738 3563 3794 quem,

1992 3828 2118 3874 sunt
2163 3819 2368 3873 omnia.
2457 3818 2563 3883 Qui
2619 3819 2784 3876 etiam
2838 3818 3052 3889 lignum
3119 3817 3240 3871 vitae
3294 3816 3564 3870 nominari

1996 3918 2190 3978 potest,
2220 3911 2477 3979 quoniam
2514 3910 2717 3964 divina:
2746 3909 3187 3980 participatiouis
3217 3907 3448 3963 dulcedo
3495 3908 3565 3960 iis

1992 4001 2086 4070 qui
2118 4015 2181 4055 ea
2230 4001 2510 4064 fruuntur,
2565 4000 2734 4055 vitam
2775 4001 2926 4056 nulla
2979 4009 3151 4059 morte
3204 4001 3562 4070 interruptam

1994 4094 2252 4161 impertit.
2291 4094 2430 4147 Tum
2461 4109 2528 4147 an
2542 4102 2649 4147 tem
2679 4094 2885 4163 lignum
2917 4095 3161 4150 scientia:
3189 4093 3315 4148 boni
3342 4102 3394 4148 et
3439 4092 3564 4161 mali

1994 4184 2316 4253 multiplicis
2337 4183 2820 4252 contemplationis
2835 4185 3147 4254 disquisitio
3161 4187 3356 4253 exponi
3378 4191 3565 4253 queat,

1994 4274 2096 4327 hoc
2137 4282 2221 4327 est
2250 4274 2486 4344 propria:
2525 4280 2735 4328 naturae
2769 4275 2997 4344 agnitio,
3044 4289 3166 4344 qua:
3211 4274 3452 4343 quidem,
3505 4279 3567 4325 ut.

1991 4364 2246 4435 perfectis
2303 4376 2357 4419 et
2414 4364 2467 4419 in
2529 4365 2711 4419 divina
2786 4365 3246 4436 contemplatione
3297 4365 3565 4419 altissime

311 4459 573 4527 scriptum
627 4466 732 4520 est,
789 4460 995 4511 nudum
1040 4456 1318 4510 hominem
1370 4455 1561 4518 fuisse,
1622 4454 1883 4509 trifariam
1922 4472 1962 4527 Ï…
1995 4457 2265 4526 provectis
2326 4456 2469 4512 bona
2527 4463 2633 4521 est,
2697 4457 2769 4509 ita
2793 4456 2872 4513 .iis
2928 4457 3021 4525 qui
3070 4470 3289 4511 summo
3344 4468 3400 4509 et.
3461 4456 3563 4510 soli

318 4551 560 4618 exponit.
600 4548 792 4605 Nudus
846 4548 1016 4615 enim,
1070 4549 1269 4616 inquit,
1319 4555 1459 4610 erat,
1508 4557 1768 4613 quantum
1819 4547 1886 4602 ad

320 4656 532 4697 morum
600 4640 1052 4710 simplicitatem,
1114 4640 1355 4693 nondum
1411 4638 1556 4692 enim
1617 4632 1765 4692 trans
1823 4652 1888 4694 ac

313 4734 550 4788 versutia
597 4740 651 4786 et
699 4733 902 4793 malitia
951 4730 1190 4786 admissa
1235 4728 1435 4784 fuerat.
1480 4728 1671 4783 Nudus
1717 4730 1883 4783 etiam

314 4836 589 4895 quatenus
639 4824 884 4879 vestibus
929 4832 984 4879 ct
1030 4831 1173 4877 tecto
1208 4821 1429 4876 carebat
1458 4835 1473 4875 :
1502 4831 1687 4891 postca
1737 4822 1881 4875 enim

315 4925 372 4972 et
430 4916 749 4971 vestimenta
809 4924 865 4970 et
922 4924 1064 4971 tecta
1127 4913 1429 4983 excogitata
1490 4921 1637 4966 sunt.
1700 4911 1887 4966 Diï¬‚ert

312 5019 497 5063 autem
534 5010 965 5078 integumentum
994 5023 1026 5063 a
1056 5009 1399 5062 munimento
1432 5007 1547 5062 sive
1575 5021 1888 5078 propugna-

313 5102 440 5157 culo
470 5118 484 5155 :
515 5101 659 5171 quod
692 5101 826 5156 illud
855 5100 1071 5170 tegendi
1108 5099 1356 5170 corporis
1388 5113 1556 5155 causa
1604 5100 1882 5154 inventum

314 5192 411 5256 sit,
449 5201 508 5245 ut
542 5193 866 5248 vestimenta
896 5210 909 5246 :
946 5193 1049 5248 hoc
1080 5205 1258 5248 autem
1301 5191 1568 5247 custodiae
1610 5205 1674 5245 ac
1704 5190 1884 5245 tutela:

312 5297 502 5349 causa,
540 5293 601 5339 ut
632 5299 782 5339 arma
814 5292 868 5338 et
897 5284 1254 5339 instrumenta
1319 5284 1385 5338 ad
1426 5283 1535 5336 vim
1586 5281 1878 5336 arcendam

312 5374 584 5429 instituta.
630 5374 821 5430 Talem
868 5376 1012 5429 enim
1046 5390 1167 5431 esse
1209 5375 1565 5431 conveniebat
1617 5388 1739 5429 eum
1785 5373 1880 5443 qui

312 5481 342 5519 a
375 5464 484 5520 Deo
526 5476 745 5523 creatus
776 5475 947 5529 esset.
986 5470 1088 5522 hoc
1133 5475 1238 5528 est,
1271 5466 1641 5525 innocentem,
1676 5465 1884 5534 simpli-

313 5570 452 5621 cem,
501 5573 631 5613 cura
673 5567 726 5613 et
780 5556 1148 5613 sollicitudine
1182 5572 1439 5622 vacuum,
1474 5557 1544 5610 ab
1594 5554 1880 5611 all'ectibus

1994 4548 2139 4605 bono
2198 4548 2440 4602 nondum
2502 4547 2733 4601 ï¬rmiter
2794 4557 2848 4601 et
2909 4556 3225 4602 constanter
3285 4546 3561 4609 assident,

1993 4639 2158 4693 noxia
2201 4646 2320 4702 est,
2369 4646 2556 4708 utpOte
2606 4652 2749 4708 quos
2801 4647 3024 4707 propter
3076 4638 3346 4692 infirmam
3401 4648 3563 4708 atque

1992 4728 2306 4785 instabilem
2336 4727 2390 4782 in
2427 4732 2572 4783 bono
2606 4730 2943 4784 mansionem
2969 4730 3216 4798 corporis
3248 4744 3377 4785 cura
3405 4731 3469 4784 ad
3505 4746 3563 4785 se

1992 4823 2271 4877 retrahere
2316 4822 2596 4892 variisque
2634 4823 2866 4892 negotiis
2918 4822 3198 4891 implicare
3248 4823 3405 4878 solet.
3440 4821 3558 4886 Vel,

1992 4911 2035 4966 si
2078 4913 2287 4975 mavis,
2332 4928 2426 4982 per
2472 4927 2635 4967 omne
2670 4914 2872 4983 lignum
2916 4929 3035 4968 eam
3072 4915 3268 4968 divinae
3307 4914 3560 4984 potentia:

1995 5003 2326 5071 agnitionem
2395 5004 2673 5074 intelligo,
2718 5019 2837 5074 quae
2883 5020 2945 5058 ex
3002 5021 3185 5059 rerum
3246 5014 3552 5058 crcatarutu

1926 5084 1931 5091 â€™
1990 5091 2424 5146 consideratione
2483 5104 2869 5161 comparatur,
2943 5094 3406 5164 quemadmodum
3481 5096 3557 5145 ait

1990 5180 2287 5249 Apostolus
2346 5199 2361 5235 :
2425 5181 2723 5236 luvisibilia
2783 5185 2922 5236 enim
2992 5186 3158 5253 ipsius
3223 5202 3254 5237 Î±
3313 5193 3558 5237 creatura

1986 5274 2169 5327 mundi
2218 5288 2310 5341 per
2369 5288 2427 5325 ea
2478 5289 2595 5342 quae
2624 5274 2771 5342 facta
2825 5286 2970 5341 sunt,
3030 5276 3299 5329 intellecta
3351 5274 3559 5340 conspi-

1993 5371 2208 5424 ciuntur
2232 5369 2299 5421 âµâ¸,
2352 5365 2607 5422 Omnium
2641 5380 2823 5424 autem
2861 5371 3126 5441 ejusmodi
3163 5369 3553 5437 cogitationum

1989 5458 2443 5517 excellentissima
2493 5469 2546 5512 et
2577 5461 2841 5518 altissima
2874 5473 2958 5519 est
3009 5463 3120 5524 illa,
3153 5476 3273 5530 qua:
3313 5460 3365 5513 in
3400 5473 3549 5515 crea-

1991 5553 2156 5607 tionis
2212 5559 2414 5606 nostrae
2455 5551 2666 5609 ratione
2715 5564 2987 5611 versatur.
3042 5551 3313 5607 Mirabilis
3362 5552 3544 5610 enim.

382 5714 579 5771 â€œGen.
616 5732 674 5782 ll,
716 5717 768 5773 8.
850 5718 892 5750 âµâ¸
916 5718 1049 5773 Gen.
1083 5731 1193 5781 va,
1231 5715 1317 5770 l7.
1394 5715 1435 5746 âµÂ¹
1464 5713 1628 5768 Marc.
1665 5730 1743 5781 xi,
1782 5714 1865 5768 13.
1942 5714 1985 5747 Î´â€™
2018 5712 2177 5767 Rom.
2205 5728 2242 5777 Î¹,
2276 5713 2363 5769 20.
