4076 6292
699 335 834 398 1335

2102 336 2483 397 ABDENDA.
3727 345 3802 412 tt’t
3867 415 3870 420 _

695 446 892 517 inquit.
951 447 1099 517 facta
1151 456 1227 502 est
1264 445 1481 502 scientia
1535 457 1626 502 tua
1674 464 1738 503 ea:
1789 449 1954 512 nte",
2007 451 2110 503 hoc
2157 459 2260 509 est,
2301 453 2340 506 Α
2371 451 2536 518 ptatis
2567 449 2835 508 illecebris
2866 453 3264 523 lenociniisque
3314 454 3446 523 capti
3487 465 3799 528 sonuitque:

696 555 762 592 ex
805 540 907 594 mei
941 542 1374 596 constructione.
1405 542 1529 598 Βίης
1558 554 1741 599 autem
1785 546 2025 616 cognitio
2058 547 2267 599 Adamo

698 633 1000 702 periculosa
1070 642 1226 700 erat,
1289 635 1545 689 nimirum
1617 653 1808 693 recens
1863 649 2043 692 creato
2107 650 2267 707 atque

697 725 876 778 adhuc
928 723 1267 792 imperfecto.
1319 723 1463 791 Quin
1530 728 1692 782 etiam
1742 744 1834 799 per
1891 731 2095 800 lignum
2144 733 2266 784 vine

698 828 960 868 ascensus
1002 814 1092 868 ille
1141 815 1436 885 signiﬁcari
1486 828 1681 888 potest,
1737 835 1845 890 quo
1893 836 1957 875 ex
2009 823 2266 878 omnibus

698 905 865 961 rebus
914 905 1272 961 sensibilibus
1307 907 1371 960 ad
1415 907 1582 962 Demn
1613 911 2007 979 provehimur;
2063 927 2157 981 per
2203 911 2265 963 li-

695 1016 859 1068 gnum
905 1011 1087 1056 autem
1153 1003 1398 1057 scientia;
1430 1003 1558 1058 boni
1601 1015 1655 1060 et
1711 1007 1838 1061 mali
1885 1007 2161 1062 sensibilis
2211 1017 2266 1061 et

695 1093 1076 1164 voluptuarius
1108 1095 1287 1160 cibus,
1319 1096 1409 1166 qui
1445 1097 1665 1152 tametsi
1693 1099 2035 1154 dulcedinem
2071 1099 2266 1155 atl'erre

694 1183 964 1251 videatur,
1000 1195 1177 1240 tamen
1208 1202 1393 1241 revera
1427 1189 1812 1258 percipientem
1851 1191 2010 1244 malis
2043 1191 2264 1244 immer-

695 1275 792 1344 git.
847 1275 925 1329 Ex
981 1280 1122 1332 omni
1181 1278 1344 1347 igitur
1386 1280 1527 1349 ligno
1580 1281 1720 1350 quod
1775 1291 1852 1336 est
1910 1284 1964 1334 in
2014 1283 2263 1351 paradiso

695 1368 951 1430 comedes,
990 1368 1094 1423 hoc
1133 1379 1239 1440 est,
1288 1386 1384 1439 per
1423 1387 1614 1427 omnes
1676 1387 1765 1428 res
1813 1383 2024 1428 creatas
2064 1373 2130 1427 ad
2179 1388 2263 1428 me

695 1457 1002 1514 Creatorem
1036 1460 1289 1526 evehere,
1320 1472 1484 1531 atque
1515 1479 1683 1517 unum
1718 1479 1782 1517 ex
1806 1464 2063 1518 omnibus
2099 1465 2262 1518 rebus

699 1553 938 1609 fructum
972 1556 1186 1624 collige,
1237 1573 1322 1612 me
1357 1558 1629 1620 videlicet,
1661 1561 1751 1628 qui
1789 1576 1913 1614 vera
1952 1561 2058 1614 vita
2091 1576 2210 1615 sum
2246 1577 2259 1614 :

696 1643 780 1698 Ea:
814 1647 956 1715 ligno
989 1657 1161 1700 autem
1195 1649 1427 1704 scientia:
1455 1650 1575 1703 boni
1610 1660 1657 1702 et
1695 1651 1820 1703 mali
1855 1667 1917 1703 ne
1951 1651 2256 1704 comedatis.

695 1734 1018 1804 Quacuuquc
1067 1749 1241 1792 autem
1289 1741 1373 1794 die
1426 1742 1759 1794 comederitis
1788 1784 1802 1806 ,
1850 1752 2016 1796 morte
2068 1741 2260 1794 morie-
2299 1780 2338 1834 Β
2368 1735 2567 1800 alim".
2623 1747 2722 1787 nec
2797 1731 3030 1834 ηιειῖεηξδ
3062 1729 3364 1834 ,ίξξῑθνδίξπθ

697 1827 842 1879 mini.
893 1827 1223 1883 Naturaliter
1277 1830 1422 1884 enim
1471 1831 1747 1887 sensibilis
1802 1833 1959 1886 cibus
2008 1833 2058 1888 id
2118 1835 2260 1897 quod

693 1917 920 1985 ellluxit,
949 1921 1154 1990 replet;
1189 1938 1285 1976 nec
1316 1922 1429 1976 ﬁeri
1463 1933 1659 1992 potest,
1699 1934 1755 1979 ut
1795 1924 1841 1980 is
1867 1925 2263 1996 incorruptibi-

694 2009 761 2063 lis
814 2020 1166 2076 permaneat,
1231 2013 1324 2082 qui
1377 2014 1652 2070 sensibilis
1701 2015 1942 2069 alimenti
1991 2016 2263 2085 particeps

693 2108 796 2154 cst.
849 2098 1050 2156 Praeter
1103 2103 1201 2158 hos
1245 2104 1406 2157 etiam
1451 2105 1642 2161 modos
1687 2105 1844 2160 aliter
1885 2105 2092 2175 lignum
2142 2107 2264 2160 vita;

691 2204 962 2258 exponere
1017 2208 1328 2260 possumus,
1383 2202 1442 2247 ut
1499 2206 1826 2264 prmceptum
1885 2197 2016 2252 illud
2061 2213 2090 2253 a
2153 2198 2263 2252 Deo

690 2278 879 2333 datum
922 2282 1189 2351 signiﬁcet
1234 2284 1463 2353 (lignum
1498 2287 1662 2341 etiam
1693 2287 1816 2342 vitae
1858 2295 1938 2343 cst
1971 2299 2025 2343 et
2049 2289 2262 2356 iustitia

692 2373 947 2428 omnibus
1005 2377 1176 2444 ipsam
1227 2377 1736 2446 amplcctentibus);
1783 2377 2023 2433 scientiae
2078 2387 2260 2433 autem

690 2465 896 2533 lignum
929 2466 1312 2521 discretionem
1340 2468 1468 2522 boni
1493 2477 1545 2523 et
1573 2469 1699 2523 mali
1726 2469 1994 2536 designet.
2017 2467 2258 2523 Primum

694 2551 860 2621 igitur
907 2552 1228 2620 simpliciter
1272 2562 1327 2609 et
1378 2555 1496 2609 sine
1527 2557 1632 2608 ulla
1667 2556 2013 2627 discussione
2052 2555 2262 2611 Adamo

691 2640 1001 2695 faciendum
1049 2652 1189 2708 erat,
1242 2655 1301 2697 ut
1340 2645 1443 2712 legi
1482 2647 1677 2702 divinae
1721 2659 1955 2718 pareret,
1989 2651 2160 2706 donec
2195 2654 2259 2706 ad

689 2730 989 2802 perfectum
1037 2733 1257 2789 virtutis
1303 2736 1548 2791 habitum
1598 2740 1926 2807 perveniret,
1979 2751 2138 2812 atque
2188 2745 2260 2798 ita

691 2823 909 2876 demum
954 2821 1049 2877 Dei
1091 2838 1318 2880 munere
1351 2826 1480 2880 boni
1535 2843 1598 2881 ac
1650 2829 1775 2883 mali
1812 2829 2258 2899 dijudiealionem

691 2913 982 2983 acciperet,
1029 2915 1174 2984 quod
1201 2917 1422 2986 quidem
1456 2919 1662 2989 lignum
1713 2931 1796 2978 est
1855 2923 2096 2978 scientias
2130 2924 2257 2979 boni

691 3021 755 3060 ac
788 3006 937 3060 mali.
980 3005 1168 3077 Neque
1193 3009 1337 3062 enim
1386 3011 1434 3064 ei
1467 3015 1558 3080 qui
1596 3022 1783 3068 tenero
1830 3024 1912 3069 est
1955 3016 2257 3081 intellectu,

2372 543 2519 612 ligno
2555 544 2678 597 vitzc
2704 545 2917 614 expulsi
2953 556 3007 599 et
3038 545 3294 601 mortales
3327 547 3445 600 tacti
3476 558 3602 602 sunt.
3628 549 3679 602 At
3699 553 3800 604 enim-

2371 650 2499 689 vero
2534 635 2636 689 hoc
2673 635 2793 689 loco
2825 634 2932 689 Deo
2963 635 3170 691 invisus
3212 636 3534 708 Porphyrius
3561 649 3724 707 propter
3745 643 3801 694 hoc

2369 727 2612 781 scicntite
2669 728 2874 796 lignum
2925 726 3092 780 Deum
3150 728 3464 781 alterutrius
3506 729 3676 797 peccati
3712 745 3800 784 reum

2372 834 2628 890 peragere
2681 826 2933 873 conatur.
2995 817 3104 871 Iloc
3151 819 3298 872 enim
3360 819 3636 874 dilemmatc
3670 823 3803 877 utimr:

2371 915 2474 968 Aut
2500 914 2661 968 arbor
2692 913 2782 966 illa
2813 910 3118 981 perniciose
3170 910 3378 964 consita
3411 922 3506 973 eSt,
3535 921 3683 980 utpote
3701 913 3805 966 homi-

2370 1006 2528 1059 nibus
2559 1011 2789 1058 mortem
2843 1003 3073 1057 allatura
3104 1021 3117 1058 :
3153 1014 3245 1056 aut
3296 1003 3339 1055 si
3371 1013 3500 1056 recte
3545 1005 3803 1071 plantatacst,

2369 1097 2604 1167 maligne
2633 1106 2780 1150 certe
2811 1105 2974 1165 atque
3013 1093 3196 1149 invide
3225 1093 3484 1163 prohibita
3510 1102 3598 1157 est,
3633 1093 3802 1146 uimiru-n

2369 1187 2478 1242 Deo
2527 1187 2808 1242 scientiam
2852 1184 3174 1239 hominibus
3227 1184 3509 1249 invidente,
3543 1184 3804 1250 vecordesque

2367 1293 2461 1332 eos
2487 1292 2608 1332 esse
2639 1275 2910 1343 cupiente.
2950 1273 3104 1329 Hanc
3132 1275 3300 1345 igitur
3333 1275 3647 1344 objectionem
3671 1273 3805 1327 diluens

2366 1371 2678 1439 Gregorius,
2732 1367 2809 1422 Ne
2843 1368 2896 1421 in
2929 1367 3033 1422 hoc
3061 1367 3293 1437 lignum,
3329 1366 3510 1436 inquit,
3539 1365 3659 1435 impii
3685 1380 3805 1418 manus

2366 1462 2633 1531 injiciant,
2669 1473 2766 1514 ncc
2815 1467 3119 1528 serpentem
3173 1457 3466 1510 imitentur.
3497 1454 3610 1508 Nam
3633 1454 3701 1508 ille
3723 1466 3804 1520 qun-

2365 1568 2472 1623 que
2524 1552 2692 1606 Deum
2759 1549 3070 1603 hominibus
3125 1548 3409 1603 scientiam
3467 1561 3523 1602 ac
3566 1545 3800 1600 divinitatem

2367 1644 2609 1700 invidere
2659 1641 2900 1697 dicebat.
2931 1639 3043 1695 Nec
3071 1640 3220 1694 enim
3251 1639 3389 1693 male
3419 1638 3624 1708 plautata
3659 1643 3719 1688 est
3738 1632 3804 1685 hac

3484 1740 3638 1780 \‘Cl'lllll
3679 1731 3802 1776 natura

2366 1825 2585 1893 quidem
2634 1824 2775 1878 bona
2850 1831 2966 1876 erat
3005 1821 3156 1890 (vidit
3209 1820 3348 1872 enim
3398 1817 3520 1870 Deus
3559 1815 3795 1881 omniaque

2366 1925 2584 1986 fecerat,
2626 1927 2674 1970 et
2705 1923 2852 1968 erant
2894 1911 3042 1966 valde
3081 1910 3218 1964 bona
3242 1911 3333 1979 "),
3365 1924 3457 1963 usu
3487 1916 3632 1961 autem
3657 1915 3695 1959 et
3719 1905 3797 1956 bona

2365 2017 2484 2063 erat
2517 2016 2571 2062 ct
2622 2006 2759 2059 mala
2788 2021 2802 2069 ;
2835 2005 2999 2068 bona,
3046 2003 3095 2058 si
3123 2017 3363 2072 congruo
3401 2009 3611 2068 tempore
3642 2003 3796 2062 percute-

2367 2110 2534 2164 rctur,
2588 2113 2746 2154 secus
2799 2107 3004 2160 autem,
3067 2095 3117 2150 si
3171 2091 3792 2164 prtcmaturedecerperetur.

2367 2191 2605 2254 Etenim,
2655 2199 2712 2242 ut
2744 2187 3021 2241 intellectu
3069 2195 3128 2240 et
3155 2183 3583 2253 contemplatione
3605 2188 3791 2243 asseqnor.

2367 2284 2479 2338 lrrc
2514 2282 2676 2336 arbor
2709 2279 2965 2350 cogitatio
3016 2295 3114 2334 seu
3149 2274 3520 2346 contemplatio
3561 2268 3737 2341 quadam
3761 2273 3789 2315 et

2368 2374 2561 2427 notitia
2629 2372 2922 2443 perfectior
2985 2383 3148 2435 erat,
3212 2368 3575 2434 sublimiorque
3619 2356 3792 2452 scientit,

2364 2482 2526 2536 quam
2564 2463 2934 2519 conscendere
2971 2463 3006 2516 ii
3037 2463 3144 2517 soli
3177 2468 3295 2515 tuto
3323 2466 3546 2530 possunt,
3577 2452 3664 2522 qui,
3688 2457 3724 2501 ut
3749 2453 3789 2494 ait

2363 2556 2651 2626 Apostolus
2680 2557 2746 2621 ⁵⁸,
2780 2571 2876 2624 pro
2916 2554 3320 2608 consuetudine
3367 2563 3543 2605 sensus
3578 2541 3790 2597 exercitatos

2365 2648 2567 2702 habent
2625 2646 2691 2700 atl
2745 2645 3138 2701 discretionem
3212 2643 3334 2696 boni
3394 2649 3444 2695 et
3505 2635 3620 2690 mali.
3664 2629 3784 2682 Contra

2363 2754 2540 2794 autem
2585 2755 2646 2794 ea
2683 2738 2903 2792 minime
2936 2738 3080 2792 bona
3119 2737 3320 2792 teneris
3370 2732 3529 2788 adhuc
3575 2737 3616 2781 et
3649 2719 3787 2817 milith

2363 2833 2583 2895 animis,
2633 2831 3100 2901 quemadmodum
3138 2843 3237 2883 nec
3283 2827 3475 2881 solidus
3504 2820 3626 2875 cibus
3649 2812 3788 2913 infanti-

2362 2924 2486 2977 bus.
2520 2921 2722 2976 Dentes
2757 2921 2904 2976 enim
2958 2935 3159 2975 recens
3198 2926 3355 2973 natos
3384 2911 3596 2971 convellit
3620 2911 3782 2975 gravisn-

2364 3029 2554 3084 meque
2581 3013 2747 3067 laedit.

694 3096 940 3164 periculo
992 3070 1149 3151 vacat
1198 3070 1560 3168 dijudicatio,
1609 3103 1753 3172 quod
1805 3120 2048 3160 crassam
2095 3070 2258 3177 atque
2287 3111 2328 3166 C
2435 3070 2674 3157 601.651
2715 3102 2778 3156 C.
2821 3098 3084 3156 PsaLLus.
3134 3099 3361 3168 Liguum
3385 3091 3597 3150 scientia.
3629 3070 3783 3150 lupﬁm’

691 3182 977 3240 aﬂ'ectibus
1029 3196 1356 3242 commotam
1407 3197 1459 3243 et
1513 3191 1913 3260 voluptuariam
1990 3193 2256 3248 rationem

689 3273 910 3328 habeat.
952 3274 1222 3340 Quoniam
1273 3277 1438 3348 igitur
1490 3278 1754 3334 Adamum
1795 3293 1889 3350 per
1935 3281 2256 3352 simplicem,

692 3363 956 3432 omnique
991 3365 1386 3432 tlijutlicalione
1440 3377 1715 3422 carentem
1756 3371 2120 3425 obedientiam
2151 3371 2261 3427 Deo

691 3453 944 3524 conjungi
980 3457 1284 3524 eportehat,
1329 3471 1391 3510 ac
1433 3471 1525 3525 per
1557 3457 1871 3526 huiusmodi
1919 3463 2260 3530 conjunctio-

692 3560 814 3599 nem
845 3546 1145 3601 divinitatis
1181 3562 1322 3614 opus
1373 3563 1437 3602 co
1468 3559 1731 3618 tempore,
1772 3566 1880 3620 quo
1921 3551 2064 3608 Deus
2099 3570 2262 3612 verus

689 3645 745 3689 et
777 3636 1044 3690 naturalis
1073 3635 1357 3701 voluisset,
1393 3640 1665 3708 accipere,
1694 3656 1987 3712 rerumque
2011 3645 2256 3699 omnium

692 3742 875 3781 veram
909 3726 1272 3796 cognitionem
1323 3738 1375 3783 et
1401 3730 1670 3798 judicium
1705 3741 1865 3802 atque
1894 3735 2256 3791 immortalem

689 3820 856 3873 vitam
894 3838 908 3875 :
942 3820 1208 3890 simplicis
1258 3837 1419 3890 porro
1471 3823 1645 3893 ipsius
1690 3825 2016 3881 obcdientia:
2046 3831 2258 3898 experi-

690 3922 934 3967 mentum
985 3914 1105 3982 capi
1155 3916 1483 3982 oportebat,
1531 3927 1814 3984 propterea
1849 3918 1991 3973 Deus
2047 3936 2256 3990 praace-

691 4011 842 4070 ptum
889 4004 939 4056 ei
975 4004 1145 4068 dedit,
1199 4020 1265 4058 ne
1306 4021 1369 4058 ex
1399 4008 1638 4061 scientiae
1667 4008 1814 4077 ligno
1858 4019 2118 4081 gustaret,
2160 4011 2260 4066 hoc

691 4101 798 4156 est,
859 4108 926 4146 ne
959 4095 1179 4163 proprio
1223 4097 1430 4164 judicio
1480 4097 1689 4152 tideret.
1738 4100 1934 4154 Verum
1977 4117 2100 4155 cmn
2144 4102 2260 4157 dia-

691 4185 853 4239 belus
903 4186 1007 4240 sub
1053 4187 1324 4255 serpentis
1361 4192 1544 4258 specie
1600 4189 1776 4258 ipsum
1829 4200 1976 4246 esset
2015 4194 2258 4261 adortus,

689 4290 754 4330 ac
785 4275 1016 4332 dixissot
1048 4294 1061 4331 :
1097 4276 1265 4331 Erilis
1308 4280 1445 4332 sicut
1481 4281 1559 4335 dii
1597 4283 1814 4336 scientes
1847 4282 2039 4337 bonum
2069 4298 2114 4339 et
2149 4303 2261 4340 ma-

687 4367 892 4436 lum“,
940 4370 986 4425 si
1030 4372 1402 4436 comederitis,
1446 4375 1670 4441 proprio
1701 4373 1914 4443 judicio.
1962 4380 2255 4446 acquievit,

2365 3196 2599 3266 parentis
2649 3195 2829 3248 auiam
2877 3193 3012 3249 velut
3062 3196 3120 3246 in
3155 3191 3463 3248 divinissimo
3492 3189 3657 3255 α²¹⁰ά⁶¹¹³
3685 3176 3780 3266 ‘er

2365 3304 2537 3340 omnes
2589 3286 2822 3339 scientia:
2870 3285 3061 3354 species
3119 3284 3334 3336 consita:
3386 3287 3533 3333 erant.
3587 3269 3639 3322 Et
3658 3259 3773 3356 (μ’θξί

2364 3379 2485 3431 alia:
2519 3377 2648 3430 t'c’ut
2700 3377 2754 3441 in
2801 3375 2973 3428 orbem
3028 3375 3250 3428 stabant
3279 3389 3298 3428 :
3343 3372 3452 3425 duo:
3477 3367 3575 3422 sola?
3600 3361 3635 3412 in
3670 3354 3775 3448 media

2365 3470 2556 3523 animm
2591 3480 2742 3536 parte
2788 3469 2961 3521 insita:
2994 3477 3176 3522 erant.
3221 3466 3325 3520 Per
3369 3480 3448 3516 eas
3489 3459 3624 3545 ἱςίίωξ·
3654 3451 3779 3545 (ΙΨ-η

2364 3562 2541 3614 orbem
2576 3559 2837 3628 plantam!
2869 3568 3038 3624 erant,
3071 3559 3150 3613 ad
3182 3576 3325 3612 esum
3363 3543 3651 3608 accommodus
3675 3541 3780 3588 tntu-

2363 3665 2469 3705 tum
2538 3653 2741 3720 fructus
2805 3651 3104 3714 indicatur,
3157 3668 3306 3721 quem
3361 3647 3564 3715 percipere
3602 3631 3781 3721 Atlanta"!

2363 3745 2648 3807 oportebat,
2696 3745 2989 3811 animmque
3034 3743 3276 3796 sensoria
3306 3741 3521 3794 suavitate
3543 3716 3780 3794 Perl'mdm'

2363 3829 2573 3882 [larum
2603 3839 2799 3894 autent,
2847 3846 2962 3898 qua:
2986 3831 3039 3882 in
3079 3831 3248 3885 n.1ctlt'o
3282 3828 3484 3884 stabant,
3516 3818 3640 3870 altera
3664 3813 3781 3857 rerum

2361 3931 2658 3974 creaturam
2713 3921 3212 3990 contemplationem
3265 3922 3498 3989 desigttal,
3536 3904 3714 3990 nimirum
3741 3905 3779 3943 Ν

2360 4028 2476 4083 quae
2530 4013 2766 4067 scicntia!
2827 3988 2950 4065 boni
3009 4024 3060 4066 et
3115 4014 3245 4067 mali
3299 4025 3464 4065 nomen
3504 3988 3778 4090 liabet-'l'f‘i’“

2361 4104 2526 4174 ipsius
2564 4103 2656 4156 Dei
2712 4105 3065 4172 cognitionem
3103 4105 3544 4174 percepticnemque
3589 4077 3775 4153 δὶςηιῆτσίν

2361 4212 2478 4265 quae
2509 4195 2716 4264 quidem
2769 4195 2971 4264 lignum
3012 4199 3135 4250 vita:
3174 4193 3469 4264 appellatur.
3513 4174 3776 4265 ΡτοίηάίῘίθδ

2361 4253 2538 4338 statim
2572 4253 2975 4355 scientiazvligno
3011 4303 3201 4338 manus
3240 4285 3489 4336 admorere
3512 4253 3774 4360 debebatfitla.‘

2365 4390 2500 4439 mus,
2531 4390 2621 4427 nec
2653 4377 2935 4428 creationis
2972 4376 3204 4428 rationes
3231 4383 3277 4427 et
3308 4367 3507 4425 consilia
3526 4355 3772 4431 perpetui“

688 4478 750 4516 ac
784 4463 925 4518 bona
959 4481 1046 4520 res
1079 4465 1154 4519 illi
1191 4481 1310 4520 esse
1355 4466 1658 4522 divinitatis
1693 4469 1908 4537 adeptio
1941 4481 1994 4525 et
2028 4444 2254 4526 scientia
2288 4455 2333 4511 Ῑ)
2363 4482 2453 4520 nec
2486 4466 2554 4518 ad
2579 4467 2778 4535 judicii
2821 4477 2870 4521 et
2926 4467 3266 4534 providentia:
3306 4459 3510 4531 diﬁcit“
3550 4444 3773 4537 caallﬂl'f’w

685 4555 804 4610 visa
847 4565 951 4618 est,
1002 4572 1101 4610 nec
1147 4557 1278 4612 illud
1327 4573 1513 4613 secum
1564 4561 1857 4629 reputavit,
1889 4563 2030 4630 quod
2075 4565 2257 4617 omnia

687 4645 908 4713 quidem
942 4647 1079 4703 bona
1116 4656 1270 4717 sunt,
1322 4665 1514 4705 verum
1560 4667 1660 4706 suo
1709 4663 1970 4722 tempore,
2004 4655 2261 4724 quoique

687 4735 740 4789 id
777 4736 922 4803 quod
954 4746 1278 4807 accepturus
1314 4749 1454 4806 erat,
1489 4744 1784 4811 praeripere
1827 4759 1938 4798 non
1965 4748 2261 4814 oportebat

687 4834 882 4894 praeter
931 4826 1050 4893 ejus
1101 4829 1434 4884 voluntatem
1496 4841 1550 4884 et
1600 4836 1922 4888 sententiam
1953 4873 1968 4894 ,
2023 4835 2114 4904 qui
2150 4853 2256 4891 non

692 4914 852 4969 modo
886 4915 1033 4969 dedit
1078 4924 1138 4970 ut
1167 4917 1363 4981 simus,
1391 4920 1482 4973 sed
1515 4921 1678 4974 etiam
1705 4934 1763 4976 ut
1794 4923 1950 4978 beate
1984 4924 2249 4980 vivamus.

690 5005 754 5059 lit
791 5005 925 5060 vidit
955 5006 1098 5075 quod
1135 5015 1282 5061 esset
1313 5007 1536 5074 bonum,
1582 5019 1634 5063 et
1678 5013 1910 5066 comedit
1943 5031 1956 5067 :
1995 5023 2156 5083 atque
2190 5031 2253 5072 ea

689 5097 886 5151 mentis
910 5098 1297 5164 abstractione,
1323 5115 1429 5170 qua
1451 5100 1514 5154 ad
1544 5099 1708 5155 Deum
1733 5111 1925 5158 natura
1957 5105 2249 5175 ferebatur,

689 5187 950 5255 spoliatus
982 5196 1082 5244 est.
1132 5188 1202 5243 Et
1230 5189 1402 5259 aperti
1433 5198 1560 5245 sunt
1595 5192 1736 5246 oculi
1781 5207 1992 5257 eorum,
2044 5197 2251 5252 scilicet

688 5279 999 5347 corporales
1033 5288 1197 5350 atque
1240 5281 1404 5335 animi
1434 5281 1663 5338 aﬂ‘ectus
1696 5285 1958 5339 commoti
1989 5296 2135 5341 sunt.
2187 5287 2252 5340 Et

686 5381 1057 5438 cegnoverunt
1118 5374 1260 5443 quod
1321 5375 1446 5428 nudi
1523 5385 1725 5442 essent,
1784 5385 1837 5429 et
1887 5378 2248 5442 erubuerunt,

686 5472 848 5530 atque
893 5479 922 5517 a
981 5463 1088 5521 Deo
1138 5467 1309 5522 avulsi
1360 5478 1504 5535 sum,
1550 5484 1612 5522 ac
1654 5470 1800 5523 velut
1832 5470 2038 5538 pueruli
2095 5471 2254 5524 volu-

757 5706 802 5736 ”
837 5705 979 5762 Psal.
1014 5727 1275 5774 cxxxvtn,
1310 5713 1359 5766 6.
1441 5712 1484 5744 ⁸⁵
1513 5713 1647 5770 Gen.
1683 5730 1764 5779 Ill,
1796 5716 1847 5771 5.

2359 4557 2636 4626 confestim
2668 4559 2948 4622 accedere;
2981 4560 3072 4612 sed
3104 4560 3316 4612 virtutes
3341 4550 3498 4606 sedulo
3520 4543 3633 4610 Ρνίυθ
3661 4529 3773 4626 colu"

2362 4663 2517 4719 atque
2545 4666 2608 4704 ea:
2646 4649 2843 4716 plantis
2869 4651 3096 4702 externis
3130 4659 3179 4701 et
3213 4636 3556 4713 superﬁciariis
3586 4621 3772 4710 comedat.

2361 4752 2570 4810 tumque
2599 4740 2666 4792 ad
2693 4739 3005 4792 sublimiora
3039 4756 3150 4794 sese
3176 4737 3417 4804 conferre,
3446 4745 3500 4782 σε
3523 4724 3689 4794 Ιπί¹¹¹²¹¹²¹
3709 4718 3776 4810 qui

2359 4829 2474 4882 dem
2508 4845 2681 4883 rerum
2720 4841 3020 4884 creatarum
3063 4845 3250 4883 causas
3278 4824 3528 4894 inquirere,
3560 4805 3776 4894 αισαεεα

2360 4922 2594 4974 absolute
2617 4921 2884 4974 intellecta
2909 4921 3224 4988 speculando
3240 4915 3382 4988 quasi
3403 4883 3773 4988 υἰιεινὶιεερτοέιτίξῄτ

2360 5015 2574 5083 υἱιαηυθ
2607 5013 2804 5083 lignum
2836 5015 3127 5084 degustare,
3167 5013 3332 5080 sicque
3349 5007 3455 5075 jam
3479 5010 3583 5067 pure
3604 4976 3776 5092 cuin-Alﬁ

2361 5107 2473 5174 ipso
2504 5105 2746 5174 colloqui.
2777 5104 2984 5159 Idcirco
3013 5109 3147 5158 enim
3181 5104 3258 5156 lue
3279 5102 3390 5152 dua:
3413 5093 3589 5146 arbores
3611 5095 3651 5133 ιιι
3671 5067 3774 5174 “illi

2359 5196 2596 5265 paradisi
2613 5206 2782 5260 erant,
2809 5197 2934 5264 quia
2957 5207 3068 5265 post
3089 5203 3320 5248 exactam
3341 5197 3385 5242 et
3407 5177 3649 5271 altaalultttll
3667 5166 3774 5271 "hi?

2361 5296 2659 5340 creatarum
2689 5288 3032 5356 cognitionem
3063 5286 3294 5356 protinus
3345 5275 3550 5332 exoritur
3584 5269 3672 5314 vita:
3697 5258 3772 5301 τοι·

2360 5377 2644 5444 templatio.
3628 5434 3660 5449 ,ρ
3680 5423 3742 5449 __..-

2433 5434 2586 5522 lacu.
2628 5471 2796 5523 Arbor
2825 5472 2943 5527 vitae
2973 5468 3224 5540 sapientia
3245 5462 3406 5518 divina
3442 5459 3524 5512 est.
3567 5434 3767 5504 “illlam”

1923 5717 1966 5751 ³⁵
1991 5716 2123 5773 Gen.
2153 5735 2191 5788 ι,
2229 5719 2317 5774 3i.
2383 5721 2441 5770 .⁵⁸
2464 5719 2626 5777 llcbr.
2665 5738 2718 5787 v,
2748 5722 2834 5776 Η.
