4076 6292
337 367 363 431 ι
378 370 480 433 337

330 577 725 632 immortalitas
745 581 937 634 animo:
964 595 1323 653 comparatur.
1356 587 1525 641 Arbor
1548 601 1723 644 autem
1748 593 1917 644 scien-

328 671 437 723 tia:
484 669 606 722 boni
642 680 690 723 et
735 672 864 725 ntali
891 676 1169 741 prudentia
1204 678 1375 731 media
1402 692 1500 745 est,
1532 696 1625 748 per
1662 697 1820 750 quam
1854 699 1916 736 ea

326 775 465 826 qua:
521 768 775 813 naturam
846 765 1170 817 contrariam
1230 765 1457 834 habent,
1526 767 1914 833 diiudicantur.

330 851 628 906 Ccnsimili
660 859 814 907 modo
841 871 1163 925 unaqua'que
1191 874 1255 912 ea:
1290 859 1393 913 illis
1429 859 1702 915 arboribus
1732 872 1917 930 poten-

329 943 424 996 tia
453 943 696 1013 quadam
718 947 911 1000 animte
930 959 1063 1011 erat,
1088 950 1156 1003 ad
1179 951 1425 1020 pietatem
1454 953 1668 1017 ducens,
1691 966 1916 1018 quarum

326 1034 492 1101 prius
515 1036 826 1105 participem
858 1037 976 1106 ﬁeri
1015 1038 1277 1094 Adamum
1321 1044 1613 1111 oportebat,
1656 1056 1811 1116 atque
1839 1047 1916 1099 ita

328 1123 415 1176 ad
480 1124 917 1192 dijudicationetn
968 1130 1232 1187 accedere.
1287 1133 1720 1205 Quandoquidem
1777 1138 1915 1190 enim

332 1213 549 1266 malum
578 1214 992 1286 haudquaquam
1018 1220 1218 1274 nudum
1247 1231 1296 1275 et
1322 1231 1562 1292 apertum
1584 1227 1911 1294 proponitur,

328 1310 436 1358 sed
468 1305 605 1358 illud
640 1309 811 1375 specie
837 1312 1070 1379 quadam
1101 1311 1222 1367 boni
1257 1315 1611 1370 circumlitum
1641 1327 1795 1387 atque
1827 1335 1916 1372 vc—

334 1397 519 1449 latum
573 1399 821 1465 amplecti
870 1401 1153 1470 malumus,
1187 1420 1345 1472 quam
1399 1408 1507 1461 Deo
1555 1407 1776 1475 adiungi
1807 1409 1913 1463 :ob

329 1505 461 1542 cum
493 1506 709 1545 causam
739 1492 800 1559 ii,
825 1495 1016 1564 quibus
1045 1495 1140 1550 hoc
1168 1497 1379 1562 accidit,
1415 1516 1447 1552 a
1471 1501 1707 1554 veritatis
1735 1516 1913 1568 perce-

331 1582 519 1648 ptione
549 1592 815 1650 arcentur,
850 1601 912 1639 ne
937 1602 1028 1652 per
1059 1589 1182 1642 vita:
1205 1590 1664 1660 participationem
1696 1593 1913 1646 immor-

337 1672 484 1726 tales
530 1673 720 1742 effecti,
752 1675 1112 1732 immortalem
1147 1696 1350 1750 quoque
1397 1683 1782 1749 improbitatem
1812 1685 1913 1738 Ita-

338 1762 523 1820 beant.
585 1764 864 1821 Enimvero
919 1772 1277 1838 potentiorum
1331 1782 1378 1826 et
1400 1772 1721 1842 facultatum
1766 1776 1912 1829 nobis

1309 382 1630 444 NICETAS
1674 385 1754 447 lN
1793 387 2017 450 ORAT.
2060 392 2223 451 XLII
2266 395 2322 455 S.
2371 395 2606 459 GREG.

326 495 584 587 inquam,
609 494 665 587 iet
697 485 1038 544 immutabilis
1067 490 1158 547 illa
1201 494 1423 550 scientia
1476 498 1589 569 (l7)
1636 515 1729 568 per
1759 516 1920 568 quant
1944 506 1994 565 Α
2022 505 2217 561 Mulier
2243 523 2458 575 rursus,
2482 527 2607 567 cum
2632 512 2704 568 οι»
2728 513 3148 582 promissionem
3178 515 3328 587 (quia
3352 516 3604 571 videlicet

3469 401 3607 466 1338

2026 597 2141 652 sola
2167 614 2195 652 a
2223 598 2331 654 Deo
2357 603 2669 658 auxiliatrix
2696 605 2811 660 viro
2832 606 2957 660 data
2981 605 3180 676 fuerat)
3208 607 3430 663 minime
3452 623 3606 663 men-

2027 690 2113 744 tiri
2136 692 2566 761 existimaretur,
2588 695 2806 752 facilius
2825 698 2925 763 illi,
2941 699 3083 768 quod
3104 699 3292 760 voluit.
3312 700 3604 768 persuasit,

2024 791 2187 849 atque
2214 781 2283 837 ita
2319 795 2631 856 oppugnata
2662 791 3015 858 oppugnavit.
3047 787 3148 843 Per
3173 789 3222 842 id
3253 798 3433 844 autem
3457 790 3603 859 quod

2024 869 2158 925 dicit
2191 880 2484 943 utrumque
2532 889 2904 945 oppugnatum
2958 876 3147 941 fuisse,
3200 877 3492 947 plurimum
3532 877 3600 931 de

2023 963 2389 1019 accusationis
2420 966 2776 1035 eriminisque
2808 968 3076 1037 gravitate
3108 968 3364 1024 detrahit.
3397 967 3592 1023 Postea

2022 1066 2148 1106 cum
2173 1069 2268 1122 per
2298 1056 2759 1111 exclamationem
2789 1058 3019 1113 dixisset
3044 1076 3060 1113 :
3087 1056 3131 1112 Ο
3159 1072 3335 1113 meam
3369 1058 3601 1112 inﬁrmi-

2026 1145 2230 1199 tatem!
2263 1142 2558 1207 diclioncm
2592 1146 2734 1201 hanc
2762 1162 3080 1216 exponens,
3116 1149 3191 1201 ait
3219 1163 3275 1203 se
3309 1146 3468 1216 primi
3502 1161 3602 1216 pa»

2022 1235 2190 1290 rcntis
2211 1235 2415 1290 cladem
2440 1253 2595 1293 suam
2618 1238 2837 1305 ducere,
2858 1249 2915 1294 et
2943 1238 3069 1308 quia
3099 1238 3389 1293 inﬁrmitas
3412 1237 3504 1291 illa
3529 1235 3601 1292 ab

2023 1327 2143 1397 ipso
2199 1329 2269 1383 ad
2318 1332 2632 1387 universum
2690 1331 2971 1386 hominum
3023 1344 3191 1401 genus
3240 1326 3602 1399 promanavit.

2030 1416 2339 1474 lnﬁrtnitati
2363 1432 2542 1477 autem
2565 1423 2772 1477 cladem
2806 1422 3072 1491 adjnnxit.
3101 1420 3419 1475 lnﬁrmitate
3457 1419 3601 1472 enim

2022 1520 2308 1583 correptus
2366 1523 2473 1579 est,
2519 1513 2784 1581 voluptati
2825 1528 2935 1567 non
2987 1511 3271 1574 resistens,
3313 1519 3476 1579 atque
3529 1510 3605 1563 ita

2021 1612 2333 1674 superatus.
2364 1603 2618 1672 Purgatio
2664 1612 2846 1659 autem
2890 1602 3137 1672 quaedam
3174 1600 3332 1669 primi
3363 1598 3606 1669 parentis

2021 1702 2107 1749 est
2138 1693 2449 1748 inﬁrmitas.
2496 1694 2625 1747 Eam
2676 1708 2842 1763 porro
2890 1707 3093 1754 escam.
3121 1692 3335 1747 tametsi
3368 1690 3603 1756 dulcem,

2023 1784 2423 1839 antarnlentam
2455 1783 2780 1848 nominavit,
2815 1793 2873 1838 ut
2896 1797 3080 1837 amara
3108 1796 3266 1851 pinna
3297 1781 3605 1836 multatam.

334 1852 634 1906 indilarum
682 1855 853 1911 altera
898 1858 1055 1927 plane
1081 1862 1322 1915 mascula
1371 1872 1489 1929 est;
1517 1879 1696 1930 nempe
1750 1882 1914 1930 mens,
1952 1853 1996 1912 Β
2025 1875 2223 1927 Amm-3
2255 1875 2399 1928 enim
2432 1888 2583 1928 mors
2614 1883 2719 1938 est,
2754 1882 2807 1928 ct
2839 1871 3088 1936 tristitia,
3124 1888 3246 1942 quae
3288 1887 3407 1926 eam
3447 1883 3604 1926 ante-

337 1945 515 1999 altcra
540 1945 751 2016 femina:
797 1966 897 2003 non
931 1950 1216 2019 absimilis,
1249 1954 1499 2008 nimirum
1550 1970 1732 2008 sensus
1763 1972 1914 2026 quem

337 2037 508 2091 etiam
541 2039 633 2093 ille
662 2039 774 2094 vitii
814 2042 1014 2111 artifex
1048 2060 1348 2115 oppugnare
1392 2045 1696 2115 aggreditur
1721 2063 1783 2100 ac
1822 2047 1913 2101 de-

338 2126 509 2194 ludit,
563 2147 846 2203 sensusque
898 2135 1126 2190 vicissim
1177 2137 1338 2189 menti
1381 2136 1729 2206 imposturam
1761 2138 1913 2208 facit.

338 2217 457 2274 Illa
502 2238 659 2293 porro
694 2225 875 2281 divina
906 2231 1169 2299 potentia,
1219 2247 1324 2301 qua
1365 2231 1584 2284 indutus
1617 2242 1755 2296 erat,
1790 2250 1915 2302 spo-

336 2313 532 2378 liatur,
574 2332 635 2369 ac
671 2317 848 2373 diuina
891 2322 1136 2385 scientia,
1169 2324 1327 2392 quasi
1363 2324 1621 2390 paradiso
1660 2326 1914 2396 quodam,

338 2402 579 2471 pellitur,
634 2406 1013 2481 ﬂammeusque
1051 2410 1289 2482 gladius,
1321 2414 1420 2469 hoc
1448 2424 1549 2482 est,
1602 2419 1841 2485 potentia
1883 2435 1916 2472 a

340 2490 455 2545 Deo
496 2498 805 2559 constituta,
858 2500 1029 2570 ipsum
1061 2503 1330 2559 custodire
1363 2505 1603 2576 jubetur.
1633 2505 1761 2563 Jam
1799 2524 1917 2563 vero

338 2580 498 2648 inter,
554 2584 725 2641 Morte
768 2590 1087 2655 moriemini,
1128 2601 1179 2646 et
1217 2595 1548 2663 simpliciter,
1588 2596 1915 2664 Morientini,

341 2672 443 2727 hoc
482 2677 607 2730 mihi
663 2679 987 2734 discriminis
1035 2699 1150 2737 esse
1181 2684 1408 2750 videtur,
1464 2688 1603 2757 quod
1653 2690 1699 2743 is
1754 2704 1919 2745 morte

341 2767 597 2830 moritur,
643 2770 734 2838 qui
779 2773 1039 2841 pestiferis
1088 2777 1255 2829 animi
1308 2779 1731 2847 conceptionibus
1779 2782 1917 2835 velut

341 2859 645 2926 emoritur;
694 2861 1008 2932 simpliciter
1049 2877 1228 2920 autem
1275 2869 1522 2932 moritur,
1566 2871 1657 2939 qui
1710 2882 1920 2927 natura:

347 2948 532 3001 mortis
573 2950 830 3004 tributum
873 2954 1076 3022 pendit.
1112 2953 1265 3019 Quod
1288 2965 1463 3010 autem
1513 2958 1776 3027 singulari
1815 2977 1919 3013 nu-

345 3055 492 3105 mero
547 3039 690 3095 Deus
751 3058 842 3097 esu
899 3045 1103 3099 arboris
1151 3046 1440 3109 interdicit,
1493 3048 1694 3118 plurali
1745 3062 1920 3106 autem

347 3146 530 3199 panos
556 3135 1020 3204 transgressionem
1044 3147 1319 3192 secuturas
1349 3139 1640 3210 subjnngit,
1667 3141 1762 3194 hoc
1791 3144 1918 3196 mihi

2020 1965 2185 2031 cedit,
2223 1975 2387 2035 atque
2432 1981 2607 2035 usque
2647 1965 2713 2020 ad
2755 1979 2876 2020 eam
2913 1972 3172 2034 perpetuo
3198 1964 3494 2019 excruciat.
3532 1961 3602 2015 In

2019 2057 2329 2112 mwroribus
2351 2057 2520 2123 cnim,
2540 2057 2737 2128 inquit,
2756 2056 2991 2111 comedas
3017 2065 3210 2110 terram
3237 2054 3476 2110 omnibus
3496 2054 3608 2108 die-

2019 2146 2114 2202 bus
2145 2149 2264 2202 vitte
2291 2148 2479 2203 trite”.
2503 2145 2761 2202 Fortasse
2783 2147 2948 2203 etiam
2977 2164 3072 2217 per
3095 2145 3435 2201 mortiferam
3464 2146 3607 2200 hanc

2019 2239 2296 2301 arborem,
2326 2239 2529 2293 bonum
2560 2236 2721 2293 simul
2749 2246 2802 2293 et
2826 2238 3099 2292 exitialem
3135 2235 3371 2291 fructum
3396 2234 3605 2289 haben-

2020 2335 2151 2392 tem,
2209 2327 2413 2396 peccati
2473 2336 2662 2381 natura
2716 2326 3078 2396 signiﬁcatur.
3137 2323 3406 2391 Quoniam
3455 2322 3603 2379 enim

2022 2419 2272 2486 voluptas
2308 2418 2556 2486 quaedam
2608 2416 2800 2472 vitium
2848 2431 3011 2471 omne
3046 2414 3344 2487 praecedit,
3400 2414 3608 2469 idcirco

2021 2509 2234 2565 fructus
2260 2508 2349 2564 ille
2383 2510 2558 2563 bonus
2593 2517 2840 2573 vocatur,
2872 2507 3016 2577 quod
3047 2506 3293 2561 videlicet
3326 2520 3421 2574 per
3443 2519 3602 2559 errov

2021 2618 2185 2658 neum
2227 2611 2281 2656 et
2330 2600 2529 2657 falsum
2576 2601 2702 2656 boni
2746 2601 3018 2671 judicium
3063 2599 3173 2662 his,
3202 2601 3295 2667 qui
3330 2612 3605 2653 summum

2019 2694 2223 2751 bonum
2256 2694 2310 2748 in
2345 2695 2628 2764 voluptate
2659 2700 2890 2764 ponunt,
2924 2692 3047 2748 talis
3080 2691 3362 2757 videatur;
3396 2698 3450 2743 at
3481 2702 3609 2744 vero

2021 2788 2200 2844 malus
2258 2795 2446 2856 postea
2504 2801 2599 2855 per
2653 2800 2895 2841 amaram
2963 2784 3112 2840 illius
3169 2778 3606 2837 manducationis

2021 2862 2382 2950 digestionem
2434 2877 2731 2932 invenitur.
2761 2877 3004 2931 Adamus
3040 2874 3206 2945 igitur
3236 2874 3307 2927 ob
3343 2874 3602 2928 violatum

2023 2981 2349 3040 prmccptum
2380 2967 2612 3031 exsulat,
2648 2975 2762 3021 tum
2809 2982 2838 3020 a
2863 2967 3011 3037 ligno
3040 2965 3182 3030 vitm,
3212 2964 3317 3018 hoc
3356 2972 3462 3027 est,
3506 2960 3601 3016 Dei

2023 3061 2502 3130 contemplatione,
2528 3070 2640 3113 tum
2669 3073 2698 3112 a
2726 3057 2998 3126 paradiso,
3026 3056 3077 3110 id
3115 3063 3219 3121 est,
3245 3052 3454 3109 caelesti
3478 3052 3605 3106 vitae

2025 3150 2273 3220 rationcf,
2312 3159 2423 3205 tum
2470 3150 2541 3205 ab
2591 3150 2712 3219 ipso
2759 3148 2892 3212 Deo,
2937 3148 3040 3202 hoc
3073 3153 3178 3210 est,
3231 3144 3298 3200 ab
3345 3159 3408 3199 ea
3438 3143 3604 3197 animi

348 3220 619 3276 ⁰δ¹θη⁶ίε¹⁹ε
663 3198 887 3287 “idatur-
943 3224 1083 3296 (1³⁸οά
1123 3228 1378 3299 quamdiu
1432 3198 1486 3282 iv"
1532 3198 1666 3284 ίοηο
1712 3245 1916 3297 "mm-3.
1949 3198 1992 3255 ε
2028 3198 2278 3300 libertate
2310 3253 2364 3298 et
2410 3198 2655 3308 licentiar,
2700 3198 3057 3311 quam'apud
3119 3238 3291 3292 Deum
3350 3236 3602 3317 habebat.

347 3312 606 3367 unitatem
635 3314 747 3386 (l8)
776 3328 1015 3370 nostram
1041 3318 1096 3371 in
1128 3334 1189 3373 eo
1219 3319 1310 3387 qui
1335 3335 1471 3372 unus
1503 3328 1601 3383 est,
1630 3335 1919 3387 servamus,

347 3404 600 3478 nimirum
631 3406 741 3462 Deo
780 3407 1026 3478 adjuncti
1049 3425 1069 3466 :
1100 3427 1219 3465 cum
1269 3421 1445 3466 autem
1480 3413 1535 3466 in
1571 3413 1772 3467 malum
1802 3427 1925 3481 pro-

347 3497 484 3564 lapsi
515 3515 720 3566 sumus,
757 3510 868 3556 tum
904 3519 1018 3559 uere
1054 3503 1240 3574 procul
1274 3504 1447 3570 αλ)εο
1484 3522 1825 3573 remorentur,
1860 3524 1923 3561 ac

346 3602 443 3655 pro
474 3603 575 3641 uno
600 3590 754 3645 multi
779 3607 985 3647 sumus.

417 3685 535 3740 Col.
571 3684 676 3740 634
711 3691 771 3742 Α.
802 3684 1091 3757 Postquam
1127 3696 1305 3741 autem
1334 3688 1536 3744 diaboli
1566 3691 1786 3757 invidia,
1818 3701 1921 3746 etc.

347 3773 429 3830 Ad
495 3775 961 3846 incorruptionem
1032 3778 1252 3847 quidem
1327 3791 1381 3834 et
1457 3781 1923 3836 immortalitatem

350 3867 496 3923 Deus
533 3868 808 3923 hominem
842 3879 1155 3935 creaverat;
1194 3886 1380 3925 verum
1442 3873 1641 3925 invidia
1678 3874 1921 3945 diaboli,

350 3959 808 4030 quemadmodum
836 3969 919 4014 est
941 3962 1082 4029 apud
1118 3959 1488 4025 Salomonem,
1524 3978 1663 4016 ntors
1698 3962 1919 4016 intravit

349 4052 404 4106 in
429 4049 680 4105 mundum
700 4049 768 4104 "'.
787 4049 1006 4106 Invidiae
1028 4050 1171 4105 enim
1201 4060 1336 4107 aestu
1365 4053 1628 4108 adversus
1650 4054 1924 4108 hominem

352 4142 595 4216 percitus
648 4150 753 4208 est,
810 4156 1032 4214 propter
1080 4154 1288 4199 tantum
1343 4145 1514 4215 ipsius
1567 4146 1829 4201 honorem
1874 4158 1929 4203 et

351 4233 710 4304 dignitatem,
762 4250 827 4290 ac
879 4237 1180 4305 praesertim
1229 4237 1356 4306 quia
1404 4246 1665 4307 apostatm
1713 4255 1929 4310 quoque

351 4328 535 4385 sedem
572 4327 623 4382 in
655 4327 794 4384 coelo
828 4328 1149 4398 impleturus
1181 4338 1319 4384 erat.
1344 4328 1446 4385 Sed
1473 4345 1670 4386 causas
1702 4348 1925 4386 eumne-

354 4437 558 4489 remus,
589 4423 659 4478 ob
691 4437 826 4493 quas
882 4422 1136 4492 paradiso
1173 4422 1375 4479 excidit
1422 4422 1695 4478 Adamus.
1747 4422 1925 4478 Prima

2025 3334 2197 3403 Ejecit
2233 3333 2376 3388 enim
2411 3373 2426 3397 ,
2458 3331 2652 3402 inquit,
2689 3332 2829 3385 Deus
2856 3330 3048 3394 Adam,
3079 3339 3128 3383 et
3161 3325 3448 3381 collocavit
3479 3339 3603 3379 eum

2025 3436 2151 3482 ante
2204 3426 2517 3498 paradisum
2577 3420 2890 3491 voluptatis.
2916 3420 3022 3497 ioEt
3084 3419 3303 3489 quidem
3359 3416 3605 3472 scientia:

2024 3520 2230 3589 lignum
2267 3525 2541 3572 certamen
2581 3525 2628 3570 et
2662 3511 2986 3569 exercitatio
3013 3520 3130 3566 erat
3180 3509 3331 3564 liberi
3365 3507 3598 3563 arbitrii.

2026 3615 2096 3667 At
2125 3612 2331 3682 lignum
2371 3610 2516 3673 vitae,
2544 3608 2727 3676 planta
2753 3607 2998 3676 quaedam
3032 3613 3171 3671 erat,
3205 3604 3312 3658 vim
3340 3601 3609 3659 donanda:

2028 3701 2462 3761 immortalitatis
2492 3700 2719 3755 habens.
2752 3696 3077 3769 Hujusmodi
3122 3710 3356 3765 namque
3389 3705 3471 3751 est
3506 3694 3610 3748 Do-

2028 3793 2245 3848 minicte
2291 3804 2511 3861 quoque
2565 3788 2746 3844 crucis
2797 3788 3031 3859 lignum.
3088 3784 3391 3856 Allegorice
3442 3784 3606 3839 etiam

2034 3884 2275 3940 ﬁculnea
2315 3882 2443 3938 folia
2480 3898 2543 3937 ex
2577 3882 2778 3952 quibus
2812 3880 2968 3952 primi
2998 3890 3250 3951 parentes
3270 3878 3607 3947 subligacula

2028 3976 2131 4032 sibi
2183 3978 2471 4040 fecerunt,
2503 3989 2824 4029 aerumnosa:
2877 3972 3041 4045 hujus
3087 3973 3209 4027 vita:
3260 3971 3607 4041 asperitatem

2028 4068 2337 4138 designant.
2370 4067 2548 4136 Atque
2581 4066 2742 4122 etiam
2774 4067 3011 4136 pclliccu:
3042 4074 3219 4121 vestes
3249 4080 3385 4136 quas
3418 4062 3606 4118 Domi-

2035 4177 2139 4216 nus
2195 4161 2407 4216 Adamo
2460 4161 2741 4231 ipsiusque.
2792 4161 2950 4215 uxori
3006 4159 3175 4222 fecit,
3224 4158 3606 4214 mortalitatem

2029 4238 2322 4323 carnisque
2342 4253 2648 4307 crassitiem
2670 4253 3000 4323 signiﬁrant.
3021 4252 3231 4321 Corpus
3249 4252 3394 4305 cnim
3414 4249 3606 4303 Adami

2030 4361 2058 4400 a
2085 4344 2352 4415 principio
2379 4347 2595 4400 tenuius
2621 4355 2738 4399 erat
2757 4356 2809 4400 et
2836 4344 3193 4413 mollius,.nec
3216 4343 3442 4396 omnino
3462 4357 3607 4396 mor-

2033 4437 2160 4502 tale,
2188 4436 2282 4491 scd
2314 4436 2503 4492 media:
2533 4437 2818 4507 cujusdam
2850 4435 3182 4491 conditionis
3209 4436 3351 4489 inter
3379 4433 3607 4489 mortale

355 4526 517 4566 causa
550 4511 654 4566 fuit
701 4512 899 4567 diaboli
957 4513 1194 4580 invidia;
1249 4516 1416 4569 altera
1475 4530 1722 4585 serpens,
1779 4518 1919 4575 illius

2030 4539 2080 4584 et
2111 4528 2439 4595 immortale,
2471 4529 2538 4584 At
2564 4538 2687 4599 post
2709 4531 3223 4600 transgressionem,
3251 4528 3607 4598 quemadmo-

357 4602 705 4669 administer;
735 4602 913 4669 tertia,
947 4604 1193 4659 mulieris
1221 4605 1579 4675 simplicitas;
1607 4618 1801 4678 quarta
1824 4611 1925 4666 viri

355 4705 481 4759 erga
518 4706 741 4745 uxorem
778 4692 1187 4761 benevolentia;
1226 4698 1437 4764 quinta,
1492 4696 1665 4767 ipsius
1714 4699 1765 4754 in
1801 4717 1927 4768 pro-

358 4781 615 4851 pulsanda
651 4783 838 4841 suavis
884 4785 1033 4840 illins
1083 4785 1190 4841 cibi
1227 4782 1487 4845 violentia
1541 4789 1925 4860 imbecillitas;

361 4883 533 4941 sexta,
569 4876 807 4932 mandati
842 4877 1065 4946 oblivio,
1097 4888 1259 4949 atque
1304 4880 1448 4937 hanc
1478 4892 1664 4939 secuta
1698 4888 1931 4942 mandu-

359 4965 523 5020 catio.
546 4965 654 5023 Has
676 4983 866 5024 omnes
897 4983 1090 5027 causas
1108 4970 1296 5027 ordine
1318 4975 1569 5038 exposuit
1594 4976 1927 5047 'l‘heologus,

359 5056 656 5126 primorum
686 5070 970 5131 parentum
1010 5063 1229 5117 nomine
1262 5078 1485 5118 causam
1514 5064 1721 5133 dicens,
1764 5080 1929 5140 atque

360 5150 436 5205 ait
470 5168 483 5205 :
515 5149 775 5210 Diabolus
810 5152 1012 5207 invidia
1045 5163 1226 5211 motus
1259 5165 1362 5219 est,
1390 5165 1555 5226 atque
1584 5156 1711 5217 hinc
1732 5162 1927 5232 duplex

360 5243 463 5299 fuit
491 5246 753 5301 assultus.
787 5245 1024 5315 Serpens
1048 5246 1214 5313 enim,
1244 5257 1388 5303 recta
1420 5251 1708 5307 consulere
1735 5255 1931 5311 existi.

361 5348 564 5404 matus,
584 5339 889 5405 mulierem,
911 5348 968 5393 ut
992 5338 1318 5406 molliorem,
1340 5339 1393 5395 in
1421 5340 1667 5399 fraudem
1692 5347 1928 5419 impulit.

421 5494 468 5529 ³⁷
500 5493 630 5565 Sap.
660 5508 719 5559 n,
746 5491 835 5550 24.
911 5495 1113 5556 “Gen.
1150 5511 1267 5565 vni,
1316 5497 1405 5555 17.
1481 5500 1528 5535 ⁸⁸
1552 5497 1689 5557 Ibid.
1707 5501 1760 5569 6,
1793 5503 1846 5562 7.

424 5653 539 5723 (Π)
572 5653 932 5733 Immutabilis
961 5659 1064 5733 illa
1087 5660 1329 5716 scientia.
1349 5661 1657 5733 chendum
1690 5666 1835 5721 enim
1871 5669 1925 5724 in

358 5727 540 5802 Greco
572 5723 752 5802 Dso‘lli,
788 5727 1227 5802 ἀπαράλλακτᾳς,
1258 5747 1367 5802 non
1406 5723 1827 5802 ἀῖπαρέγκλιτος.

426 5797 536 5867 (18)
580 5793 865 5854 Unitatem.
908 5793 1051 5870 Lego
1083 5800 1251 5868 enim,
1283 5801 1342 5855 τὸ
1398 5801 1455 5858 ἓν
1501 5793 1677 5874 ήμῶν,
1714 5793 1823 5862 non
1866 5808 1922 5861 ὲν

2030 4621 2158 4674 dum
2190 4621 2351 4691 pellis
2386 4637 2577 4677 crassa
2598 4630 2704 4685 est,
2735 4630 2789 4677 et
2818 4630 3055 4683 mortua,
3097 4635 3161 4675 ac
3183 4621 3341 4685 dura,
3376 4619 3448 4673 ita
3478 4634 3608 4675 caro

2029 4711 2193 4765 etiam
2237 4725 2420 4766 crassa
2442 4752 2455 4776 ,
2486 4720 2541 4765 et
2567 4710 2750 4783 gravis
2770 4752 2784 4775 ,
2817 4720 2871 4765 et
2904 4710 3146 4764 mortalis
3174 4724 3235 4763 ac
3264 4710 3396 4762 dura
3436 4718 3491 4762 et
3526 4725 3612 4764 re.

2033 4800 2311 4858 fractaria.
2375 4802 2440 4858 Et
2492 4803 2880 4868 comederunt,
2925 4800 3117 4871 inquit,
3154 4810 3208 4856 el
3237 4811 3610 4868 cognoverunt

2031 4895 2179 4966 quod
2214 4894 2349 4951 nudi
2403 4896 2644 4951 erant".
2681 4893 2951 4961 Quoniam
2984 4895 3125 4948 enim
3172 4893 3414 4948 scicntia:
3471 4894 3605 4947 illud

2029 4986 2237 5056 lignum
2270 4996 2388 5042 erat
2413 5025 2428 5052 ,
2464 4987 2701 5058 primum
2748 5001 2903 5043 suam
2935 4984 3180 5055 ipsorum
3214 4987 3603 5053 turpitudinem

2026 5091 2421 5150 cognoverunt,
2452 5090 2617 5150 atque
2658 5080 3047 5135 intellexerunt
3074 5080 3217 5148 quod
3251 5080 3450 5134 bonum
3476 5078 3606 5148 qui-

2028 5169 2152 5225 dem
2183 5179 2299 5226 erat
2332 5172 2570 5226 mandati
2597 5173 2938 5237 observatio,
2972 5172 3175 5227 malum
3205 5183 3396 5227 contra
3426 5183 3606 5228 trans-

2028 5264 2243 5333 gressio
2275 5302 2292 5330 ,
2321 5280 2384 5320 ac
2415 5262 2614 5319 deinde
2650 5280 2680 5319 a
2714 5263 2853 5320 l'acie
2884 5263 2979 5320 Dei
3017 5280 3077 5322 se
3111 5264 3298 5321 lurtim
3326 5265 3606 5320 subduxe-

2031 5363 2179 5412 runt.
2213 5354 2426 5414 Etenim
2461 5365 2588 5413 ante
2628 5366 2912 5429 peccatum
2953 5358 3254 5416 admissum
3277 5394 3294 5421 ,
3334 5356 3530 5411 animae
3553 5362 3608 5411 et

2030 5671 2181 5745 ῄμτν,
2238 5678 2297 5745 ut
2332 5671 2501 5727 codex
2533 5671 2756 5745 Graecus
2805 5673 2967 5730 habet
3014 5688 3027 5727 :
3078 5671 3132 5729 id
3164 5670 3309 5745 quod
3344 5671 3606 5743 proxima

2027 5741 2168 5798 linea
2193 5741 2327 5800 satis
2355 5742 2618 5800 ostendit.
3180 5741 3197 5745 ⁷
3345 5741 3359 5743 ⁷
3565 5755 3568 5758 ’
