4024 6292
460 321 599 389 1339

1885 325 2261 402 annexus.

3578 330 3718 395 1310

455 433 707 503 corporis
781 433 983 500 oculos
1028 435 1080 490 in
1145 436 1257 492 Deo
1325 448 1379 494 et
1430 439 1687 509 paradiso
1740 440 2549 507 occupatosAcxstruetione,
2581 443 2886 514 linguarum
2938 444 3259 498 confusione
3308 459 3369 496 ac
3406 445 3717 517 divisione,

457 523 743 585 habentes,
780 526 1043 581 nuditatis
1085 542 1248 581 sensu
1300 529 1521 584 minime
1560 528 1957 596 alliciebantur;
1985 537 2041 581 at

458 621 579 682 post
632 624 997 683 perpetratum
1038 629 1318 684 peccatum
1363 619 1646 674 conversis
1697 630 1749 674 et
1799 619 2038 673 collectis

461 705 701 771 ipsorum
737 708 912 761 oculis
946 709 1110 777 (quod
1158 712 1509 765 conscientia:
1542 727 1739 765 mnnns
1769 711 1873 778 est)
1920 727 2040 764 eor-

456 798 639 863 porcis
669 798 886 866 quidem
930 803 1227 856 nuditatem
1282 812 1706 873 perspexerant,
1745 803 2042 872 spirituali-

457 889 561 942 btts
599 898 778 943 autem
811 893 1009 947 bonum
1038 909 1103 947 ac
1133 894 1334 948 malum
1366 896 1741 964 pervidcrunt.
1779 897 2042 964 Turpitu-

456 980 639 1033 dinem
716 993 897 1035 autem
965 985 1280 1053 genitalium
1351 987 1595 1056 corporis
1669 986 2038 1041 membrorum

454 1071 747 1141 intelligit,
781 1089 949 1142 aqua
993 1078 1158 1129 etiam
1214 1077 1464 1145 pudenda
1518 1079 1660 1131 dicta
1713 1086 1863 1131 sunt.
1931 1076 2040 1131 [lac

455 1176 619 1231 porro
651 1163 719 1216 de
739 1180 904 1219 causa
935 1167 1079 1220 circa
1112 1183 1204 1223 eas
1241 1179 1421 1238 partes
1449 1169 1658 1237 pudore
1689 1168 1865 1224 allecti
1892 1178 2036 1231 sunt,

457 1253 585 1317 quia
644 1263 766 1322 post
800 1256 1293 1325 transgressionem
1332 1259 1567 1327 primum
1606 1259 1656 1312 in
1688 1275 1782 1314 eas
1814 1258 1941 1313 ferri
1977 1274 2040 1313 ac

456 1344 727 1398 stimulari
757 1358 1060 1415 coepi-runt.
1113 1351 1429 1404 Acerrimus
1458 1351 1603 1403 enim
1643 1352 1788 1405 circa
1834 1365 1926 1404 cas
1958 1359 2042 1405 cst

461 1435 701 1491 hominis
758 1438 1010 1495 allectus.
1062 1440 1274 1510 Quippe
1324 1451 1378 1496 et
1424 1444 1615 1512 pueri,
1654 1444 1817 1498 simul
1876 1454 2041 1513 atque

457 1537 638 1580 mente
663 1529 825 1597 paulo
853 1531 1110 1586 solidiore
1134 1547 1253 1587 esse
1281 1534 1568 1602 incipiunt,
1594 1534 1805 1603 pudore
1831 1533 2043 1586 suﬂnn‘

454 1613 697 1680 duntur,
755 1626 919 1684 atque
973 1619 1071 1673 has
1125 1630 1306 1690 partes
1344 1622 1624 1692 obtcgnnt.
1676 1623 1746 1676 At
1780 1623 2037 1690 quoniam

458 1704 625 1756 semel
686 1706 975 1774 prolapsus
1032 1707 1220 1773 homo,
1273 1709 1320 1763 si
1390 1710 1659 1764 moriendi
1731 1712 2039 1764 necessitati

2142 540 2361 603 propter
2394 544 2580 582 eorum
2633 532 2958 595 amentiam;
2994 531 3188 584 deinde
3241 529 3532 587 Sodomita:
3568 535 3713 602 igne,

2142 617 2337 680 imbre.
2374 632 2437 671 ac
2475 618 2755 670 civitatum
2790 615 3191 687 deﬂagratione,
3229 629 3447 687 propter
3477 620 3718 678 libidinis

2142 711 2555 765 obscenitatem.
2622 709 2761 763 Tum
2829 712 2947 775 illi,
3006 712 3095 778 qui
3157 712 3493 778 temporibus
3549 711 3716 768 Mosis

2145 804 2498 860 exstiterunt.
2534 803 2651 872 lege
2683 803 2907 870 scripta,
2934 800 3059 872 quia
3096 803 3356 870 impietati
3386 801 3720 873 [Egyptiacae

2141 903 2515 957 assueverant,
2571 893 2768 946 eruditi
2818 904 2988 958 sunt;
3045 892 3283 963 posthaec
3331 893 3716 961 prtphetarum

2143 996 2386 1054 tempore
2439 986 2770 1056 prepltcticis
2823 986 2958 1056 ipsis
3005 983 3385 1039 hortamentis.
3436 981 3554 1038 Jam
3587 1000 3720 1038 vero

2144 1078 2400 1148 permulti
2452 1077 2731 1133 beneficiis
2783 1090 2837 1133 et
2865 1075 3379 1131 comminationibus
3437 1091 3501 1130 ac
3547 1076 3722 1146 plagis

2140 1171 2338 1226 eruditi
2392 1179 2539 1234 sunt,
2575 1181 2739 1240 atque
2795 1179 2921 1224 ante
2974 1169 3110 1223 alios
3158 1168 3352 1223 Adam.
3391 1168 3544 1222 llunc
3569 1168 3718 1223 enim

2145 1262 2286 1318 Deus
2318 1261 2581 1315 beneficio
2611 1260 2813 1323 affecit,
2848 1259 3108 1313 nimirum
3140 1262 3196 1312 in
3227 1258 3480 1328 paradiso
3509 1260 3719 1311 consti-

2143 1362 2303 1409 tuens
2334 1372 2347 1408 :
2378 1360 2539 1423 atque
2567 1353 2742 1407 eidem
2774 1350 3107 1406 minahunde
3155 1350 3495 1406 denuntiavit
3518 1348 3635 1405 fore
3662 1359 3724 1403 ut

2141 1456 2466 1510 moreretur,
2486 1444 2530 1499 si
2549 1444 2793 1499 scientiae
2809 1444 3014 1514 lignum
3034 1442 3338 1512 attigisset:
3359 1458 3421 1497 ac
3439 1452 3723 1513 postremo

2141 1538 2195 1591 in
2229 1545 2515 1607 peccatum
2550 1536 2862 1606 prolapsum
2912 1535 3105 1589 mortis
3131 1533 3399 1589 sententia
3430 1533 3725 1603 percussit.

2140 1626 2258 1682 Jam
2291 1641 2419 1681 vero
2449 1624 2650 1680 eruditi
2705 1634 2836 1679 sunt
2869 1625 3121 1689 homines
3147 1624 3328 1687 bellis,
3364 1622 3633 1680 victoriis.
3671 1633 3730 1675 et

2143 1718 2411 1779 cladibus,
2442 1716 2607 1771 veluti
2662 1715 2874 1769 ﬂebrtei
2928 1731 2992 1769 cx
3046 1714 3282 1786 Egypto
3308 1715 3532 1786 egressi.
3583 1712 3723 1767 Nam

455 1795 850 1850 oliuoxinsuon
876 1797 1091 1862 fuisset,
1116 1801 1412 1855 maximum
1433 1805 1694 1857 damnum
1717 1814 2039 1871 accepturus
2077 1790 2112 1840 Β
2144 1827 2269 1865 eum
2329 1810 2528 1864 bellum
2570 1808 2835 1862 adversus
2895 1807 3092 1862 multas
3159 1807 3401 1861 nationes
3440 1814 3719 1875 gererent,

453 1898 596 1953 erat,
632 1891 891 1946 nimirum
925 1902 1179 1962 pecatttm
1210 1909 1469 1965 operans,
1501 1899 1588 1953 hic
1621 1911 1839 1968 quoque
1878 1898 2040 1951 bene-

456 1980 581 2034 ﬁcio
636 1980 887 2038 aﬂiritur.
940 1983 1094 2051 Quod
1142 2001 1323 2040 antem
1380 1997 1465 2043 est
1515 1989 1616 2043 hoc
1674 1987 2041 2044 beneﬁcium?

455 2087 625 2127 mors.
661 2073 801 2139 Quid
838 2075 957 2131 ita?
996 2079 1122 2147 quia
1176 2088 1459 2147 peccatum
1501 2081 1644 2135 sistit
1684 2089 1848 2149 atque
1873 2081 2042 2134 inter-

461 2165 615 2220 cidit.
647 2166 973 2238 Quanquam
1006 2169 1148 2223 enim
1183 2187 1330 2225 mors
1358 2188 1530 2240 pmn-«c
1557 2173 1821 2226 rationem
1858 2174 2039 2236 habet,

455 2267 640 2324 utpote.
678 2262 840 2313 vitam
874 2261 1232 2331 exstinguens
1268 2280 1283 2316 :
1314 2272 1493 2317 tamen
1521 2263 1574 2317 in
1608 2264 2039 2319 misericordiam

456 2351 669 2412 recidit,
712 2353 1075 2406 immortalem
1127 2370 1248 2409 esse
1305 2365 1642 2425 peccatorem
1689 2371 1793 2411 non
1833 2355 2039 2410 sinens.

456 2438 647 2512 Neque
694 2444 836 2497 enim
873 2445 1195 2513 erpediebat
1239 2448 1538 2509 hominem,
1590 2448 1828 2501 nondum
1865 2455 2041 2499 tenta.

456 2533 604 2587 tione
660 2535 946 2602 probatum
1002 2545 1057 2590 et
1130 2537 1498 2607 exploratum,
1576 2539 2038 2592 immortalitatem

455 2626 746 2694 consequi,
774 2642 843 2680 ne
877 2626 931 2679 in
973 2628 1286 2696 superbiam
1313 2637 1367 2682 et
1393 2629 1594 2682 diaboli
1622 2628 1884 2698 judicium
1919 2644 2044 2695 pro-

456 2712 756 2768 laberetur.
796 2714 886 2770 Ille
926 2716 1073 2771 enim
1113 2729 1332 2787 propter
1364 2728 1572 2775 natura:
1608 2720 2045 2790 incorruptibili-

460 2814 652 2867 tatcm,
707 2815 1060 2879 posteaquam
1091 2824 1120 2864 a
1160 2808 1270 2866 Deo
1305 2812 1473 2867 libera
1509 2813 1791 2868 voluntate
1821 2815 2042 2871 decidib

456 2898 810 2955 inﬂexibilem
850 2910 906 2957 et
962 2904 1361 2959 immutabilem
1422 2907 1475 2961 in
1539 2907 1683 2966 malo
1731 2908 2041 2963 ﬁrmitatem

457 2990 671 3044 habuit.
729 2993 1096 3058 Quamobrem
1163 2996 1437 3052 hominem
1501 2999 1721 3068 probari
1780 3007 1960 3063 antea,
1993 3010 2047 3055 et

455 3084 832 3151 experimento
867 3100 961 3155 per
982 3087 1295 3143 mandatmn
1330 3090 1515 3159 perlici
1539 3094 1841 3161 oportebat,
1884 3101 2046 3162 atque

457 3175 531 3228 ita
548 3191 645 3245 pro
665 3178 880 3234 virtutis
899 3181 1119 3249 praemio
1139 3181 1600 3237 immortalitatem
1620 3186 1887 3254 accipere.
1905 3185 2038 3238 Nam

458 3283 581 3349 cum
614 3270 823 3324 medius
853 3272 994 3327 inter
1032 3272 1201 3328 Deum
1232 3284 1283 3329 et
1310 3275 1593 3329 materiam
1630 3287 1842 3330 creatus
1874 3287 2042 3342 esset,

438 3359 514 3412 .in
563 3377 621 3441 ea
665 3378 827 3416 ransa
859 3373 998 3428 erat,
1037 3371 1098 3418 ut
1140 3365 1409 3433 siquidem
1450 3365 1692 3418 divinum
1731 3368 2042 3420 mandatum

459 3452 561 3508 olis
582 3464 797 3516 :rvarct,
831 3456 1246 3525 naturalemque
1278 3454 1343 3508 ad
1378 3472 1463 3509 res
1489 3447 1702 3511 creatas
1731 3441 2042 3511 relationun

459 3553 517 3600 et
550 3544 802 3598 allectum
840 3555 1154 3611 excuteret,
1212 3544 1321 3599 Deo
1349 3560 1469 3600 sese
1509 3547 1706 3600 uniens
1738 3589 1751 3609 ,
1782 3547 2044 3602 immuta-

463 3638 621 3691 bilem
647 3639 698 3691 in
735 3638 877 3693 bono
895 3638 1256 3694 constantiam
1276 3649 1437 3708 atque
1462 3639 1645 3693 habitu
1667 3641 2041 3695 confirmatam

457 3730 781 3800 acciperet:
818 3731 902 3785 sin
959 3739 1140 3785 autem
1193 3747 1290 3802 per
1318 3733 1810 3802 transgressionem
1872 3736 2045 3805 magis

459 3823 524 3877 ad
558 3831 756 3877 terram
788 3832 841 3878 et
870 3824 1154 3877 materiam
1194 3825 1450 3890 ferretur,
1488 3837 1829 3895 mentemque
1857 3842 1886 3881 a
1937 3828 2043 3881 Dco

458 3915 824 3980 abstraheret,
847 3916 1190 3986 'corruptioni
1222 3919 1492 3973 obnoxius
1534 3916 1751 3973 futurus
1781 3929 1945 3984 esset,
1980 3934 2045 3974 ac

461 4008 711 4062 muliebri
742 4022 1037 4079 congressu
1065 4024 1201 4079 opus
1236 4011 1477 4074 haberet,
1510 4020 1672 4080 atque
1703 4012 1772 4065 ob
1800 4012 1919 4065 vitae
1949 4028 2041 4066 cu-

458 4099 739 4167 piditatem
772 4100 1168 4170 jucumlissima
1199 4117 1447 4172 quaeque,
1483 4104 1627 4157 velut
1657 4118 1776 4158 eam
1811 4103 2040 4163 tuentia.

457 4187 915 4257 earnplecteretur
954 4204 1018 4243 ac
1066 4191 1416 4260 cupiditatem
1474 4194 1693 4262 quidem
1750 4209 1777 4248 a
1819 4194 1929 4248 Deo
1973 4196 2038 4249 ad

460 4281 766 4347 materiam,
798 4283 933 4336 irant
965 4295 1147 4338 autem
1185 4300 1215 4340 a
1244 4301 1371 4340 vero
1403 4287 1596 4341 salutis
1633 4288 1785 4342 hoste
1813 4289 1877 4343 ad
1909 4304 2040 4359 gen-

458 4372 606 4427 tilcm
640 4389 800 4428 suum
834 4376 1314 4447 contribulemquc
1340 4378 1680 4434 transferret.

2147 1916 2536 1973 nonnunquam
2582 1899 2910 1965 vincebant,
2942 1910 3332 1969 nonnunquam
3381 1898 3545 1951 ctiam
3603 1896 3727 1949 vin-

2147 1994 2430 2050 cebantur.
2477 1993 2688 2048 Eruditi
2726 2000 2855 2047 sunt
2907 1992 3078 2062 signis
3116 1991 3451 2054 coelestibus,
3492 1996 3551 2044 ut
3592 2005 3722 2043 cum

2147 2089 2298 2142 stetit
2337 2085 2418 2140 soi
2452 2097 2696 2154 tempore
2724 2082 2891 2140 Iosue
2919 2084 3011 2138 lilii
3047 2082 3169 2139 Non
3203 2100 3218 2137 :
3248 2083 3420 2150 signis
3467 2082 3633 2143 aeris,
3666 2090 3725 2133 ut

2147 2181 2198 2234 in
2258 2179 2363 2234 illis
2418 2178 2586 2250 plagis
2641 2176 3369 2248 .‘Egyptiacis,cynomyia,
3428 2174 3729 2247 grandine,

2145 2269 2382 2324 teni-bris
2427 2269 2735 2341 (quoniam
2767 2266 2957 2321 referri
2985 2268 3141 2321 debet
3168 2267 3257 2320 illa
3286 2265 3446 2321 nobis
3470 2266 3725 2319 columna

2147 2363 2383 2417 interdiu
2415 2362 2646 2430 fulgens,
2678 2372 2730 2414 et
2760 2364 3026 2414 nocturna
3055 2359 3196 2428 ignis
3219 2359 3496 2421 columna,
3526 2358 3731 2427 quibus

2147 2455 2310 2510 lsrael
2340 2454 2638 2509 ducebatur
2667 2464 2720 2505 et
2752 2452 3216 2519 illuminabatur);
3248 2451 3419 2524 signis
3450 2468 3516 2505 ex
3555 2462 3725 2516 terra,

2146 2558 2206 2604 ut
2241 2550 2291 2603 in
2325 2546 2428 2604 il'.is
2460 2546 2790 2609 ﬂuminibus,
2834 2561 2956 2615 quae
2998 2544 3050 2599 in
3084 2545 3403 2614 sanguinem
3438 2554 3727 2599 converte-

2148 2643 2365 2702 bantur,
2395 2639 2448 2693 in
2475 2637 2807 2708 ciniphibns.
2832 2646 2882 2691 et
2909 2636 3127 2701 vesicis,
3155 2647 3208 2690 et
3234 2635 3422 2699 ranis;
3456 2634 3635 2703 signis
3662 2650 3727 2689 ex

2149 2733 2305 2795 mari,
2336 2732 2471 2785 utin
2507 2730 2593 2783 illa
2624 2729 2791 2784 maris
2825 2727 2994 2783 Rubri
3028 2727 3381 2798 trajeCtione;
3415 2727 3735 2792 hominum,

2147 2826 2387 2887 urbium,
2406 2823 2642 2894 gentium
2667 2821 2988 2891 inseparatis
3009 2818 3425 2883 mutationibus,
3445 2821 3725 2874 hominum

2147 2932 2363 2986 nempe,
2399 2925 2459 2971 ut
2489 2913 2827 2984 temporibus
2857 2911 3166 2977 Samsonis,
3199 2910 3442 2973 Davidis.
3476 2911 3729 2967 Salonio-

2147 3012 2256 3075 nis,
2327 3006 2907 3071 balmchmlnnosoris,
2942 3005 3307 3075 complurium
3348 3004 3580 3059 aliorum
3622 3004 3723 3073 (illi

2147 3103 2291 3157 enim
2333 3103 2527 3171 partim
2558 3100 2876 3152 mirabiliter
2906 3094 3235 3162 ﬂoruerunt,
3273 3096 3468 3164 partim
3498 3093 3725 3149 calami—

2150 3195 2353 3249 tatibus
2389 3191 2569 3247 atiecti
2604 3191 2778 3262 sunt),
2814 3199 2979 3259 atque
3009 3198 3305 3258 utrumque
3353 3196 3544 3257 praeter
3571 3200 3723 3256 spem

2145 3297 2199 3341 et
2242 3288 2744 3359 exspectationem,
2784 3283 3027 3347 urbium,
3103 3293 3161 3336 ιιι
3214 3281 3514 3335 Jerusalem
3541 3320 3558 3344 ,
3591 3278 3729 3333 alia-

2147 3395 2379 3447 rumque
2407 3377 2723 3435 multarum.
2754 3390 2876 3444 quae
2905 3389 3028 3428 cum
3057 3374 3312 3428 diuturno
3340 3379 3580 3442 tempore
3610 3369 3719 3424 cla.

2147 3471 2405 3534 ruisseut,
2426 3467 2667 3521 funditus
2687 3475 2872 3537 postea
2892 3466 3079 3519 deleta;
3096 3480 3158 3518 ac
3171 3463 3399 3519 desertae
3417 3471 3544 3518 sunt
3561 3480 3576 3529 ;
3594 3475 3725 3531 gen-

2149 3562 2307 3625 tium,
2337 3559 2795 3625 quemadmodum
2827 3572 3052 3626 regnum
3087 3557 3364 3611 Medorum
3396 3556 3465 3610 ab
3483 3554 3724 3623 Assyriis

2146 3669 2392 3711 CVCI‘Sllm
2416 3662 2520 3718 est,
2560 3653 2766 3723 Assynii
2796 3667 2988 3705 rursus
3015 3666 3041 3705 a
3069 3650 3253 3706 Persis
3266 3648 3530 3719 oppressi,
3551 3647 3725 3702 Persae

2148 3745 2331 3799 itidem
2360 3758 2388 3795 a
2419 3741 2832 3805 Macedonibus,
2861 3738 3181 3793 Macedones
3207 3738 3442 3807 denique
3470 3752 3501 3789 a
3525 3734 3730 3789 Roma.-

2146 3837 2254 3890 nis.
2311 3834 2415 3890 Per
2449 3835 2564 3889 haec
2602 3834 2766 3904 igitur
2801 3834 2985 3887 omnia
3037 3830 3450 3899 disciplinarum
3502 3842 3725 3898 genera,

2146 3944 2268 3999 qua:
2301 3925 2747 3990 commemoravi,
2781 3940 2950 3979 unum
3004 3923 3055 3978 id
3106 3923 3398 3993 agebatur,
3432 3930 3491 3974 ut
3537 3933 3728 3990 pecca-

2146 4028 2281 4082 tum,
2314 4019 2460 4089 quod
2493 4016 2863 4086 multipliciter
2910 4025 2964 4071 et
3016 4015 3122 4069 late
3163 4011 3345 4068 fusum
3377 4022 3495 4066 erat
3518 4052 3533 4075 ,
3564 4020 3725 4078 atque

2146 4110 2420 4165 hominem
2447 4111 2644 4165 misera
2684 4110 2951 4165 servitute
2977 4105 3279 4176 premebat,
3309 4104 3376 4158 de
3409 4100 3588 4156 medio
3621 4100 3723 4154 tol-

2145 4204 2366 4260 lcrctur.
2413 4201 2700 4258 Postremo
2751 4215 2884 4256 vero
2914 4198 3203 4254 ellicaciori
3237 4212 3373 4266 opus
3401 4204 3522 4250 erat
3556 4193 3725 4247 medi-

2144 4301 2420 4355 camento,
2473 4294 2601 4362 quia
2656 4291 2904 4345 videlicet
2954 4298 3177 4358 peccata
3222 4297 3276 4341 et
3328 4287 3501 4340 morbi
3544 4287 3723 4354 ingra-

2144 4384 2437 4439 vescebaut
2464 4424 2478 4446 .
2516 4382 2713 4450 virque
2770 4381 3036 4433 medicam
3073 4392 3293 4430 manuni
3347 4373 3721 4428 admittebant.

527 4466 645 4524 Col.
687 4468 793 4523 654
842 4469 902 4525 Β.
958 4470 1142 4524 Multis
1179 4483 1352 4526 autem
1405 4476 1550 4539 prius
1606 4475 1775 4528 modis
1821 4475 2270 4546 propterDNam
2330 4484 2386 4529 et
2438 4474 2641 4527 mutuis
2691 4470 2930 4525 caedibus
2984 4468 3230 4522 homines
3287 4480 3410 4521 sese
3472 4456 3727 4519 conﬁcie-

459 4560 629 4613 multa
661 4573 903 4628 peccata,
931 4571 1036 4617 etc.
1073 4563 1232 4618 Prius
1263 4565 1455 4634 inquit,
1492 4567 1811 4636 castigatus,
1844 4568 1897 4621 id
1930 4577 2033 4636 est,

412 4672 421 4683 -
458 4662 585 4707 ante
625 4655 1017 4710 humanitatem
1061 4672 1088 4708 a
1118 4657 1339 4712 Christo
1387 4667 1750 4728 assumptum,
1785 4659 2035 4729 pluribus

458 4747 899 4816 correptionibus
975 4750 1288 4818 exploratus
1336 4761 1440 4815 est,
1501 4766 1608 4805 non
1672 4751 1790 4818 ipse
1864 4751 2041 4805 solum

463 4838 658 4902 Adam,
685 4839 778 4893 sed
806 4853 999 4894 omnes
1020 4843 1140 4909 ejus
1164 4843 1389 4909 posteri.
1422 4843 1730 4911 Castigatus
1753 4851 1832 4897 est
1864 4855 2043 4897 autem

459 4939 514 4986 et
545 4931 776 4986 diversis
817 4931 1158 5001 temporibus
1192 4947 1245 4986 et
1279 4934 1510 4989 diversis
1542 4934 1610 4988 de
1634 4937 1841 4998 causis,
1872 4936 2042 4990 Adam

459 5023 606 5083 enim
649 5033 776 5078 ante
803 5038 993 5089 omnes
1017 5038 1115 5098 per
1146 5039 1452 5079 sermonem
1486 5025 1733 5081 eruditus
1766 5037 1848 5081 est
1881 5027 2047 5100 (Deus

460 5117 607 5170 enim
651 5131 773 5171 cum
813 5131 877 5170 co
916 5116 1221 5171 collocutus
1270 5118 1414 5187 est),
1452 5128 1506 5172 et
1551 5118 1737 5173 violati
1791 5120 2046 5190 prmecpti

463 5227 657 5282 poenas
709 5209 982 5287 pependit.
1011 5207 1155 5264 Cain
1210 5218 1391 5264 autem
1444 5220 1567 5281 post
1619 5209 1769 5265 illum
1812 5212 2047 5281 gemitus

463 5312 629 5373 atque
687 5301 936 5355 tremoris
967 5314 1124 5370 pmna
1149 5301 1219 5354 ob
1245 5299 1465 5354 fratrem
1498 5300 1885 5371 interemptum
1914 5301 2046 5356 alie-

464 5406 584 5453 ctus
612 5406 717 5452 est.
772 5395 985 5457 Postea,
1020 5404 1262 5464 tempore
1292 5391 1425 5458 Noe,
1478 5395 1734 5449 homines
1769 5408 2039 5464 aquarum

463 5490 821 5545 inundatione
885 5485 1059 5559 puniti
1111 5495 1281 5548 sunt,
1342 5486 1486 5554 quod
1541 5486 1790 5539 voluntas
1855 5500 2043 5540 eorum

456 5581 685 5637 omnino
751 5580 1044 5651 depravata
1114 5587 1307 5643 esset;
1358 5591 1519 5642 tuor,
1595 5577 1649 5630 in
1712 5576 1800 5631 illa
1877 5575 2045 5631 turris

531 5739 581 5773 ‘°
615 5739 771 5793 Rom.
808 5753 847 5800 ι,
881 5734 972 5788 9.5.

2143 4566 2292 4627 bant,
2344 4573 2399 4618 et
2449 4578 2515 4617 eo
2549 4561 2788 4618 audaciae
2846 4561 3295 4630 prorumpebant,
3352 4565 3412 4610 ut
3464 4555 3726 4610 adulteria

2146 4656 2573 4721 committerent,
2604 4662 2656 4707 et
2685 4653 3030 4722 pejorarent,
3085 4658 3138 4704 et
3167 4648 3380 4704 nefario
3415 4647 3725 4703 Sodomita-

2153 4763 2272 4802 rum
2320 4745 2523 4801 scelere
2547 4745 2757 4813 seipsos
2788 4743 3150 4806 devincirent,
3200 4752 3275 4807 et,
3307 4741 3456 4812 quod
3492 4752 3733 4808 tempore

2153 4838 2375 4906 quidem
2414 4847 2770 4905 postremum,
2807 4833 3057 4888 criminis
3089 4840 3273 4887 autem
3304 4833 3594 4886 atrocitate
3623 4829 3732 4900 pri-

2154 4942 2299 4982 mum
2332 4935 2435 4993 est,
2486 4926 2797 4983 simulacris
2853 4925 3067 4980 divinos
3122 4925 3359 4980 honores
3410 4925 3729 4981 tribuerent,

2153 5031 2315 5091 atque
2338 5020 2706 5074 adorationem
2729 5035 2757 5072 a
2781 5016 3041 5073 Creatore
3070 5019 3136 5072 ad
3156 5028 3439 5072 creaturas
3470 5013 3731 5070 transfer—

2155 5122 2296 5174 rent,
2322 5122 2375 5167 et
2404 5112 2646 5166 colerent
2671 5126 2736 5166 ac
2761 5110 3033 5166 servirent
3061 5116 3329 5164 creatura:
3354 5107 3541 5178 potius
3564 5118 3722 5176 quam

2152 5201 2399 5257 Creatori
2424 5203 2493 5256 ⁶⁰.
3050 5206 3065 5218 '

2220 5294 2337 5350 Col.
2380 5296 2486 5351 634
2512 5296 2573 5353 C.
2611 5295 2742 5362 Qua:
2788 5295 3040 5366 quoniam
3090 5294 3264 5363 majus
3295 5292 3582 5357 auxilium,
3620 5298 3726 5345 etc.

2152 5388 2356 5444 [lorum
2393 5393 2680 5445 verborum
2719 5409 2731 5444 :
2769 5386 2901 5444 Han:
2948 5388 3201 5458 quoniam
3249 5386 3430 5457 majus
3473 5383 3727 5438 auxilium

2151 5481 2503 5553 requirebant,
2547 5480 2721 5550 majus
2746 5482 2911 5536 etiam
2940 5488 3275 5550 acceperunt,
3311 5480 3359 5534 is
3387 5490 3583 5533 sensus
3596 5484 3680 5529 est
3709 5487 3724 5524 :

2152 5576 2311 5633 Prius
2343 5576 2559 5647 quidem
2598 5575 2868 5642 homines,
2913 5573 3247 5630 moderatius
3279 5568 3722 5635 tolerabiliusque
