4076 6292
237 331 417 396 1311
1226 339 1562 399 'NlCE'I‘AS
1606 339 1682 399 lN
1725 339 1948 400 OllA'l‘.
1989 340 2151 399 XLll
2191 339 2250 399 S.
2293 341 2523 402 GREG.
3401 349 3547 413 1332

231 454 599 514 peccantes,
650 443 1042 499 auxiliatricem
1096 446 1267 515 legem
1307 447 1598 510 habebant,
1648 456 1700 500 et
1737 455 1938 514 μνη-,Α
1971 446 2292 516 ἐκμάσσειν,
2350 451 2402 505 id
2463 459 2565 516 est,
2616 454 2936 521 exprimere,
2995 465 3048 510 et
3105 460 3260 527 quasi
3328 462 3548 518 bamire

233 540 481 606 phetas
511 539 948 601 concinnatores,
981 554 1044 593 ac
1097 555 1192 609 per
1221 540 1373 609 signa
1406 540 1860 609 corripiebantur.

231 630 654 696 Posteaquam
691 639 871 683 autem
905 631 1005 699 ipsi
1037 631 1091 685 in
1136 632 1460 700 gravissima
1505 632 1707 686 scelera
1740 647 1863 700 pro-

224 731 534 784 ruerunt,
595 720 786 789 majori
834 737 1051 790 quoque
1085 724 1290 778 auxilio
1339 739 1480 791 opus
1530 724 1859 778 habuerunt.

227 810 459 880 Majas
501 825 663 880 porro
692 811 976 876 auxilium,
1001 826 1048 866 et
1081 814 1216 883 lege,
1247 825 1298 868 et
1334 814 1631 884 prophetis,
1669 825 1718 867 et
1747 815 1856 883 sig-

225 904 382 966 nis,
424 900 594 954 Filius
639 901 732 955 Dei
772 911 908 966 erat,
948 904 1043 972 qui
1103 907 1169 958 ad
1225 905 1510 973 imaginem
1545 920 1723 969 suam,
1760 905 1859 958 hoc

225 1008 353 1051 cst
396 995 468 1050 ad
509 994 792 1049 hominem
830 995 1066 1066 imagine
1108 999 1276 1067 ipsius
1307 998 1648 1065 insignitum,
1692 998 1858 1052 venit.

225 1087 390 1144 Non
428 1091 607 1144 solum
657 1100 838 1144 autem
893 1090 958 1144 ad
991 1090 1279 1157 imaginem
1333 1089 1428 1144 Dei
1472 1089 1644 1144 lactus
1695 1090 1859 1142 homo

224 1183 271 1235 d
313 1185 498 1246 citur,
541 1184 632 1237 sed
679 1193 732 1238 et
776 1183 956 1251 imago
997 1181 1091 1236 Dei
1127 1186 1180 1235 in
1215 1182 1492 1252 Scriptura
1526 1183 1853 1235 nominatur.

229 1272 552 1340 Scriptum
604 1282 688 1325 est
725 1271 870 1324 enim
911 1272 964 1325 in
1007 1271 1285 1340 Sapientia
1339 1274 1687 1326 Salomonis:
1719 1271 1855 1325 Deus

226 1374 488 1431 propter
529 1364 980 1429 incorruptionem
1008 1374 1056 1417 et
1091 1364 1551 1418 immortalitatem
1595 1363 1856 1417 hominm:

225 1456 467 1507 ei-earit
508 1465 662 1523 atque
693 1458 976 1525 imaginem
1015 1456 1325 1510 azternitatis
1347 1472 1458 1510 sua:
1500 1456 1618 1524 fecit
1653 1456 1851 1510 eum“.
1958 1449 2153 1518 inquit,
2218 1451 2380 1506 Pater
2414 1455 2641 1525 signavit
2697 1457 2833 1510 Deus
2856 1459 2921 1510 τ’.
2961 1458 3059 1510 Per
3123 1461 3300 1512 omnia
3348 1461 3540 1512 similis

227 1544 437 1600 Venit
462 1547 622 1613 igitur
647 1539 710 1602 ad
734 1563 886 1602 suam
911 1549 1198 1616 imaginem
1227 1548 1342 1616 ipse
1366 1548 1459 1602 Dei
1487 1548 1676 1612 Filius,
1699 1548 1853 1615 juxta
1963 1542 2161 1612 imago.
2219 1543 2393 1600 Filius
2431 1545 2603 1600 Patris
2635 1547 2816 1612 imago
2873 1549 3075 1602 dicitur
3119 1533 3244 1617 quia
3286 1565 3348 1602 ex
3381 1549 3540 1603 Patre

228 1636 398 1690 illud
432 1639 582 1692 lsai:e
617 1657 630 1693 :
674 1637 797 1692 Non
827 1642 1053 1709 legatus,
1083 1655 1188 1692 non
1215 1639 1574 1708 angelus,sed
1605 1640 1717 1708 ipse
1746 1638 1853 1691 Do-
1956 1645 2033 1687 est
2079 1652 2091 1686 :
2133 1649 2238 1688 non
2292 1646 2470 1691 autent
2521 1648 2718 1692 contra
2768 1637 2932 1692 Pater
2982 1656 3048 1692 ex
3101 1640 3241 1708 ipso.
3295 1639 3418 1692 Haec
3461 1650 3542 1693 est

231 1730 446 1782 mium
467 1729 532 1796 δ’,
558 1731 672 1799 qui,
700 1741 756 1785 ιιι
786 1731 862 1786 δὴ
890 1729 1130 1785 Joannes
1158 1749 1173 1786 ;
1201 1729 1266 1785 ιη
1295 1731 1556 1801 principio
1580 1743 1689 1785 εναι
1732 1730 1856 1784 Ver-
1884 1716 1929 1775 Β
1960 1724 2216 1793 imaginis
2271 1739 2486 1793 natura,
2517 1738 2578 1783 ut
2613 1730 2684 1784 sit
2720 1731 3052 1798 exemplaris
3083 1731 3331 1785 imitatio.
3365 1730 3539 1785 Catie-

1968 537 2221 595 lormam.
2257 542 2453 596 Forma
2504 554 2707 610 autem,
2743 563 2868 601 cum
2921 549 2986 603 de
3031 549 3312 607 divinitate
3344 555 3545 621 agitur,

1966 641 2214 685 naturam
2251 633 2544 701 significat.
2583 636 2868 691 limuotum
2898 641 3032 694 illud
3059 644 3316 712 sigillum,
3349 647 3399 697 id
3433 657 3544 710 est,

1963 722 2107 790 quod
2148 739 2253 777 non
2290 727 2576 790 alteratur,
2614 745 2711 783 nee
2744 731 2808 782 ad
2846 732 3003 784 aliam
3035 732 3259 786 formam
3295 753 3547 788 contmn-

1963 823 2129 876 tatur.
2172 814 2225 866 In
2253 819 2588 874 carminibus
2620 833 2799 875 autem
2838 823 3072 892 sigillum
3109 835 3311 879 motum
3337 828 3544 882 habens

1963 905 2168 959 dicitur
2203 907 2394 971 Filius,
2430 910 2535 974 hoc
2565 920 2683 975 est,
2719 914 2937 969 vivens.
2982 914 3056 966 lta
3089 916 3300 971 diversa
3333 921 3543 972 ratione

1962 1006 2260 1067 utrumque
2291 1008 2396 1056 est.
2427 998 2565 1054 Nam
2599 1013 2869 1071 quatenus
2906 1015 3095 1058 natura
3129 1007 3318 1061 lii-nuis
3347 1020 3400 1062 et
3436 1010 3542 1062 im—

1962 1087 2242 1140 mutabilis
2274 1099 2381 1152 est,
2413 1091 2698 1145 immotum
2726 1093 3065 1163 signaculum
3101 1097 3538 1160 dieeturFilius;

1958 1189 2231 1247 quatenus
2257 1191 2440 1236 autent
2472 1183 2814 1252 signaculum
2846 1187 2976 1240 illud
3016 1203 3362 1258 nequaquam
3395 1206 3540 1242 mor-

1963 1276 2113 1320 tumn
2171 1279 2280 1334 est,
2339 1271 2431 1324 sed
2485 1271 2691 1332 vivum,
2749 1274 2946 1327 mobile
2998 1275 3301 1331 vocabitur.
3369 1275 3540 1342 Sigilli

1958 1367 2138 1410 autem
2166 1376 2362 1414 nomen
2388 1378 2418 1415 a
2447 1360 2726 1432 Scriptura
2759 1377 3037 1433 sumptum
3068 1378 3169 1421 est.
3197 1367 3348 1421 llunc
3372 1369 3537 1428 enim,

231 1821 478 1874 bum“.
516 1822 739 1876 Sa'culis
792 1824 1081 1892 antiquior.
1115 1822 1399 1894 Temporis
1444 1824 1588 1878 enim
1629 1833 1845 1879 creator

233 1915 494 1982 tempori
551 1914 969 1984 haudquaquam
1022 1914 1250 1979 subest,
1297 1924 1485 1984 utpote
1536 1931 1631 1984 per
1687 1930 1849 1982 quem

232 2005 428 2058 etiam
466 2004 630 2058 Pater
659 2006 857 2060 sarcula
889 2005 1101 2070 fecerit,
1138 2017 1195 2059 ut
1226 2015 1309 2060 est
1339 2006 1480 2075 apud
1517 2007 1742 2060 Paulum
1782 2007 1847 2060 “.

241 2093 578 2150 Invisibilis.
603 2095 768 2150 Deum
787 2098 932 2151 enim
959 2112 1118 2152 nemo
1140 2113 1378 2167 nequire
1401 2098 1535 2152 vidit
1551 2099 1729 2163 “,hoc
1743 2108 1846 2165 est,

241 2187 356 2240 Dei
413 2197 689 2242 naturant.
725 2185 1303 2254 Iitcompreltensibilt's,
1335 2189 1386 2243 id
1425 2199 1528 2252 est,
1567 2193 1656 2242 vix
1693 2205 1850 2244 com-

243 2277 682 2350 prehensibilis.
715 2278 848 2332 Nam
878 2279 1008 2332 illud
1041 2295 1262 2349 quoque
1289 2281 1668 2342 simulacrum,
1701 2283 1844 2350 quod

243 2383 323 2422 ex
360 2383 590 2439 operum
641 2370 812 2439 ipsius
849 2371 1242 2440 imaginatione
1271 2372 1506 2441 quadam
1543 2372 1842 2443 colligitur,

247 2460 586 2529 priusquam
623 2468 769 2515 recte
799 2470 1071 2524 teneatur,
1108 2460 1262 2530 fugit.
1302 2463 1393 2516 Vel
1422 2463 1844 2532 incomprehen-

251 2550 463 2614 sibilis,
502 2551 643 2606 idem
683 2561 788 2616 est,
820 2556 966 2622 quod
1001 2554 1449 2619 interminabilis,
1475 2562 1526 2608 et
1552 2555 1846 2610 incircum-

251 2641 520 2706 S‘Tiptlls,
556 2657 619 2695 ac
654 2644 850 2699 mentis
890 2654 1104 2712 captum
1141 2647 1430 2700 excedens.
1474 2645 1662 2715 Neque
1698 2649 1842 2700 enim

255 2733 540 2787 intellectu
585 2735 800 2803 concipi
857 2750 954 2788 nec
989 2735 1364 2790 circumscribi
1409 2746 1606 2805 potest.
1654 2736 1843 2790 Incor-

253 2841 472 2895 poreus.
535 2824 646 2879 lloc
696 2841 726 2879 a
784 2825 1064 2895 Theologo
1133 2827 1402 2895 adjectum
1458 2837 1543 2883 est
1624 2837 1844 2898 propter

256 2915 690 2968 incarnationem
730 2923 784 2969 et
832 2915 1222 2969 humanitatem
1273 2917 1524 2982 Christi,
1576 2920 1642 2974 ad
1675 2933 1838 2986 quam

258 3026 384 3064 mox
420 3021 779 3079 pervenimus
805 3020 909 3066 est.
944 3011 1088 3065 Illud
1121 3028 1186 3065 ex
1216 3013 1472 3082 principio
1501 3015 1838 3083 principium.

1955 1831 2074 1869 rit-at
2106 1816 2195 1870 hic
2223 1818 2554 1874 luculentius
2585 1837 2644 1875 se
2682 1836 2767 1874 res
2805 1821 2983 1875 habet.
3017 1821 3226 1874 Etenim
3261 1822 3312 1875 in
3343 1823 3538 1890 imagi-

1953 1907 2116 1962 nibus
2144 1917 2262 1963 arte
2303 1908 2461 1965 factis
2491 1911 2672 1982 imago
2701 1923 2845 1966 motu
2883 1921 3066 1979 caret,
3103 1930 3225 1967 eam
3255 1916 3538 1981 exeuip'ar

1951 2000 2075 2055 vita:
2107 2000 2180 2054 sit
2215 2004 2524 2068 praeditum,
2555 2020 2620 2059 ac
2671 2015 2978 2062 moveatur.
3012 2009 3080 2058 At
3119 2006 3205 2060 hic
3252 2005 3452 2072 imago,
3486 2015 3540 2058 et

1952 2096 2059 2150 vivi
2090 2103 2173 2152 est
2205 2096 2502 2164 archetypi.
2538 2105 2591 2148 et
2627 2095 2746 2150 viva
2780 2095 2918 2164 ipsa,
2954 2080 3240 2164 longeque
3270 2095 3529 2162 majm-.-m

1949 2185 2368 2243 similitudinem
2400 2185 2564 2239 habet
2591 2224 2608 2249 ,
2651 2201 2815 2252 quam
2845 2186 2916 2239 sit
2947 2200 3008 2238 ea
3031 2225 3046 2248 ,
3085 2200 3190 2253 qua
3231 2184 3358 2236 Seth
3391 2185 3534 2235 Ada-

1950 2291 2100 2330 nium
2137 2275 2340 2338 refert,
2377 2276 2460 2328 vel
2508 2290 2611 2343 qua
2651 2274 2919 2344 quidquid
2955 2274 3213 2344 gignitur,
3251 2273 3303 2330 id
3351 2288 3381 2326 ιι
3428 2290 3536 2341 quo

1950 2375 2240 2437 generatur
2283 2367 2563 2434 exprimit.
2625 2364 2698 2418 Ea
2750 2365 2896 2419 enim
2932 2376 3016 2419 est
3063 2364 3391 2432 simplicium
3438 2381 3534 2417 na-

1955 2470 2098 2522 tura,
2135 2468 2190 2512 ttt
2219 2474 2326 2513 non
2365 2459 2564 2526 partim
2599 2458 2800 2512 similia
2835 2458 2964 2520 siut,
2997 2457 3191 2526 partim
3224 2457 3531 2520 dissimilia,

1947 2551 2042 2604 sed
2081 2559 2252 2604 totum
2289 2550 2456 2604 totius
2485 2552 2653 2617 ligura
2687 2549 2779 2612 sit,
2807 2558 2973 2618 atque
3007 2547 3314 2602 identitatis
3349 2547 3530 2616 potius

1947 2659 2113 2714 quam
2148 2642 2524 2697 similitudinis
2555 2642 2818 2696 rationem
2853 2641 3070 2695 habeat.

2023 2731 2204 2786 Patris
2229 2742 2278 2785 et
2305 2734 2560 2786 terminus
2582 2741 2632 2786 et
2677 2733 2838 2786 ratio.
2889 2729 3007 2786 Hoc
3041 2730 3200 2785 modo
3235 2729 3406 2783 Filius
3443 2745 3536 2797 ap-

1945 2823 2196 2892 pellatur,
2231 2830 2287 2877 ut
2340 2822 2554 2878 Patrem
2597 2825 2893 2878 ostendens
2925 2839 2990 2877 ac
3042 2823 3328 2885 deﬁniens,
3359 2823 3528 2876 homi-

1949 2914 2220 2983 nibusque
2274 2916 2631 2982 conspicuum
2698 2914 2974 2972 reddens.
3016 2915 3162 2982 quod
3227 2913 3388 2968 Pater
3461 2916 3532 2968 sit

1946 3011 2112 3072 atque
2153 3005 2316 3058 etiam
2384 3005 2513 3072 quia
2564 3005 2700 3056 citra
2759 3003 2930 3058 ullum
2985 3003 3237 3056 allectum
3284 3019 3348 3057 ac
3405 3020 3530 3072 pro-

258 3102 591 3168 Principium
634 3105 778 3156 enim
809 3105 1055 3158 omnium
1089 3119 1212 3173 qua:
1275 3113 1423 3167 sunt,
1459 3103 1618 3158 Pater
1646 3114 1748 3167 est,
1783 3114 1838 3156 nt

1944 3093 2238 3148 ﬂuxionem
2299 3096 2368 3149 ab
2425 3110 2493 3150 eo
2541 3094 2756 3164 genitus
2795 3104 2897 3156 est,
2947 3095 3407 3163 quemadmmlnm
3459 3111 3526 3150 ex

259 3204 422 3243 causa
455 3206 470 3245 :
503 3191 830 3260 principium
891 3205 1108 3260 quoque.
1161 3200 1246 3245 est
1308 3190 1500 3249 Filius.
1553 3199 1612 3244 nt
1661 3205 1842 3244 causze

1947 3194 2125 3245 mente
2155 3201 2357 3240 sermo.
2385 3185 2477 3242 Sic
2510 3186 2654 3240 enim
2691 3201 2750 3240 se
2785 3186 2948 3240 habet
2980 3187 3044 3240 al
3081 3187 3296 3240 Patrem
3333 3186 3526 3250 Filius,

259 3295 503 3335 consors.
540 3284 616 3335 Ad
651 3281 865 3335 Patrem
904 3285 1050 3338 enim
1088 3284 1252 3336 David
1278 3283 1439 3336 verba
1477 3282 1704 3346 faciens,
1735 3284 1836 3337 ait:

263 3369 449 3426 Tecum
480 3373 795 3443 principium
819 3376 884 3430 ⁸⁸.
936 3375 1032 3430 Est
1083 3377 1246 3445 igitur
1280 3375 1452 3430 Filius
1509 3375 1836 3444 principium

259 3479 323 3516 ex
355 3465 647 3534 pim-ipio,
693 3466 741 3520 id
769 3477 872 3533 εει,
909 3482 973 3522 ex
1011 3466 1193 3521 Patre.
1230 3466 1376 3521 Illud
1403 3483 1468 3520 ex
1504 3467 1700 3520 lumine
1752 3466 1836 3518 ln-

264 3573 394 3609 men.
445 3557 686 3614 JOaunI-s
712 3560 766 3613 in
800 3561 1038 3629 Epistula
1073 3576 1170 3615 sua
1195 3565 1366 3630 prima
1405 3563 1479 3615 ait
1519 3577 1533 3614 :
1573 3561 1706 3614 Deus
1747 3561 1839 3613 lux

259 3660 332 3705 est
355 3648 418 3704 ".
452 3650 513 3703 Et
538 3651 796 3707 Christus
820 3653 885 3706 de
915 3654 1130 3721 seipse:
1170 3651 1274 3721 Ego
1299 3669 1416 3706 sum
1448 3653 1541 3704 tua:
1565 3651 1747 3705 mundi
1769 3652 1830 3704 ⁸⁸.

260 3741 427 3809 Atque
447 3743 498 3795 1ιί
526 3761 570 3797 ie
606 3743 795 3798 Patres
853 3745 927 3797 illi
961 3743 1054 3812 qui
1087 3752 1496 3797 sacrosanctum
1517 3743 1832 3812 Symbolum

261 3832 576 3894 ediderunt,
609 3833 909 3886 doctrinam
950 3831 1244 3885 salutarem
1284 3832 1514 3885 mutuati
1571 3841 1735 3892 sunt,
1773 3846 1835 3885 ac

261 3922 504 3975 dist-runt
568 3938 580 3975 :
641 3921 844 3974 Lumen
889 3922 951 3974 de
992 3922 1227 3983 lumine,
1296 3921 1490 3976 Fliilllll
1546 3938 1612 3976 ex
1675 3920 1834 3974 Patre

263 4013 582 4086 prolulgere,
613 4021 672 4067 ut
702 4015 1076 4083 incorpoream
1107 4022 1159 4066 et
1187 4013 1485 4081 simplicem
1517 4026 1634 4066 eam
1671 4028 1834 4076 gene~

263 4107 515 4163 rationem
551 4104 933 4170 ostendi-rent;
979 4120 1175 4158 rursus
1213 4105 1325 4157 hinc
1359 4104 1520 4157 verba
1557 4119 1831 4172 apposue-

263 4208 378 4252 runt
417 4215 430 4250 :
475 4195 555 4249 Ea:
608 4197 741 4266 ipso,
797 4205 846 4250 et
903 4198 954 4250 in
1009 4197 1156 4265 ipso,
1195 4204 1252 4248 ut
1289 4203 1514 4263 uterque
1576 4194 1830 4260 peculiari

266 4289 416 4344 modo
441 4289 740 4343 subsismre
773 4287 1128 4356 intelligatur.
1164 4285 1322 4339 Pater
1355 4285 1498 4339 enim
1540 4282 1698 4337 Pater
1729 4291 1828 4346 est,

262 4389 436 4434 etnon
477 4377 642 4434 Filius
677 4397 690 4433 :
726 4378 898 4434 Filius
934 4379 1058 4433 item
1096 4375 1292 4442 Filius,
1323 4386 1378 4430 et
1401 4392 1504 4432 non
1545 4376 1702 4429 Pater
1733 4392 1745 4428 :
1779 4385 1827 4428 et

267 4472 316 4524 in
351 4469 622 4524 identitatc
652 4477 860 4523 naturae
892 4469 1110 4538 propria
1143 4478 1228 4522 est
1261 4469 1546 4537 utriusque
1569 4473 1826 4520 essentia.

270 4556 396 4612 Fons
436 4560 551 4612 vita-
579 4569 627 4612 et
664 4559 1114 4612 immortalitatis.
1145 4557 1267 4612 Haec
1296 4574 1513 4627 quoque
1539 4573 1568 4610 a
1596 4557 1830 4626 prophe-

268 4647 328 4701 tis
348 4659 555 4717 sumpta
583 4659 731 4702 sunt.
767 4646 1034 4702 Ieremias
1066 4649 1209 4701 enim
1243 4649 1315 4702 ita
1345 4648 1587 4717 loquitur
1623 4663 1636 4699 :
1675 4647 1831 4700 Dareo

269 4740 513 4808 liquerunt
539 4739 736 4805 fontem
761 4754 913 4807 aqum
948 4737 1226 4792 Dominum
1248 4739 1313 4792 “.
1345 4738 1408 4792 Et
1435 4739 1601 4793 David
1634 4756 1647 4791 :
1677 4739 1829 4808 Apud

275 4841 318 4885 te
350 4841 423 4883 est
455 4831 571 4899 fons
611 4830 812 4885 vita".
852 4830 996 4896 Quin
1041 4831 1205 4885 etiam
1241 4829 1496 4885 Christus
1527 4831 1595 4884 de
1649 4832 1830 4901 seipse

271 4924 338 4978 ait
374 4940 386 4978 :
433 4922 546 4994 Ego
587 4939 703 4976 sum
743 4923 850 4986 via,
894 4923 1086 4977 veritas
1111 4962 1125 4987 ,
1159 4932 1206 4976 et
1242 4924 1433 4976 vita".
1468 4921 1611 4976 Fons
1645 4935 1820 4977 autem

268 5015 450 5072 dicitur
482 5017 551 5070 ob
582 5015 1013 5086 perennitatem;
1043 5014 1150 5068 vita
1189 5022 1372 5068 autem
1411 5023 1469 5068 ut
1507 5013 1624 5067 lous
1659 5015 1783 5069 vitae.
1805 5056 1820 5081 ,

279 5125 370 5166 non
409 5119 616 5163 tantum
653 5108 830 5161 brevis
862 5107 1024 5175 hujus
1053 5114 1105 5160 et
1142 5114 1385 5174 tempore
1416 5107 1692 5176 perituras,
1727 5107 1821 5161 scd

263 5199 408 5253 etizan
439 5194 828 5265 ‘sempiternaz.
885 5192 1000 5274 Hoc
1036 5193 1179 5246 enim
1234 5193 1471 5249 declarat
1509 5194 1676 5247 dictio
1728 5195 1819 5248 illa

258 5289 696 5351 Immortalitatis,
738 5302 898 5356 quam
928 5279 1136 5355 adjicit.
1190 5285 1472 5356 Archetypi
1524 5289 1813 5356 expressio,

256 5382 304 5439 id
344 5391 444 5445 est,
482 5380 782 5435 similitudo
806 5420 820 5445 ,
853 5379 1194 5449 signaculum
1223 5417 1239 5442 ,
1267 5395 1332 5434 ac
1380 5379 1526 5434 velut
1553 5395 1815 5450 expressa

254 5475 440 5545 elligies
503 5474 618 5528 Dei.
686 5473 1020 5542 Ἐκμαγεῖον
1067 5478 1250 5526 autem
1295 5470 1499 5528 dicitur
1559 5487 1591 5527 a
1652 5473 1817 5530 verbo

1943 3279 2402 3347 quemadmodum
2449 3295 2630 3333 sermo
2683 3282 2750 3332 ad
2813 3287 3046 3332 mentem
3085 3316 3101 3339 ,
3167 3295 3275 3332 non
3347 3281 3524 3333 solum

1941 3368 2011 3421 ob
2075 3369 2485 3436 generationem
2557 3367 2707 3420 omni
2775 3366 2969 3420 allec-tu
3040 3379 3368 3432 vacantem,
3427 3369 3520 3423 Sl‘d

1941 3459 2105 3512 etiam
2147 3468 2368 3529 pmptcr
2416 3459 2838 3514 connexionem.
2874 3456 3062 3525 Neque
3099 3461 3244 3512 enim
3284 3475 3312 3513 a
3367 3461 3526 3514 Patre

1947 3551 2116 3607 Filius
2166 3553 2406 3622 separari
2448 3561 2646 3620 potest,
2692 3553 3152 3621 quemadmodum
3200 3568 3298 3606 nec
3337 3568 3520 3606 sermo

1939 3657 1968 3695 a
2026 3652 2227 3706 mente.
2293 3640 2432 3694 Tum
2491 3642 2656 3694 etiam
2707 3643 2782 3696 ita
2837 3652 3061 3713 propter
3109 3643 3218 3697 vim
3268 3644 3523 3698 enuntia-

1941 3737 2103 3788 tiram
2165 3735 2346 3788 vocari
2398 3743 2612 3804 potest;
2683 3751 2806 3790 nam
2879 3747 2939 3790 ut
2997 3752 3179 3792 sermo
3239 3749 3514 3807 parentem

1939 3843 2094 3881 suam
2150 3835 2383 3879 mentem
2426 3827 2630 3896 profert
2687 3839 2741 3882 t-t
2794 3830 3064 3894 enuntiat,
3113 3830 3186 3884 ita
3225 3829 3522 3884 FiliusPa-

1939 3926 2098 3970 trem.
2149 3917 2382 3971 Possunt
2436 3918 2598 3972 etiam
2654 3921 2768 3974 hate
2821 3922 2927 3974 duo
2966 3921 3090 3989 ὅρος
3133 3932 3187 3974 et
3230 3921 3386 3988 λόγος
3422 3939 3517 3992 pro

1937 4011 2126 4063 eodem
2185 4011 2355 4080 accipi
2406 4029 2420 4065 :
2475 4013 2921 4082 quandoquidem
2975 4022 3029 4068 et
3078 4014 3328 4068 deliuitio
3359 4015 3519 4081 λόγος

1937 4102 2158 4166 dicitur,
2210 4113 2266 4157 ut
2307 4119 2432 4158 cum
2485 4107 2556 4160 ita
2619 4105 2892 4174 loquimur
2941 4124 2956 4161 :
3035 4106 3286 4161 Deﬁnitio
3339 4109 3517 4161 honiio

1941 4195 2025 4248 nis
2083 4203 2188 4255 est,
2253 4196 2454 4248 animal
2514 4197 2726 4250 ratione
2779 4197 3104 4265 praeditum,
3158 4208 3210 4252 et
3269 4199 3513 4252 mortale.

1934 4284 2107 4351 Quam
2172 4287 2338 4356 igitur
2386 4287 2653 4340 rationem
2701 4286 2863 4341 habet
2907 4287 3153 4341 deﬁnitio
3201 4287 3267 4340 ad
3324 4287 3516 4340 delini-

1937 4385 2077 4440 tum,
2121 4378 2370 4431 eamdem
2424 4377 2596 4432 Filius
2630 4379 2696 4431 ad
2743 4377 2986 4434 Patrem.
3023 4380 3205 4448 Ipsum
3238 4379 3382 4432 enim
3415 4379 3513 4430 de.

1935 4471 2107 4524 clarat
2134 4470 2599 4538 quemadmodum
2625 4470 2890 4532 deﬁnitio,
2929 4470 3002 4536 id,
3031 4471 3176 4540 quod
3213 4473 3281 4525 ab
3315 4487 3377 4526 ea
3417 4472 3512 4525 dc-

1934 4560 2147 4616 linitnr.
2194 4562 2567 4628 Quamobrem
2599 4563 2763 4617 etiam
2813 4563 3064 4618 Christus
3105 4564 3321 4618 dicebat
3355 4581 3368 4618 :
3401 4564 3505 4629 Qui

1931 4669 2017 4708 me
2065 4655 2329 4710 intellexit
2380 4655 2506 4725 (hoc
2535 4655 2683 4710 enim
2741 4655 3061 4724 signiﬁcat:
3105 4657 3210 4720 Qui
3244 4658 3370 4710 vidit
3409 4660 3509 4725 nte)

1927 4743 2142 4800 Patrem
2203 4762 2420 4817 quoque
2481 4747 2748 4802 intellexit
2777 4748 2874 4813 ⁷³;
2928 4757 3168 4818 paternae
3237 4749 3507 4819 siquidem

1935 4847 2149 4893 naturae
2220 4839 2611 4908 compendiosa
2663 4839 3093 4895 -demonstratio
3166 4849 3250 4896 est
3311 4841 3504 4896 Filius.

1934 4929 2123 4984 Omnis
2181 4931 2326 4984 enim
2375 4930 2558 4999 proles
2615 4930 2858 5000 parentis
2911 4930 2992 4984 sui
3043 4933 3207 4987 tacita
3253 4943 3336 4986 est
3368 4935 3509 4988 ratio

1931 5018 2044 5072 sive
2069 5019 2338 5075 dellailio.
2389 5018 2489 5075 llic
2524 5020 2688 5090 igitur
2728 5020 2821 5075 Dei
2867 5020 3040 5077 Filius
3069 5022 3135 5076 ad
3171 5039 3324 5078 suam
3360 5026 3502 5079 ima-

1931 5111 2134 5181 ginem,
2182 5111 2284 5166 lioc
2317 5122 2422 5176 est,
2469 5114 2535 5167 ad
2575 5114 2875 5177 hominem,
2912 5130 3073 5184 quem
3106 5115 3174 5170 ad
3211 5119 3499 5187 imaginem

1927 5216 2082 5256 suam
2119 5204 2348 5267 creavit,
2411 5205 2644 5269 accedit,
2679 5219 2743 5259 ac
2795 5213 3012 5275 propter
3036 5223 3256 5263 carnem
3307 5209 3505 5262 huma-

1928 5308 2076 5356 nam,
2121 5310 2339 5349 carnem
2394 5297 2648 5360 assumit,
2692 5307 2748 5352 et
2785 5306 3003 5368 propter
3035 5299 3296 5366 animam,
3338 5315 3499 5368 quam

1924 5388 2109 5442 divina
2154 5388 2521 5445 iasulllatione
2564 5400 2843 5461 acceptam
2907 5394 3073 5449 homo
3123 5394 3356 5462 caligine
3400 5393 3500 5446 oh-

1923 5480 2156 5534 duxerat
2219 5491 2271 5535 et
2334 5481 2779 5550 labefactaverat,
2847 5484 3170 5541 rationalem
3232 5494 3287 5538 et
3329 5484 3489 5538 iutel~

1883 5622 1926 5655 “
1953 5620 2113 5678 llcbr.
2145 5639 2184 5684 ι.
2214 5623 2270 5678 2.
2381 5627 2425 5659 ⁸³
2461 5627 2480 5680 l
2520 5624 2677 5684 Joan.
2719 5643 2792 5690 tv,
2827 5628 2912 5682 l2.

1875 5695 1918 5727 ⁷ο
1946 5693 2090 5751 Psal.
2125 5710 2286 5763 xxxv,
2330 5695 2413 5750 10.
2491 5699 2531 5731 ⁷³
2563 5695 2720 5753 Joau.
2755 5713 2866 5764 xw,
2899 5699 2950 5752 6.

1865 4423 1904 4476 D

317 5621 518 5690 “’7Sap.
553 5635 612 5684 tt,
640 5618 732 5672 9.5.

251 5692 327 5744 ⁸⁷1
355 5689 511 5744 Joan.
544 5707 583 5751 ι,
612 5690 664 5742 5.

245 5763 290 5798 ’³
324 5759 344 5816 J
381 5776 411 5817 a
437 5783 466 5816 ι.
506 5777 614 5828 xiv,
644 5759 696 5816 9.

809 5619 852 5651 “
883 5619 986 5675 lsa.
1020 5635 1173 5681 Lxut,
1209 5620 1262 5677 9.

1365 5621 1411 5653 ⁸³
1442 5620 1600 5676 Joan.
1651 5637 1687 5687 ι,
1722 5622 1771 5677 l.

741 5688 786 5722 ⁸⁸
804 5687 976 5746 'Joan.
1011 5706 1125 5758 vni,
1152 5691 1219 5746 12

3049 5627 3094 5658 ⁸⁸
3135 5624 3276 5681 Psal.
3301 5643 3411 5690 cux,
3441 5627 3499 5686 3.

1296 5692 1341 5725 ⁶⁹
1375 5690 1578 5748 Jcrem.
1611 5708 1673 5761 ιι,
1705 5693 1788 5749 l8.

3031 5699 3075 5731 ’³
3097 5696 3258 5754 Joan.
3293 5711 3365 5767 vt,
3399 5697 3496 5756 Ἦ.
