4076 6292
715 347 849 412 1343

2116 350 2496 411 ADDENDA.
3737 346 3809 411 132i

713 458 997 513 iccluaicm
1054 457 1291 510 animam
1355 455 1585 527 accipit,
1644 463 1704 509 ιιι
1737 454 1839 511 'sic
1899 471 1998 526 per
2052 470 2270 511 carnem
2303 467 2344 520 Α
2379 473 2518 511 untts
2548 464 2738 511 natura
2760 457 3041 518 assistens.
3064 455 3158 511 sed
3192 458 3431 510 coitione
3449 465 3498 507 et
3513 469 3723 510 concursu
3738 462 3811 508 ritu-

712 557 1041 617 assumptam
1099 546 1227 601 Adae
1274 562 1493 601 carnem
1542 547 1745 615 peccati
1801 548 2050 603 sordibus
2088 548 2270 618 inqui-

715 651 897 693 natam
929 646 1203 707 repurgat,
1252 652 1347 706 per
1376 638 1612 691 animam
1648 646 1852 700 autem,
1882 638 2125 705 ejusdem
2154 640 2242 693 ani

710 745 876 791 mam,
935 737 1097 797 atque
1144 728 1215 781 ita
1272 737 1412 781 totus
1451 729 1545 782 toti
1595 729 1726 782 mihi
1779 730 2005 783 salutem
2061 729 2269 795 afferat,

706 820 1146 890 quandoquidem
1183 828 1326 875 totus
1359 819 1530 873 Adam
1567 820 1748 888 lapsus
1778 832 1880 874 est.
1918 820 2042 875 Haec
2090 832 2268 876 autem

706 909 783 963 ait
835 908 1128 979 Gregorius
1195 908 1456 962 atiVl'l'SllS
1509 907 1831 976 Apollinarii
1889 908 2118 963 harresin
2178 909 2272 963 de-

707 1015 973 1071 pugnans,
1041 998 1132 1067 qui
1195 996 1474 1051 Christum
1546 1011 1788 1061 carnem,
1845 1007 1899 1050 et
1958 1007 2159 1060 mente,
2217 1007 2270 1052 et

705 1092 886 1146 anima
936 1105 1159 1144 vacuam
1201 1088 1456 1142 habuisse
1506 1087 1809 1141 affirmabat
1848 1104 1860 1140 :
1895 1087 2039 1156 quod
2073 1089 2270 1143 divini-

703 1194 864 1237 latent
908 1197 1007 1252 pro
1054 1190 1239 1235 mente
1281 1190 1446 1249 atque
1497 1179 1679 1232 anima
1710 1178 1957 1233 sufficere
1991 1180 2272 1234 existima-

703 1282 805 1327 ret.
870 1273 1073 1327 Eodem
1150 1285 1368 1339 quoque
1427 1269 1701 1339 pertinent
1772 1284 1881 1337 quo
1940 1279 2268 1337 sequuntur.

702 1365 803 1418 Per
842 1366 1025 1418 omnia
1079 1364 1244 1426 enim,
1297 1362 1495 1429 inquit,
1554 1361 1719 1414 homo
1772 1361 1965 1431 plenus
2023 1375 2089 1414 ac
2143 1375 2269 1428 per-

703 1456 877 1511 fectus
926 1455 1180 1516 efficitur,
1226 1452 1491 1508 duntaxat
1546 1461 1777 1520 excepto
1838 1454 2077 1520 peccato.
2136 1453 2267 1506 Pec—

700 1557 882 1601 catum
937 1546 1106 1606 enim,
1151 1559 1257 1598 non
1303 1559 1333 1597 a
1386 1551 1605 1608 natura,
1645 1543 1738 1597 sed
1787 1557 1817 1595 a
1858 1542 2130 1597 voluntate
2154 1542 2268 1595 ori-

698 1639 877 1706 ginem
961 1636 1144 1689 habet.
1210 1632 1575 1699 Quamobrem
1653 1632 1918 1688 Dominus
1991 1633 2262 1686 naturalia

700 1729 881 1782 omnia
916 1726 1245 1796 suscipiens.
1281 1732 1584 1795 peceatum,
1615 1736 1672 1779 ut
1710 1738 1740 1777 a
1772 1733 1961 1778 natura
1999 1724 2260 1785 alienum,

2374 565 2493 602 rum
2516 557 2830 604 naturarum
2847 550 2899 602 in
2914 563 3073 602 unam
3092 548 3438 619 hypostasin.
3453 548 3505 601 in
3523 563 3578 602 ea
3593 550 3704 602 enim
3722 549 3813 605 i’crii

2374 639 2468 695 Dei
2528 655 2780 710 persona,
2820 657 2939 709 qua:
2971 641 3122 710 prius
3152 639 3548 705 erat,'auimata
3584 643 3715 709 ipsius
3743 661 3813 696 tam

2373 739 2551 784 creata
2579 732 2822 784 eamdem
2845 730 3164 800 hypostasin
3186 730 3471 796 liahuit,ae
3490 732 3813 798 partesillacoa-

2373 835 2571 892 gressa:
2605 833 2767 890 atque
2793 822 3099 888 conjunctae
3132 830 3259 889 post
3281 820 3576 889 huiusmodi
3602 825 3812 874 concursio-

2373 926 2492 965 nem
2517 912 2870 967 indivisibiles
2896 922 3219 965 manserunt
3244 929 3258 965 :
3286 926 3392 964 non
3413 911 3543 978 quod
3559 911 3706 963 animo
3719 920 3815 964 etco-

2374 1000 2634 1070 gitatione
2667 1013 2964 1067 earumque
3002 999 3323 1053 diversitate
3369 998 3589 1066 separari
3619 1011 3815 1066 nequeant,

2373 1092 2466 1145 sed
2489 1091 2632 1159 quod
2655 1106 2710 1144 re
2730 1098 2783 1144 et
2802 1101 2923 1144 actu
2949 1090 3096 1145 nullo
3111 1092 3279 1144 modo
3298 1090 3520 1144 discerni
3535 1104 3589 1143 ac
3603 1089 3729 1144 dividi
3744 1106 3816 1157 pos-

2372 1180 2501 1235 sint.
2538 1179 2689 1234 Unus
2717 1181 2995 1235 enimvero
3023 1195 3086 1234 ex
3115 1179 3336 1234 duabus
3364 1180 3557 1235 naturis
3593 1188 3716 1234 natus
3735 1192 3813 1234 cst:

2372 1284 2603 1338 quarum
2638 1270 2825 1334 altera,
2865 1284 3059 1339 nempe
3087 1270 3303 1331 divina,
3328 1270 3597 1323 humanam
3630 1270 3816 1323 divinitate

2369 1359 2593 1413 donavit
2615 1378 2631 1427 ;
2650 1360 2816 1415 altera
2838 1370 3042 1426 autem,
3068 1362 3176 1417 hoc
3220 1371 3305 1417 est
3326 1362 3566 1422 humana.
3581 1362 3812 1416 divinitatea

2370 1464 2399 1504 a
2435 1451 2619 1505 divina
2663 1452 2891 1520 accepit.
2953 1453 3089 1507 Cum
3132 1466 3316 1508 autem
3356 1455 3562 1509 dixisset
3595 1453 3811 1524 Gregorius.

2371 1540 2538 1595 Deutn
2576 1554 2852 1612 assumpta
2905 1559 3070 1599 carne
3101 1553 3292 1599 natum
3326 1560 3464 1610 esse,
3490 1538 3629 1615 atque
3645 1555 3811 1600 comitem

2368 1646 2492 1686 eum
2543 1643 2822 1703 assumpta
2856 1635 3197 1690 immanitate
3260 1646 3465 1698 natum,
3511 1636 3669 1689 Filium
3708 1651 3810 1687 autin

2366 1736 2509 1785 esse,
2535 1737 2639 1775 non
2667 1722 2830 1787 duos,
2861 1724 3229 1779 admiratione
3250 1734 3536 1794 correptus,
3554 1739 3606 1778 ac
3624 1726 3728 1776 velut
3742 1735 3810 1774 stu-

699 1836 805 1873 non
842 1819 1071 1887 accepit.
1121 1817 1210 1871 Ait
1240 1818 1382 1870 enim
1435 1816 1771 1885 Apostolus:
1823 1815 2092 1869 Habemus
2140 1832 2266 1884 pon-
2298 1831 2336 1884 Β
2369 1826 2496 1880 pore
2547 1812 2831 1875 perculsus
2864 1813 3175 1879 addubitat,
3223 1824 3402 1869 utrum
3429 1815 3808 1869 concurrentesin

699 1911 889 1980 tiﬁcem
934 1918 1189 1962 tentatum
1214 1923 1304 1973 per
1337 1909 1515 1962 omnia
1541 1923 1639 1976 pro
1669 1908 2037 1973 similitudine,
2067 1907 2262 1975 absque

696 2012 907 2073 peccato
964 2002 1032 2058 ".
1100 2001 1354 2066 Quonam
1415 2008 1595 2054 autem
1656 1999 1819 2053 modo
1870 2006 2096 2068 peccato
2144 1999 2264 2052 solo

695 2103 920 2163 excepto
972 2093 1164 2163 plenus
1223 2107 1284 2146 ac
1331 2093 1605 2161 perfectus
1656 2092 1822 2146 homo
1851 2090 2260 2147 sit?Nimirum

695 2185 823 2255 quia
888 2196 942 2239 et
1012 2185 1246 2238 humana
1302 2182 1618 2238 conditione
1679 2182 1965 2237 sublimior
2028 2183 2103 2236 illi
2161 2181 2264 2235 fuit

694 2277 1023 2347 conceptio,
1080 2282 1267 2345 utpote
1318 2273 1542 2329 seminis
1586 2287 1782 2342 expers
1811 2312 1826 2334 ,
1878 2281 1932 2327 et
1981 2274 2260 2334 nativitas,

696 2379 756 2423 ut
805 2367 1174 2438 corruptionis
1221 2366 1430 2421 nescia.
1485 2364 1671 2435 Neque
1709 2365 1854 2420 enim
1908 2365 2083 2420 soluta
2130 2372 2262 2418 sunt

694 2459 1020 2529 virginitatis
1083 2457 1363 2528 signacula
1427 2474 1442 2511 :
1494 2457 1930 2526 quandoquidem
1984 2456 2262 2527 generatio

693 2567 788 2621 per
842 2551 1254 2619 corruptionem
1327 2549 1680 2619 progrediens
1739 2557 1962 2616 peccato
2035 2556 2257 2615 accepta

692 2644 973 2698 referenda
1017 2650 1121 2707 est,
1168 2641 1626 2711 quemadmodum
1686 2642 1763 2695 ait
1828 2641 1989 2694 David
2054 2659 2068 2696 :
2126 2639 2262 2694 Ecce

688 2735 825 2787 enim
856 2733 909 2784 in
951 2732 1328 2801 iniquitatibus
1377 2742 1655 2800 conceptus
1680 2747 1818 2793 sum,
1851 2740 1900 2785 et
1933 2731 1986 2784 in
2030 2733 2258 2800 peccatis

689 2827 925 2893 concepit
985 2841 1065 2878 me
1110 2834 1280 2876 mater
1328 2838 1444 2876 mea
1465 2822 1532 2878 ".
1581 2821 1711 2878 Post
1760 2824 2254 2892 transgressionem

688 2916 830 2971 enim
888 2916 1152 2981 Adamus,
1205 2914 1448 2969 libidinis
1478 2924 1644 2969 (rastro
1699 2915 1976 2983 concitus,
2024 2930 2251 2972 uxorem

687 3023 841 3062 suam
902 3005 1063 3061 Evam
1118 3006 1392 3077 cognovit,
1449 3019 1624 3075 eaque
1669 3007 1919 3076 concepit
1974 3024 2039 3063 ac
2087 3024 2260 3079 pepe-

688 3097 775 3151 rit.
827 3096 918 3151 Sic
957 3106 1232 3165 peccatum
1289 3097 1662 3168 conceptionis
1719 3112 1887 3154 causa
1950 3109 2054 3164 est,
2123 3116 2252 3155 con-

2365 1913 2573 1957 natura:
2587 1913 3000 1972 contemperatae
3013 1906 3150 1971 sint,
3165 1921 3235 1960 an
3255 1908 3429 1976 potius
3449 1908 3706 1962 commisce.
3727 1905 3802 1956 Nam

2363 1994 2409 2049 si
2441 2005 2862 2065 contemperataa
2887 2008 3035 2062 sunt,
3061 1999 3327 2055 confusas
3353 2013 3552 2068 quoque
3565 2009 3804 2052 easessene-

2362 2101 2513 2166 casse
2547 2096 2631 2142 est
2663 2088 2764 2156 (sic
2788 2088 2931 2143 enim
2968 2089 3075 2144 fert
3111 2100 3305 2145 natura
3336 2105 3509 2145 earum
3547 2105 3705 2150 rerum.
3728 2104 3798 2153 qua

2362 2186 2857 2246 contemperantur,
2883 2189 2941 2232 ιιι
2963 2180 3077 2234 vini
3109 2191 3168 2236 et
3193 2181 3366 2251 aqum)
3394 2198 3408 2235 :
3432 2181 3508 2236 sin
3532 2191 3672 2234 autem
3690 2178 3795 2231 solum

2362 2268 2664 2323 commistae
2689 2279 2835 2333 sunt,
2866 2273 3183 2327 necessario
3206 2282 3473 2342 sequetur,
3502 2285 3583 2326 eas
3598 2270 3716 2325 etiam
3736 2266 3792 2319 alio

2361 2359 2580 2425 quando
2622 2368 2746 2414 actu
2782 2360 2978 2416 dividi.
3005 2360 3139 2417 Haec
3165 2364 3309 2418 enim
3336 2378 3509 2418 eorum
3535 2374 3634 2430 quae
3653 2359 3793 2413 intem

2360 2452 2679 2518 miscentur,
2724 2463 2913 2507 natura
2956 2462 3067 2521 est,
3114 2466 3176 2510 ut
3211 2456 3372 2511 tritici
3400 2467 3451 2511 et
3493 2452 3660 2508 hordei.
3693 2447 3787 2514 Atqui

2361 2557 2536 2611 neque
2578 2543 2822 2598 confusa:
2873 2554 3022 2610 sunt,
3084 2556 3142 2601 et
3194 2557 3370 2601 tamen
3413 2544 3561 2601 semel
3590 2550 3790 2609 rootless:

2359 2632 2718 2687 indivisibiies
2766 2645 3115 2702 manserunt,
3162 2636 3502 2692 differentiam
3544 2647 3663 2688 suam
3686 2629 3782 2681 etiam

2358 2732 2482 2791 post
2512 2722 2811 2778 coitionem
2856 2741 2921 2781 ac
2970 2726 3389 2782 concursionem
3439 2730 3677 2779 servantes.
3704 2715 3781 2768 Ριιο

2361 2814 2485 2870 inde
2510 2829 2650 2870 nova
2679 2826 2737 2870 et
2764 2817 2925 2884 plane
2961 2819 3232 2888 stupenda
3268 2816 3366 2872 fuit
3397 2817 3476 2871 illa
3506 2816 3549 2868 in
3589 2825 3669 2867 uno
3686 2805 3782 2862 Chri-

2358 2914 2444 2958 sto
2493 2908 2836 2975 temperatio,
2887 2908 3240 2977 duarnmque
3288 2908 3422 2962 inter
3458 2919 3509 2960 se
3543 2898 3780 2973 pugnantium

2359 3006 2679 3050 naturarum
2750 2999 3087 3054 eommistio.
3152 2998 3408 3066 Quocirca
3479 3008 3580 3050 cuiu
3631 2987 3776 3042 Theolo-

2358 3102 2460 3157 gns
2490 3103 2596 3142 non
2630 3097 2835 3157 posset,
2885 3089 2965 3144 vel
3016 3091 3307 3146 misturam
3360 3088 3518 3144 solum
3558 3083 3701 3137 dicere.
3728 3073 3776 3126 *εἰ

686 3189 862 3256 ecptio
910 3187 1232 3254 nativitatis,
1282 3164 1569 3259 atque'ita
1622 3200 1852 3260 utraque
1899 3193 2002 3244 sub
2032 3165 2296 3261 peccato‘

2159 3201 2253 3247 ato
2281 3164 2322 3220 (ἶ
2355 3178 2677 3247 simpliciter
2728 3182 3310 3249 eontemperationem,
3360 3189 3559 3245 utraque
3592 3183 3683 3225 voce
3713 3180 3769 3216 ηε·

684 3287 788 3334 est.
831 3277 1098 3344 Quoniam
1157 3286 1336 3332 autem
1395 3279 1751 3339 nativitatem.
1785 3282 2248 3348 quemadmodum

684 3380 738 3425 et
805 3369 1222 3425 beneficentiam
1293 3385 1422 3439 erga
1484 3386 1655 3439 genus
1706 3372 2051 3437 humanum,
2112 3388 2249 3441 prm-

683 3468 914 3515 stantem
965 3468 1019 3514 et
1060 3459 1435 3513 admirabilem
1472 3474 1594 3515 esse
1643 3462 1946 3529 oportebat,
1978 3478 2041 3516 ex
2075 3465 2247 3532 puclla

688 3552 905 3621 Virgine
949 3552 1213 3605 nascitur.
1270 3561 1350 3615 ut,
1413 3557 1682 3619 quatenus
1713 3553 1981 3617 nascitur,
2031 3557 2249 3624 nuptias

683 3655 747 3694 ac
788 3641 1191 3709 generationem
1256 3639 1489 3694 honeret
1571 3640 1901 3711 (honorabile
1950 3644 2094 3698 enim
2125 3662 2250 3698 con-

682 3732 896 3785 uubium
929 3740 976 3784 et
1011 3731 1190 3783 tltorus
1218 3731 1596 3786 immaculatus
1627 3733 1734 3798 ");
1766 3743 2033 3803 quatenus
2065 3746 2244 3790 autem

680 3840 745 3878 ex
798 3822 1036 3893 Virgine,
1091 3822 1458 3893 virginitatem
1515 3822 1786 3891 praeferat,
1848 3834 1902 3880 ut
1964 3828 2248 3881 matrimo-

681 3917 772 3969 nio
811 3915 1270 3969 cxceilcntiorem.
1308 3914 1616 3985 Conceptus
1659 3925 1745 3972 est
1775 3917 1959 3989 igitur,
1999 3919 2101 3974 hoc
2140 3930 2244 3989 est,

683 3999 736 4050 in
818 3996 1061 4066 Virginis
1144 3999 1476 4066 lirmgiiaiitis
1551 4008 1706 4055 utero
1774 4014 2060 4072 gestatus,
2122 4020 2245 4074 quae

678 4086 896 4155 quidem
946 4100 1042 4156 per
1086 4086 1322 4156 Spiritus
1355 4090 1529 4143 sancti
1573 4094 2086 4159 superventionem.
2131 4104 2241 4149 tam

679 4175 882 4242 animo,
916 4191 1080 4244 quam
1121 4192 1351 4245 corpore
1383 4191 1722 4249 praepurgata
1755 4193 1890 4236 erat.
1926 4183 2026 4237 Per
2064 4185 2238 4251 ipsum

675 4269 819 4322 enim
852 4269 919 4323 ab
947 4285 1012 4325 eo
1040 4277 1258 4338 peccato
1293 4282 1589 4342 expurgatu
1620 4283 1724 4337 est,
1759 4275 1903 4342 quod
1939 4291 2003 4328 ex
2041 4278 2242 4330 nativi-

678 4371 785 4416 tate
828 4378 1014 4419 secum
1072 4364 1344 4427 trahebat,
1400 4365 1657 4420 nimirum
1712 4382 1742 4420 a
1787 4368 1964 4437 primo
2016 4384 2241 4439 parente

675 4454 1003 4524 proﬂuuium,
1029 4465 1193 4526 atque
1214 4461 1281 4510 ad
1308 4457 1622 4513 universum
1648 4457 1817 4527 ipsius
1849 4476 2020 4528 genus
2051 4462 2234 4517 fusum

673 4555 1114 4617 etpropagatum.
1149 4547 1240 4603 Sic
1267 4548 1411 4603 enim
1435 4549 1659 4619 angelus
1687 4564 1805 4605 eam
1824 4551 2093 4607 allocutus
2116 4564 2195 4607 est
2220 4571 2234 4608 :

675 4635 912 4701 Spiritus
962 4647 1177 4692 sanctus
1207 4641 1532 4707 superveniet
1567 4641 1624 4695 in
1671 4649 1739 4705 te,
1780 4652 1832 4696 et
1867 4643 2033 4697 virtus
2074 4645 2240 4699 Altis-

674 4729 792 4780 simi
824 4727 1152 4784 obumbrabit
1193 4732 1289 4784 tibi
1334 4733 1403 4786 ⁷⁷.
1446 4731 1649 4787 Verum
1704 4742 1763 4787 ut
1801 4735 1866 4789 ad
1907 4750 2020 4789 rem
2056 4735 2242 4790 redea-

674 4833 818 4878 mus,
855 4818 1097 4888 virgineo
1124 4822 1342 4892 quidem
1373 4832 1531 4877 utero
1556 4833 1803 4892 gestatus
1826 4834 1909 4879 est
1948 4826 2234 4892 Dominus,

672 4908 871 4976 prodiit
892 4919 1068 4963 autem
1087 4926 1152 4964 ac
1165 4919 1464 4980 prognatus
1488 4923 1570 4967 est
1588 4929 1712 4968 eum
1739 4932 1903 4971 carne
1928 4928 2232 4987 assumpta,

672 5011 812 5050 unus
837 4996 1108 5050 exsistens
1137 5013 1202 5052 ex
1228 4995 1442 5053 duabus
1468 5001 1701 5067 naturis,
1721 5018 1885 5058 carne
1906 5005 2159 5061 nimirum
2185 5017 2240 5063 et

671 5087 892 5155 spiritu.
930 5087 980 5140 id
1010 5098 1116 5149 est.
1142 5087 1426 5143 divinitate
1455 5101 1510 5145 et
1554 5091 1910 5160 immanitate,
1942 5099 2236 5154 contrariis

671 5178 887 5246 quidem
912 5177 1054 5231 inter
1078 5194 1161 5242 se,
1202 5180 1305 5235 hoc
1328 5189 1432 5246 est,
1466 5183 1695 5241 diversis
1733 5185 2029 5255 (quatenus
2063 5189 2232 5243 altera

673 5281 797 5335 IHI'S
819 5266 1002 5322 divina
1022 5277 1139 5324 erat
1160 5275 1377 5331 natura,
1404 5270 1573 5326 altera
1600 5273 1861 5344 humana)
1882 5275 1933 5329 in
1959 5292 2120 5330 unam
2148 5275 2241 5331 Dei

673 5373 958 5424 personam
996 5361 1469 5419 concurrentibus.
1512 5361 1649 5419 Nam
1693 5374 1913 5434 propter
1942 5366 2243 5438 hypostati-

673 5461 795 5499 cum
814 5448 1048 5502 duarum
1073 5447 1611 5515 harumfnaturarum
1644 5454 1924 5518 unionem,
1950 5469 2091 5508 unus
2116 5472 2241 5510 eum

673 5538 1008 5595 humanitate
1025 5550 1302 5613 assumpta
1321 5542 1575 5599 Christus
1593 5559 1753 5600 natus
1771 5555 1876 5608 est,
1895 5560 2002 5599 non
2025 5547 2242 5615 quidem

2352 3269 2594 3323 cessario
2630 3283 2762 3325 usus
2789 3280 2892 3334 est,
2939 3273 3111 3339 idque
3155 3288 3279 3326 cum
3327 3269 3583 3324 additionc.
3619 3259 3767 3311 Alteram

2353 3360 2496 3413 enim
2527 3375 2721 3414 novam
2752 3361 2907 3428 dixit,
2939 3362 3176 3417 alteram
3213 3358 3568 3417 admirandam.
3591 3342 3766 3402 ilicenim

2354 3452 2535 3506 inistio
2564 3451 2940 3509 confusionem
2966 3457 3171 3521 nescit,
3197 3470 3296 3510 nec
3320 3464 3477 3508 tamen
3499 3439 3677 3501 divisioni
3691 3435 3769 3487 sui»

2349 3552 2434 3598 est
2463 3559 2478 3599 :
2510 3545 2653 3613 quod
2684 3545 2926 3614 profecto
2963 3547 3286 3603 mirandum
3323 3553 3420 3601 est.
3449 3540 3633 3605 Utraque
3661 3530 3767 3597 isi!“

2351 3635 2566 3704 utrique
2613 3636 2870 3705 adjuncta
2900 3638 3110 3702 mistio.
3144 3653 3335 3707 nempe
3382 3615 3772 3717 tempen‘if’Jerfe'

2351 3736 2519 3789 ctam,
2564 3728 2917 3798 numerisque
2973 3731 3237 3785 omnibus
3308 3724 3551 3782 absolutam
3586 3713 3771 3802 doctrina

2346 3814 2760 3884 explicationem
2784 3830 2982 3872 servat.
3002 3816 3184 3882 Nunc,
3214 3832 3329 3887 qua:
3349 3819 3586 3882 sequuntur
3602 3804 3768 3853 excutia-

2348 3921 2469 3961 "'“S
2498 3923 2513 3960 ε
2548 3906 2652 3972 Qui
2682 3917 2759 3961 est
2778 3951 2793 3974 ,
2824 3907 2906 3976 ﬁt,
2938 3917 3050 3964 etc.
3084 3909 3315 3963 Diversis
3345 3902 3495 3958 modis
3516 3898 3555 3951 id
3582 3888 3686 3961 quoi
3702 3893 3766 3941 est.

2348 3994 2463 4048 fieri
2516 3996 2739 4050 dicitur.
2787 3995 2989 4062 Primo,
3025 4014 3179 4062 cum,
3230 4002 3462 4062 corrupta
3490 3978 3767 4067 praexsistenic

2345 4088 2675 4152 substantia,
2711 4087 2858 4142 aliud
2885 4089 3148 4156 quiddam
3167 4104 3232 4142 ex
3257 4100 3318 4141 ea
3341 4084 3511 4137 factum
3526 4082 3602 4129 est.
3627 4067 3704 4131 Qui
3722 4074 3765 4111 δ”

2343 4179 2689 4248 gnitieatione
2712 4195 2873 4234 ovum
2896 4195 3048 4233 avem
3087 4181 3201 4236 fieri
3223 4178 3452 4235 dicimus,
3474 4180 3519 4223 et
3534 4167 3598 4220 iac
3610 4163 3763 4248 caseus»

2343 4282 2398 4324 et
2425 4270 2595 4323 lutum
2624 4279 2844 4338 testam,
2883 4281 2936 4325 et
2984 4287 3209 4326 arenam
3246 4269 3447 4322 vitrum.
3487 4260 3631 4312 Altero
3651 4242 3761 4339 modii.

2347 4375 2472 4415 cum
2497 4400 2511 4424 ,
2553 4362 2817 4416 incolumi
2870 4374 2925 4416 et
2970 4363 3255 4418 immutata
3286 4361 3527 4431 imanente
3559 4342 3758 4437 subslff‘i'

2345 4455 2773 4524 praecxsistenlc,
2821 4469 2916 4523 pcr
2944 4455 3199 4509 accidens
3225 4430 3412 4519 aliquid
3439 4426 3757 4512 prwtercarfiin-

2351 4557 2440 4601 “1"
2467 4563 2482 4599 ³
2514 4562 2622 4613 (ιιιο
2651 4562 2814 4601 sensu
2845 4546 3079 4601 dicimus
3098 4562 3159 4600 ex
3177 4558 3279 4598 aere
3298 4548 3503 4595 statuam
3525 4524 3758 4623 factiones

2346 4637 2504 4691 Salva
2547 4638 2690 4691 enim
2725 4647 2780 4689 et
2826 4638 3085 4691 incolumi
3131 4643 3371 4690 manente
3410 4620 3647 4712 substantia
3667 4620 3756 4712 sit?

2349 4729 2520 4783 forma
2550 4729 2770 4797 insuper
2796 4730 3027 4783 accessit
3057 4747 3071 4783 :
3098 4729 3176 4783 sic
3202 4726 3352 4781 etiam
3381 4714 3607 4797 hominem
3628 4703 3757 4797 jusittni

2346 4830 2399 4875 ct
2427 4795 2689 4877 sanciunt
2704 4820 3044 4888 factumiessc
3067 4819 3313 4874 dicimus.
3336 4806 3494 4864 Tertio
3513 4796 3652 4892 modo.

2348 4911 2687 4981 praecedente
2719 4871 3026 4966 substantia
3077 4910 3276 4977 integra
3309 4904 3543 4956 manente.
3572 4871 3758 4986 alii“

2348 4960 2545 5056 lstantia
2598 5001 2820 5071 insuper
2868 4960 3217 5056 assumitur:
3244 4992 3387 5062 juxta
3414 4993 3551 5049 quam

2349 5095 2551 5148 tionem
2606 5102 2878 5147 armatum
2932 5092 3129 5147 factum
3179 5098 3295 5139 esse
3348 5075 3545 5185 milite":
3583 5060 3756 5185 T2312:

2347 5185 2521 5252 Atque
2560 5184 2616 5239 in
2673 5184 2778 5239 hoc
2817 5184 2979 5239 tertio
3029 5178 3319 5249 signiﬁcatu
3352 5165 3492 5221 verba
3521 5145 3739 5252 incolitis}:i

2347 5233 2519 5344 senda
2572 5283 2718 5331 sunt.
2772 5274 2874 5340 Qui
2907 5274 3117 5342 esuﬁl-
3185 5268 3310 5321 Cm“
3345 5256 3479 5360 .ei'i'"

2349 5365 2513 5419 homo
2545 5367 2706 5420 etiam
2771 5364 2946 5419 factus
2996 5373 3096 5426 est,
3142 5374 3206 5413 ac
3254 5348 3422 5408 militis
3468 5346 3589 5453 tuo":
3606 5332 3748 5453 “1:3:

2350 5455 2606 5520 inductis,
2640 5466 2847 5510 natura:
2899 5466 3092 5511 nostrae
3145 5452 3340 5504 hostem
3370 5411 3746 5539 oppressjf;ufor:

2351 5546 2462 5599 hinc
2494 5545 2654 5599 verba
2690 5562 2703 5599 :
2740 5545 2842 5612 Qui
2887 5556 2984 5615 est,
3025 5546 3101 5614 ﬁt,
3151 5552 3195 5595 et
3229 5537 3462 5590 increatus
3500 5513 3672 5568 rreatttr.

748 5713 795 5746 ‘"
824 5711 919 5767 iiei
943 5729 986 5768 r.
1022 5727 1095 5778 tv,
1130 5714 1214 5770 iii.
1291 5682 1513 5771 "‘Psai.
1544 5731 1594 5781 ι,
1624 5714 1675 5770 7.
1752 5719 1796 5750 τε
1837 5715 2001 5774 ilebr.
2040 5734 2159 5781 xui,
2191 5719 2242 5775 ei.
2321 5721 2358 5752 ‘“

1083 5751 1095 5778 ,
1130 5714 1214 5770 iii.
1291 5682 1513 5771 "‘Psai.
1544 5731 1594 5781 ι,
1624 5714 1675 5770 7.
1752 5719 1796 5750 τε
1837 5715 2001 5774 ilebr.
2040 5734 2159 5781 xui,
2191 5719 2242 5775 ei.
2321 5721 2364 5752 ⁷⁷
2399 5717 2531 5776 Luc.
2567 5735 2605 5787 ι,
2639 5722 2693 5777 5.
