4076 6292
229 319 419 385 1245
1240 316 1564 382 NICETAS
1604 316 1685 377 IN
1724 314 1852 377 0R1

1990 315 2157 376 xm
2198 316 2259 379 ε.
2302 316 2535 379 GREG.
3238 338 3241 343 ·
3403 326 3538 396 1345

218 435 456 504 ﬁgura
521 429 874 502 proferuntur
906 475 922 500 ,
982 448 1102 517 ‘qtta
1171 444 1394 506 propter
1461 435 1855 507 hypostatieam
1888 437 1935 493 Α
1965 441 2102 497 erat,
2153 441 2207 488 et
2232 448 2354 502 quae
2404 434 2660 503 habebat,
2716 445 2937 509 propter
2983 437 3395 497 instaurationis
3441 458 3538 511 ge-

214 521 647 587 itlcntitatem,
681 531 1038 592 ruutuumque
1073 522 1295 579 alterius
1338 522 1391 576 in
1429 522 1653 576 alteram
1675 528 1857 573 trans»
1961 524 2111 580 neris
2168 524 2395 580 humani
2447 527 2765 596 consilium,
2811 530 3096 605 occultans
3151 547 3211 585 ea
3265 547 3388 601 qua:
3429 549 3536 583 non

219 613 443 677 itum,
509 620 740 683 utraque
805 622 998 668 natura
1070 613 1227 670 alteri
1313 613 1675 685 proprietates
1726 622 1858 664 suas
1959 627 2221 683 erat,nec
2261 617 2515 683 habebat,
2550 621 2871 688 assumpsit,
2907 630 2968 675 ut
3009 619 3355 690 perfectionis
3391 621 3538 675 illius

209 705 672 759 communicat.
734 704 853 771 Qua
906 705 1118 761 ratione
1173 706 1330 761 nobis
1394 706 1461 761 de
1516 704 1737 759 Christo
1788 700 1855 755 ad
1960 703 2075 773 ipse
2104 707 2370 777 particeps
2406 708 2573 773 llam,
2626 710 2884 765 nimirum
2920 712 3056 767 deus
3085 727 3303 782 quoque
3339 713 3536 768 factus.

208 797 422 851 hunc
468 797 689 851 modum
751 796 899 867 loqui
955 798 1082 852 licet
1135 815 1150 853 :
1205 797 1308 851 Hic
1378 796 1517 851 Deus
1578 804 1754 850 noster
1800 794 1856 846 in
1960 794 2132 853 Porro
2174 797 2500 854 inanitionis
2547 815 2747 856 nomen
2774 817 2838 856 ex
2871 802 3020 856 Pauli
3063 803 3128 855 ad
3159 801 3533 874 Philippenses

210 898 414 943 terra
465 889 602 942 visus
629 896 705 942 est
733 887 799 942 ⁷³.
852 887 918 943 Ει
967 906 981 943 :
1032 887 1132 944 llic
1159 891 1322 943 homo
1354 890 1630 943 inereatus
1668 893 1773 950 est,
1804 893 1859 939 et
1959 887 2200 957 Epistola
2242 899 2518 958 sumptum
2574 900 2680 957 est,
2718 893 2805 946 ubi
2844 893 2924 948 sic
2961 893 3027 947 de
3064 894 3283 948 Christo
3333 895 3534 949 scribi-

206 981 311 1034 λιι)
377 980 684 1034 aﬂ'cctibus
733 979 944 1034 alienus
974 1017 990 1044 ,
1044 990 1207 1049 atque
1252 976 1852 1049 incomprehensibilis;
1960 991 2048 1035 tur
2087 1000 2098 1035 :
2135 980 2376 1051 Seipsum
2407 983 2722 1048 exinaniuit,
2765 984 2991 1053 formam
3015 986 3151 1039 servi
3173 985 3439 1053 accipiens
3466 987 3535 1038 ⁸⁰.

207 1070 738 1141 quemadmodum
800 1070 903 1126 hoc
976 1086 1194 1141 quoque
1243 1071 1363 1126 loco
1423 1070 1560 1125 dixit
1615 1068 1853 1123 Thoolo.
1957 1074 2324 1129 Plcnitudinis
2375 1085 2559 1130 autem
2593 1092 2791 1132 nomen
2833 1093 2898 1131 ex
2928 1076 3158 1132 Joannis
3193 1077 3533 1148 Evangelia:

210 1178 355 1233 gris
397 1178 419 1215 :
456 1159 561 1227 Qui
590 1172 690 1228 est,
746 1163 829 1229 Ιὶι,
861 1172 909 1217 ει
941 1163 1209 1217 intra!!!“
1267 1170 1500 1216 ετεαιιιν·
1562 1159 1855 1215 Enimvero
1958 1165 2038 1220 De
2099 1167 2429 1236 plenitudine
2473 1169 2613 1222 enim
2674 1170 2882 1237 ipsius,
2935 1170 3150 1240 inquit,
3212 1187 3308 1224 nos
3363 1185 3538 1224 omnes

212 1265 387 1304 cum
464 1251 556 1319 qui
606 1260 711 1314 Chl.
775 1251 888 1304 ﬁeri
942 1268 956 1305 ε
1003 1260 1060 1306 οι
1107 1266 1232 1306 cum
1283 1252 1375 1322 qui
1430 1251 1705 1307 illcl‘t‘alus
1748 1256 1853 1315 εει.
1958 1260 2257 1327 accepimus
2293 1260 2386 1314 δ”.
2424 1259 2550 1315 Erat
2596 1272 2776 1316 autem
2820 1275 3049 1315 summie
3090 1262 3346 1329 potentia:
3381 1277 3541 1330 argn-

216 1342 477 1406 crcari,
530 1342 744 1398 tametsi
777 1344 1027 1398 mirabile
1064 1350 1174 1408 εει,
1213 1352 1531 1398 nontamen
1571 1343 1622 1397 id
1656 1357 1853 1396 secuu-
1957 1357 2203 1402 mentum
2250 1348 2342 1402 illa
2389 1348 2643 1404 inanitio.
2693 1348 2924 1403 Erimiae
2977 1350 3123 1404 enim
3183 1359 3347 1420 atque
3396 1365 3535 1405 exn»

220 1436 390 1488 dum
458 1434 818 1488 mutationem
869 1434 1245 1505 accipiendum
1280 1445 1384 1498 est,
1419 1449 1606 1489 verum
1651 1449 1853 1489 secuu-
1957 1438 2200 1493 berantis
2231 1439 2517 1506 cujusdam
2569 1440 2827 1510 potentiae
2875 1450 2993 1493 erat
3027 1440 3243 1495 excelso
3285 1441 3383 1505 illi,
3420 1451 3541 1495 tan-

223 1541 394 1598 pum
463 1526 913 1594 assumptionem.
959 1524 1107 1601 ,Nam
1152 1526 1207 1582 id
1250 1526 1396 1597 quod
1441 1534 1558 1580 erat
1604 1539 1852 1588 manens,
1960 1538 2146 1597 topere
2190 1527 2471 1583 humiliari
2505 1531 2767 1598 potuisse.
2822 1529 3091 1596 Quocirca
3135 1546 3260 1586 eum
3308 1533 3542 1586 admira-

227 1617 300 1671 iil
338 1619 499 1687 quod
534 1632 644 1672 non
695 1626 812 1672 erat
862 1619 1180 1688 assumpsit.
1236 1618 1390 1684 Quod
1420 1628 1604 1673 autem
1644 1617 1848 1685 inquit,
1958 1618 2110 1673 tione
2134 1619 2251 1674 haec
2293 1620 2570 1676 connectit
2604 1620 2941 1692 Theologus,
2977 1623 3169 1679 dicens
3214 1640 3229 1676 :
3276 1622 3539 1687 Quaenam

231 1723 390 1764 cum
434 1709 530 1777 qui
561 1707 710 1763 nullo
735 1708 855 1764 loco
885 1708 1006 1778 capi
1060 1724 1126 1764 ac
1151 1708 1419 1765 contineri
1449 1717 1648 1779 potest,
1678 1709 1854 1764 conti-
1885 1766 1926 1783 ﬁ
1958 1708 2044 1764 ha»
2100 1707 2302 1763 divina:
2355 1709 2627 1767 bonitatis
2675 1711 2901 1774 divitiae.
2946 1724 3001 1768 et
3054 1714 3227 1783 copia:
3273 1713 3541 1768 bonitatis

235 1798 414 1865 neri,
452 1799 556 1853 huc
577 1814 706 1854 vero
735 1800 846 1855 vita
881 1815 1143 1854 arcanum
1167 1807 1251 1855 est
1278 1808 1333 1854 et
1358 1799 1601 1865 difﬁcile,
1625 1809 1684 1854 ut
1707 1801 1851 1855 nulla

240 1889 490 1945 ratione
510 1890 770 1960 explicari
802 1899 987 1962 queat,
1010 1906 1109 1947 nec
1135 1890 1281 1947 aliud
1307 1891 1605 1962 quidquam
1630 1892 1733 1947 dici
1756 1908 1853 1962 po-

245 1988 398 2046 test,
432 1996 599 2050 quam
627 1983 771 2052 quod
815 1981 886 2036 oh
907 1981 1263 2037 excellentem
1292 1985 1546 2052 potentia:
1579 1984 1853 2052 magnitu-

247 2072 482 2138 dinem,
528 2073 631 2128 hoc
674 2073 975 2143 perlectum
1025 2081 1131 2130 est.
1183 2074 1361 2144 Atque
1411 2075 1573 2130 etiam
1630 2075 1851 2130 modum

249 2164 437 2234 hujus
470 2165 977 2235 comprehensionis
1023 2166 1271 2238 exponit.
1333 2167 1529 2221 Anima
1571 2166 1740 2233 enim,
1773 2166 1856 2221 in-

252 2257 439 2326 quit,
516 2256 660 2310 inter
712 2256 1055 2313 divinitatem
1123 2259 1483 2328 corporisque
1549 2260 1852 2315 crassitiem

256 2346 456 2401 media
490 2346 827 2411 intercessit,
867 2347 971 2403 hoc
1005 2358 1108 2415 est,
1142 2348 1466 2419 interposita
1499 2348 1681 2404 anima
1710 2348 1854 2406 Deus

260 2454 398 2494 cum
432 2454 597 2495 carne
618 2439 845 2511 junctus
879 2450 983 2496 est.
1015 2441 1210 2496 Anima
1236 2442 1380 2496 enim
1419 2442 1855 2513 pr0pterimagi-

263 2532 357 2586 nis
379 2531 694 2601 dignitatem
719 2542 883 2602 atque
903 2532 1232 2603 intelligendi
1255 2534 1361 2588 vim
1386 2535 1491 2589 Deo
1506 2533 1855 2602 coniunctior

264 2632 378 2677 est.
428 2625 507 2677 Ac
568 2623 794 2692 proinde
849 2625 963 2678 haec
1006 2625 1201 2693 prima,
1249 2633 1311 2679 ut
1354 2624 1593 2679 materiae
1637 2640 1850 2695 expers,

254 2712 574 2771 ,dirinitatis
624 2713 896 2781 particeps
942 2711 1085 2767 facta
1132 2721 1235 2777 est,
1284 2728 1349 2766 ac
1391 2727 1488 2781 per
1520 2726 1641 2766 eam
1687 2712 1853 2765 etiam

269 2816 426 2856 caro.
478 2798 666 2872 Neque
713 2802 861 2857 enim
914 2802 1032 2857 ﬁeri
1086 2801 1246 2856 aliter
1300 2809 1499 2870 potest,
1544 2800 1677 2870 quin
1710 2802 1852 2870 quod

276 2891 624 2962 liypostatica
682 2893 886 2948 unione
954 2892 1308 2963 conjunetum
1371 2900 1493 2955 est,
1555 2891 1855 2948 divinitatis

276 2980 463 3052 gloriae
492 2982 563 3037 sit
589 2983 880 3053 particeps.
914 2980 992 3038 Ita
1028 2982 1204 3039 media
1231 2982 1507 3051 inteijerta
1536 2993 1649 3037 erat
1674 2984 1853 3038 anima

279 3071 419 3130 inter
457 3071 794 3127 divinitatem
844 3080 900 3129 et
965 3086 1208 3139 carnem,
1274 3086 1340 3126 ac
1400 3086 1495 3140 per
1548 3087 1668 3125 eam
1728 3087 1851 3126 cum

1960 1800 2097 1855 Dei?
2145 1801 2437 1867 Quodnam
2480 1818 2566 1860 me
2599 1803 2920 1860 circumstat
2963 1806 3330 1875 mysterium?
3377 1822 3536 1861 arca-

1957 1907 2086 1947 num
2159 1904 2214 1950 et
2287 1894 2587 1949 occultum.
2654 1895 2825 1962 Quasi
2881 1895 3089 1953 diceret
3145 1913 3158 1950 :
3225 1896 3368 1963 Quid
3436 1898 3538 1952 sibi

1957 1986 2074 2041 vult
2116 1987 2301 2053 Deus,
2341 1986 2490 2057 quod
2556 2002 2779 2042 carnem
2826 2002 3001 2042 meam
3050 1987 3291 2055 accipit?
3345 1988 3538 2043 Postea

1957 2077 2187 2133 dubium
2240 2078 2411 2142 illud.
2468 2079 2614 2150 quod
2657 2096 2781 2135 cum
2830 2081 3194 2136 admiratione
3246 2080 3537 2146 extulerat,

1958 2171 2141 2238 Solvit,
2169 2182 2329 2242 atque
2356 2172 2434 2226 ait
2473 2189 2489 2227 :
2541 2171 2839 2241 Imaginem
2882 2172 3093 2243 accepi,
3134 2188 3236 2227 nec
3269 2188 3389 2227 eam
3420 2187 3541 2227 sar-

1958 2271 2067 2316 tam
2113 2271 2424 2333 lectamque
2475 2261 2669 2329 habui,
2716 2278 2907 2319 verum
2966 2279 3063 2333 per
3109 2275 3391 2333 peccaturo
3455 2265 3540 2319 la-

1960 2352 2251 2408 belactavi.
2329 2354 2413 2410 Oh
2467 2356 2610 2410 lianc
2667 2369 2892 2410 causam
2949 2352 3245 2419 Christus,
3301 2353 3536 2419 videns,

1956 2445 2225 2515 quidquid
2283 2446 2349 2500 de
2397 2461 2495 2502 suo
2543 2446 2599 2500 in
2640 2461 2764 2502 meo
2811 2460 3043 2516 corpore
3108 2445 3429 2509 collocarat,
3484 2446 3537 2500 id

1960 2545 2133 2591 totum
2169 2552 2200 2591 a
2249 2537 2511 2606 pestifero
2558 2545 2784 2606 peccato
2839 2538 3032 2605 deleri,
3073 2538 3256 2593 carnis
3304 2553 3439 2593 meae
3479 2538 3538 2592 lit

1964 2628 2237 2696 particeps
2263 2636 2345 2695 ut,
2387 2628 2645 2699 supplens
2682 2628 2736 2684 id
2766 2627 2913 2698 quod
2957 2629 3094 2683 mihi
3163 2632 3366 2693 deerat,
3397 2630 3538 2683 ima-

1963 2719 2185 2786 ginem,
2256 2718 2308 2771 id
2360 2730 2445 2774 est
2511 2720 2711 2775 anima:
2775 2720 3145 2790 dignitatem,
3209 2720 3534 2775 incolumem

1960 2818 2200 2874 tueatur,
2254 2823 2320 2863 ac
2380 2825 2477 2880 per
2511 2825 2667 2864 suam
2718 2825 2749 2864 a
2783 2811 3016 2866 mortuis
3064 2812 3526 2866 resurrectionem

1959 2898 2111 2952 carni
2164 2897 2631 2953 immortalitatem
2662 2896 2875 2955 ali'erat.
2921 2897 3067 2965 Quin
3101 2900 3264 2952 etiam
3296 2915 3537 2969 praesens

1960 2989 2067 3042 hoc
2127 2988 2495 3053 consortium,
2549 3003 2659 3058 quo
2719 2990 3036 3054 nobiscum,
3088 2999 3311 3060 propter
3364 2991 3538 3061 hypo-

1961 3081 2211 3134 staticam
2276 3078 2558 3142 unionem,
2608 3079 2879 3149 jungitur,
2934 3080 3100 3149 priori
3159 3081 3250 3136 illo
3298 3082 3538 3136 admira-

281 3162 396 3231 ipsa
439 3178 656 3234 quoque
701 3178 865 3220 carne
915 3164 1067 3218 unita
1109 3173 1193 3218 est
1244 3163 1522 3218 divinitas.
1573 3161 1855 3217 Crassitiei
1885 3160 1926 3214 C
1968 3169 2129 3223 bilius
2180 3176 2264 3223 est
2315 3175 2369 3222 et
2424 3166 2735 3222 sublimius.
2774 3168 2913 3223 Tum
2967 3171 3112 3224 enim
3166 3171 3296 3243 unto
3329 3171 3538 3227 ratione

283 3263 458 3309 autem
511 3255 836 3310 vocabulum
891 3255 1142 3325 adjunxit
1183 3254 1496 3325 Gregorius,
1558 3263 1616 3308 ut
1664 3254 1856 3309 ineﬂ‘a-

288 3344 442 3400 bilem
516 3345 610 3402 Dei
691 3346 1053 3402 humilitatem
1131 3361 1197 3402 ac
1252 3345 1613 3415 dejectionem
1671 3355 1857 3400 osten-

288 3437 452 3502 deret,
509 3438 599 3508 qui
656 3448 805 3495 tanto
850 3446 1043 3494 amore
1089 3438 1340 3494 homines
1380 3439 1700 3508 complexus
1748 3448 1852 3504 est,

290 3538 350 3583 ut
390 3543 573 3585 eorum
624 3546 793 3586 causa
845 3547 967 3587 cum
1021 3534 1245 3587 materia
1294 3530 1550 3601 conjungi
1601 3547 1709 3587 non
1757 3531 1859 3585 dn-

292 3619 532 3677 hitaverit
563 3639 576 3675 :
607 3622 875 3688 Quintios
928 3624 1088 3689 ditat,
1144 3639 1346 3694 pauper
1401 3623 1622 3692 efﬁcitur
1674 3639 1692 3677 :
1745 3640 1852 3679 non

291 3722 544 3780 quantum
591 3715 658 3767 ad
718 3715 1000 3783 pecunias,
1049 3714 1143 3769 sed
1198 3721 1460 3783 quantum
1509 3717 1577 3769 ad
1632 3729 1853 3771 carnem

292 3801 597 3857 humanam.
648 3803 863 3873 Pauper
889 3804 1034 3857 enim
1071 3817 1198 3857 caro
1223 3812 1329 3867 est,
1365 3813 1426 3857 ut
1459 3803 1647 3859 multis
1689 3804 1854 3861 rebus

291 3892 358 3949 ad
390 3893 465 3947 sui
507 3895 986 3949 conservationem
1033 3908 1172 3964 Opus
1202 3894 1432 3950 habens.
1461 3894 1664 3951 Contra
1700 3895 1856 3952 dives

296 3991 373 4039 est
399 3982 674 4049 divinitas,
707 3992 767 4037 ut
816 3984 965 4038 nulla
1022 3984 1246 4039 omnino
1288 3998 1347 4040 re
1397 3984 1669 4055 indigens.
1729 3984 1858 4041 Hac

296 4082 461 4129 autem
506 4074 686 4150 .verba
733 4090 799 4130 ex
856 4074 1099 4129 secunda
1144 4074 1214 4131 ad
1263 4075 1577 4133 Corinthios
1610 4077 1856 4150 Epistola

298 4174 564 4222 mutuatus
608 4172 714 4232 est,
771 4168 825 4220 in
882 4181 994 4235 qua
1047 4167 1127 4222 sic
1174 4168 1438 4236 scriptum
1489 4178 1573 4225 est
1627 4188 1641 4225 :
1697 4169 1855 4225 Scitis

302 4259 425 4314 enim
474 4260 703 4329 gratiam
769 4258 984 4314 Dontini
1040 4261 1207 4314 nostri
1269 4258 1400 4315 Jesu
1443 4261 1665 4326 Christi,
1729 4264 1856 4334 quia

297 4358 489 4419 propter
525 4366 615 4404 uos
653 4367 843 4422 egenus
883 4350 1058 4421 factus
1093 4362 1193 4417 est,
1235 4368 1356 4405 cum
1403 4354 1544 4408 dives
1588 4366 1740 4423 esset,
1796 4365 1855 4409 ut

302 4456 379 4494 vos
408 4444 514 4505 eius
562 4454 874 4514 paupertate
919 4444 1106 4499 divites
1162 4446 1342 4500 essetis
1391 4447 1459 4501 τ’.
1517 4447 1689 4518 Atque
1739 4448 1855 4504 haec

303 4530 496 4599 quidem
522 4547 588 4585 ex
617 4534 708 4588 illo
737 4535 858 4589 loco
911 4536 1167 4605 sumpsit.
1219 4536 1338 4605 Ipse
1364 4548 1544 4592 autem
1579 4538 1849 4608 adjumit,

305 4631 446 4691 atque
486 4627 739 4693 exposuit
778 4640 898 4696 quae
938 4626 1049 4682 sint
1106 4629 1190 4683 hae
1236 4627 1437 4683 divitia:
1472 4644 1610 4700 quas
1666 4644 1856 4687 consc~

306 4714 405 4767 cuti
435 4712 664 4780 luimus,
705 4715 965 4770 nimirum
992 4718 1270 4774 divinitas.
1303 4719 1405 4787 Qui
1438 4720 1631 4791 plenus
1656 4730 1761 4789 est,
1790 4730 1850 4795 ut

308 4805 447 4870 Deus,
471 4817 785 4877 evacuatur,
821 4818 1005 4879 utpote
1055 4809 1218 4865 homo
1250 4810 1445 4868 lactus.
1490 4812 1851 4869 lnanitiOnem

306 4906 467 4954 autem
504 4908 679 4970 ,vocat
729 4901 1151 4957 submissionem
1199 4902 1345 4956 illam
1395 4904 1593 4959 divinae
1644 4905 1852 4975 gloria),

304 5004 361 5044 ac
428 4991 779 5046 sublimitatis
836 4992 1219 5061 abjectionem.
1288 4991 1611 5053 Exinanitus
1667 5004 1850 5052 autem

305 5094 410 5136 esse
449 5081 673 5147 dicitur,
727 5091 787 5137 ut
824 5092 950 5137 ante
995 5082 1355 5138 inmitionem
1394 5083 1450 5138 in
1505 5091 1700 5140 natura
1752 5101 1853 5142 sua

305 5173 671 5243 plenitudinem
712 5175 940 5240 habens,
970 5183 1240 5246 quatenus
1276 5175 1416 5231 Deus
1449 5178 1849 5233 consideratur.

309 5264 413 5320 llaec
453 5282 581 5322 vero
636 5270 818 5324 Omnia
875 5284 983 5323 non
1036 5269 1375 5335 mutationis,
1425 5269 1519 5325 sed
1556 5270 1853 5339 assumpta;

307 5357 640 5421 humanitatis
674 5363 886 5416 ratione
932 5360 1283 5430 intelligenda
1323 5369 1472 5417 sunt.
1513 5361 1667 5431 Quod
1698 5364 1849 5419 enim

1962 3257 2215 3327 imaginis
2257 3267 2378 3313 erat
2436 3274 2451 3312 :
2514 3273 2663 3313 nunc
2716 3267 2900 3312 autem
2951 3259 3163 3314 ratione
3206 3261 3534 3330 hypostasis.

1958 3347 2160 3405 Adhan
2195 3348 2484 3404 deiformis
2524 3357 2655 3402 tunc
2710 3349 2933 3417 quidem
2976 3365 3072 3422 per
3107 3351 3365 3422 imaginis
3397 3370 3534 3408 cou-

1960 3439 2193 3494 sortium
2282 3438 2450 3494 homo
2519 3438 2862 3494 efficiebatur
2921 3457 2935 3494 :
2998 3456 3146 3496 nunc
3206 3452 3387 3497 autem
3444 3459 3541 3512 per

1959 3529 2218 3583 unionem
2308 3528 2704 3600 hypostaticam
2786 3545 2894 3583 non
2968 3530 3254 3587 deil'ormis
3312 3533 3488 3588 solum
3519 3577 3534 3599 ,

1957 3621 2048 3677 sed
2099 3618 2264 3674 etiam
2292 3617 2468 3674 deus:
2524 3620 2987 3689 quemadmodum
3046 3634 3233 3678 noster
3263 3624 3404 3679 idem
3437 3640 3537 3680 au-

1955 3723 2076 3767 ctor
2098 3710 2206 3765 alio
2249 3708 2395 3773 loco,
2417 3710 2484 3765 de
2508 3710 2863 3766 humanitatis
2891 3716 3268 3784 assumptione
3286 3717 3537 3785 loquens,

1955 3805 2034 3860 ait
2076 3823 2089 3860 :
2122 3804 2404 3860 Audenter
2433 3820 2652 3875 quoque
2691 3805 2835 3871 dico,
2870 3807 3100 3860 σύνθεον
3133 3810 3426 3864 condcum.

2025 3897 2145 3953 Col.
2194 3895 2301 3951 654
2340 3894 2403 3950 C.
2462 3896 2720 3954 Ρειιιιυε.
2765 3896 2947 3951 Patris
2999 3900 3256 3952 terminus
3299 3910 3349 3954 et
3398 3903 3537 3956 ratio

1958 3982 2076 4057 (Gr.
2109 3986 2233 4057 ὅρος
2260 3983 2357 4037 καὶ
2381 3984 2584 4055 λόγος).
2612 3984 2834 4040 Divinus
2856 3986 2942 4041 llic
2974 3989 3179 4054 doctor,
3212 3988 3265 4041 in
3296 3989 3536 4046 cornibus

1958 4075 2265 4130 Aristotelis
2323 4082 2372 4129 et
2433 4074 2678 4130 Platonis
2727 4077 3083 4132 voluminibus
3137 4082 3538 4134 accuratissime

1959 4181 2219 4233 uersatus,
2253 4184 2392 4221 nunc
2426 4168 2544 4230 hoc,
2571 4183 2709 4223 nunc
2739 4169 2847 4224 alio
2876 4171 3033 4224 modo
3061 4171 3125 4224 de
3164 4171 3354 4225 iisdem
3382 4176 3535 4226 rebus

1956 4261 2194 4316 disserit.
2240 4261 2507 4325 Quoniam
2555 4263 2697 4315 enim
2754 4263 2836 4316 illi
2894 4280 3028 4316 num.
3086 4280 3301 4317 causam
3363 4266 3536 4333 effecti

1957 4353 2216 4407 rationem
2240 4368 2351 4405 esse
2378 4352 2551 4415 aiunt,
2583 4367 2723 4405 nunc
2756 4362 2945 4406 contra
2984 4354 3227 4422 effectum
3251 4371 3443 4419 rausw,
3467 4356 3537 4408 ad

1884 4486 1933 4545 η
1958 4458 2121 4513 quant
2150 4442 2259 4495 uult
2293 4443 2606 4495 sententiam
2640 4453 2687 4497 et
2717 4441 2758 4513 ἰ’
2781 4452 2939 4512 prout
2980 4444 3149 4496 animi
3202 4460 3356 4497 sensa
3417 4462 3533 4498 cum

1959 4538 2200 4592 oratione
2225 4546 2518 4605 congruunt
2545 4534 2678 4606 (I9),
2703 4550 2882 4588 eorum
2913 4534 3247 4604 philosophia
3277 4536 3536 4590 abutitur.

1961 4627 2043 4683 Ne
2071 4627 2279 4697 longius
2311 4642 2517 4691 eamus,
2539 4635 2586 4681 et
2612 4625 2794 4693 Plato,
2814 4638 2862 4679 et
2883 4626 3217 4693 Aristoteles,
3240 4638 3288 4679 et
3317 4644 3535 4698 magnus

1956 4721 2290 4776 Jamblicltus
2340 4723 2536 4775 anima:
2585 4721 2841 4775 rationem
2888 4736 2997 4775 esse
3027 4731 3235 4773 censent
3270 4736 3385 4773 eam
3414 4721 3536 4783 vim,

1955 4829 2071 4883 qut:
2097 4828 2190 4882 per
2216 4827 2270 4865 se
2299 4825 2548 4867 movetur.
2585 4810 2696 4866 Nec
2727 4821 2902 4866 tamen
2930 4810 3022 4865 illa
3051 4811 3125 4864 vis
3152 4812 3344 4865 animle
3372 4828 3535 4865 causa

1955 4914 2055 4969 est,
2082 4919 2261 4957 verum
2285 4903 2463 4955 anima
2494 4903 2672 4972 potius
2707 4906 2781 4957 eis
2815 4902 2961 4955 illius
2981 4942 2998 4970 ,
3029 4919 3132 4971 qua
3162 4918 3251 4973 per
3282 4920 3335 4957 se
3359 4905 3530 4973 agita-

1959 5006 2066 5050 tur.
2090 4995 2323 5050 Causam
2351 5009 2509 5064 porro
2552 4995 2793 5065 intelligo
2827 5011 2929 5049 non
2981 5003 3038 5048 ut
3087 5008 3411 5065 separatam,
3443 4998 3534 5050 sed

1958 5097 2016 5141 ut
2072 5086 2234 5142 simul
2284 5090 2644 5142 exsistentem.
2714 5090 2863 5143 Mens
2925 5089 3066 5143 enim
3122 5102 3269 5144 motu
3343 5102 3532 5145 caret:

1958 5194 2148 5249 corpus
2175 5192 2352 5233 autem
2390 5181 2607 5234 aliunde
2646 5192 2899 5235 movetur.
2954 5180 3190 5236 Proinde
3237 5185 3374 5237 inter
3422 5184 3535 5237 lucc

1958 5272 2232 5325 contraria
2262 5271 2492 5326 medium
2520 5273 2776 5342 quiddam
2809 5275 3123 5331 intervenire
3155 5291 3362 5330 necesse
3392 5285 3531 5329 erat.

1961 5365 2029 5420 ld
2082 5366 2247 5436 igitur
2296 5375 2371 5419 est
2429 5368 2631 5435 anima,
2678 5367 2831 5437 cujus
2881 5371 3020 5425 ratio
3051 5369 3128 5424 vis
3163 5370 3256 5427 illa
3286 5377 3386 5432 est,
3426 5382 3532 5437 qua

366 5476 403 5510 "
428 5481 645 5534 Baruch
681 5496 762 5546 nt,
802 5480 892 5536 58.
966 5480 1014 5513 "
1051 5479 1095 5535 Il
1124 5480 1251 5537 Cor.
1280 5496 1399 5544 vni,
1433 5481 1487 5536 9.
1563 5480 1610 5512 ⁸⁸
1646 5479 1852 5553 Philipp

1956 5525 1972 5552 ,
2004 5484 2055 5537 7.
2126 5482 2204 5514 ³⁸·
2235 5481 2396 5538 Joan.
2438 5499 2476 5547 ι,
2510 5482 2593 5537 t6.

365 5574 463 5648 (lli)
481 5575 660 5648 Animi
675 5591 828 5648 sensa
844 5591 976 5648 cum
1002 5577 1239 5648 oratione
1267 5585 1578 5648 congruunt.
1614 5575 1679 5631 G.
1716 5593 1850 5631 κατ-

304 5642 525 5716 αλλήλως
568 5645 681 5715 ἔχει
735 5645 987 5715 τῷλόγῳ
1028 5647 1088 5698 τὸ
1123 5650 1320 5718 νόημα.
1365 5642 1481 5717 Ego
1539 5656 1717 5718 tamen
1760 5648 1848 5703 hic

305 5720 540 5772 mendum
599 5731 722 5773 esse
788 5719 1065 5788 suspicor,
1120 5716 1527 5787 ac‘lcgcudum
1568 5717 1627 5770 τὸ
1684 5716 1841 5787 λόγου

1949 5576 2145 5651 ὅνομᾳ,
2196 5588 2259 5634 ιιι
2312 5564 2463 5651 velit
2494 5577 2707 5635 Psellus
2767 5579 3091 5651 Gregorium
3132 5578 3187 5633 in
3222 5593 3289 5635 eo
3339 5591 3531 5633 sensu-

1951 5650 2046 5721 qui
2087 5650 2165 5703 illi
2219 5650 2557 5706 commodior
2596 5661 2759 5719 atque
2813 5650 3201 5721 congruentior
3256 5651 3531 5705 videatur.

1951 5719 2048 5773 τοῦ
2076 5721 2234 5790 λόγου
2272 5736 2468 5778 nomen
2492 5721 2760 5790 accipere.
