4024 6292
551 344 684 410 ῐ34τ

1961 336 2346 401 ADDENDA.

3662 326 3799 397 13B

542 466 726 528 suopte
778 461 920 508 motu
973 453 1161 507 cietur.
1214 450 1276 507 In
1327 454 1393 508 iis
1437 452 1606 522 igitur
1649 451 1703 506 in
1729 450 1921 518 quibus
1961 451 2116 519 λόγος

2228 482 2352 544 post
2400 471 2703 528 divinitatis
2733 479 2785 525 et
2823 478 3030 526 natura:
3068 475 3231 539 atque
3256 464 3652 522 incarnationis
3684 468 3804 525 dis-

542 551 803 604 rationem
831 546 1117 615 significat,
1142 545 1250 599 illis
1281 555 1329 598 et
1359 560 1524 598 causa
1546 554 1644 607 est,
1666 551 1717 598 et
1747 545 1887 598 ratio
1911 559 2119 611 comm,

542 653 765 710 quorum
821 652 982 690 causa
1029 645 1128 690 est.
1180 635 1425 702 Exempli
1447 651 1634 699 causa,
1674 651 1822 690 cervo
1862 651 1924 690 ea
1955 652 2121 690 causa

543 738 642 796 est,
674 745 768 782 cur
824 727 1122 783 diutissime
1176 729 1336 791 vivat,
1370 728 1497 796 quia
1544 726 1666 796 felle
1717 736 1885 788 caret,
1929 727 2122 798 aquila:

545 823 669 876 item
718 821 950 874 siccitas.
1012 818 1079 873 In
1136 821 1203 873 iis
1252 832 1449 887 autem,
1500 822 1553 874 in
1599 821 1787 892 quibus
1829 820 1986 888 λόγος
2019 836 2122 873 non

542 928 762 965 causam
801 912 890 965 sed
938 920 1148 965 natura:
1201 913 1574 966 connexionem
1627 912 1916 983 signiﬁcat,
1949 914 2003 965 in
2041 912 2121 966 Itis

532 1001 784 1069 eﬂ'ectnm
813 1001 1023 1070 quidem
1069 1000 1207 1053 illud
1244 1010 1342 1066 cst,
1387 1003 1443 1054 id
1486 1012 1688 1063 autem,
1729 1019 1847 1054 cum
1883 1018 1986 1070 quo
2019 1011 2120 1065 est,

544 1093 746 1146 nullam
791 1110 1008 1147 causam
1056 1098 1315 1162 agnoscit.
1353 1096 1616 1160 Quocirca
1648 1094 1832 1149 Patris
1861 1097 2019 1164 λόγος
2046 1109 2121 1150 est

544 1184 742 1249 Filius,
787 1202 889 1239 non
938 1195 997 1238 ut
1044 1185 1193 1239 illius
1236 1202 1419 1250 causa,
1479 1189 1569 1239 sed
1620 1196 1674 1240 ut
1712 1187 1946 1255 ejusdem
2001 1204 2121 1241 cum

544 1277 707 1331 Patre
746 1290 973 1332 naturtu.
1021 1276 1133 1331 Hoc
1177 1290 1355 1333 autem
1405 1281 1542 1333 inter
1566 1282 1848 1334 terminum
1876 1296 1967 1334 seu
1993 1281 2123 1349 deﬁ-

542 1367 789 1420 nitionem
841 1376 890 1419 et
943 1368 1203 1421 rationem
1268 1370 1528 1431 interest,
1563 1370 1702 1439 quod
1749 1371 1989 1438 deﬁnitio
2042 1372 2118 1435 id,

544 1458 681 1528 quod
729 1458 1001 1526 deﬁnitur,
1051 1460 1323 1524 terminat,
1354 1477 1446 1514 nec
1490 1461 1608 1529 ﬁeri
1663 1472 1827 1531 potest
1891 1474 1947 1516 ut
1986 1462 2121 1531 deﬁ-

545 1549 681 1602 nitio
713 1552 787 1612 id,
814 1549 953 1617 quod
1010 1551 1172 1605 simul
1224 1568 1342 1605 cum
1393 1568 1455 1605 ea
1504 1555 1840 1620 terminatur,
1863 1563 2069 1624 superet
2101 1569 2120 1607 :

542 1651 597 1694 at
620 1640 777 1707 λόγος
810 1644 1145 1698 connexionis
1192 1660 1293 1697 non
1345 1645 1737 1701 terminationis
1768 1647 2122 1717 signiﬁcatio-

543 1747 658 1784 nent
686 1732 860 1787 habet.
890 1734 1033 1799 Quid
1070 1735 1255 1802 igitur,
1276 1737 1415 1788 dicet
1443 1738 1663 1807 aliquis,
1701 1736 1927 1793 Paterne
1982 1738 2119 1793 Filio

2222 564 2559 635 putationem
2625 573 2772 619 recte
2797 563 2911 632 jam
2938 569 3103 633 atque
3139 560 3332 637 ordine
3370 559 3438 615 ad
3463 560 3801 630 propositum

2220 666 2603 729 argumentum
2630 656 2841 711 accedit
2866 672 2881 709 :
2909 663 3069 723 atque
3096 650 3306 706 inducit
3344 651 3633 720 quemdam
3665 667 3802 722 erga

2228 750 2331 801 hoc
2362 744 2558 801 festum
2592 744 2894 800 ardentiori
2955 742 3138 799 studio
3167 742 3454 807 aﬂ‘ectum,
3512 757 3578 796 ac
3625 742 3691 796 de
3737 756 3804 795 eo

2223 839 2422 901 solum,
2450 848 2505 893 et
2536 838 2703 907 loqui,
2736 845 2790 891 et
2824 836 3015 891 audire
3058 836 3393 905 cupientem,
3422 842 3478 888 et
3510 843 3806 903 propterea

2224 929 2307 984 his
2335 929 2514 984 verbis
2536 937 2768 982 utentem
2803 945 2819 982 :
2850 926 3005 992 Quod
3041 926 3252 981 tandem
3284 925 3477 980 horum
3514 925 3806 979 verborum

2222 1037 2401 1090 operte
2427 1022 2661 1090 pretium
2692 1020 2818 1075 est?
2845 1019 2984 1086 Quin
3016 1029 3071 1073 tu
3100 1019 3197 1072 has
3229 1019 3485 1086 ambages
3513 1017 3717 1082 mittis,
3745 1031 3809 1073 ac

2221 1113 2373 1183 juxta
2421 1123 2578 1168 vetus
2637 1113 2915 1182 adagium,
2971 1126 3082 1180 quo
3134 1110 3172 1165 ii
3235 1119 3515 1174 notantur,
3549 1110 3644 1176 qui
3689 1111 3811 1162 lon~

2222 1207 2363 1275 gius,
2405 1221 2566 1274 quam
2603 1208 2809 1268 deceat,
2868 1212 3188 1271 evagantur,
3247 1218 3448 1271 equum
3495 1202 3563 1261 ad
3604 1211 3808 1256 metam

2222 1299 2513 1353 stimulas?
2536 1297 2587 1352 id
2623 1307 2726 1362 est,
2778 1297 2918 1350 intra
2978 1294 3178 1349 ﬂexum
3214 1302 3268 1348 et
3303 1294 3643 1349 curriculum
3675 1293 3810 1348 sub.

2224 1391 2357 1442 ditis
2390 1389 2697 1447 calcaribus
2745 1390 3011 1448 concitas,
3050 1402 3116 1441 ac
3168 1401 3263 1455 per
3315 1401 3504 1455 gyrum
3536 1383 3809 1438 cursitare

2222 1478 2467 1534 desinis?
2501 1477 2580 1531 Ad
2613 1478 2917 1532 institutam
2957 1476 3240 1531 materiam
3272 1476 3577 1530 orationem
3623 1486 3810 1527 trans-

2224 1570 2324 1633 l'er,
2376 1586 2439 1624 ac
2492 1569 2648 1624 nobis
2709 1570 2868 1638 hujus
2901 1567 3021 1623 ieSti
3056 1567 3311 1639 mysteria
3342 1582 3560 1620 enarra.
3596 1566 3812 1621 Idcirco

2223 1663 2365 1716 cnim
2393 1662 2480 1716 hic
2504 1662 2780 1725 sedemus,
2837 1671 2895 1714 ut
2924 1677 2986 1713 ca
3014 1674 3076 1713 ex
3123 1669 3174 1714 te
3206 1659 3508 1713 audiamus.
3550 1656 3682 1710 lla-c
3710 1658 3809 1711 sub

2224 1755 2402 1807 aliena
2434 1768 2672 1823 persona
2697 1754 3037 1824 prolocutus,
3071 1752 3140 1805 ita
3183 1767 3243 1805 se
3272 1751 3543 1804 facturqu
3579 1748 3808 1817 pollice-

540 1826 857 1879 termi'natus
891 1838 992 1890 est,
1023 1828 1276 1896 siquidem
1311 1827 1489 1883 Filius
1533 1830 1699 1899 ipsius
1731 1840 1807 1885 est
1841 1834 2116 1898 terminus,

2235 1861 2342 1907 tur,
2376 1845 2588 1899 tametsi
2620 1860 2648 1897 a
2684 1823 2964 1912 proposito
3012 1852 3334 1911 argumento
3365 1842 3673 1893 oralionem
3708 1855 3808 1891 att-

538 1914 656 1967 ideo
707 1924 761 1967 ut
812 1925 1035 1984 paterna
1087 1928 1285 1972 natura
1343 1916 1473 1973 Fiiii
1520 1933 1716 1974 natura
1752 1922 1999 1980 conclusa
2055 1939 2118 1975 ae

540 2004 944 2072 circumscripta
980 2008 1093 2062 sit?
1133 2008 1217 2060 Ila
1243 2011 1424 2076 procul
1466 2011 1646 2065 dubio.
1684 2011 1935 2077 Quamvis
1975 2017 2113 2067 enim

538 2105 777 2164 paterme
810 2099 1050 2151 essentia:
1084 2100 1258 2153 nullus
1291 2102 1505 2156 omnino
1538 2105 1605 2156 sit
1641 2106 1918 2172 terminus,
1946 2122 2121 2176 quent-

539 2185 826 2240 admodum
859 2204 952 2243 nec
979 2190 1209 2244 duarum
1241 2193 1474 2247 aliarum
1519 2211 1867 2265 personarum
1893 2214 1912 2252 :
1942 2201 2120 2268 appel-

536 2275 753 2330 lationis
790 2287 959 2332 tamen
994 2278 1179 2334 Patris
1210 2282 1465 2338 terminus
1502 2296 1578 2339 est
1609 2285 1805 2342 Filius.
1832 2287 1961 2343 Cum
1984 2290 2121 2343 enim

537 2366 648 2423 licet:
678 2373 895 2424 nomina
936 2388 1004 2425 ea:
1045 2390 1225 2427 eorum
1275 2376 1447 2431 classe
1493 2380 1632 2443 sint,
1660 2397 1777 2450 qua:
1817 2384 1884 2434 ad
1918 2380 2122 2452 aliquid

536 2468 858 2529 rejeruntur,
889 2477 1072 2519 mutuo
1109 2483 1161 2519 se
1186 2469 1474 2523 terminum
1509 2485 1527 2524 :
1568 2471 1766 2526 idcirco
1805 2472 1954 2525 Patri
1988 2489 2118 2542 quo-

535 2566 636 2618 que
666 2554 920 2607 terminus
959 2567 1033 2608 est
1064 2554 1263 2611 Filius.
1318 2559 1481 2614 Pater
1510 2563 1780 2631 siquidem
1803 2560 1935 2618 Filii
1970 2573 2124 2635 pater

534 2651 634 2705 est,
661 2654 816 2713 atque
841 2646 906 2711 is,
929 2651 1018 2717 qui
1045 2662 1325 2718 paternum
1357 2667 1541 2707 nomen
1567 2654 1797 2722 audivit,
1827 2672 1934 2712 una
1958 2658 2121 2712 etiam

537 2730 739 2786 Filium
774 2738 949 2791 animo
976 2750 1023 2791 et
1054 2742 1375 2810 cogitatione
1420 2743 1724 2812 complexus
1771 2755 1871 2811 est,
1905 2763 2126 2818 eamque

535 2822 868 2890 relationem,
898 2845 997 2896 qun
1030 2829 1192 2885 Pater
1214 2829 1411 2886 Filium
1437 2836 1667 2904 respicit,
1691 2837 1852 2891 simul
1873 2838 2119 2894 absolvit.

542 2914 611 2968 At
663 2917 717 2970 in
773 2919 1312 2978 demonstrationilvus
1375 2935 1427 2980 et
1477 2932 1807 2996 argumentis
1861 2933 2121 2987 terminus

536 3006 947 3080 haudquaquam
978 3014 1217 3068 eamdem
1247 3016 1413 3070 animi
1447 3022 1838 3090 conceptionem
1865 3028 2118 3096 suggerit,

535 3113 713 3152 verum
747 3102 1189 3170 quemadmodum
1233 3103 1290 3160 in
1335 3107 1445 3162 illis
1484 3108 1635 3180 longe
1660 3111 1896 3168 diuersus
1926 3124 2005 3169 est
2032 3114 2120 3170 λό-

532 3205 630 3257 γος
661 3192 727 3245 ab
757 3208 837 3258 eo,
863 3194 926 3248 de
951 3211 1051 3264 quo
1074 3196 1157 3250 hic
1182 3197 1365 3269 agitur
1393 3215 1413 3253 :
1448 3200 1523 3253 ita
1545 3202 1705 3255 etiam
1730 3203 1942 3259 termini
1970 3206 2117 3262 ualde

530 3284 842 3340 dissimiles.
914 3286 1038 3343 Illic
1090 3292 1229 3345 enim
1286 3294 1541 3347 terminus
1596 3295 1769 3363 e/fecti
1822 3299 1905 3353 sui
1955 3315 2119 3354 causa

532 3376 753 3445 dicitur,
797 3381 1048 3448 quoniam
1107 3385 1346 3455 quisquis
1394 3385 1636 3455 eﬁ‘ectum
1679 3388 1897 3457 deﬁnire
1939 3400 2115 3461 parat,

532 3487 753 3526 causam
781 3473 948 3541 ipsam
972 3478 1213 3544 protinus
1243 3480 1313 3532 ad
1346 3481 1460 3547 ejus
1485 3480 1846 3550 deﬁnitionem
1871 3487 2115 3541 assumit.

534 3559 798 3627 Quoniam
842 3565 980 3619 enim
1015 3568 1194 3622 omnia
1225 3572 1552 3639 argumentis
1584 3574 1995 3643 conﬁrmantur,
2031 3594 2121 3632 ar-

533 3655 767 3722 gumenti
798 3665 972 3710 autent
1014 3658 1420 3727 fundamentum
1465 3673 1547 3719 est
1598 3667 1876 3732 terminus,
1920 3668 2118 3724 idcirco

534 3762 713 3800 causm
740 3748 1044 3817 effectorum
1073 3768 1293 3806 suorum
1322 3757 1533 3810 termini
1556 3769 1699 3811 sunt.
1724 3757 1841 3824 Quo
1864 3762 2119 3832 iit-genere

534 3836 672 3889 illud
710 3848 809 3901 est,
850 3838 989 3907 quod
1035 3841 1448 3910 congelationem
1489 3854 1539 3899 et
1568 3847 1965 3916 spissitudinem
1998 3865 2121 3904 coa-

535 3929 649 3997 guli
695 3931 978 3983 terminum
1029 3941 1080 3985 et
1127 3935 1388 3989 rationem
1423 3930 1569 4003 esse,
1604 3939 1829 4009 itemque
1868 3940 2118 4010 {oliorum

534 4020 877 4075 t.rtitudinent
932 4026 1192 4080 rationem
1235 4044 1344 4082 esse
1407 4031 1594 4098 uinewﬂ
1638 4050 1732 4086 cur
1789 4033 1921 4102 folia
1954 4037 2117 4089 amit-

537 4120 659 4175 tat,
721 4114 890 4183 inquit
946 4116 1305 4182 Aristote'es,
1354 4132 1510 4193 atque
1561 4124 1856 4178 uniuersum
1927 4142 2116 4183 causas

530 4200 835 4269 effectarum
872 4222 1080 4261 suorum
1117 4210 1346 4266 rationes
1371 4228 1433 4265 ac
1460 4215 1708 4268 terminos
1736 4230 1849 4269 esse
1880 4231 2117 4285 pronun-

536 4296 655 4354 tiat.

608 4386 725 4441 Col.
761 4385 865 4442 655
891 4387 953 4443 Β.
985 4388 1090 4444 Sed
1113 4407 1363 4461 quorsum
1398 4395 1552 4449 hac?
1583 4404 1687 4451 etc.
1734 4396 2026 4469 Postquam
2052 4401 2119 4455 de

2228 1937 2469 2005 spicatus
2498 1951 2605 1989 non
2638 1935 2728 1995 sit,
2749 1935 2839 1989 sed
2879 1933 3040 2004 patdo
3071 1933 3233 1989 altius
3254 1932 3535 1987 exordium
3563 1932 3803 1991 duxerit,

2230 2030 2333 2082 hoc
2359 2036 2442 2082 cst
2474 2043 2501 2080 a
2533 2026 2836 2080 divinitatis
2869 2025 3336 2094 philosopltiteque
3373 2022 3643 2078 naturalis
3687 2037 3810 2091 pcr-

2224 2120 2543 2175 tractatione
2590 2134 2766 2173 :nam
2814 2127 2871 2172 ut
2900 2118 3062 2173 altius
3110 2118 3321 2172 initium
3374 2116 3590 2172 dicendi
3626 2130 3814 2169 sume-

2224 2230 2361 2278 rem,
2395 2213 2592 2283 inquit,
2632 2227 2717 2266 me
2747 2222 3060 2282 coegerunt,
3092 2219 3206 2265 tum
3263 2226 3440 2273 amor,
3478 2219 3594 2264 tum
3642 2208 3806 2262 ratio.

2221 2306 2392 2359 Amor
2446 2305 2693 2376 quidem,
2725 2303 2986 2375 quoniam
3046 2301 3140 2358 Dei
3196 2303 3536 2363 meminisse,
3570 2301 3807 2355 amabile

2223 2396 2356 2450 mihi
2397 2404 2481 2450 est
2509 2410 2573 2450 ac
2611 2393 2792 2457 dulce,
2846 2403 2899 2448 et
2944 2392 3273 2461 jucundum.
3316 2389 3495 2461 Caput
3543 2390 3697 2443 enim
3758 2398 3808 2442 et

2222 2503 2437 2542 smnma
2468 2485 2610 2550 festi,
2644 2487 2908 2541 memoria
2960 2484 3052 2538 Dei
3106 2496 3210 2539 est.
3248 2483 3406 2538 Ratio
3445 2494 3650 2545 autem,
3675 2499 3807 2553 quo-

2224 2579 2366 2633 niam
2395 2593 2460 2633 ea
2494 2591 2677 2632 rerum
2707 2592 2736 2631 a
2774 2575 3042 2647 principio
3092 2584 3369 2645 gestarum
3428 2575 3802 2628 tiarratinnem

2221 2670 2578 2740 ordinemque
2610 2668 2938 2740 postulabat.
2988 2665 3197 2721 Etenim
3241 2667 3313 2721 oh
3362 2663 3676 2720 Salvaroris
3702 2664 3824 2745 κη-.

2221 2764 2616 2818 surrectioncm
2660 2761 2870 2816 Pascha
2925 2760 3299 2815 celebramus.
3341 2757 3594 2813 Salvator
3620 2768 3803 2813 autem

2216 2855 2369 2924 juxta
2429 2854 2828 2909 humanitatem
2887 2866 3139 2908 mortuus
3212 2861 3296 2907 est
3353 2868 3367 2904 :
3422 2853 3589 2906 homo
3646 2866 3807 2918 porro

2224 2947 2401 3003 fat-tus
2432 2955 2514 3003 est
2546 2955 2770 3018 propter
2797 2945 3096 3005 hominem.
3150 2959 3311 3013 quem
3351 2943 3467 3012 ipse
3498 2942 3567 2997 ad
3608 2942 3804 3007 imagi-

2223 3056 2346 3095 nem
2377 3054 2532 3094 suam
2566 3038 2906 3093 condiderat.
2938 3035 3120 3103 Quare
3150 3034 3427 3090 Creatoris
3454 3034 3666 3104 Deique
3700 3033 3806 3103 pri-

2224 3148 2399 3197 mum,
2429 3146 2493 3186 ac.
2515 3131 2711 3186 deinde
2736 3142 3136 3195 creaturarum,
3190 3130 3244 3183 in
3287 3140 3521 3198 quarum
3572 3138 3806 3179 numero

2222 3226 2389 3280 homo
2420 3224 2583 3279 etiam
2623 3234 2764 3288 erat,
2800 3224 3128 3277 mentionem
3183 3234 3214 3274 a
3255 3220 3412 3274 nobis
3444 3217 3556 3272 ﬁeri
3584 3225 3806 3286 oporte-

2221 3316 2331 3381 bat,
2365 3323 2477 3370 tum
2508 3316 2750 3386 mysterii
2800 3324 3096 3390 assumpta;
3126 3311 3510 3374 humanitatis,
3538 3319 3709 3379 atque
3732 3308 3804 3361 ita

2220 3409 2437 3461 demum
2469 3409 2535 3461 ad
2584 3422 2648 3461 ea
2693 3423 2815 3478 qua:
2856 3407 2974 3462 festi
3014 3406 3232 3476 propria
3261 3415 3414 3470 sunt,
3449 3402 3661 3457 venire.
3694 3397 3804 3453 Nec

2219 3512 2350 3551 vero
2376 3497 2613 3552 alienum
2668 3500 2737 3552 ab
2784 3499 2887 3553 hoc
2916 3496 3160 3567 tempore
3191 3495 3376 3555 fuerit,
3415 3494 3545 3563 quid
3582 3492 3802 3548 Pascha:

2218 3603 2419 3645 nomen
2459 3588 2750 3659 signiticet,
2801 3589 3090 3657 explicare.
3133 3586 3244 3642 Nec
3281 3587 3426 3641 enim
3474 3599 3803 3655 supervaca-

2220 3694 2382 3733 neum
2417 3680 2521 3733 erit
2568 3679 2672 3734 hoc
2717 3680 3149 3734 additamentum
3185 3678 3421 3733 orationi
3471 3688 3677 3733 nostrm
3708 3675 3801 3730 ad-

2216 3766 2445 3837 jectmn,
2477 3767 2568 3823 sed
2601 3767 2820 3838 elegans
2849 3778 3015 3839 atque
3050 3770 3203 3824 utile.
3245 3767 3358 3823 Hoc
3399 3768 3565 3840 igitur
3590 3766 3802 3821 Ilebmi

2219 3873 2320 3913 sua
2350 3858 2536 3928 lingua
2570 3857 2779 3914 Pascha
2811 3861 3123 3924 nominant,
3163 3861 3333 3931 quod,
3389 3860 3435 3915 si
3480 3863 3803 3931 interprete-

2220 3952 2318 4016 ris,
2386 3953 2675 4005 transitum
2731 3962 2939 4009 Sonat:
2987 3952 3138 4025 juxta
3204 3954 3525 4009 historicum
3575 3954 3800 4025 quidem

2220 4057 2460 4105 Sensum,
2522 4043 2652 4112 quia
2717 4042 2823 4112 ipsi
2886 4060 2953 4098 ex
3026 4042 3349 4114 [Egyptiaca
3419 4044 3689 4101 servitute
3746 4043 3797 4098 in

2222 4132 2523 4186 libertatem
2556 4133 2836 4196 vindicati,
2872 4134 2925 4188 in
2955 4133 3321 4200 Palaestinam,
3373 4135 3478 4189 hoc
3507 4143 3593 4189 est
3647 4132 3798 4189 Jeru-

2221 4224 2387 4278 salem
2407 4264 2420 4288 ,
2449 4226 2787 4280 transierunt
2808 4226 2968 4291 (hanc
2991 4227 3134 4281 enim
3167 4225 3528 4281 Chananaeam
3563 4227 3799 4280 Theolo—

2221 4331 2321 4385 gus
2356 4326 2532 4379 vocat,
2560 4318 2702 4386 quod
2739 4317 2791 4370 in
2838 4333 2900 4371 ea
2928 4318 3217 4372 Chauanmi
3252 4318 3403 4387 prius
3433 4317 3798 4383 habitarent);

2215 4408 2372 4476 juxta
2435 4407 2787 4475 allegoricum
2847 4416 3025 4462 autem
3083 4424 3330 4473 sensum,
3395 4406 3659 4477 quoniam
3702 4418 3796 4459 nos

537 4473 821 4572 divinitate
854 4479 988 4535 satis
1013 4481 1234 4549 copiose
1257 4482 1517 4539 disseruit
1542 4483 1876 4558 Theologus,
1902 4504 2025 4544 cum
2045 4490 2113 4546 de
2145 4516 2188 4572 ο
2219 4473 2438 4565 quoque
2470 4473 2703 4553 de'vitio
2729 4498 2795 4553 ad
2818 4499 3072 4555 virtutem
3108 4473 3506 4571 demigramus,
3547 4509 3713 4568 atque
3761 4511 3792 4552 ι

537 4566 803 4625 immensa
822 4577 875 4623 et
910 4571 1443 4641 incomprehensibili
1466 4572 1557 4628 Dei
1592 4586 1782 4631 natura
1815 4587 2073 4635 tractaret
2095 4593 2111 4611 '

536 4666 701 4726 atque
728 4660 891 4713 etiam
921 4663 987 4716 de
1021 4665 1352 4719 naturalium
1386 4680 1566 4720 rerum
1617 4669 1831 4723 ratione
1866 4670 2113 4739 disputa-

535 4748 633 4811 vit,
669 4764 792 4801 cum
829 4748 898 4803 de
930 4751 1224 4807 intellectili
1275 4763 1329 4808 et
1367 4756 1608 4811 sensibili
1647 4758 1811 4811 modo
1841 4760 1999 4812 verba
2028 4758 2111 4813 l‘a-

532 4847 718 4901 ceret,
767 4840 1046 4908 multaque
1105 4846 1267 4897 etiam
1305 4847 1373 4899 de
1408 4847 1629 4901 homine
1656 4848 1813 4912 dixit,
1851 4850 2109 4906 nimirum

532 4943 640 4994 quo
678 4928 837 4983 modo
871 4946 1033 4983 manu
1091 4932 1184 4986 Dei
1237 4944 1478 5000 creatus,
1517 4947 1572 4991 ct
1627 4939 1864 5006 paradisi
1901 4942 2109 4999 deliciis

533 5022 844 5075 cumulatus
890 5021 983 5085 sit,
1023 5023 1251 5092 primam
1306 5025 1478 5095 legem
1533 5031 1823 5096 acceperit,
1895 5050 2111 5104 quaque

535 5124 693 5176 poena
724 5112 794 5164 ob
825 5125 1189 5183 contemptum
1221 5126 1275 5170 et
1311 5118 1568 5172 violatum
1601 5124 1910 5180 mandatum
1968 5132 2078 5181 tlttll

495 5272 497 5275 τ
537 5211 678 5256 tatus
711 5202 894 5269 fuerit,
929 5209 1185 5278 quodque
1222 5219 1481 5280 praeterea
1533 5230 1619 5271 res
1652 5215 1824 5284 ipsius
1855 5234 1921 5273 eo
1957 5227 2107 5274 statu

534 5306 736 5361 essent,
776 5305 834 5350 ut
889 5312 1086 5368 magno
1130 5305 1364 5370 quodam
1421 5306 1623 5361 auxilio
1675 5323 1811 5377 opus
1860 5309 2105 5375 haberet,

531 5388 786 5456 quodque
815 5390 887 5444 ob
914 5405 1279 5448 eamcausam
1336 5398 1518 5452 omnis
1570 5400 1872 5456 Satvatoris
1930 5403 2107 5457 nostri

533 5481 835 5533 oeconomia
886 5490 936 5535 et
995 5485 1353 5540 humanitatis
1406 5490 1711 5558 assumptio
1763 5492 2106 5562 contigisset,

531 5572 965 5641 tutandoqnidem
995 5589 1120 5644 pars
1155 5577 1301 5633 illius
1355 5582 1681 5634 resurrectio
1711 5595 2104 5655 quoqueerat,

531 5662 789 5732 ubquam
841 5663 1062 5720 Paschze
1115 5668 1310 5722 festum
1376 5669 1737 5740 celebramus,
1775 5675 1922 5729 etde
1952 5676 2107 5745 cujus

530 5755 782 5813 laudibus
835 5757 975 5816 hanc
1028 5762 1333 5817 orationem
1406 5762 1719 5837 Theologus
1772 5767 2102 5839 instituerat,

2217 4588 2447 4642 terrenis
2481 4588 2646 4644 rebus
2701 4590 2769 4645 ad
2821 4606 3112 4661 supernas,
3166 4606 3500 4664 regnumque
3552 4591 3791 4648 cmlcste.

2215 4682 2359 4751 quod
2400 4681 2558 4738 nobis
2614 4681 2782 4748 Deus,
2825 4693 2881 4738 ut
2944 4683 3295 4740 Palaestinam
3364 4683 3641 4753 quondam
3697 4681 3794 4736 lle-

2215 4773 2397 4834 brteis.
2422 4774 2698 4844 pollicitus
2727 4785 2834 4831 est.
2874 4776 3050 4847 Atque
3100 4792 3161 4831 ea
3219 4786 3306 4831 est
3358 4775 3526 4846 hujus
3557 4773 3795 4828 nominis

2213 4866 2554 4937 signiﬁcatio.
2590 4865 2823 4932 Quidam
2848 4881 3026 4924 autem
3057 4870 3164 4923 ἀπὸ
3202 4869 3296 4923 τοῦ
3314 4869 3569 4938 πάσχειν,
3607 4867 3658 4921 id
3690 4873 3789 4923 est.

2214 4956 2284 5012 ab
2337 4973 2402 5012 eo
2461 4960 2609 5028 quod
2667 4959 2925 5015 Christus
2963 4971 3183 5031 propter
3217 4979 3316 5016 nus
3347 4976 3546 5030 passus
3575 4960 3666 5023 sit,
3695 4959 3791 5009 hoc

2216 5052 2413 5102 festum
2450 5048 2658 5105 Pascha
2684 5052 3013 5121 appellatum
3056 5066 3176 5105 esse
3208 5050 3612 5114 existimantes,
3652 5048 3791 5102 hanc

2212 5153 2396 5192 vocem
2417 5139 2774 5206 inverterunt,
2795 5157 2831 5210 φ
2851 5142 3079 5195 litteram
3101 5140 3394 5205 aspiratam
3416 5138 3468 5192 in
3487 5149 3703 5192 tenuem
3730 5153 3787 5198 π,

2212 5245 2275 5283 ac
2321 5247 2511 5287 rursus
2537 5233 2773 5286 litteram
2808 5249 2842 5285 κ
2870 5233 2925 5287 in
2955 5250 2989 5304 χ
3019 5241 3315 5287 mutantes.
3338 5228 3415 5285 Ac
3441 5243 3630 5301 poswa
3656 5244 3786 5280 ron-

2211 5321 2445 5376 suetudo
2486 5323 2831 5392 pervincens,
2861 5323 3004 5378 hanc
3024 5339 3209 5378 vocem
3237 5334 3293 5377 ut
3312 5325 3634 5377 sanctiorem
3661 5336 3787 5373 cor-

2214 5414 2517 5479 roboravit,
2550 5415 2832 5483 antiquata
2867 5423 3028 5486 atque
3051 5416 3309 5484 abrogata
3338 5414 3503 5484 priori
3531 5411 3785 5467 dictione.

2278 5504 2396 5561 Col.
2420 5506 2524 5561 658
2553 5507 2618 5561 Α.
2649 5505 2928 5562 Enimuero
2968 5510 3127 5578 legem
3160 5508 3481 5569 universam,
3510 5514 3613 5559 etc.
3638 5503 3787 5555 Alle-

2210 5598 2396 5667 gorice
2421 5597 2586 5665 hujus
2613 5594 2734 5653 festi
2781 5601 3051 5670 mysteria
3072 5600 3463 5668 explicatur-ns
3504 5598 3556 5650 in
3586 5607 3779 5663 genere

2209 5687 2474 5757 loquitur.
2517 5690 2700 5759 aitque
2728 5707 2832 5745 non
2873 5678 2961 5746 uio
2986 5698 3033 5746 Eo
3060 5693 3180 5746 illas
3214 5690 3429 5747 Veteris
3451 5683 3780 5744 Testamrnli

2210 5778 2277 5836 de
2316 5778 2541 5837 Pascha:
2594 5779 2738 5837 festo
2793 5783 2938 5851 leges
2976 5782 3287 5841 futurorum
3317 5784 3779 5840 adumbrationem
