4076 6292
325 316 470 381 134i

1282 320 1603 383 NICETAS
1640 320 1721 381 IN
1764 318 1986 380 ORAT.
2027 318 2193 379 XLII
2235 320 2294 383 S.
2336 319 2569 382 GREG.

3452 321 3593 387 1350

330 435 524 497 fuisse,
568 414 658 488 sed
689 433 995 488 universam
1028 449 1245 506 quoque
1273 435 1445 506 legem
1488 438 1695 492 umbra:
1728 435 1903 490 ratio-
1946 441 1991 497 Α
2019 435 2165 490 enim
2231 442 2444 490 tantum
2502 435 2852 505 cernebatur,
2885 444 2940 492 et
2991 437 3184 509 caligo,
3234 446 3289 493 et
3337 436 3502 508 ignis,
3543 443 3599 490 ιιι

330 544 459 583 nem
491 528 709 580 habere.
741 528 1030 596 Apostolus
1060 529 1228 594 enim,
1262 528 1328 585 de
1352 529 1617 599 legalibus
1651 528 1912 586 sacerdo-

333 622 484 676 tibus
521 620 775 688 loquens,
814 620 1110 689 exemplari
1146 631 1309 692 atque
1340 622 1549 676 umbrae
1601 637 1697 677 eos
1729 622 1916 677 descr-

332 714 452 766 vire
480 712 678 781 inquit,
725 726 790 765 ac
828 728 1021 766 rursus
1064 715 1233 783 legem
1295 712 1602 769 futurorum
1643 715 1911 768 bonorum

337 806 614 869 umbram,
661 819 770 857 non
803 816 983 858 autem
1032 804 1205 874 ipsam
1271 820 1452 859 rerum
1498 806 1784 876 imaginem
1816 805 1915 859 ha-

336 894 524 948 buisse
550 901 778 947 testatur
820 893 892 947 ".
924 890 1066 958 Quin
1096 894 1212 961 ipse
1243 909 1457 963 quoque
1488 891 1652 957 Deus,
1682 908 1806 948 cum
1847 894 1915 947 de

338 986 425 1039 his
452 986 614 1038 rebus
653 986 796 1053 leges
827 984 1077 1047 dictaret,
1122 984 1322 1039 Musem
1380 986 1682 1055 alloquens,
1716 984 1913 1056 legales

336 1075 695 1131 cwl'trlllOlliaS
722 1074 948 1144 figuram
974 1062 1321 1131 nominabat:
1348 1076 1536 1131 Facies
1556 1079 1692 1131 enim
1715 1076 1913 1143 omnia,

336 1169 536 1237 inquit,
558 1168 720 1235 juxta
742 1168 963 1236 ﬁgurant
993 1169 1087 1223 tibi
1111 1170 1165 1222 in
1200 1180 1375 1222 monte
1405 1179 1667 1224 ostensam
1693 1167 1781 1222 ⁸¹⁴.
1804 1168 1914 1223 Nec

334 1274 471 1314 vero
521 1260 726 1315 frustra
776 1260 950 1329 posita
1010 1268 1138 1315 sunt
1198 1261 1311 1315 lucc
1372 1261 1649 1328 adverbia,
1701 1273 1909 1323 tentare,

334 1351 746 1413 imonsiderate,
804 1351 1023 1419 abjecte.
1060 1349 1285 1405 Temere
1320 1352 1462 1405 enint
1513 1354 1591 1416 lit,
1632 1351 1775 1421 quod
1808 1349 1914 1404 fru-

339 1452 454 1500 stra
493 1453 547 1498 et
585 1443 705 1497 sine
733 1443 845 1497 ulla
900 1443 1131 1497 utilitate
1161 1444 1236 1497 lit.
1269 1443 1673 1498 inconsiderate
1706 1452 1908 1507 autem,

338 1536 485 1605 quod
526 1536 643 1590 sine
675 1537 782 1589 ulla
811 1536 954 1605 iusta
986 1551 1170 1589 causa.
1222 1536 1445 1603 Abiecte
1474 1536 1730 1604 denique,
1766 1535 1912 1602 quod

340 1627 624 1682 humiliter
645 1625 936 1680 etexiliter
953 1641 1017 1680 ac
1045 1626 1285 1680 sordide.
1310 1626 1458 1680 Nihil
1489 1627 1651 1696 igitur
1684 1636 1909 1691 temere,

341 1734 443 1774 nec
464 1717 886 1779 inconsiderate,
916 1732 1019 1771 nec
1048 1716 1564 1794 afiiccte‘indictnm
1607 1726 1770 1789 atque
1806 1720 1909 1772 im-

2022 525 2226 582 fumns.
2262 526 2432 582 Deum
2467 529 2611 582 enim
2647 542 2832 583 revera
2887 544 3047 584 nemo
3112 546 3352 599 unquam
3414 532 3595 589 vidit:

2020 634 2131 687 quo
2191 619 2334 674 enim
2377 618 2543 673 modo
2587 619 2758 675 videri
2803 632 3010 692 posset,
3041 622 3136 692 qui
3205 622 3380 680 forma
3410 626 3599 683 caret?

2022 708 2156 765 Vide
2185 722 2365 765 autem
2402 726 2566 781 quam
2600 721 2854 766 accurate
2907 720 3070 781 atque
3108 723 3297 769 exacte
3343 715 3599 786 loquatur

2022 802 2339 875 Gregorius.
2363 803 2498 859 Cum
2523 804 2667 858 enim
2694 805 2921 861 dixisset
2950 806 3147 874 partim
3175 805 3344 863 Deum
3376 809 3599 864 descen-

2020 897 2172 961 dere,
2208 896 2629 965 handquaqnam
2662 896 2968 965 subiunxit,
3003 898 3199 966 partim
3259 914 3358 954 nos
3403 915 3599 955 ascen-

2021 990 2169 1052 dere,
2201 988 2319 1049 Sl‘d,
2346 986 2542 1057 partim
2583 1003 2683 1042 nos
2708 987 2776 1040 ab
2800 1002 2865 1041 eo
2886 988 3136 1042 subvehi.
3181 988 3391 1055 Quibus
3416 990 3597 1047 verbis

2023 1080 2183 1150 hujus
2225 1094 2444 1150 quoque
2470 1078 2640 1134 nostri
2674 1094 2938 1134 ascensus
2979 1080 3143 1134 Deum
3172 1091 3449 1136 auctorem
3474 1097 3598 1139 esse

2020 1171 2285 1226 declarat.
2323 1171 2602 1242 Scriptum
2629 1171 2827 1241 quippe
2851 1179 2935 1226 est
2969 1173 3020 1226 in
3046 1173 3232 1228 Exodo
3264 1189 3279 1226 :
3313 1172 3379 1226 Et
3399 1176 3598 1230 vocavit

2023 1260 2277 1317 Dominus
2302 1262 2502 1317 Mosam
2537 1265 2606 1315 ad
2655 1263 2896 1317 verticem
2930 1264 3119 1316 montis
3146 1265 3216 1319 δ’.
3246 1263 3314 1320 Et
3342 1264 3537 1321 iterunl
3577 1282 3593 1317 :

2021 1354 2259 1408 Ascende
2299 1356 2367 1407 ad
2401 1371 2479 1408 me
2503 1354 2596 1408 ⁸⁸⁸.
2643 1353 2753 1409 Nec
2785 1368 2914 1408 vero
2944 1353 3055 1408 Deo
3102 1356 3155 1410 id
3208 1358 3597 1416 imbecillitatis

2021 1447 2374 1502 tribuendum
2425 1456 2528 1509 est,
2562 1451 2706 1515 quod
2745 1455 2890 1501 totus
2947 1462 2977 1500 a
3030 1447 3191 1502 nobis
3223 1450 3343 1518 capi
3386 1451 3594 1520 nequit,

2020 1553 2210 1592 verum
2257 1536 2611 1607 providentia:
2651 1535 2852 1605 potius.
2913 1535 3199 1603 Quatenus
3246 1538 3392 1593 enim
3438 1541 3600 1597 nobis

2021 1639 2197 1684 tutmn
2233 1640 2337 1697 est,
2372 1644 2435 1683 ac
2475 1629 2756 1698 possibile,
2804 1635 3014 1682 tantum
3049 1628 3216 1683 etiam
3269 1631 3595 1701 concipitur.

2021 1721 2175 1788 Quod
2205 1729 2385 1774 autem
2424 1720 2676 1790 superius
2711 1706 3154 1785 imaginationem
3194 1732 3250 1776 ct
3281 1725 3598 1793 conceptio-

339 1819 592 1880 pcratum
627 1818 712 1863 est
755 1824 767 1860 :
803 1809 1270 1879 quandoquidem,
1297 1818 1348 1863 et
1387 1811 1479 1880 qni
1521 1810 1635 1864 haec
1703 1810 1912 1873 indixit,
1952 1800 1991 1855 Β
2023 1826 2144 1865 nem
2206 1811 2364 1872 dixit,
2419 1810 2564 1864 idem
2622 1824 2768 1864 nunc
2818 1810 3101 1880 περίνοιαν
3141 1822 3322 1879 vocat,
3356 1813 3457 1868 hoc
3489 1826 3595 1883 est,

340 1903 610 1971 sapientia
661 1901 779 1969 ipsa
840 1911 950 1964 est,
991 1911 1045 1956 et
1083 1900 1334 1955 minister
1384 1902 1649 1971 sapientia
1703 1906 1916 1957 instru-

342 2003 489 2059 ctus,
550 1996 764 2045 tametsi
814 2003 1204 2062 congruentem
1258 1993 1557 2062 unicuique
1612 1994 1815 2047 umbrae
1855 2009 1918 2048 ac

345 2085 532 2155 ﬁgurae
588 2085 1017 2153 Speculationem
1075 2086 1392 2153 excogitare
1460 2100 1821 2154 nequeamus,
1866 2086 1916 2138 id

351 2186 461 2239 est,
488 2177 885 2246 expositionem
907 2184 1070 2245 atque
1090 2176 1422 2247 allegoriam.
1461 2176 1595 2243 Quis
1627 2179 1769 2231 enim
1788 2194 1922 2232 con-

345 2270 612 2339 templare
657 2280 822 2338 atque
874 2270 1144 2339 explicare
1198 2278 1380 2340 queat,
1418 2285 1588 2340 quare
1619 2286 1800 2324 arcam
1856 2286 1918 2325 ea

348 2362 521 2428 figura
550 2361 757 2415 exstrui
792 2362 935 2417 Deus
960 2362 1293 2431 praeceperit,
1320 2369 1483 2432 atque
1522 2377 1587 2415 ex
1629 2362 1722 2416 tali
1749 2371 1919 2415 mate-

345 2455 455 2519 ria,
491 2455 582 2509 tali
616 2469 868 2509 mensura
905 2470 920 2507 :
962 2455 1205 2525 quidque
1250 2455 1353 2509 hoc
1392 2456 1495 2509 sibi
1544 2454 1692 2520 velit,
1718 2455 1862 2524 quod
1892 2469 1919 2507 a

344 2544 568 2613 Levitis,
642 2548 696 2602 id
742 2555 827 2602 est
877 2548 1283 2611 sacerdotibus,
1356 2548 1450 2617 qui
1512 2547 1834 2601 sacerdotali
1869 2555 1924 2601 et

348 2639 508 2706 legali
545 2640 738 2701 cultui,
769 2653 834 2693 ac
863 2638 1112 2708 religioni
1140 2639 1548 2702 ministrabant,
1588 2640 1702 2707 ipsa
1743 2652 1924 2707 gesta-

348 2727 707 2795 rctnr:quid
760 2727 888 2779 item
944 2725 1218 2780 sacriﬁcia
1271 2734 1325 2779 et
1378 2728 1730 2795 purgationes
1763 2736 1925 2795 atque

351 2817 661 2873 oblationes
690 2815 1004 2884 signiﬁcent
1031 2816 1055 2873 ?
1096 2815 1265 2870 Porro
1305 2832 1398 2885 per
1430 2815 1717 2882 sacriﬁcia,
1741 2818 1922 2870 ontnia

349 2926 473 2980 qua:
504 2909 776 2964 immolari
812 2910 1088 2974 solebant,
1121 2908 1381 2976 intelligo,
1430 2917 1489 2962 ut
1548 2922 1701 2974 oves,
1733 2909 1922 2974 boves,

352 3001 572 3063 vitulos.
618 3010 882 3069 turtures,
916 3001 1226 3057 columbas.
1270 2998 1372 3054 Per
1428 3000 1778 3070 purgationes
1825 3016 1923 3053 au-

353 3103 484 3153 tem,
524 3090 939 3159 puriﬂi'ationcs
990 3107 1102 3157 eas,
1168 3106 1290 3161 qua:
1342 3105 1439 3161 per
1491 3091 1806 3157 sanguinem
1835 3102 1926 3143 aut

352 3182 596 3237 cinerem
625 3182 846 3246 ﬁebant,
899 3196 963 3237 ac
1015 3181 1257 3252 pollutos
1299 3194 1353 3236 et
1387 3180 1701 3250 inquinatos
1729 3195 1925 3248 purga-

354 3277 489 3332 bant
517 3293 530 3330 :
562 3290 659 3345 per
708 3274 1067 3346 ἁφαιρέματα
1110 3272 1365 3343 denique,
1407 3280 1589 3341 partes
1609 3284 1723 3336 eas,
1745 3284 1864 3339 quae
1894 3283 1926 3322 a

351 3367 597 3424 victimis
628 3366 1084 3429 estrahebantur,
1115 3365 1261 3431 quod
1309 3379 1483 3436 genus
1513 3372 1668 3443 erant
1712 3371 1926 3431 pectus-

352 3462 538 3518 culum
564 3500 579 3526 ,
619 3461 869 3515 dextrum
912 3456 1221 3524 brachium,
1259 3467 1314 3513 et
1359 3456 1494 3511 libra
1529 3455 1760 3526 bepatis.
1791 3453 1925 3508 Nam

352 3549 675 3619 huiusmodi
730 3550 987 3621 mysteria
1038 3548 1106 3604 iis
1172 3550 1440 3602 duntaxat
1490 3554 1619 3601 nota
1648 3555 1797 3611 sunt,
1832 3546 1925 3615 qui

352 3645 557 3700 virtute
582 3642 784 3698 Mosem
812 3639 1148 3712 exprimunt,
1202 3647 1298 3693 aut
1334 3653 1440 3692 non
1493 3637 1653 3708 longe
1680 3637 1749 3692 ab
1778 3637 1927 3692 illius

352 3736 664 3807 przestautia
698 3744 752 3790 et
780 3734 1086 3788 eruditione
1124 3730 1316 3785 remoti
1348 3742 1497 3786 sunt.

429 3825 563 3880 ibid.
598 3825 656 3877 Β.
700 3822 845 3877 Nam
877 3825 931 3877 in
954 3824 1068 3892 ipso
1097 3836 1300 3891 quoque
1335 3830 1507 3875 monte
1536 3821 1672 3875 Deus
1704 3819 1930 3875 homini-

355 3920 473 3982 bus,
511 3928 618 3971 etc.
677 3914 777 3969 Hic
843 3912 1195 3983 allegoricum
1251 3911 1612 3980 expositionis
1674 3926 1928 3981 campum

357 4009 569 4078 ingredi
609 4006 820 4075 incipit.
848 4004 1155 4075 Anagogice
1191 4002 1337 4058 enim
1376 4001 1544 4057 Musis
1581 4002 1647 4057 ad
1678 4013 1928 4057 montem

356 4116 654 4158 ascensum
692 4096 964 4167 intelligit.
1004 4095 1076 4151 Ut
1108 4095 1252 4150 enim
1296 4109 1453 4149 mons
1495 4103 1633 4149 terra
1683 4096 1934 4165 superior

356 4201 466 4255 est,
497 4191 640 4246 creto
675 4198 856 4243 autem
898 4181 1329 4257 longe'inferior
1363 4201 1378 4238 :
1415 4184 1607 4240 eodem
1650 4188 1809 4239 modo
1835 4201 1934 4241 nos

356 4301 576 4359 quoque
625 4301 653 4337 a
724 4282 950 4337 terrenis
1002 4291 1060 4336 et
1117 4280 1395 4350 corporeis
1477 4280 1640 4336 rebus
1706 4280 1932 4335 subvehi

359 4392 586 4435 necesse
613 4385 697 4431 est
727 4393 742 4431 :
780 4373 950 4429 Deum
993 4381 1173 4427 autem
1202 4371 1552 4428 descendere.
1589 4369 1788 4427 Verum
1825 4389 1932 4427 non

2030 1901 2415 1970 particular-em
2469 1916 2692 1971 operum
2743 1900 2835 1956 Dei
2880 1902 3268 1970 cognitionem.
3314 1903 3421 1959 Nec
3449 1908 3597 1960 enim

2023 1993 2166 2050 Deus
2217 1994 2519 2050 secundum
2576 2007 2826 2049 naturam
2884 2010 3083 2061 suam,
3151 1998 3244 2051 sed
3296 1999 3599 2055 secundum

2020 2100 2182 2155 opera
2209 2101 2306 2141 sua
2359 2094 2413 2139 et
2444 2085 2769 2139 creationem
2811 2094 2993 2141 mente
3045 2086 3402 2141 adumln-atur
3438 2104 3451 2140 :
3492 2098 3599 2144 ler-

2025 2179 2136 2233 reni
2168 2187 2352 2233 autem
2381 2178 2545 2247 huius
2570 2176 2817 2246 corporis
2850 2178 3043 2241 moles,
3067 2180 3264 2250 inquit.
3294 2182 3601 2252 mentisque

2021 2273 2181 2325 etiam
2240 2281 2442 2326 nostra
2491 2269 2798 2336 crassities,
2860 2272 3120 2325 nimirum
3181 2288 3307 2327 cum
3368 2290 3602 2344 corpore

2023 2363 2354 2428 constrictae,
2393 2377 2457 2416 ac
2508 2362 2738 2429 proinde
2768 2362 3018 2431 corporis
3053 2365 3306 2420 crassitie
3332 2368 3599 2435 quodam-

2025 2455 2186 2508 modo
2229 2454 2483 2521 impletae,
2532 2468 2600 2507 ne
2641 2454 2988 2522 perexiguam
3022 2455 3240 2523 quidem
3278 2455 3369 2510 Dei
3398 2457 3603 2527 cogni-

2026 2545 2226 2597 tionem
2255 2541 2501 2610 accipere
2536 2551 2730 2609 potest,
2755 2541 2860 2596 nisi
2904 2542 3164 2597 divinitus
3201 2544 3506 2612 adiuvetur,
3537 2561 3603 2600 ac

2025 2636 2171 2688 velut
2225 2648 2392 2687 manu
2443 2633 2701 2697 ducatur,
2732 2648 2926 2703 nempe
2980 2648 3076 2703 per
3135 2635 3225 2687 Dei
3272 2636 3599 2691 descensum

2029 2725 2379 2795 hominisque
2409 2726 2853 2790 subvectionem,
2889 2723 3348 2793 quemadmodum
3388 2727 3517 2781 olim
3549 2728 3604 2782 in

2030 2825 2213 2871 monte
2261 2816 2514 2885 contigit.
2567 2813 2725 2870 Tunc
2775 2815 2920 2869 enim
2955 2815 3377 2884 haudquaquam
3412 2818 3603 2871 eodem

2018 2908 2337 2974 locoatque
2387 2904 2582 2959 ordine
2634 2904 2782 2973 digni
2829 2904 2997 2958 habiti
3045 2914 3195 2969 sunt,
3231 2906 3324 2959 sed
3365 2906 3605 2973 diverso,

2028 3004 2317 3064 quatenus,
2352 3002 2409 3047 ut
2431 2994 2646 3063 opinor,
2681 3002 2962 3064 purgatam
2997 3002 3235 3049 mentem
3262 2996 3604 3053 attulissent.

2031 3084 2292 3138 Nonnulli
2330 3086 2494 3140 etiam
2530 3084 2756 3138 omnino
2794 3085 3006 3154 expulsi
3036 3097 3184 3151 sunt,
3218 3087 3310 3157 qui
3354 3088 3607 3142 videlictt

2037 3181 2160 3234 vitae
2185 3178 2525 3248 turpitudine
2571 3189 2626 3233 et
2677 3176 3012 3232 obscenitate
3042 3178 3279 3247 pecudes
3308 3188 3360 3233 et
3400 3178 3608 3234 belluas

2034 3270 2366 3326 referebant.
2428 3269 2575 3323 Dixit
2641 3269 2787 3324 enim
2861 3270 2927 3323 ad
3003 3268 3219 3324 Mosenr
3278 3271 3606 3326 Dominus:

2032 3361 2266 3415 Ascende
2301 3360 2370 3414 ad
2405 3376 2504 3424 me,
2555 3368 2637 3421 tu,
2677 3367 2726 3413 et
2765 3359 2965 3424 Aaron,
2998 3370 3046 3412 et
3079 3357 3297 3423 Nadab,
3337 3374 3385 3414 et
3415 3362 3604 3424 Abiud,

2035 3469 2085 3514 et
2124 3458 2461 3527 septuaginta
2508 3471 2536 3509 ε
2568 3455 2863 3510 senioribus
2895 3452 3091 3517 Israel,
3121 3464 3168 3507 et
3228 3455 3524 3509 adorabunt
3577 3474 3609 3511 a

2034 3554 2183 3623 longe
2208 3551 2517 3617 Dominum,
2554 3561 2604 3605 et
2660 3551 3098 3620 appropinquabit
3144 3536 3316 3605 Moses
3363 3551 3504 3605 solus
3536 3553 3606 3605 ad

2038 3642 2205 3696 Deum
2261 3656 2280 3695 :
2330 3640 2432 3707 ipsi
2487 3649 2662 3693 autem
2726 3656 2829 3693 non
2883 3626 3372 3712 appropinquabant
3417 3641 3484 3696 ⁸³.
3539 3641 3606 3696 ΕΙ.

2037 3746 2279 3786 rursus:
2315 3729 2645 3785 Descendens
2697 3736 2990 3786 conteitare
3043 3733 3316 3802 papa/um,
3368 3750 3430 3787 ne
3474 3734 3613 3803 forte

2037 3820 2440 3891 appropinquat,
2474 3834 2529 3874 ut
2566 3837 2646 3874 me
2675 3823 2871 3887 videat,
2896 3832 2945 3875 et
2994 3824 3153 3876 cadat
3202 3837 3267 3876 ea:
3313 3825 3388 3878 eis
3436 3825 3614 3877 mutti-

2039 3914 2163 3967 tudo
2193 3914 2260 3969 ⁸⁸.
2316 3914 2380 3967 Ει
2434 3914 2597 3984 paulo
2649 3914 2880 3970 inferius
2932 3932 2946 3968 :
3003 3914 3186 3969 Omnis
3241 3917 3330 3984 qui
3388 3918 3613 3986 tetigerit

2039 4012 2286 4071 montem,
2322 4015 2489 4058 morte
2516 4005 2774 4058 morietur
2806 4005 2874 4059 ⁸³.
2914 4003 3032 4059 Non
3072 4012 3260 4077 tanget
3299 4006 3451 4060 illum
3496 4022 3616 4067 may

2041 4112 2166 4162 nus,
2195 4110 2381 4150 verum
2435 4095 2706 4165 lapidibus
2748 4096 3032 4159 obruetur,
3079 4097 3164 4151 vel
3209 4098 3390 4167 iaculo
3425 4097 3620 4151 conio-

2041 4187 2237 4254 tlietur,
2296 4186 2408 4241 sive
2478 4186 2666 4248 homo,
2714 4187 2829 4242 sive
2890 4191 3225 4256 iumentum,
3285 4204 3394 4240 non
3449 4189 3614 4243 vivet.

2042 4280 2218 4348 Atque
2284 4279 2396 4332 haec
2449 4278 2504 4332 in
2554 4276 2727 4332 Exodi
2789 4279 2932 4331 libro
2987 4279 3064 4331 ita
3122 4278 3407 4331 habentur.
3458 4278 3617 4343 Quod

2043 4381 2226 4427 autem
2257 4370 2544 4440 theologus
2571 4370 2759 4424 eodem
2816 4375 2963 4423 statu
3005 4377 3168 4436 atque
3201 4367 3395 4423 ordine
3422 4383 3618 4421 omnes

359 4481 570 4540 quanta
626 4465 897 4536 subiectio
955 4474 1143 4519 nostra
1210 4471 1315 4528 est,
1379 4472 1528 4519 tanta
1581 4478 1803 4535 quoque
1840 4463 1933 4517 Dei
1966 4486 2015 4544 ι)
2043 4464 2466 4532 haudquaquam
2498 4460 2694 4531 dignos
2730 4458 2948 4513 habitos
2985 4457 3156 4511 fuisse
3198 4468 3616 4513 commemorat.

362 4562 646 4628 depressio
672 4569 779 4621 est,
802 4557 921 4623 sed,
947 4567 1005 4611 ut
1035 4572 1063 4610 a
1086 4556 1243 4610 nobis
1265 4555 1468 4610 dictum
1502 4566 1603 4620 est,
1635 4555 1936 4611 secundum

367 4650 783 4723 proportionem
829 4648 1032 4702 montis
1071 4655 1126 4700 et
1169 4647 1314 4701 coeli.
1352 4644 1621 4711 Quocirca
1659 4647 1774 4701 hac
1800 4663 1941 4717 quo-

365 4758 475 4812 que
513 4742 648 4796 visio
693 4740 788 4796 Dei
829 4741 885 4794 in
929 4749 1112 4793 monte
1154 4738 1574 4808 designatricem
1607 4740 1715 4793 vim
1757 4741 1938 4795 habet.

365 4831 578 4886 Idcirco
612 4832 759 4884 enim
818 4828 1101 4884 descendit
1136 4828 1298 4894 Deus,
1326 4842 1390 4883 ac
1425 4828 1625 4883 Moscm
1668 4830 1936 4897 subvexit,

367 4930 429 4978 ut
455 4922 758 4984 discamus,
796 4921 1008 4990 quoties
1035 4920 1197 4973 homo
1224 4918 1335 4972 Deo
1364 4918 1719 4987 coniungitur
1744 4918 1941 4988 partim

368 5017 540 5070 Deum
576 5025 634 5068 ut
672 5013 971 5080 excelsum,
1007 5020 1172 5082 atque
1200 5010 1462 5064 omnibus
1496 5012 1661 5066 rebus
1694 5013 1942 5081 superio-

368 5123 481 5163 rem
524 5106 852 5160 descendere
908 5120 1015 5157 non
1067 5105 1305 5173 gravari,
1347 5102 1545 5171 partim
1576 5111 1741 5156 etiam
1776 5104 1943 5157 humi-

367 5215 519 5263 ncm,
578 5200 727 5253 humi
780 5208 942 5267 atque
1006 5196 1060 5249 in
1115 5197 1278 5251 rebus
1341 5195 1568 5264 abiectis
1613 5207 1666 5250 et
1713 5195 1944 5251 terrenis

367 5295 720 5368 provolutum
756 5294 810 5347 in
856 5292 1087 5347 sublime
1142 5290 1378 5343 trahere.
1417 5287 1483 5343 Ut
1506 5287 1947 5359 incomprehensi-

369 5389 492 5446 bilis
520 5390 612 5444 ille
645 5389 999 5457 concipiatur,
1026 5384 1078 5439 id
1102 5392 1206 5449 est,
1237 5392 1294 5436 ut
1319 5384 1364 5437 is
1403 5383 1494 5454 qui
1515 5383 1696 5437 omnia
1737 5383 1943 5452 implet,

368 5483 592 5556 paulum
626 5498 658 5537 a
694 5492 885 5536 initura
921 5489 1105 5532 creata
1149 5475 1268 5546 capi
1310 5476 1502 5545 possit.
1550 5473 1729 5530 Verbo
1759 5485 1940 5530 autem

370 5577 706 5646 φαντάζεται
741 5592 871 5632 usus
897 5584 1003 5635 est,
1025 5570 1080 5625 id
1101 5578 1206 5635 est,
1236 5567 1426 5623 obcure
1476 5565 1706 5623 videtur.
1763 5567 1943 5623 Nubes

1091 5687 1159 5720 ⁸¹⁶
1191 5686 1360 5743 Exod.
1387 5701 1515 5753 xxv,
1545 5686 1633 5743 40.

443 5695 488 5730 ⁸⁸
523 5693 685 5749 llebr.
717 5708 765 5749 x.
804 5693 820 5745 l
862 5705 1017 5761 seqq.
1091 5693 1159 5720 δι’
1191 5693 1360 5743 Exod.
1387 5701 1471 5739 xxi

443 5783 491 5823 ι.
523 5766 610 5822 12.
715 5764 759 5797 ⁸³
784 5763 919 5819 lbid.
1025 5757 1072 5790 “
1095 5758 1242 5814 Psal.
1279 5756 1471 5823 vnt,8.

368 5781 491 5834 xu,
523 5766 610 5822 12.
715 5764 759 5797 ει
784 5763 919 5831 lpid.

1736 5685 1781 5719 ⁸³
1807 5684 1982 5741 Exod.
2006 5699 2117 5751 xix,
2174 5682 2264 5738 20.
2343 5679 2416 5713 ⁸³·
2447 5678 2618 5736 Exod.
2650 5691 2816 5767 xxiv.
2850 5675 2902 5728 ‘I.

2042 4558 2245 4614 Ordine
2278 4557 2496 4628 quidem
2529 4556 2681 4621 dicit,
2706 4554 2835 4625 quia
2869 4554 2922 4607 in
2961 4544 3411 4607 annnmeratione
3442 4553 3620 4622 primo

2040 4653 2161 4705 loco
2192 4648 2419 4705 Musam
2473 4647 2775 4711 constituit,
2812 4645 3009 4701 deinde
3048 4645 3339 4711 Aaronem,
3380 4659 3503 4698 mox
3536 4660 3622 4699 se-

2039 4742 2321 4812 ptuaginta
2352 4741 2618 4796 seniores.
2664 4738 2825 4793 Statu
2872 4745 3080 4802 autem,
3116 4738 3375 4807 quoniam
3420 4750 3620 4789 ascen-

2039 4836 2263 4896 dentes,
2323 4835 2402 4888 sic
2458 4841 2774 4896 steterunt,
2823 4839 2883 4885 ut
2932 4828 3109 4883 vocati
3184 4838 3361 4881 erant.
3427 4824 3625 4880 Bellni-

2041 4943 2139 4981 nos
2198 4938 2377 4979 autem
2433 4923 2756 4987 nominavit,
2794 4919 3105 4991 allegorice,
3158 4927 3213 4973 ut
3256 4918 3475 4987 opinor,
3528 4916 3621 4985 in-

2045 5029 2286 5073 meutnm
2330 5031 2630 5086 exponens,
2665 5015 2733 5070 de
2791 5029 2902 5084 quo
2933 5015 3123 5068 eodem
3159 5010 3330 5064 Exodi
3371 5008 3510 5062 libro
3565 5010 3624 5060 lit

2043 5109 2271 5164 mentio.
2350 5107 2481 5161 Nam
2550 5121 2865 5183 quanquam
2941 5104 3313 5174 iumentorum
3402 5098 3625 5153 nomine

2046 5202 2267 5275 proprie
2310 5209 2594 5255 mansueta
2653 5206 2708 5252 et
2756 5196 3057 5251 domestica
3109 5192 3371 5248 animalia
3413 5189 3623 5260 signiti-

2050 5299 2269 5353 centur,
2312 5285 2546 5341 ferarum
2601 5293 2782 5339 autem
2830 5281 3051 5337 nomine
3086 5280 3318 5350 agrestia
3349 5277 3624 5345 appellen-

2051 5390 2165 5449 tur,
2226 5379 2509 5448 Scriptura
2541 5386 2723 5431 tamen
2767 5374 3089 5445 plerumque
3124 5367 3360 5438 iumenti
3408 5364 3628 5419 nomine

2049 5475 2191 5529 teras
2259 5483 2477 5541 quoque
2544 5476 2786 5537 agrestes
2870 5461 3292 5539 complectitur,
3366 5467 3421 5512 ut
3482 5458 3624 5525 apud

2047 5564 2435 5622 Psaltnistam:
2470 5559 2697 5630 Insuper
2736 5566 2785 5615 et
2824 5572 3012 5630 pecora
3037 5554 3210 5622 campi
3234 5552 3308 5608 ⁸⁸.
3338 5551 3630 5622 l’erspicue

3006 5669 3055 5703 ⁸⁸
3093 5666 3229 5724 Ibid.
3365 5667 3413 5701 ⁸⁸
3453 5666 3625 5724 Exod.
