4024 6292
407 272 444 299 ”
488 283 652 367 ‘iast

1955 295 2335 357 ADDENDA.

3638 300 3772 369 1352

516 412 663 466 enim
697 416 913 465 constat
961 407 1077 463 illic
1124 406 1191 463 de
1221 408 1478 463 ortinibus
1507 406 1952 478 quadrupedibus
1980 409 2086 478 agi.
2119 417 2163 473 Α
2192 418 2246 464 et
2273 409 2506 466 obscura
2558 409 2723 481 hujus
2752 407 2857 466 loci
2894 407 3109 465 videtur
3138 422 3259 466 esse
3304 411 3597 479 sententia,
3644 420 3772 484 quia

516 502 597 559 Ac
654 517 844 557 rursus
898 501 1083 556 bestiae
1144 499 1508 570 appellatione
1582 509 1867 554 mansueta
1928 499 2091 553 etiam

517 593 776 647 animalia
812 590 1186 659 designantur,
1243 597 1302 643 ut
1362 588 1415 642 in
1446 589 1539 643 illo
1589 588 1709 642 loco
1744 604 1759 642 :
1796 586 1864 641 Et
1895 588 2093 642 crearit

516 681 659 736 Deus
692 685 754 734 de
791 690 930 734 terra
959 696 1136 733 omnes
1182 679 1377 733 bestias
1425 680 1564 749 agri,
1595 688 1646 734 et
1704 681 1885 734 omnia
1945 682 2094 735 uola-

518 775 637 828 tilia
661 771 778 826 coeli
811 773 877 826 ⁸⁷.
917 772 1228 834 Enimvero,
1262 771 1307 824 si
1349 783 1540 826 exacte
1583 772 1915 841 loquendum
1979 782 2089 838 est,

516 867 786 923 belluinos
814 865 1080 936 quosdam
1109 879 1313 919 vocans
1337 863 1653 933 Gregorius,
1688 879 1796 918 non
1824 864 1890 919 ad
1927 863 2094 920 Vetus

515 955 982 1021 lnstrumentum,
1030 955 1125 1011 sed
1181 956 1248 1009 ad
1300 954 1485 1008 divum
1532 953 1759 1010 Paulum
1814 957 1947 1010 mihi
2008 972 2092 1010 re-

512 1050 755 1115 spexisse
806 1049 1048 1112 videtur,
1106 1048 1186 1102 sic
1259 1047 1325 1100 ad
1409 1046 1665 1102 Hebraeos
1721 1047 2090 1102 scribentem:

514 1139 745 1194 Etiamsi
788 1140 951 1193 bestia
993 1138 1218 1208 tetigerit
1278 1147 1531 1202 montem,
1593 1137 1859 1207 lapidibus
1907 1138 2095 1191 obrue-

512 1244 597 1286 tur
625 1233 694 1296 ⁸⁸,
730 1232 872 1302 quod
902 1230 1121 1301 quidem
1169 1232 1223 1284 in
1254 1229 1437 1284 Veteri
1478 1228 1828 1285 Testamento
1876 1231 1943 1285 ad
1976 1247 2094 1285 ver-

512 1326 640 1379 bum
704 1339 1028 1394 expressum
1086 1339 1195 1377 non
1248 1323 1542 1377 invenitur.
1596 1320 1710 1378 Nisi
1773 1323 1896 1392 quis
1955 1323 2093 1378 l'ortc

513 1417 715 1470 dixerit
749 1415 1095 1485 Apostolum,
1139 1416 1253 1469 haec
1284 1415 1446 1468 verba
1478 1413 1786 1468 audientem
1820 1432 1833 1468 :
1861 1413 2092 1468 Etiamsi

509 1507 807 1572 iumentum
847 1507 902 1560 in
951 1516 1179 1559 montem
1231 1505 1546 1571 ascenderit,
1591 1522 1693 1559 non
1732 1506 1863 1559 viret
1893 1506 1960 1573 ⁸⁹,
2001 1505 2091 1576 ju-

513 1602 681 1655 meuti
733 1599 957 1652 nomine
1008 1599 1217 1653 belluas
1247 1613 1468 1667 quoque
1504 1597 1880 1652 intellexisset.
1914 1596 2088 1653 Caele.

515 1712 636 1750 rum
672 1696 804 1750 illud
841 1695 1264 1760 sciendum-est,
1314 1694 1483 1764 quod,
1518 1694 1777 1763 quoniam
1824 1693 1877 1747 in
1934 1692 2091 1748 nobis

511 1786 755 1857 duplices
792 1788 1018 1842 allectus
1055 1794 1205 1848 sunt,
1254 1786 1334 1839 ira
1380 1786 1635 1840 videlicet
1682 1793 1738 1840 et
1792 1785 2088 1855 cupiditas,

512 1878 636 1932 ideo
663 1894 694 1932 a
724 1879 905 1933 divina
946 1878 1405 1948 contemplatione
1442 1876 1933 1942 submovebantur,
1977 1887 2090 1931 tum

511 1971 548 2025 ii
580 1972 674 2040 qui
700 1970 941 2024 ferarum
981 1971 1087 2025 ritu
1127 1971 1434 2041 agrestibus
1463 1980 1515 2024 ct
1541 1971 1818 2026 iracundis
1844 1971 2091 2027 moribus

510 2063 721 2133 praediti
760 2073 937 2127 erant,
972 2074 1084 2118 tum
1138 2063 1234 2132 qui
1279 2063 1548 2133 pecudum
1600 2078 1749 2118 more
1800 2064 1854 2118 in
1887 2074 2089 2120 terram

510 2164 699 2227 pastus
727 2154 899 2225 gratia
935 2154 1207 2224 provoluti
1247 2163 1422 2222 erant,
1474 2169 1540 2209 ac
1574 2156 1806 2225 turpiter
1857 2163 1911 2210 et
1948 2155 2089 2213 foede

509 2247 906 2316 cupiditatibus
936 2245 1264 2301 serviebant.
2009 2271 2012 2274 ~

581 2338 702 2392 Col.
734 2336 838 2391 638
875 2336 939 2393 C.
986 2334 1099 2389 Nos
1141 2344 1321 2390 tamen
1355 2335 1529 2390 media
1561 2338 1794 2410 quadam
1834 2342 1921 2394 uia
1950 2341 2089 2395 inter

509 2444 630 2495 eos,
680 2438 787 2484 etc.
836 2427 1289 2499 Quandoquidem
1343 2429 1518 2486 virtus
1568 2430 1620 2487 in
1673 2430 2084 2500 mediocritate,

444 2509 453 2514 ’
509 2536 767 2577 excessus
816 2532 998 2576 autem
1037 2533 1092 2577 et
1131 2520 1379 2579 defectus
1429 2523 1481 2577 in
1527 2523 1658 2578 vitio
1703 2524 1864 2592 positi
1913 2534 2079 2592 sunt,

513 2620 795 2682 prppterea
838 2612 1135 2681 Gregorius
1166 2613 1480 2684 allegoriam
1513 2614 1881 2684 ingressurus,
1911 2616 2086 2671 factu-

510 2719 631 2757 rum
666 2718 724 2759 se
767 2705 1070 2774 pollicetur,
1107 2712 1166 2759 ut
1199 2705 1375 2759 media
1416 2704 1653 2775 quadam
1688 2705 1771 2759 via
1809 2706 2083 2776 ingredia-

508 2802 615 2860 tur,
648 2792 699 2847 id
734 2802 840 2859 est,
871 2808 933 2848 ea
976 2802 1185 2849 tantum
1232 2794 1297 2848 ad
1331 2792 1643 2862 allegoriam
1679 2795 1931 2866 accipiat,
1960 2813 2083 2867 qut‘e

506 2901 627 2940 eam
656 2886 948 2941 admittunt
974 2904 989 2942 :
1014 2887 1220 2957 reliqua
1248 2893 1432 2941 autem
1457 2902 1521 2942 eo
1542 2901 1706 2943 sensu
1735 2887 2081 2959 intelligenda

507 2978 803 3049 relinquat,
836 2994 996 3050 quem
1034 2980 1213 3033 littera
1258 2979 1436 3049 primo
1468 2977 1648 3035 fronte
1675 2978 1855 3036 oll'ert.
1886 2979 2080 3037 Omnia

2197 497 2372 572 longis
2418 501 2730 572 hyperbatis
2759 501 2980 556 concisa
3024 508 3108 556 est
3149 500 3264 558 haec
3301 503 3580 572 periodus.
3613 503 3768 560 lluiic

2194 601 2377 647 autem
2425 609 2648 649 sensum
2699 592 2884 649 habet.
2929 593 3343 661 Existimamus,
3395 595 3591 664 inquit,
3638 613 3771 668 quo.

2196 688 2340 739 niam
2372 699 2548 754 usque
2575 684 2641 739 ad
2674 684 3034 740 idololatriam
3065 685 3300 756 prolapsi
3333 701 3572 752 eramus,
3606 697 3769 757 atque

2194 775 2426 830 excitari
2465 789 2563 831 nos
2596 775 2840 847 erigique
2886 779 3189 846 oportebat,
3236 776 3444 833 idcirco
3483 779 3641 836 nobis
3679 796 3774 836 ve-

2197 874 2364 920 terem
2413 866 2586 936 legem
2622 865 2805 921 datam
2837 881 2981 932 esse,
3013 881 3138 920 cum
3173 866 3280 921 alia
3328 870 3595 938 permulta
3642 885 3779 939 pra:-

2194 965 2370 1025 cepta,
2417 972 2538 1027 quae
2586 971 2687 1013 nos
2738 957 2806 1011 ab
2854 956 3124 1011 idolorum
3180 958 3330 1012 cultu
3383 958 3776 1028 ahducebant,

2198 1047 2673 1117 complectentem,
2703 1056 2816 1103 tum
2843 1063 2905 1103 ea
2931 1048 3117 1114 etiam,
3141 1064 3262 1118 quae
3286 1051 3353 1105 ad
3379 1051 3777 1121 sacriﬁciorum

2197 1137 2462 1193 rationem
2498 1139 2862 1209 pertinebant.
2896 1140 3076 1212 Atque
3103 1139 3416 1211 hujusmodi
3443 1157 3645 1198 sensus
3671 1153 3777 1198 est.

2195 1229 2352 1285 Nunc
2386 1230 2604 1300 singula
2652 1231 3009 1286 excutiamus.
3064 1230 3169 1286 Per
3214 1243 3521 1301 peccatum,
3572 1233 3775 1302 inquit,

2186 1323 2300 1393 jam
2354 1324 2478 1378 inde
2521 1338 2550 1376 a
2598 1322 2866 1393 principio
2912 1323 3245 1389 corruimus,
3294 1324 3346 1379 id
3390 1334 3494 1390 est,
3548 1339 3618 1381 ex
3666 1342 3777 1395 quo

2195 1423 2438 1484 tempore
2477 1416 2688 1485 primus
2722 1430 2921 1486 parens
2964 1415 3250 1486 prolapsus
3283 1425 3387 1482 est,
3430 1431 3495 1472 ac
3537 1433 3638 1487 per
3687 1435 3779 1472 vo-

2191 1505 2453 1574 luptatem
2484 1507 2695 1577 decepti
2733 1515 2894 1577 atque
2929 1507 2984 1562 in
3015 1505 3261 1560 fraudem
3304 1509 3523 1578 impulsi
3556 1524 3779 1573 smnus,

2192 1614 2303 1652 non
2346 1614 2441 1667 per
2476 1600 2707 1668 primam
2757 1599 2905 1655 illam
2951 1601 3130 1655 solum
3169 1600 3456 1670 (scriptum
3486 1611 3574 1655 est
3599 1600 3779 1664 enim,

2194 1690 2337 1759 quod
2374 1691 2576 1745 bonum
2609 1700 2729 1747 erat
2761 1691 2968 1762 lignum
3001 1692 3068 1746 ad
3100 1692 3451 1758 vescendum,
3477 1702 3532 1747 et
3558 1700 3780 1760 gratum

2194 1783 2369 1839 oculis
2417 1783 2484 1836 ad
2532 1783 2865 1851 videndum,
2913 1792 2968 1840 et
3011 1783 3298 1853 pulchrum
3345 1782 3412 1837 ad
3464 1784 3780 1850 intelligen-

2193 1875 2324 1930 dum
2350 1876 2431 1947 ’°)
2461 1876 2556 1932 sed
2591 1892 2712 1931 eam
2746 1876 2937 1940 etiam,
2980 1891 3089 1946 qua
3128 1884 3409 1945 peceatum
3455 1889 3623 1929 omne
3659 1890 3781 1944 per-

2193 1964 2376 2020 tusum
2422 1975 2528 2020 est.
2583 1962 2845 2034 Voluptas
2887 1965 3034 2019 enim
3075 1972 3361 2034 peccatum
3409 1978 3576 2019 omne
3620 1974 3779 2017 ante-

2191 2056 2355 2122 cedit,
2406 2070 2616 2126 nosque
2663 2055 2996 2121 ludiﬁcatur,
3041 2064 3094 2111 et
3144 2055 3197 2110 in
3243 2053 3489 2108 fraudem
3541 2052 3781 2117 inducit,

2191 2163 2256 2204 ac
2285 2149 2433 2204 velut
2480 2148 2660 2220 pisces
2688 2149 2916 2206 inescat.
2951 2146 3020 2203 Et
3061 2147 3280 2218 quidem
3316 2146 3389 2202 ita
3433 2146 3638 2202 misere
3668 2145 3775 2198 rii-

2189 2241 2462 2296 cumventi
2515 2254 2726 2308 sumus,
2781 2248 2840 2296 ut
2888 2241 2957 2295 ad
3018 2238 3336 2295 idololatria:
3385 2237 3592 2293 crimen
3646 2251 3775 2306 pro-

2187 2333 2486 2398 ruet-imus,
2527 2339 2692 2402 atque
2739 2331 2806 2387 ad
2840 2328 3081 2386 nefarios
3126 2343 3378 2396 cruores,
3431 2328 3525 2399 qui
3577 2327 3775 2382 nefarii

2188 2427 2472 2490 dicuntur,
2522 2422 2668 2494 quod
2716 2422 2979 2480 scelerate
3040 2435 3106 2477 ac
3168 2420 3378 2477 nefarie
3421 2417 3772 2475 daemonibus

2187 2516 2489 2571 oderantur
2523 2531 2538 2569 :
2578 2513 2662 2569 vel
2696 2514 2860 2569 etiam
2913 2510 3153 2568 nefarios
3198 2526 3294 2567 eos
3341 2519 3499 2565 vocat
3548 2520 3774 2580 propter

2189 2606 2437 2662 homines
2483 2605 2739 2661 sacrillcii
2787 2620 2954 2661 causa
3005 2612 3296 2659 mactatos.
3343 2600 3772 2657 Immolaverant

2185 2700 2351 2768 enim,
2398 2698 2598 2770 inquit,
2635 2698 2775 2769 ﬁlios
2820 2707 2870 2752 et
2904 2697 3050 2769 ﬁlias
3090 2713 3216 2751 sua:
3256 2695 3532 2752 demoniis
3564 2697 3637 2748 ".
3679 2692 3772 2751 llis

2186 2790 2354 2860 igitur
2401 2790 2559 2846 malis
2594 2789 2817 2846 allectos
2859 2788 3104 2844 revocari
3135 2802 3238 2843 nos
3263 2803 3294 2842 a
3325 2785 3432 2843 Deo
3459 2785 3772 2859 oportebat,

2185 2893 2370 2953 utpote
2397 2897 2427 2937 a
2471 2893 2618 2938 recta
2664 2883 2748 2937 via
2792 2882 3131 2944 aberrantes,
3171 2891 3333 2952 atque
3377 2881 3431 2936 in
3474 2878 3769 2952 antiquum

2185 2984 2387 3031 statum
2427 2976 2665 3043 restitui,
2694 2974 2799 3030 hoc
2838 2983 2942 3040 est,
2971 2973 3038 3029 ad
3080 2972 3174 3029 Dei
3216 2974 3606 3045 cognitionem,
3645 2986 3773 3029 ante

507 3070 650 3123 enim
673 3109 689 3134 ,
740 3086 861 3141 qua:
894 3069 1059 3124 veteri
1095 3069 1210 3140 lege
1243 3070 1612 3138 continentur,
1644 3085 1907 3142 corporeo
1937 3072 2084 3127 dun-
2107 3080 2152 3143 ρ
2185 3066 2553 3123 idololatriam
2588 3067 2642 3123 in
2670 3067 2868 3122 animis
2897 3067 3102 3123 nostris
3135 3066 3431 3132 lucentem,
3459 3075 3514 3122 et
3543 3066 3768 3138 quidem

506 3169 655 3216 taxat
692 3160 853 3216 tundo
900 3175 965 3215 ac
999 3161 1300 3214 secundum
1349 3160 1637 3217 litteralem
1683 3171 1739 3216 et
1776 3161 2076 3217 dilucidum

507 3262 730 3302 sensum
771 3248 1138 3317 interpretari,
1183 3258 1267 3304 est
1295 3264 1607 3304 crassorum
1647 3259 1703 3305 et
1734 3250 2072 3318 stupidorum

508 3341 812 3408 hominum,
836 3351 1000 3411 atque
1026 3341 1093 3395 ad
1127 3341 1643 3410 contemplationem
1675 3356 1902 3412 prorsus
1932 3341 2077 3397 iner-

507 3430 642 3485 tium
685 3441 847 3500 atque
890 3431 1262 3500 torpentium,
1311 3426 1625 3500 Judaeisque
1667 3429 1952 3486 similium.
2001 3432 2080 3488 Illi

500 3522 650 3578 enim
698 3522 1009 3583 univeer
1057 3523 1227 3592 legem
1269 3521 1426 3591 juxta
1472 3521 1708 3576 litteram
1753 3521 2081 3593 intelligunt,

504 3627 605 3667 nec
649 3610 918 3682 spiritui-li
963 3625 1128 3666 sensu
1171 3611 1469 3680 quidquam
1515 3612 1812 3681 accipiunt.
1857 3610 2081 3680 Contra,

504 3704 689 3758 omnia
723 3689 826 3758 ’γει
877 3702 1249 3757 minutissima
1296 3718 1524 3772 quaeque
1574 3704 1863 3775 allegorice
1908 3722 2073 3777 expo—

506 3810 657 3860 nere,
682 3792 885 3851 curiosi
909 3804 994 3850 est
1018 3794 1241 3865 ingenii,
1268 3805 1429 3863 atque
1457 3797 1511 3849 in
1540 3798 1819 3869 auagogiae
1843 3799 2079 3865 ratione,

506 3902 607 3944 nec
656 3887 915 3957 modum,
965 3901 1069 3943 nec
1120 3886 1554 3942 mediocritatem
1609 3889 1865 3947 tenentis.
1917 3889 2082 3962 quue

504 3993 638 4035 sane
668 3978 955 4034 ridiculqu
982 3988 1085 4047 est,
1118 3993 1181 4034 ac
1209 3980 1370 4050 plane
1400 3981 1737 4036 somniorum
1770 3983 2080 4054 conjecture

502 4072 752 4141 dignum.
789 4070 982 4127 Omnia
1016 4074 1164 4127 enim
1211 4074 1423 4129 somnia
1459 4074 1510 4126 in
1546 4074 1716 4144 signis
1759 4085 1924 4147 atque
1957 4093 2080 4132 um-

499 4163 615 4220 hris
658 4165 985 4221 consistunt.
1020 4165 1345 4235 Quicunque
1392 4166 1556 4238 igitur
1600 4167 1784 4223 omnia
1830 4170 1899 4223 ad
1945 4185 2079 4224 aua-

500 4258 750 4330 gogicum
814 4273 1037 4314 sensum
1098 4257 1388 4324 referunt,
1460 4260 1673 4315 somnia
1734 4260 2079 4333 interpretari

440 4337 444 4341 ’
499 4352 772 4406 videntur.
825 4351 995 4407 Porro
1043 4351 1235 4408 litterae
1288 4353 1567 4410 mordicus
1613 4354 1927 4421 adhaerere,
1981 4374 2078 4414 nec

2185 3159 2421 3224 restitui,
2468 3175 2576 3215 non
2623 3170 2845 3231 propter
2878 3175 3044 3232 opera
3078 3170 3292 3224 nostra,
3340 3173 3443 3214 nec
3473 3160 3617 3214 enim
3661 3158 3769 3211 ulla

2185 3250 2540 3318 habebamus,
2572 3252 2668 3307 sed
2700 3252 2854 3322 juxta
2890 3252 3037 3307 illam
3076 3253 3216 3323 apud
3247 3253 3451 3307 Lucam
3487 3249 3770 3306 Zachariae

2173 3342 2551 3413 prophetiam,
2598 3354 2820 3415 propter
2858 3345 3064 3399 viscera
3106 3342 3488 3398 misericordia:
3534 3344 3629 3398 1)τὶ
3673 3358 3769 3396 uo-

2183 3434 2284 3489 εινὶ
2312 3435 2381 3501 ⁸³,
2426 3435 2561 3490 tanti
2611 3451 2805 3491 manus
2855 3452 2969 3492 sine
3013 3436 3217 3508 opilicii
3261 3436 3534 3506 jacturam
3582 3436 3766 3491 facere

2182 3540 2292 3580 non
2337 3525 2686 3582 sustinentis.
2719 3524 2955 3580 Tantum
3001 3534 3185 3580 autem
3229 3526 3365 3581 dixit
3397 3541 3503 3579 non
3541 3528 3765 3596 quanti-

2184 3620 2314 3677 tate,
2341 3614 2434 3668 sed
2463 3614 2760 3684 qualitate:
2794 3614 2985 3686 Magna
3021 3617 3166 3672 enim
3197 3630 3308 3681 res,
3349 3617 3544 3686 inquit,
3576 3618 3765 3679 homo.

2182 3720 2247 3761 ac
2286 3705 2548 3776 praeclara
2590 3715 2645 3762 et
2682 3707 2884 3764 eximia
2931 3723 3041 3775 res,
3084 3708 3187 3765 vir.
3216 3708 3387 3776 Quem
3428 3709 3769 3765 sublimioris

2183 3799 2347 3854 etiam
2411 3798 2690 3869 sapientiai
2753 3801 3028 3870 specimen
3084 3801 3337 3867 vocavit,
3397 3810 3454 3857 et
3502 3817 3768 3870 magnum

2182 3892 2447 3947 mundum
2492 3892 2548 3946 in
2589 3908 2801 3964 parvo:
2834 3893 2996 3964 idque
3027 3908 3135 3948 non
3162 3909 3227 3949 ea
3268 3902 3478 3949 tantum
3526 3897 3765 3959 ratione,

2180 3989 2307 4058 quia
2337 4004 2401 4044 ea
2430 3989 2616 4044 omnia
2657 3988 2843 4055 habet,
2879 4005 3000 4060 quae
3045 3990 3320 4045 sensibilis
3366 3989 3459 4046 hic
3500 3994 3764 4055 mundus,

2181 4094 2246 4135 ac
2278 4090 2545 4150 praeterea
2593 4080 2806 4136 ratione
2852 4081 3155 4137 instructus
3193 4091 3278 4137 εει
3309 4098 3324 4135 :
3358 4096 3548 4136 verum
3597 4083 3764 4137 etiam

2181 4172 2310 4242 quia
2362 4174 2599 4230 mundus
2649 4184 2865 4244 pr0pter
2914 4173 3094 4245 ipsum
3148 4175 3404 4229 conditus
3451 4185 3556 4229 est.
3607 4174 3762 4240 Quod

2182 4270 2360 4317 autem
2413 4262 2648 4333 alicujus
2693 4278 2857 4319 causa
2904 4261 3111 4318 factum
3140 4276 3244 4332 est,
3290 4264 3517 4321 inferius
3560 4277 3761 4331 esteo,

2182 4354 2612 4423 propterquod
2672 4352 2876 4409 factum
2933 4364 3035 4411 est.
3104 4354 3279 4411 llomo
3342 4365 3526 4412 autem
3580 4359 3765 4413 divina

501 4458 735 4514 unquam
767 4445 1055 4501 sublimius
1110 4460 1422 4514 assurgere,
1460 4444 1705 4501 delectus
1743 4458 1827 4503 est
1856 4448 1968 4521 (20)
2003 4465 2016 4502 :
2050 4465 2080 4504 e
2111 4432 2158 4489 ῐ)
2186 4460 2349 4498 manu
2382 4443 2608 4517 ell'ectus
2629 4453 2730 4512 est,
2754 4443 2910 4515 juxta
2936 4445 2989 4500 id
3023 4446 3168 4516 quod
3200 4447 3463 4517 scriptum
3490 4449 3759 4504 habetur:

498 4533 713 4593 diverso
744 4536 929 4592 omnia
970 4537 1037 4592 ad
1079 4537 1435 4609 allegoricum
1477 4553 1701 4594 sensum
1744 4538 1957 4595 trahere
1984 4556 2078 4596 ex-

498 4642 723 4692 cessus,
769 4639 935 4698 atque
984 4639 1281 4701 utrumque
1330 4631 1612 4686 vitiosum.
1657 4631 1727 4685 At
1800 4632 1854 4686 in
1905 4647 1967 4686 ea
2017 4647 2077 4687 re

497 4718 757 4772 decorum
789 4733 1028 4786 scrvare,
1073 4720 1423 4777 mediocritas
1453 4731 1535 4777 est
1566 4731 1619 4777 et
1660 4722 1854 4786 virtus,
1901 4737 2077 4792 neque

499 4808 553 4863 id
603 4809 902 4863 absurdum
943 4819 1046 4875 est,
1097 4820 1183 4878 ut,
1216 4812 1465 4868 litteratis
1493 4823 1546 4867 et
1588 4814 1831 4868 historici
1883 4829 2077 4870 sensus

498 4901 747 4968 pertinax
788 4904 1071 4968 amplexus
1095 4940 1111 4966 ,
1146 4918 1247 4956 nec
1287 4904 1597 4971 ridiculum,
1634 4913 1691 4959 ut
1718 4906 2063 4972 somniatrix,

498 4989 587 5042 illa
617 4996 813 5042 cuncta
845 4990 1131 5060 allegorice
1165 4992 1470 5061 explicandi
1507 4996 1666 5051 ratio.

569 5080 1007 5149 Quandoquidem
1042 5083 1180 5135 enim
1218 5099 1335 5151 nos,
1368 5085 1433 5137 ab
1478 5084 1652 5153 initio,
1685 5096 1790 5143 etc.
1835 5085 2072 5142 Dillicilis

451 5242 462 5272 τ’
483 5260 496 5271 ·
567 5247 614 5278 ⁸⁷
639 5246 776 5303 Gen.
809 5254 849 5311 i,
883 5245 1072 5313 24,25.
1118 5245 1194 5315 7”
1225 5245 1393 5303 llebr.
1432 5263 1534 5315 xu,
1566 5247 1659 5303 20.

498 5317 585 5373 78.
668 5317 863 5374 "Psal.
892 5332 1082 5383 cxvut,
1115 5314 1204 5371 73.

552 5476 679 5599 ὕει»)
734 5480 960 5549 August.
1018 5473 1111 5532 lib.
1161 5492 1277 5533 xvn
1324 5476 1403 5531 De
1449 5479 1593 5533 civit.
1651 5478 1768 5544 Dei,
1817 5493 1936 5547 cap.
1980 5478 2015 5533 '5
2062 5498 2077 5535 :

601 5549 680 5599 ibi
715 5551 856 5599 sicut
887 5559 1119 5599 multum
1149 5549 1399 5599 ridentur
1424 5563 1628 5599 errare.
1661 5549 1751 5599 aui
1782 5550 1959 5599 nullas
1991 5566 2077 5599 res.

502 5564 523 5600 ι
552 5549 680 5602 Mihi
715 5551 856 5604 sicut
887 5559 1119 5604 multum
1149 5549 1399 5604 ridentur
1424 5563 1628 5611 errare,
1661 5549 1751 5619 qui
1782 5550 1959 5603 nullas
1991 5566 2078 5605 res

497 5627 678 5687 gestas
721 5619 773 5670 in
812 5633 876 5672 eo
911 5633 1108 5687 genere
1144 5619 1447 5673 litterarum

488 5688 702 5758 aliquid
746 5688 889 5744 aliud
940 5699 1134 5759 praeter
1168 5690 1221 5743 id
1268 5691 1412 5759 quod
1445 5705 1508 5744 eo
1541 5689 1702 5743 modo
1734 5701 1896 5759 gestae
1926 5703 2075 5755 sunt,

1735 5250 1782 5285 "
1821 5251 1993 5310 Exod.
2020 5272 2133 5323 xu,
2173 5258 2259 5314 l5.

1493 5619 1719 5687 (scilicet
1772 5622 2075 5687 sacrm-um)
2121 5680 2130 5687 .

2184 4537 2380 4594 Manus
2407 4550 2510 4594 tua:
2539 4539 2774 4610 fecerunt
2802 4557 2903 4607 me,
2930 4553 2977 4595 et
3011 4541 3407 4611 plasmaoerunt
3439 4559 3520 4597 me
3545 4544 3610 4598 ".
3640 4545 3761 4610 Quo

2183 4631 2304 4685 loco
2340 4648 2557 4696 manus,
2592 4645 2651 4686 ut
2679 4632 2788 4688 Deo
2817 4633 3040 4704 dignum
3077 4642 3179 4698 est,
3215 4634 3580 4707 intelligenda:
3607 4648 3756 4704 sunt,

2185 4721 2442 4775 nitnirum
2508 4736 2607 4791 pro
2679 4722 3037 4779 fabricatione
3095 4725 3212 4779 Dei.
3270 4723 3541 4792 Quoniam
3600 4728 3758 4798 igitur

2187 4813 2506 4880 instaurari,
2531 4824 2694 4885 atque
2719 4816 2786 4870 ab
2812 4831 3001 4871 errore
3029 4819 3274 4873 revocari
3302 4819 3576 4874 hominem
3600 4836 3761 4890 opor-

2182 4907 2346 4972 tebat,
2375 4919 2484 4975 quo
2513 4907 2728 4960 tandem
2760 4906 2920 4961 modo
2947 4907 2998 4963 id
3028 4908 3143 4962 licri
3168 4910 3438 4966 decebat?
3464 4913 3757 4982 prudenter

2172 5009 2322 5054 certe
2369 5008 2423 5052 et
2479 4999 2721 5067 provide.
2780 5001 2921 5055 Nam
2984 5005 3446 5073 quemadmodum
3513 5008 3755 5063 medicus

2171 5092 2371 5146 vulnus
2402 5089 2740 5159 abstergere,
2772 5103 2868 5149 aut
2902 5093 3008 5152 alio
3040 5096 3201 5155 modo
3233 5113 3472 5170 purgare
3507 5103 3753 5169 cupiens,

2350 5259 2396 5292 ’°
2430 5259 2565 5318 Gen.
2607 5277 2705 5329 ιιι,
2741 5259 2798 5316 6.
2873 5262 2918 5295 "
2967 5260 3112 5318 Psal.
3147 5278 3236 5329 εν,
3268 5261 3361 5317 57.
3437 5263 3482 5294 ⁹²
3518 5262 3652 5318 Luc.
3700 5279 3751 5326 ι,

2873 5262 2918 5295 "
2967 5260 3112 5318 Psal.
3147 5278 3236 5329 εν,
3268 5261 3361 5317 57.

2179 5464 2509 5559 signiﬁcare
2552 5483 2892 5559 arbitrantur
2919 5503 2964 5559 _:_
3006 5485 3080 5559 ita
3135 5488 3365 5544 multum
3411 5489 3614 5545 audere
3657 5491 3745 5559 qui

2178 5567 2406 5633 prorsus
2441 5554 2514 5609 ibi
2564 5555 3284 5633 omnia_siguilicationibus
3318 5559 3622 5633 allegoritis
3666 5554 3745 5615 iu-

2181 5623 2359 5677 voluta
2393 5639 2514 5681 esse
2544 5623 2898 5681 Contendant.
2938 5644 2958 5680 ι
