4076 6292
341 362 488 431 i353

1291 365 1609 426 NICETAS
1649 359 1728 421 IN
1769 356 1990 418 ORAT.
2031 353 2194 413 XLII
2237 354 2296 414 S.
2325 354 2561 420 GREG.

3435 356 3579 421 1354

339 479 394 534 si
425 476 674 547 asperius
710 489 924 530 manum
962 475 1267 541 admoveat,
1307 492 1414 531 non
1450 475 1614 530 modo
1648 486 1753 526 non
1787 483 1912 538 pur-
1943 468 1985 521 Α
2014 464 2106 517 sed
2171 465 2445 531 sapienter
2503 469 2668 532 atque
2721 460 2984 518 industrie
3038 477 3134 532 per
3185 463 3582 522 subtractiones

339 569 521 638 gabit,
562 565 655 621 sed
695 566 858 620 etiam
903 565 1139 621 dolorem
1180 566 1395 636 augebit
1437 573 1490 620 et
1533 559 1865 620 exuleerabit
1900 575 1914 610 :

337 661 426 714 sic
456 659 616 713 etiam
649 657 885 712 animam
915 658 1231 712 vulneribus
1267 672 1605 727 oppressam,
1645 653 1751 708 nisi
1793 651 1918 721 quis

339 749 487 804 scite
533 755 588 801 et
633 747 826 801 leuiter
864 748 1250 812 attrectaverit,
1282 763 1388 802 non
1424 747 1586 800 modo
1618 742 1753 797 nihil
1797 755 1915 795 eam

332 841 566 907 iuverit,
614 839 706 894 sed
756 839 978 908 insuper
1053 840 1215 892 etiam
1267 838 1498 904 laeserit,
1545 851 1609 891 ac
1669 833 1916 903 pervica-

337 930 552 983 ciorem
583 927 848 983 effecerit.
871 927 1103 982 Proinde
1138 928 1420 981 violentior
1451 924 1717 980 medicina
1747 938 1915 994 repu-

338 1018 546 1073 dianda
581 1028 636 1072 et
680 1017 970 1087 rejicienda
1015 1026 1154 1082 erat,
1191 1026 1377 1086 utpote
1421 1031 1544 1086 quae
1593 1031 1700 1072 non
1743 1015 1916 1070 solum

341 1109 598 1164 homines
649 1125 756 1163 non
808 1108 1086 1174 ﬂexisset,
1137 1109 1231 1164 sed
1283 1122 1424 1163 novo
1483 1107 1648 1163 etiam
1693 1107 1918 1160 vulnere

339 1203 640 1267 aflecissct,
691 1216 756 1256 ac
801 1201 1060 1256 scelerate
1109 1200 1415 1255 viventibus
1465 1199 1532 1254 ad
1583 1198 1917 1270 peccandum

339 1293 740 1362 impudentiam
775 1291 1095 1356 addidisset,
1136 1300 1358 1362 prepter
1401 1297 1744 1346 contractum
1779 1297 1917 1344 tem-

343 1384 504 1455 poris
557 1385 914 1437 diuturnitate
965 1393 1257 1448 tumorem,
1311 1383 1362 1436 id
1413 1390 1516 1448 est,
1565 1390 1785 1452 propter
1831 1381 1915 1434 in-

342 1484 644 1529 veteratam
713 1473 970 1543 peccandi
1043 1475 1492 1531 consuetudinem
1554 1475 1608 1529 in
1667 1483 1917 1529 naturam

340 1579 691 1620 conversam.
726 1564 1078 1624 Consuetudo
1123 1567 1266 1620 enim
1310 1574 1472 1636 atque
1521 1565 1738 1620 habitus
1787 1579 1916 1633 pro-

342 1655 637 1721 pemodum
687 1664 895 1709 natura:
955 1657 1062 1710 vim
1126 1656 1308 1712 habet.
1362 1657 1628 1723 Quocirca
1676 1655 1742 1710 ad
1796 1657 1920 1710 vitae

340 1748 742 1803 correctionem
805 1747 1166 1804 moderatiore
1229 1751 1460 1820 quadam
1523 1751 1648 1805 vitae
1710 1749 1917 1804 ratione

2019 554 2277 623 paulatim
2335 553 2507 608 factas
2566 567 2665 608 nos
2719 552 3045 609 immutavit.
3106 554 3380 610 idolorum
3433 557 3580 611 enim

2025 645 2228 701 cultum
2267 644 2423 715 prius
2458 644 2776 709 sustulerat,
2811 654 2867 699 ct
2908 646 3176 701 sacrificia
3211 662 3430 716 quoque
3469 648 3583 718 ipsa

2017 737 2331 792 sublaturus
2379 745 2517 800 erat,
2567 743 2729 806 atque
2774 751 2804 790 a
2845 737 3235 792 sacrificiorum
3288 739 3477 794 nidore
3518 753 3583 793 ac

2020 827 2284 895 sanguine
2352 827 2418 881 ad
2476 828 2819 881 incruentum
2877 825 3205 881 sacrificium
3265 829 3587 898 cultumque

2021 917 2338 972 rationalem
2380 926 2435 972 et
2478 916 2844 987 evangelicum
2885 917 3098 972 animos
3143 928 3358 974 nostros
3402 921 3585 974 tradu-

2021 1019 2230 1064 cturus.
2263 1007 2492 1073 Quando
2537 1017 2718 1063 autem
2755 1008 2806 1062 id
2838 1007 3123 1063 facturus?
3161 1011 3416 1065 nimirum
3460 1027 3583 1066 cum

2024 1115 2123 1156 nos
2148 1100 2210 1154 ad
2238 1099 2599 1154 obedientiam
2633 1099 2768 1155 satis
2793 1098 3131 1156 assuefactos
3152 1109 3206 1155 et
3235 1103 3585 1168 exercitatos,

2023 1200 2185 1260 atque
2215 1190 2328 1259 jam
2360 1199 2505 1244 recte
2534 1204 2597 1244 ac
2624 1189 2884 1258 praclare
2917 1191 3172 1246 mandato
3198 1207 3286 1255 eo,
3316 1195 3462 1264 quod
3497 1209 3588 1249 ac-

2023 1293 2360 1349 ceperamus,
2398 1279 2711 1348 perfunctos
2745 1279 3064 1335 invenisset.
3098 1281 3368 1346 Quidnam
3406 1293 3586 1338 autem

2022 1371 2195 1424 illud?
2239 1371 2494 1424 nimirum
2539 1369 2840 1440 perfectum
2883 1370 3151 1424 idolorum
3190 1381 3588 1442 contemptum,

2023 1467 2145 1527 post
2172 1472 2332 1526 quem
2363 1457 2613 1512 victimas
2640 1457 2826 1523 etiam,
2860 1472 2982 1526 quae
3006 1473 3070 1513 ex
3103 1458 3236 1528 legis
3265 1463 3590 1531 prmseripto

2023 1546 2415 1612 offerebantur,
2466 1546 2673 1600 aboleri
2726 1545 3028 1614 oportebat.
3074 1545 3398 1616 Priusquam
3445 1551 3588 1623 enim

2024 1639 2201 1708 primo
2252 1645 2520 1709 praecepto
2571 1651 2777 1692 morem
2824 1637 3211 1706 gessissemus,
3260 1639 3588 1708 superfluum

2025 1727 2219 1783 fuisset
2243 1729 2541 1783 secundum
2573 1727 2808 1782 tradere.

345 1839 691 1894 revocandus
723 1850 838 1893 erat
871 1858 886 1895 :
915 1855 1037 1910 quae
1078 1812 1297 1911 quidem
1349 1857 1456 1897 non
1500 1841 1735 1896 subitam
1771 1842 1916 1897 sani.
1947 1812 1990 1869 Β
2090 1840 2210 1896 Col.
2255 1839 2359 1895 659
2407 1838 2468 1896 C.
2521 1838 2612 1894 Sic
2652 1839 2816 1909 igitur
2853 1849 3010 1909 atque
3055 1839 3136 1894 Itis
3181 1841 3246 1893 de
3289 1840 3468 1896 causis
3507 1841 3593 1895 lea:

342 1939 513 1986 tatem
555 1930 830 2002 cliiagitat,
875 1947 1062 1988 verum
1096 1934 1297 1988 sensim
1342 1948 1407 1987 ae
1445 1933 1703 2003 paulatim
1742 1947 1913 2004 aegro-

339 2031 461 2077 tum
505 2025 570 2077 ad
601 2037 719 2076 eam
757 2023 987 2078 reducit.
1025 2022 1160 2078 Nam
1202 2023 1437 2080 intortus
1469 2038 1688 2095 quoque
1728 2039 1913 2079 ramus

340 2115 583 2169 subitam
609 2114 678 2169 ab
698 2114 1020 2184 obliquitate
1046 2115 1100 2170 in
1131 2123 1336 2172 rectum
1367 2115 1711 2171 inﬂexionem
1740 2117 1915 2172 haud-

341 2221 622 2277 quaquam
665 2207 1006 2262 sustinuerit.
1035 2206 1176 2274 Quin
1208 2209 1412 2279 potius,
1454 2208 1501 2264 si
1541 2208 1664 2278 quis
1693 2216 1916 2278 repente

341 2313 472 2352 eum
509 2313 605 2366 per
645 2299 753 2352 vim
789 2298 1067 2369 subrigere
1101 2310 1352 2368 conetur,
1387 2302 1549 2357 citius
1590 2301 1764 2371 ipsum
1797 2316 1918 2371 per-

348 2389 593 2458 fregerit,
632 2405 796 2459 quam
841 2389 1118 2446 direxerit.
1150 2389 1294 2457 Quin
1337 2393 1504 2446 etiam
1547 2406 1725 2462 equus
1765 2392 1917 2448 ferox

342 2485 401 2531 et
436 2480 750 2545 indomitus,
786 2481 1044 2550 miraeque
1085 2482 1496 2554 magnitudinis,
1541 2491 1703 2554 atque
1742 2482 1920 2539 aetatis

345 2571 542 2625 ardore
588 2571 830 2627 insolens
877 2574 1295 2644 haudquaquam
1345 2575 1556 2631 frenum
1603 2576 1916 2641 admiserit,

346 2662 456 2714 nisi
507 2664 818 2733 poppysmis
868 2665 1257 2719 demulceatur.
1307 2667 1646 2735 Poppysmus
1702 2677 1917 2733 autem,

347 2752 566 2820 equinae
603 2753 989 2822 permulsionis
1035 2770 1206 2824 genus
1235 2764 1338 2809 est.
1383 2755 1538 2821 Quod
1587 2770 1782 2809 nomen
1826 2770 1923 2824 per

349 2845 808 2913 onomatopoeiam
856 2843 1079 2899 ductum
1125 2855 1209 2900 est
1250 2845 1318 2900 ab
1361 2861 1427 2900 eo
1471 2860 1630 2912 sono,
1672 2846 1816 2916 quod
1854 2860 1922 2900 ex

352 2937 681 3005 equisonum
711 2950 803 2992 ore
833 2946 1039 3002 manat,
1068 2951 1192 2990 cum
1218 2951 1388 3006 equos
1417 2937 1768 2992 adulabundo
1792 2951 1925 2992 con-

352 3039 503 3084 tactu
536 3028 763 3083 delinire
792 3028 1030 3084 student.
1061 3029 1139 3082 Ae
1166 3029 1413 3098 proinde,
1445 3028 1498 3083 id
1528 3039 1632 3093 est,
1663 3029 1922 3099 quoniam

2017 1931 2261 2001 scripta,
2311 1939 2417 1986 ctc.
2483 1929 2776 1986 Mosaicam
2835 1929 3051 1999 legem,
3119 1931 3376 1999 scriptam
3432 1942 3593 1986 vocat

2018 2021 2326 2092 Theologus
2369 2022 2432 2076 ad
2467 2021 2828 2076 differentiam
2871 2022 3004 2090 legis
3041 2037 3150 2076 non
3193 2022 3430 2091 scriptae,
3467 2036 3589 2096 qua:

2018 2113 2250 2180 Adamn,
2287 2114 2482 2184 iisque,
2525 2112 2618 2183 qui
2664 2113 2735 2167 ab
2774 2127 2840 2168 eo
2883 2113 3145 2183 originem
3181 2115 3473 2180 duxerunt,
3511 2116 3592 2170 di-

2018 2206 2194 2260 versis
2226 2204 2560 2274 temporibus
2587 2205 2710 2258 data
2742 2212 2846 2258 est.
2881 2202 2975 2258 Vel
3007 2205 3174 2260 etiam
3201 2207 3266 2259 ad
3293 2205 3590 2262 discrimen

2019 2298 2458 2353 constituendum
2523 2296 2664 2350 inter
2714 2310 2834 2350 eam
2883 2306 2936 2350 et
2986 2296 3333 2367 Evangelium
3381 2313 3396 2352 ε
3448 2301 3592 2367 quod

2020 2389 2182 2442 etiam
2243 2388 2420 2457 ipsum
2478 2386 2643 2442 nullis
2702 2387 2899 2441 litteris
2955 2387 3332 2456 consignatum
3391 2393 3593 2444 sanctis

2022 2480 2286 2550 apostolis
2339 2480 2594 2532 traditum
2650 2485 2754 2533 est.
2806 2477 2882 2532 De
2918 2492 3030 2548 quo
3079 2479 3244 2533 etiam
3300 2478 3440 2536 Deus
3498 2496 3595 2550 per

2021 2571 2310 2627 Jeremiam
2339 2569 2554 2624 dicebat
2583 2587 2598 2622 :
2633 2568 2746 2623 Hoc
2774 2577 2862 2624 est
2891 2577 3274 2624 testamentum
3307 2581 3360 2624 et
3389 2571 3590 2636 fmlus,

2023 2663 2169 2733 quod
2216 2675 2340 2716 eum
2373 2661 2480 2716 illis
2528 2659 2720 2715 feriam
2763 2659 2900 2714 dans
2943 2660 3112 2728 leges,
3145 2661 3199 2713 in
3241 2670 3414 2714 mente
3457 2671 3512 2715 et
3538 2663 3592 2716 iu

2025 2753 2190 2809 corde
2215 2767 2407 2807 eorum
2445 2752 2740 2807 inscribam
2783 2765 2898 2805 eas.
2942 2748 3110 2820 igitur
3155 2752 3238 2805 lex
3288 2751 3488 2820 scripta
3521 2753 3593 2806 ita

2025 2856 2110 2902 est
2156 2846 2303 2911 data,
2345 2853 2404 2898 ut
2447 2845 2892 2908 commemoravi,
2940 2853 3104 2912 atque
3131 2843 3203 2897 ob
3234 2841 3333 2899 has
3378 2858 3596 2910 causas,

2030 2954 2167 3009 quas
2193 2936 2416 3006 protuli,
2450 2935 2554 2989 hoc
2586 2943 2689 2998 est,
2717 2933 2844 3002 quia
2871 2933 3178 3002 perniciosa
3205 2942 3262 2988 et
3291 2935 3595 3002 periculosa

2027 3039 2145 3084 erat
2194 3027 2483 3098 asperitas,
2513 3026 2705 3080 lenitas
2733 3033 2913 3080 autem
2947 3025 3112 3088 utilis,
3146 3033 3310 3095 atque
3358 3026 3429 3080 ad
3483 3036 3596 3080 tra-

267 3173 278 3182 ,
351 3121 644 3190 asperitate
695 3121 1005 3189 poSthabita
1051 3121 1312 3175 leniorem
1358 3135 1422 3175 ae
1469 3119 1772 3175 molliorem
1826 3136 1998 3206 (ιιι-ο
2031 3121 2256 3177 ctandos
2319 3119 2530 3173 animos
2595 3117 2862 3186 apposita.
2917 3117 3096 3186 Atque
3151 3119 3374 3187 insuper
3424 3119 3598 3172 intru-

352 3213 510 3267 randi
559 3211 797 3268 hominis
857 3213 1124 3267 rationem
1184 3213 1309 3283 eligi
1363 3214 1760 3268 conveniebat:
1811 3213 1922 3267 Lex

352 3302 506 3355 nobis
536 3303 590 3355 in
622 3302 902 3368 auxilium,
937 3310 996 3356 ut
1025 3301 1174 3358 isaia:
1199 3303 1378 3358 verbis
1410 3313 1553 3366 utar,
1587 3305 1716 3357 data
1743 3313 1826 3358 est
1849 3305 1919 3358 ".

353 3392 558 3450 Facilis
587 3398 732 3448 enim
761 3402 816 3450 et
849 3395 1043 3450 blanda
1069 3403 1154 3450 est
1184 3395 1317 3465 legis
1341 3396 1796 3462 curatio,~leniter
1819 3411 1921 3454 nos

353 3485 424 3540 ab
469 3500 657 3540 errore
705 3486 1060 3554 abducentis,
1107 3495 1269 3557 atque
1314 3487 1381 3542 ad
1429 3487 1709 3543 veritatem
1761 3488 1924 3543 redu-

351 3578 548 3631 centis.
585 3576 661 3630 Ae
699 3577 856 3632 nobis
889 3577 1029 3632 muri
1063 3577 1346 3647 cujusdam
1375 3589 1429 3633 et
1461 3579 1716 3634 maceria;
1749 3581 1920 3636 vicem

355 3669 578 3738 praebet.
603 3668 1070 3736 Quemadmodum
1096 3673 1241 3725 enim
1266 3671 1502 3726 maceria
1537 3673 1923 3742 impedimento

353 3770 457 3824 est,
503 3763 816 3830 quominus,
853 3762 946 3830 qui
987 3762 1130 3816 intra
1173 3775 1292 3815 eam
1331 3771 1479 3828 sunt,
1515 3778 1638 3817 cum
1681 3765 1924 3819 externis

353 3853 651 3920 iungantur
697 3868 712 3903 :
757 3852 837 3904 sic
880 3851 1044 3904 etiam
1090 3850 1176 3904 lex
1225 3860 1436 3918 septum
1473 3852 1750 3920 quoddam
1783 3861 1921 3916 erat,

358 3943 500 3993 inter
553 3940 716 3993 Deum
769 3948 932 4006 atque
984 3939 1128 3994 idola
1180 3939 1526 4008 interjectum
1582 3959 1597 3994 :
1648 3950 1808 4011 atque
1855 3945 1924 3998 ab

359 4027 518 4082 idolis
545 4028 762 4096 quidem
790 4041 891 4081 nos
917 4026 1243 4093 abducebat,
1269 4029 1334 4081 ad
1363 4027 1530 4084 Deum
1555 4040 1737 4084 autem
1763 4032 1924 4086 redu-

355 4117 536 4170 cebat.
588 4118 667 4171 Ac
720 4117 873 4180 mihi,
922 4131 1126 4187 quaeso,
1178 4117 1269 4171 Dei
1307 4119 1596 4174 consilium
1643 4128 1698 4174 et
1744 4121 1927 4189 provi-

357 4207 596 4262 dentiam
649 4208 954 4264 considera.
991 4207 1260 4274 Quoniam
1313 4211 1457 4264 enim
1510 4225 1630 4274 nos,
1671 4220 1725 4266 et
1769 4211 1926 4268 bruta

361 4302 657 4356 animantia
688 4301 1153 4367 sacrilicabamus,
1188 4303 1354 4373 idque
1399 4303 1580 4369 idolis,
1614 4319 1924 4374 quanquam

361 4394 628 4449 sacrificia
667 4393 785 4464 ipsa
831 4394 1019 4450 tollere
1051 4403 1214 4465 atque
1257 4395 1520 4467 abrogare
1557 4397 1716 4451 vellet
1759 4397 1923 4464 Deus,

2033 3219 2214 3282 ducta,
2247 3213 2350 3268 hoc
2375 3219 2480 3276 est,
2509 3209 2826 3280 praescripta
2859 3219 2944 3264 est
2975 3209 3082 3276 lex,
3117 3219 3177 3264 ut
3212 3209 3334 3279 ejus
3363 3210 3595 3267 lectione

2031 3311 2097 3365 ad
2124 3306 2399 3364 Creatoris
2429 3303 2762 3376 agnitionem
2791 3303 3174 3357 excitaremur.
3199 3301 3398 3358 Eodem
3430 3311 3592 3360 modo

2029 3400 2292 3459 sacrificia
2323 3406 2543 3469 propter
2586 3394 3009 3451 sacrificantium
3056 3393 3424 3450 infirmitatem
3457 3411 3590 3451 con-

2030 3508 2183 3551 cessa
2203 3499 2349 3547 sunt.
2370 3488 2466 3547 His
2479 3487 2621 3544 enim
2643 3485 2868 3551 assueti,
2889 3485 3304 3556 haudquaquam
3324 3501 3388 3542 ea
3405 3488 3589 3543 statim

2033 3585 2268 3655 abjicere
2304 3580 2696 3652 potuissemus.
2728 3576 2906 3646 Atque
2933 3577 3048 3632 haec
3095 3578 3486 3634 sacrificiorum
3515 3589 3598 3634 est

2032 3677 2193 3738 ratio,
2227 3672 2279 3726 id
2307 3680 2411 3735 est,
2439 3683 2628 3733 causa,
2664 3677 2724 3721 ut
2760 3669 2978 3738 quidem
3025 3683 3145 3723 mea
3176 3678 3260 3725 est
3301 3671 3460 3736 ratio,
3495 3672 3597 3725 hoe

2031 3775 2136 3829 est,
2183 3773 2244 3818 ut
2283 3766 2400 3832 ipse
2432 3773 2725 3832 cognosco.
2758 3757 2884 3814 Haec
2925 3771 3106 3814 autem
3157 3763 3326 3830 ligura
3355 3776 3385 3815 a
3420 3762 3598 3818 rheto-

2034 3857 2188 3911 ribus
2231 3854 2546 3910 extenuatio
2592 3853 2817 3916 dieitur,
2863 3866 2971 3922 qua
3025 3851 3350 3921 cognitionis
3397 3867 3460 3907 ac
3503 3854 3599 3909 do-

2033 3946 2222 4001 ctrinae
2250 3959 2363 4000 sua:
2407 3943 2726 3998 tenuitatem
2771 3940 3072 4012 praetendit,
3109 3950 3362 4011 tanquam
3393 3942 3600 3998 scilicet

2034 4038 2172 4092 alius
2201 4035 2472 4107 quispiam
2504 4035 2738 4090 fortasse
2764 4033 3140 4114 sublimiorem
3167 4046 3386 4088 causam
3416 4033 3600 4088 animo

2035 4131 2324 4199 concipere
2375 4142 2440 4183 ac
2485 4127 2726 4196 proferre
2769 4135 2952 4195 queat,
3004 4140 3168 4195 quam
3221 4127 3293 4180 sit
3337 4141 3399 4181 ea
3433 4142 3596 4195 quam

2036 4223 2151 4292 ipse
2186 4220 2461 4290 produxit.
2499 4219 2643 4287 Ergo
2686 4218 2803 4271 hanc
2835 4217 3053 4286 quidem
3092 4215 3361 4272 sacrificia
3391 4215 3462 4271 ob
3505 4218 3601 4270 has

2035 4316 2274 4370 rationes
2309 4312 2574 4384 permissa
2626 4318 2775 4366 sunt.
2816 4307 2883 4362 Ut
2927 4317 3105 4363 autem
3151 4308 3469 4362 immensam
3517 4307 3600 4360 die

2033 4407 2173 4459 vina:
2234 4402 2514 4473 sapientia:
2563 4397 2991 4471 profunditatem
3047 4395 3352 4464 intelligas,
3416 4397 3598 4450 omnia

363 4499 592 4553 seseque
639 4487 816 4549 nobis,
868 4496 926 4541 ut
973 4487 1237 4556 integram
1289 4489 1576 4542 sanitatem
1625 4504 1920 4559 couseque-
1955 4488 2008 4548 D
2035 4498 2307 4568 sapienter
2330 4509 2393 4549 ac
2413 4507 2576 4563 supra
2608 4489 2885 4545 hominum
2923 4486 3302 4556 cogitationem
3332 4485 3599 4548 facientis,

365 4593 570 4643 remur,
619 4578 1051 4647 cognoscendum
1105 4578 1393 4646 praebere;
1466 4591 1643 4636 tamen
1693 4581 1927 4636 subitam

367 4671 721 4724 mutationem
757 4684 898 4738 agre
940 4667 1154 4722 admitti
1202 4683 1555 4737 cognoscens,
1592 4671 1658 4724 ad
1702 4671 1933 4725 iniit-mi-

367 4766 528 4813 tatem
564 4767 806 4811 nostram
841 4773 900 4811 se
930 4757 1170 4823 demisit,
1201 4773 1266 4811 ae
1294 4759 1507 4813 duobus
1545 4760 1702 4816 malis
1735 4776 1932 4831 propo-

367 4849 506 4914 sitis,
533 4849 704 4903 altero
725 4849 942 4917 quidem
969 4847 1242 4919 graviore,
1269 4863 1464 4917 nempe
1485 4849 1577 4904 Dei
1605 4852 1930 4919 ignorantia,

368 4940 538 4994 altero
568 4951 749 4993 autem
793 4939 1014 5004 leviore,
1049 4939 1308 4992 nimirum
1353 4941 1596 4995 cruentis
1625 4941 1926 5004 sacrificiis,

369 5033 418 5086 id
451 5033 593 5102 quod
635 5032 806 5087 levius
838 5041 974 5095 erat,
1021 5031 1121 5085 hoc
1165 5039 1268 5095 est,
1303 5033 1595 5096 sacrificia,
1628 5033 1930 5088 infirmitati

368 5135 566 5180 nostrae
612 5124 908 5187 concessit,
943 5132 1018 5188 ut,
1067 5126 1210 5192 quod
1260 5123 1438 5192 majus
1469 5134 1606 5189 erat,
1641 5127 1929 5194 acciperet,

370 5219 471 5272 hoc
499 5226 602 5283 est,
640 5227 699 5270 ut
727 5217 905 5286 ipsum
939 5229 1126 5268 verum
1157 5212 1326 5268 Deum
1365 5229 1839 5284 cognosceremus,
1869 5233 1932 5273 ae

370 5315 555 5376 postea
614 5305 898 5361 commodo
945 5315 1187 5372 tempore
1235 5301 1500 5358 sacrificia
1549 5317 1767 5374 quoque
1813 5306 1930 5374 ipsa

372 5398 601 5462 tolleret,
627 5407 789 5465 atque
822 5397 874 5450 id
907 5395 1242 5450 adorationis
1270 5411 1462 5466 genus,
1489 5398 1708 5467 quodin
1733 5399 1925 5468 spiritu

369 5500 422 5544 ct
471 5489 696 5544 veritate
744 5487 994 5544 consistit
1030 5489 1100 5554 ",
1149 5487 1528 5544 introduceret.
1584 5489 1790 5546 Idcirco
1837 5509 1929 5546 ne-

369 5595 640 5652 quaquam
677 5582 880 5646 omnia,
931 5597 1051 5650 qua:
1098 5581 1343 5647 volebat,
1393 5584 1555 5638 simul
1607 5580 1948 5652 constituit,

438 5748 484 5780 ”
531 5747 632 5802 lsa.
678 5761 808 5807 vtu,
841 5744 911 5798 20
954 5759 1064 5801 sec.
1113 5743 1273 5799 LXX.
1376 5746 1420 5777 ”
1455 5743 1612 5800 Joan.
1653 5763 1726 5812 tv,
1760 5746 1851 5802 24.

688 5839 956 5900 ΡΑτιιοιι.
1000 5839 1116 5897 Gn.
1163 5836 1474 5926 QXXVII.

2036 4599 2198 4658 atque
2245 4597 2304 4641 ut
2349 4585 2546 4640 uberes
2589 4590 2645 4636 et
2677 4579 2978 4635 luculentas
3030 4577 3597 4646 impervestigabiiium

2037 4682 2162 4750 (hoc
2197 4687 2304 4744 est,
2337 4693 2457 4747 quae
2490 4690 2596 4730 non
2641 4673 2803 4726 modo
2835 4685 2942 4725 non
2982 4668 3258 4739 cognosci,
3289 4668 3384 4723 sed
3415 4682 3485 4722 ne
3521 4669 3600 4720 iu-

2037 4771 2176 4841 quiri
2213 4770 2430 4840 quidem
2475 4774 2726 4836 possunt,
2757 4763 2930 4833 ipsius
2956 4759 3286 4831 iudiciorum
3331 4767 3383 4811 et
3424 4759 3602 4812 consi-

2039 4867 2232 4919 liorum
2287 4860 2506 4915 divitias
2550 4857 2796 4926 cognitas
2843 4853 3062 4916 habeas,
3110 4865 3178 4906 ne
3220 4849 3337 4919 ipsa
3382 4848 3599 4917 quidem

2037 4952 2304 5011 sacriﬁcia
2332 4950 2606 5020 paulisper
2630 4959 2912 5008 concessa,
2940 4941 3182 5012 mysterii
3207 4939 3383 4993 omnis
3407 4953 3600 5007 exper-

2035 5046 2107 5101 tia
2138 5045 2356 5114 reliquit
2389 5042 2506 5111 (Gr.
2550 5039 2762 5108 άνίερα,
2797 5036 2849 5091 id
2882 5045 2986 5098 est,
3020 5032 3159 5088 nihil
3190 5039 3599 5086 sacrosanctum

2034 5144 2090 5190 et
2124 5131 2406 5202 spirituale
2445 5138 2608 5198 atque
2640 5125 2993 5195 aiiegoricum
3025 5119 3302 5188 trahentia)
3377 5135 3475 5173 nee
3516 5117 3598 5171 in-

2036 5223 2210 5286 utilia,
2241 5221 2292 5273 id
2319 5229 2426 5286 est,
2458 5219 2524 5271 ad
2554 5217 2692 5270 nihil
2731 5215 3019 5270 sublimius
3053 5211 3386 5269 conferentia
3414 5219 3465 5263 et
3499 5211 3595 5263 uti-

2039 5317 2242 5370 litatem
2276 5309 2572 5374 afi‘erentia,
2603 5322 2704 5362 nec
2731 5308 2784 5361 in
2813 5307 2960 5360 nudo
2984 5314 3037 5360 et
3063 5303 3294 5373 simplici
3334 5301 3601 5368 sanguine

2035 5407 2231 5462 defixa.
2261 5401 2452 5458 Nudus
2473 5410 2652 5456 autem
2679 5399 2902 5470 sanguis
2925 5398 3140 5460 dicitur,
3163 5396 3254 5464 qui
3280 5390 3596 5460 simpliciter

2035 5509 2089 5554 et
2121 5498 2275 5566 juxta
2302 5507 2522 5551 sensum
2567 5490 2834 5556 funditur,
2885 5504 2984 5544 nec
3030 5485 3267 5556 mysterii
3305 5482 3598 5551 quidquam

2037 5591 2348 5645 abstrusum
2379 5599 2443 5640 ac
2474 5583 2806 5640 reconditum
2853 5581 3034 5662 habet.
3075 5575 3228 5644 Quod
3264 5589 3436 5642 genus
3475 5586 3602 5636 ευηι

3181 5830 3254 5894 43
