4076 6292
671 305 808 365 1355

2061 347 2064 350 ,
2091 289 2469 349 ΛΒΒΕΝΒΑ.

3716 300 3793 364 1356
3859 317 3871 382 ,ι

668 422 952 497 gcutdium
993 415 1280 474 sacrificia.
1329 413 1534 467 llorum
1591 412 1736 465 enim
1793 409 2019 480 sanguis
2064 407 2243 462 nudus
2270 417 2318 465 Α
2347 407 2545 461 sionem
2598 407 2784 464 ductus
2811 420 2910 474 est,
2948 419 2997 464 et
3030 410 3165 464 sicut
3221 427 3382 482 agnus
3439 414 3646 470 inuocem
3681 435 3792 471 εσται
3860 445 3862 462 .

669 532 879 575 tantum
925 521 1063 575 erat,
1094 508 1290 577 quippe
1332 507 1422 574 qui
1456 518 1554 558 nec
1595 517 1688 571 per
1736 501 1998 570 Spiritum
2035 498 2243 554 sancti-

668 615 946 678 licaretur,
997 616 1098 655 nec
1147 598 1372 653 alterius
1421 593 1672 648 sacriﬁcii
1725 594 1950 661 ﬁguram
1999 599 2242 660 gereret,

671 704 799 773 quin
828 696 1008 769 potius
1033 692 1208 759 foedus
1231 698 1288 744 et
1312 688 1593 743 satanicus
1621 693 1786 755 atque
1813 682 2050 738 exitialis
2076 690 2241 737 esset.

668 792 824 860 Quod
875 795 1055 840 autem
1103 779 1382 852 sapientia:
1443 775 1867 844 profunditatem
1919 773 2032 838 ait,
2085 782 2248 842 atque

669 873 1188 952 impervcstigabilia
1213 869 1416 938 judicia
1447 865 1562 928 Dei,
1592 865 1694 919 hoc
1721 865 1788 919 ab
1813 862 2072 932 Apostolo
2097 877 2248 917 sum-

672 978 812 1047 psit,
843 972 936 1042 qui
972 969 1035 1023 ad
1071 967 1350 1019 Romanos
1391 961 1659 1018 scribens.
1699 959 1782 1011 his
1815 955 1992 1011 verbis
2035 954 2246 1008 utitur:

675 1045 720 1125 Ο
770 1063 999 1120 altitudo
1044 1057 1350 1111 divitiarum
1403 1052 1677 1123 sapientia:
1723 1058 1770 1102 et
1823 1047 2056 1100 scicntia:
2105 1046 2200 1099 Dei
2229 1045 2248 1096 Ι

673 1176 832 1231 quant
863 1147 1347 1224 intperscrutabilia
1377 1155 1499 1199 sunt
1533 1141 1743 1213 judicia
1782 1140 1919 1210 ejus,
1947 1146 1995 1193 et
2017 1139 2250 1208 ,investio

674 1229 872 1323 qabilrs
905 1249 1000 1300 via:
1033 1245 1148 1313 ejus
1177 1242 1259 1293 “l
1296 1240 1360 1292 Et
1406 1237 1458 1289 in
1507 1235 1679 1304 Epist.
1727 1233 1793 1287 ad
1838 1231 2038 1300 Ephcs.
2069 1247 2083 1282 :
2118 1229 2250 1282 dii/ti

675 1322 912 1398 omnium
972 1345 1274 1392 sanctorum
1322 1330 1540 1384 minimo
1587 1327 1716 1380 data
1768 1336 1844 1378 est
1893 1323 2067 1393 gratia
2098 1322 2248 1384 lites,

673 1439 728 1489 in
781 1432 1021 1504 gentibus
1080 1424 1440 1494 erangelizarc
1497 1415 1992 1486 impcrvestigabiies
2038 1415 2252 1468 divitias

674 1526 876 1581 Christi
910 1524 976 1575 ⁸⁷.
1019 1519 1122 1574 Sed
1150 1517 1262 1587 jam
1295 1515 1360 1568 ad
1392 1511 1664 1569 sacriﬁcia
1695 1509 2004 1571 redeamus,
2035 1522 2100 1562 ac
2129 1522 2250 1562 cum

675 1617 952 1686 Tlteologo
985 1613 1258 1672 dicamus,
1304 1605 1496 1670 Deum,
1555 1618 1679 1658 cum
1735 1602 1850 1656 haec
1897 1601 2252 1670 permisisset,

621 1749 624 1756 -
680 1710 1102 1778 haudquaquam
1156 1697 1478 1770 infrugifera
1511 1711 1577 1750 ea
1620 1694 1931 1764 reliquisse,
1979 1708 2167 1747 verum
2200 1694 2254 1746 in

678 1806 765 1859 his
814 1798 1018 1856 Christi
1071 1793 1392 1866 mysterium
1453 1788 1603 1844 velut
1650 1787 1703 1841 in
1751 1789 1925 1857 figura
1977 1784 2252 1841 defossum

677 1911 841 1969 atque
877 1893 1174 1949 immistum
1216 1887 1409 1944 fuisse.
1445 1884 1644 1955 Figura
1677 1883 1821 1937 enim
1867 1881 2254 1953 mysteriorum

676 1988 882 2046 Christi
935 2001 966 2040 a
1019 1981 1303 2052 Scriptura
1368 1978 1638 2049 appellata
1689 1985 1860 2040 sunt,
1913 1975 2257 2044 victinneque

677 2082 843 2144 illius,
879 2092 1044 2149 quam
1094 2087 1345 2145 magnam
1386 2078 1441 2125 et
1485 2068 1908 2124 immactabilem
1949 2067 2257 2138 Gregorius

679 2182 856 2229 vocat.
887 2171 941 2224 ln
973 2183 1082 2238 quo
1115 2160 1658 2220 animadvertendum
1691 2167 1796 2224 est,
1823 2158 1969 2228 quod
1999 2172 2255 2228 magnam

677 2266 850 2329 dicit,
901 2275 1010 2314 non
1072 2265 1254 2311 autem
1319 2253 1626 2322 majorem,
1688 2258 1748 2304 ut
1797 2249 2257 2320 comparationem

681 2370 899 2412 omnem
919 2367 1043 2408 cum
1067 2350 1234 2405 altera
1257 2344 1493 2416 quadam
1519 2341 1714 2410 fugiat.
1735 2341 2024 2396 Victimam
2050 2347 2256 2403 autem,

683 2452 828 2521 quod
875 2461 972 2517 pro
1005 2442 1208 2499 mundo
1253 2453 1390 2494 caesa
1433 2437 1525 2501 sit,
1557 2442 1823 2505 quantum
1865 2434 1934 2486 ad
1977 2432 2256 2487 humilita-

685 2555 792 2595 tem
825 2558 837 2593 :
873 2532 1295 2591 immactahilem
1341 2527 1596 2597 denique,
1634 2535 1897 2595 quantum
1929 2524 1994 2577 ad
2027 2523 2256 2592 primam

683 2645 958 2694 naturam,
1003 2627 1105 2679 hoc
1135 2633 1240 2687 est,
1271 2619 1640 2686 divinitatem,
1669 2631 1792 2686 quae
1820 2631 1920 2672 nec
1957 2630 2120 2686 passa
2150 2626 2256 2680 est,

684 2741 785 2781 uec
816 2720 1117 2778 immolata.
1165 2713 1348 2769 Prima
1395 2721 1598 2775 autem,
1649 2719 1843 2766 natura
1889 2709 2145 2765 divinitas
2175 2710 2258 2766 di-

683 2815 996 2873 oitur,tum
1047 2815 1106 2860 ut
1155 2802 1508 2875 principium,
1551 2809 1665 2855 tum
1714 2809 1773 2853 ut
1819 2799 2051 2854 aliarum
2101 2807 2259 2853 natu-

685 2919 871 2962 rarum
906 2914 1073 2956 causa
1098 2938 1112 2962 ,
1151 2909 1267 2950 tum
1302 2894 1468 2948 etiam
1504 2901 1782 2962 postremo
1818 2898 1878 2944 ut
1917 2890 2259 2945 humanitate

685 2991 1054 3067 prastantior.
1113 2986 1250 3042 Cum
1310 2994 1490 3038 autem
1561 2997 1727 3036 unum
1791 2991 1954 3048 atque
2005 2979 2255 3035 eumdem

2289 1749 2330 1807 Β

2347 506 2589 558 tondente
2607 521 2660 558 se
2684 505 2943 559 obmutuit
2965 506 3073 561 :sic
3109 522 3217 560 non
3249 509 3447 577 aperuit
3472 512 3794 568 ossuum”..\"cc

2347 611 2480 652 vero
2539 607 2758 667 propter
2804 599 3166 654 innocentiam
3201 601 3374 655 solum
3403 617 3561 672 agnus
3579 605 3794 666 assumitur.

2349 689 2441 743 sed
2477 689 2640 744 etiam
2673 692 2824 758 quia,
2857 692 3314 760 quemadmodum
3361 694 3472 748 ovis
3516 695 3796 750 indumentau

2348 796 2471 850 quae
2507 797 2574 836 ex
2632 782 2755 835 lana
2796 792 3199 850 contexuntur,
3236 785 3392 840 nobis
3443 786 3700 856 suppeditat
3723 791 3797 842 :sic

2349 875 2513 928 etiam
2544 873 2819 938 Christus,
2861 884 3057 929 nostra:
3088 877 3282 932 salutis
3301 891 3455 931 causa
3484 888 3718 940 mactatus,
3751 882 3797 932 in-

2351 966 2669 1021 dumentum
2697 965 2860 1022 nobis
2895 967 3153 1030 efﬁcitur,
3187 978 3243 1022 et
3273 970 3480 1038 quidem
3515 969 3576 1024 ita
3601 971 3799 1033 elficatnu

2353 1058 2818 1116 immortalitatem
2851 1060 3062 1126 aﬁ‘erat,
3087 1076 3284 1130 nempe
3306 1077 3397 1131 per
3414 1060 3798 1130 baptismumJllml

2354 1162 2533 1206 autem
2603 1153 3028 1224 incorruptionis
3080 1154 3476 1216 indumentmn,
3530 1170 3583 1208 ex
3612 1153 3801 1207 Octabibh

2354 1244 2689 1299 Clementina
2730 1256 3010 1315 sumptum
3070 1255 3178 1310 est,
3226 1247 3315 1300 ubi
3371 1247 3477 1300 hzec
3526 1247 3656 1298 verba
3695 1255 3800 1299 seu;

2358 1336 2427 1391 Ut
2471 1337 2662 1407 dignos
2683 1351 2779 1392 eos
2805 1337 3000 1391 habeat
3036 1336 3257 1392 lavacro
3284 1336 3681 1407 regenerationis,
3714 1339 3802 1404 quod

2356 1430 2784 1498 incorruptionis
2821 1429 3204 1485 indumentum
3245 1439 3348 1484 est.
3379 1429 3632 1483 Enimvero
3648 1427 3803 1496 perfecta

2357 1522 2496 1586 ovis,
2528 1522 2674 1590 quod
2707 1521 2775 1576 ad
2806 1521 3005 1576 realem
3035 1537 3262 1577 sensum
3289 1523 3489 1584 altinet,
3528 1535 3581 1576 ea
3629 1529 3707 1580 est,
3731 1535 3801 1586 qua

2355 1625 2556 1664 annum
2600 1626 2768 1665 unum
2818 1611 3053 1680 explevit
3113 1612 3262 1682 (agni
3291 1610 3540 1680 siquidem
3575 1611 3698 1664 unius
3725 1609 3803 1662 anui

2358 1702 2534 1772 spatio
2557 1702 2609 1756 in
2643 1701 2908 1770 integram
2953 1710 3169 1756 atatem
3215 1700 3801 1770 adolesutnt);allegorice

2357 1804 2540 1849 autem
2571 1793 2830 1862 quoniam
2861 1793 3119 1850 Christus
3148 1809 3363 1861 quoque
3387 1804 3436 1848 et
3469 1793 3688 1863 perlectus
3716 1788 3802 1840 Deus

2357 1897 2411 1942 et
2433 1885 2708 1956 perfectus
2722 1886 2886 1940 homo
2909 1893 3014 1943 est.
3045 1884 3186 1940 Nam
3207 1900 3308 1942 nec
3335 1883 3586 1940 divinitate
3602 1882 3799 1952 quidquam

2357 1981 2672 2052 perfectius,
2705 1988 2892 2050 utpote
2932 1996 2964 2034 a
3010 1996 3120 2050 qua
3176 1980 3431 2050 perfectio
3470 1979 3530 2034 ad
3577 1978 3659 2032 alia
3687 1975 3798 2031 omnia

2358 2080 2676 2145 promanct:
2712 2073 3013 2128 divinitatis
3048 2087 3221 2142 porro
3249 2072 3397 2142 signa
3426 2072 3585 2126 omnia
3608 2068 3796 2124 iuClnisto

2359 2164 2670 2221 elucebant.
2709 2164 2851 2230 Quin
2887 2164 3052 2219 etiam
3117 2165 3444 2228 humanitas,
3473 2162 3695 2217 divinitate
3727 2173 3795 2225 pcr-

2361 2265 2544 2322 uucta,
2575 2257 2628 2312 id
2669 2256 2808 2311 facta
2845 2265 2950 2321 est,
2993 2257 3144 2324 quod
3185 2270 3250 2310 ea
3274 2270 3413 2325 pars,
3448 2269 3586 2324 aqua
3627 2258 3791 2320 peruncti

2359 2359 2460 2415 est,
2494 2349 2598 2404 hoc
2626 2359 2732 2414 est,
2765 2347 3076 2403 divinitatis
3110 2347 3284 2410 socia,
3317 2363 3425 2401 non
3455 2344 3636 2416 quidem
3660 2348 3791 2398 natura.

2359 2439 2452 2494 sed
2517 2437 2823 2493 divinitatis
2884 2437 3310 2501 consecutione,
3357 2430 3724 2504 quemadmodum
3763 2433 3792 2477 tl

2359 2528 2565 2583 ferrum
2599 2526 2825 2597 ignitum
2855 2525 2994 2596 ignis
3024 2525 3230 2582 dicitur
3258 2539 3362 2578 non
3383 2512 3792 2584 natura,sediulhm-

2359 2622 2622 2675 matione.
2661 2617 2848 2688 Neque
2885 2617 3031 2674 enim
3076 2633 3109 2673 a
3149 2616 3366 2688 propria
3406 2622 3572 2669 natura
3617 2605 3786 2677 migravit.

2359 2712 2573 2766 Rursus
2601 2712 2765 2766 etiam
2785 2711 2875 2780 pio
2911 2725 3080 2765 sensu
3113 2709 3390 2765 Dominiea
3411 2719 3523 2762 caro
3550 2696 3787 2756 Deusdicitur

2361 2813 2584 2872 propter
2614 2817 2884 2858 summam
2919 2799 3206 2856 unionem.
3240 2798 3376 2866 Quin
3422 2797 3482 2852 ob
3520 2796 3627 2850 hanc
3654 2797 3787 2858 quoque

2359 2910 2584 2951 causam
2616 2892 2886 2964 perfectus
2925 2901 3010 2947 est
3028 2891 3308 2956 Christus,
3334 2888 3450 2958 quia
3475 2884 3595 2940 nulla
3612 2881 3651 2936 in
3669 2875 3790 2943 eoi”

2362 2989 2492 3044 tiliae
2506 3001 2632 3056 pars
2648 2984 3006 3040 desideratur.
3022 2983 3105 3038 lta
3124 2999 3356 3054 namque
3369 2983 3429 3038 de
3460 2979 3605 3046 seipse
3617 2969 3785 3039 loquitur:

685 3061 968 3145 Chr-istum
1029 3089 1322 3136 mactatum
1387 3075 1548 3131 simul
1610 3083 1774 3142 atque
1837 3071 2254 3128 immactabilem
2287 3084 2330 3144 (ς
2361 3077 2450 3135 Sic
2471 3079 2609 3132 enim
2641 3078 2786 3132 decet
2813 3093 2906 3131 nos
2929 3076 3155 3144 implere
3179 3093 3375 3130 omnem
3399 3067 3652 3143 justitiam‘.
3674 3061 3783 3113 Tum:

689 3181 937 3242 dixisset,
967 3177 1132 3245 idque
1172 3169 1448 3241 amigntati
1490 3169 1707 3224 cuidam
1750 3167 1927 3222 simile
1967 3182 2088 3222 esse
2133 3181 2262 3222 sen-

689 3279 838 3338 tiret,
871 3269 1198 3336 subjunxit:
1225 3262 1296 3318 Ut
1326 3265 1403 3318 ita
1444 3261 1657 3330 loquar,
1703 3261 1786 3315 his
1817 3259 1994 3315 verbis
2032 3260 2261 3324 scilicet,

685 3368 828 3440 quod
861 3365 1053 3421 durius
1085 3371 1248 3432 atque
1279 3356 1546 3412 audacius
1576 3355 1780 3409 dictum
1826 3353 1993 3408 videri
2028 3363 2262 3424 poterat,

687 3458 995 3516 emollieus.
1048 3455 1126 3508 Ac
1182 3450 1338 3516 mihi,
1383 3461 1590 3517 quaeso,
1644 3447 2046 3513 incomparatas
2102 3446 2265 3500 hasCe

688 3547 1129 3620 comparationes
1176 3540 1438 3610 expende.
1488 3537 1730 3592 Primum
1785 3536 2054 3590 victimam
2105 3535 2264 3590 Chri-

690 3653 836 3699 stum
862 3636 1185 3699 nominavit,
1210 3648 1318 3687 non
1347 3630 1630 3701 majorem,
1657 3644 1752 3699 per
1775 3627 2262 3698 comparationem,

688 3735 783 3789 sed
833 3743 1088 3800 magnam
1150 3723 1488 3793 simpliciter,
1545 3721 1742 3775 deinde
1795 3719 2261 3780 immactabilcm,

696 3833 886 3895 postea
935 3819 1105 3874 totius
1144 3815 1293 3870 orbis
1340 3823 1607 3867 terrarum
1655 3810 2041 3878 sempiternam
2078 3809 2266 3877 expia-

691 3919 904 3976 tricem,
951 3925 1062 3966 non
1095 3917 1274 3963 autem
1309 3919 1488 3975 parva:
1531 3901 1820 3972 cujusdam
1863 3899 2057 3969 partis,
2091 3915 2268 3970 neque

692 4008 758 4062 ad
802 4015 1014 4058 certum
1063 4015 1125 4054 ac
1166 3999 1327 4052 breve
1373 3995 1590 4066 aliquod
1639 4005 1872 4062 tempus,
1907 3991 2266 4062 quemadmo-

689 4102 820 4153 dum
857 4093 1048 4163 legalia
1095 4091 1183 4144 illa
1237 4088 1528 4149 sacriﬁcia,
1579 4102 1699 4155 qua:
1747 4087 1921 4141 solam
1953 4083 2264 4139 Judmorum

690 4189 994 4260 regionem,
1045 4183 1145 4235 hoc
1195 4190 1298 4243 est,
1347 4181 1697 4248 perexiguam
1747 4176 1896 4231 orhis
1945 4176 2266 4245 particulam

689 4278 1032 4341 lustrabant,
1081 4285 1245 4343 atque
1291 4270 1360 4325 ad
1407 4270 1570 4325 breve
1615 4268 1884 4338 quoddam
1939 4277 2171 4335 tempus,
2217 4275 2270 4319 et

691 4373 859 4428 certis
902 4368 1119 4441 ﬂagitiis
1159 4365 1448 4436 expiandis
1488 4364 1739 4419 instituta
1781 4369 1959 4416 erant.
2007 4359 2269 4428 Deinceps

693 4417 859 4428 μη..-
902 4417 1116 4441 --.-,,-,---
1557 4417 1569 4419 -
2206 4417 2224 4428 ,

687 4465 958 4522 cuimaliis
973 4454 2114 4531 aspersionibusatqueexpiatiouibusopus
2135 4461 2272 4506 erat.
2305 4417 2349 4471 θ
2381 4450 2603 4512 peccato
2649 4451 2940 4512 superatus
2977 4449 3062 4495 est
3102 4461 3116 4497 :
3153 4439 3394 4495 Christus
3422 4441 3574 4486 autem
3613 4417 3784 4531 pediti":

761 4556 881 4608 Col.
907 4551 1012 4607 659
1046 4547 1363 4604 C.Proinde
1391 4561 1556 4615 agnus
1589 4543 1820 4613 quidem,
1858 4543 2138 4612 accipitur,
2169 4551 2276 4596 etc.

693 4645 945 4706 Proinde,
982 4641 1038 4695 id
1072 4648 1175 4705 est,
1228 4641 1358 4709 quia
1394 4637 1658 4707 legalibus
1717 4633 2008 4688 sacrificiis
2044 4631 2272 4695 Christi,

693 4737 872 4805 magni
921 4732 1200 4797 sacrificii,
1235 4732 1421 4800 ﬁgura:
1454 4729 1714 4796 inspersat
1760 4733 1938 4780 erant.
1997 4722 2274 4790 Scriptum

691 4834 775 4882 est
795 4827 939 4880 enim
969 4827 1021 4877 in
1055 4823 1279 4876 Exodo:
1303 4819 1542 4884 Accipiat
1563 4817 1913 4886 unusquisque
1936 4829 2127 4883 agnum
2153 4829 2271 4882 per-

692 4920 913 4988 fectum,
935 4912 1256 4976 masculum,
1287 4908 1593 4962 anniculam
1609 4907 1677 4960 ³⁸.
1699 4907 1852 4972 Quod
1865 4915 2044 4960 autem
2071 4906 2147 4958 ait
2166 4905 2266 4958 itu-

695 5011 1049 5066 maculatum,
1075 5005 1127 5056 in
1156 5003 1341 5056 Exodo
1369 5014 1475 5052 non
1500 4998 1753 5060 habetur,
1783 4997 1877 5052 sed
1931 5011 1996 5049 ex
2030 4996 2270 5050 Levitieo

693 5109 970 5170 sutnptum
989 5106 1091 5152 est.
1115 5095 1216 5151 Ubi
1241 5092 1524 5163 permulta:
1552 5090 1618 5145 de
1637 5089 2032 5143 sacrificiorum
2061 5088 2270 5141 ratione

694 5198 842 5264 leges
891 5197 1128 5245 exstant.
1195 5187 1367 5255 Igitur
1421 5185 1492 5237 ad
1552 5181 1756 5236 Christi
1818 5181 2044 5251 ﬁguram
2099 5193 2273 5247 agnus

695 5288 985 5355 accipitur,
1045 5289 1268 5351 prepter
1315 5275 1715 5346 simplicitatem
1771 5285 1825 5328 et
1878 5274 2271 5328 innocentiam.

699 5381 881 5448 Neque
911 5376 1079 5438 enim,
1119 5375 1282 5427 etiam
1312 5385 1437 5424 cum
1471 5370 1538 5423 ad
1573 5382 1759 5422 necem
1791 5367 2043 5427 trahitur,
2069 5362 2273 5417 vocife-

699 5478 871 5533 ratur,
913 5479 1185 5531 nec,cum
1247 5463 1523 5526 tondetur,
1581 5459 1799 5510 clamat.
1853 5456 2055 5509 Eodem
2108 5456 2270 5506 modo

697 5561 967 5624 Christus,
1003 5569 1061 5614 ut
1086 5567 1171 5612 est
1210 5554 1348 5623 apud
1373 5551 1590 5612 Isaiam,
1620 5558 1868 5616 tanquam
1903 5548 2013 5599 ovis
2034 5546 2104 5597 ad
2131 5547 2270 5598 orci-

767 5725 812 5752 “
852 5720 1004 5775 ιὶυιιι.
1042 5731 1114 5779 χι,
1153 5715 1242 5766 53.
1279 5716 1320 5746 υτ
1351 5710 1548 5780 Ephcs.
1586 5726 1666 5774 ιιι,
1703 5711 1752 5774 8,
1783 5710 1834 5762 9.

1913 5709 1957 5739 ⁸⁸
1998 5705 2162 5759 Exod.
2210 5721 2304 5769 ιιιι,
2369 5703 2474 5770 ιβ.

2366 3171 2472 3237 Sit,
2496 3169 2966 3240 inquit,masculus
2991 3185 3167 3236 agnus
3192 3185 3213 3234 ;
3237 3185 3349 3224 mas
3368 3165 3537 3222 etenim
3565 3156 3784 3218 leminaper-

2367 3265 2579 3326 fectior,
2610 3270 2664 3316 et
2686 3261 2994 3331 principatu
3020 3261 3266 3331 dignior.
3297 3259 3383 3314 Sic
3403 3254 3612 3311 nimirum
3627 3243 3784 3331 Christus

2365 3369 2582 3425 Quoque
2612 3361 2825 3408 natura:
2858 3329 2952 3406 rex
2977 3329 3109 3416 est,‘
3126 3363 3189 3407 ut
3219 3367 3334 3407 mas
3361 3347 3559 3406 feminae,
3585 3329 3782 3425 acproituie

2368 3421 2542 3500 totius
2602 3445 2859 3499 humanae
2905 3453 3145 3510 naturae,
3209 3441 3362 3513 quasi
3407 3436 3569 3494 nubilis
3605 3421 3781 3514 θυὶυέὼξη

2366 3535 2560 3606 puellae
2587 3535 2740 3590 solus
2774 3548 3010 3603 Sponsus
3040 3542 3152 3599 est,
3185 3534 3278 3602 qui
3305 3519 3647 3585 animisnostris
3665 3523 3782 3580 ωιιιι·

2368 3625 2532 3681 tionis
2549 3623 2744 3679 divinae
2772 3622 2982 3678 semina
3004 3622 3226 3677 insevit.
3238 3621 3423 3676 l’rreter
3439 3619 3513 3671 has
3527 3611 3643 3666 etiam
3661 3607 3786 3656 causa!

2369 3719 2507 3771 hanc
2533 3731 2747 3785 quoque
2781 3714 3005 3768 adducit
3041 3713 3364 3784 Gregorius,
3381 3703 3651 3766 curllliristus
3671 3701 3788 3785 mus

2369 3809 2646 3864 masculus
2674 3807 2766 3868 sit,
2795 3805 3054 3860 nimirum
3091 3807 3222 3877 quia
3255 3821 3348 3876 pro
3366 3803 3537 3857 Adamo
3555 3783 3786 3877 politam“

2367 3899 2586 3952 oblatus
2607 3906 2710 3951 est.
2742 3893 2878 3948 Illud
2910 3907 3094 3950 autem
3116 3875 3466 3966 potissimum
3515 3875 3688 3939 ostendit
3712 3878 3787 3965 eum

2369 3990 2616 4044 mulieris
2649 4004 2869 4062 quoque
2905 4003 3071 4044 causa
3105 3990 3348 4044 oblatum
3378 3984 3540 4040 fuisse,
3563 3969 3639 4028 etsi
3679 3970 3787 4062 ιδθυίξί

2369 4097 2468 4152 pro
2503 4083 2640 4144 viro,
2669 4082 2928 4150 quoniam
2959 4082 3072 4150 ipse
3109 4093 3327 4150 quoque
3357 4071 3543 4145 gravius
3567 4055 3785 4152 peccaverat.

2369 4181 2430 4227 ut
2456 4173 2547 4242 qui
2567 4183 2620 4227 et
2640 4174 2670 4226 li
2680 4173 2866 4228 rmiori
2883 4145 3066 4227 animo
3088 4145 3344 4242 prmditus
3365 4171 3507 4224 esset,
3531 4167 3574 4211 et
3587 4145 3785 4242 mandauit"l

2371 4236 2690 4332 accepisset.
2717 4262 2949 4316 Firmior
2983 4236 3170 4331 itaque
3189 4258 3402 4314 muliere
3423 4236 3784 4332 Adamuszlir'mwl

2377 4329 2557 4406 autem
2619 4367 2682 4406 ac
2740 4351 3018 4406 robustior
3048 4329 3256 4404 Adamo
3298 4346 3539 4402 Christus.
3565 4331 3636 4386 ille
3657 4329 3782 4379 cuii“

2372 4535 2554 4605 fregit,
2583 4544 2638 4589 et
2673 4505 2994 4604 profligavit.
3027 4535 3211 4600 Quare
3248 4545 3348 4585 non
3380 4527 3468 4580 abs
3493 4537 3541 4574 re
3557 4529 3632 4587 pro
3654 4505 3786 4605 τέὐυίίξ

2373 4628 2652 4681 robustior
2690 4635 2961 4680 mactatus
2990 4636 3093 4680 est.
3116 4623 3251 4692 Quid
3278 4624 3344 4674 ita
3379 4610 3649 4684 ?quoniant,
3671 4592 3786 4692 inibi“:

2373 4719 2616 4774 Adamus
2643 4718 2850 4787 primus
2881 4718 2936 4771 in
2971 4680 3250 4786 peccaium
3284 4708 3478 4766 incidit.
3510 4693 3638 4787 Αιίιαί
3673 4680 3786 4787 "'91":

2375 4811 2526 4879 prior
2554 4778 2796 4879 pec-cavit
2821 4808 2844 4860 ἲ
2871 4778 3206 4876 Est-quidem
3243 4809 3328 4858 ita.
3357 4798 3528 4853 Verum
3549 4786 3644 4879 quia
3665 4778 3787 4879 "iiii":

2378 4866 2723 4956 imbecillitas
2757 4866 3038 4968 peccatum
3065 4897 3235 4968 ipsius
3271 4891 3429 4947 levius
3451 4866 3786 4968 reddebat.

2375 4995 2582 5046 crimen
2612 4956 2822 5046 Adatuo
2865 4956 3199 5060 assignaium
3246 4992 3346 5040 est.
3377 4981 3534 5044 Aluue
3581 4969 3664 5060 haec
3683 4956 3787 5060 ριίιιῖι

2363 5095 2462 5140 ἐει
2490 5085 2649 5149 ratio.
2670 5100 2771 5139 cur
2789 5045 3040 5140 Christus
3067 5079 3336 5137 masculus
3363 5074 3563 5127 dicatur.
3580 5057 3709 5149 Altera

2375 5177 2503 5246 (luia
2527 5136 2781 5231 Christus
2821 5175 2956 5228 nihil
2989 5175 3041 5227 in
3073 5189 3130 5228 se
3163 5169 3440 5226 femineum
3470 5136 3784 5246 habe"

2378 5224 2503 5246 ,η
2534 5224 2778 5231 nm---—
3074 5224 3125 5228 -τ
3192 5224 3204 5226 ν
3695 5229 3702 5236 ,

2377 5268 2540 5323 molle
2582 5279 2635 5322 et
2664 5269 2902 5323 solutqu
2933 5264 3001 5320 ad
3041 5264 3376 5332 voluptatem,
3422 5266 3478 5305 ac
3515 5259 3569 5299 ηε
3610 5224 3783 5332 “FQ?

2379 5359 2597 5429 quidem
2633 5361 2696 5414 ad
2741 5359 2994 5413 vitiosum
3027 5357 3190 5412 ullum
3225 5349 3457 5406 allectum
3483 5313 3785 5429 clausu‘i'

2384 5409 2597 5429 -.—------
2636 5409 2695 5414 η
3033 5409 3056 5412 τ
3112 5409 3117 5410 ί

2377 5458 2473 5518 tia,
2498 5453 2625 5521 quia
2678 5451 2903 5518 insignis
2943 5460 3028 5504 est
3059 5444 3254 5503 Christi
3292 5435 3532 5509 potentia:
3563 5423 3664 5474 hanc

2377 5497 2473 5518 ""’
2500 5497 2625 5521 ‘l"""
2680 5497 2903 5518 '--~-D-v-—
2948 5497 3027 5504 ν--
3066 5497 3203 5503 vn,“
3293 5497 3306 5509 I
3739 5509 3753 5519 Ι,

2377 5545 2690 5598 νίυιυιιιίξιιιι
2722 5553 2899 5607 vocat,
2926 5558 3032 5612 qua
3062 5536 3285 5594 adhibita
3317 5537 3484 5598 printer
3506 5522 3661 5569 natura
3695 5497 3754 5556 ιυρ-

2555 5703 2598 5734 ⁹⁹
2633 5703 2734 5757 lsa.
2771 5716 2888 5766 Llll,
2927 5702 2976 5755 7.
3058 5701 3072 5731 ¹
3115 5691 3298 5747 Matth.
3333 5702 3403 5749 tu,
3431 5677 3503 5732 i5.
