4024 6292
303 347 442 417 1351
477 304 483 311 ’

1264 342 1586 406 NICETAS
1627 341 1708 404 ΙΝ
1751 342 1978 402 ORAT.
2021 343 2188 404 XLII
2232 345 2291 405 S.
2335 295 2566 406 GREG.

3426 343 3561 408 1358

299 457 632 535 virginitatis
659 458 896 514 claustra
917 457 1150 528 aperuit,
1174 457 1320 512 virili
1343 469 1640 528 congressu
1668 471 1877 528 nequa-
1905 459 1957 518 Α
1983 457 2049 512 Ει
2070 456 2534 529 quemadmodum
2568 457 2650 514 sol
2674 465 2942 528 quantum
2998 456 3220 527 quidem
3257 455 3324 510 ad
3372 457 3560 513 lumen

296 570 461 627 quam
507 560 770 607 reserata.
813 547 1066 621 Virginea
1115 559 1297 604 autem
1331 558 1384 602 et
1442 558 1686 603 materna
1744 563 1876 603 con-

291 645 476 716 junxit
527 652 754 714 propter
803 642 882 696 rei
947 641 1292 696 miraculum.
1353 639 1480 695 Hac
1542 640 1686 694 enim
1742 641 1873 708 duo,

298 753 493 808 nempe
521 735 801 808 virginitas
829 743 876 789 et
914 741 1126 804 partus,
1168 733 1257 789 hic
1285 743 1707 789 concurrerunt.
1754 732 1874 788 Jam

297 830 582 888 Christum
615 843 832 898 quoque
876 826 1178 881 masculum
1217 826 1384 882 Isaias
1433 827 1702 893 nominat,
1750 841 1876 883 cum

299 923 374 978 ait
401 939 416 979 :
463 921 531 977 Et
572 920 770 974 accessi
797 919 865 972 ad
893 918 1302 989 prophetissam,
1333 925 1386 972 et
1406 917 1659 988 concepit,
1689 929 1738 973 et
1791 934 1909 994 ρει-ι

297 1017 433 1083 perit
462 1013 659 1084 ﬁlium,
683 1028 744 1066 ac
766 1013 1076 1082 priusquam
1105 1019 1291 1080 partus
1314 1009 1467 1064 dolor
1498 1011 1716 1065 uenisset
1744 1011 1879 1080 effu-

298 1111 396 1180 git,
426 1119 474 1163 et
517 1105 812 1161 masculum
848 1103 1044 1172 peperit
1068 1103 1113 1156 ³.
1150 1100 1502 1171 Prophetissa
1559 1102 1724 1168 enim,
1758 1109 1880 1158 erat

301 1202 552 1271 Deipara,
579 1208 766 1269 utpote
794 1197 860 1252 de
882 1213 943 1253 se
966 1197 1254 1252 vaticinata
1283 1213 1297 1256 ;
1329 1192 1463 1250 Ecce
1488 1195 1649 1260 enim,
1676 1196 1874 1266 inquit,

299 1294 506 1349 beatam
539 1308 620 1346 me
645 1291 813 1344 dicent
849 1305 1026 1344 omnes
1081 1289 1437 1360 generationes
1461 1288 1500 1339 ³.
1524 1287 1698 1358 Atque
1753 1288 1876 1354 erit,

302 1386 501 1455 inquit,
532 1383 826 1438 anniculus
855 1382 941 1436 vel
976 1390 1241 1451 quantum
1290 1382 1356 1435 ad
1399 1393 1638 1450 tempus,
1692 1395 1762 1434 ne
1819 1388 1878 1432 ut

301 1478 654 1549 imperfectus
692 1475 989 1545 rejiciatur,
1017 1475 1062 1530 si
1086 1474 1333 1528 nondum
1369 1488 1572 1528 annum
1601 1472 1723 1527 vita
1741 1482 1877 1526 tem—

302 1585 403 1637 pus
455 1569 800 1640 expleverit:
843 1567 922 1622 vel
971 1567 1098 1635 quia
1163 1566 1596 1620 anniversarium
1652 1563 1877 1618 Pascha:

304 1662 501 1718 festum
557 1658 884 1716 celebraturi
939 1667 1114 1722 erant,
1172 1657 1226 1712 id
1275 1667 1359 1712 est
1387 1655 1618 1726 singulis
1673 1654 1874 1719 annis,

305 1763 490 1824 utpote
513 1753 652 1808 bona
674 1751 834 1806 nobis
857 1764 952 1820 per
1004 1749 1315 1818 passionem
1347 1759 1663 1818 comparata
1709 1748 1879 1802 lucri-

306 1846 583 1902 facieutes.
616 1842 922 1898 Anniculus
955 1842 1118 1895 etiam
1148 1855 1322 1911 agnus
1368 1841 1438 1895 ob
1495 1855 1616 1895 eam
1654 1855 1880 1896 causam

305 1939 623 1998 assumitur,
652 1933 780 2004 quia
836 1945 1014 1987 novus
1043 1932 1095 1985 in
1131 1945 1273 1986 terra
1310 1942 1392 1985 est
1445 1929 1730 1998 Dominus,
1783 1947 1882 1986 nec

304 2028 591 2084 vetustatis
623 2027 870 2080 humana
900 2025 1196 2094 quidquam
1238 2025 1464 2079 habens.
1513 2024 1881 2090 Quamobrem

307 2123 352 2176 si
387 2121 510 2189 quis
543 2118 880 2174 divinitatem
921 2115 1183 2170 beneficio
1227 2123 1282 2170 et
1338 2115 1510 2185 gratia
1560 2129 1880 2171 concessam

307 2213 539 2269 Domino
592 2213 718 2269 Jcsu
769 2209 964 2274 fuisse,
1006 2226 1072 2267 ac
1116 2223 1226 2264 non
1266 2223 1450 2264 veram
1478 2223 1602 2264 esse
1663 2209 1880 2273 asserit,

307 2307 396 2360 ille
424 2305 721 2360 masculum
749 2318 946 2373 agnum
985 2317 1100 2372 pro
1131 2316 1190 2357 se
1210 2309 1500 2356 mactatum
1529 2314 1640 2355 non
1700 2301 1883 2355 habet.

307 2398 589 2454 Consimili
633 2397 795 2452 modo
817 2397 860 2450 si
897 2395 1021 2466 quis
1050 2394 1188 2450 senii
1219 2409 1283 2449 ac
1318 2393 1605 2448 vetustatis
1635 2394 1884 2448 humana

306 2492 600 2561 quidquam
635 2489 700 2543 ad
743 2487 1018 2544 Christum
1061 2483 1246 2552 refert,
1282 2485 1372 2540 hic
1402 2485 1713 2540 anniculum
1775 2498 1883 2554 non

310 2584 491 2638 habet.
523 2581 664 2648 Quin
704 2579 866 2635 etiam
893 2578 1188 2652 anniculus
1216 2575 1470 2631 Christus
1487 2575 1750 2630 dicendus
1777 2583 1880 2637 est,

307 2684 369 2729 ιιι
398 2673 478 2729 sol
503 2672 746 2744 justitia,
783 2673 938 2741 juxta
975 2669 1108 2724 illttd
1146 2667 1462 2722 Malachim:
1499 2665 1716 2722 Orietur
1739 2667 1883 2721 vobis

295 2749 612 2820 ‘timentibus
645 2779 832 2817 nomen
894 2777 1062 2816 meum
1086 2759 1180 2816 Sol
1195 2761 1422 2830 justitite
1438 2759 1479 2826 ἒ.
1517 2760 1634 2825 Quo
1663 2759 1782 2813 loco
1804 2760 1884 2814 sol

309 2855 562 2912 Christus
588 2854 807 2920 dicitur,
865 2855 1098 2922 primum
1148 2851 1275 2920 quia
1303 2851 1611 2920 spirituales
1665 2858 1885 2904 nostros

309 2963 525 3012 sensus,
542 2945 915 3014 mundumque
933 2958 1148 2998 omnem
1168 2941 1530 2997 intellectilezn
1557 2942 1842 2997 collustrat
1871 2957 1886 3004 ;

312 3038 510 3093 deinde
553 3036 681 3106 quia
713 3019 879 3091 cauea
913 3042 1013 3099 est,
1047 3049 1142 3087 cur
1175 3033 1358 3086 omnia
1388 3033 1517 3096 sint,
1559 3041 1612 3087 et
1641 3031 1884 3102 gignant,

312 3141 366 3185 et
390 3136 659 3192 crescant,
719 3140 783 3182 ac
829 3125 1071 3181 fructum
1123 3121 1425 3194 proferant.
1482 3123 1622 3176 Tum
1669 3121 1796 3192 quia
1829 3131 1886 3177 et

311 3223 602 3293 praesentia
629 3235 728 3276 sua
773 3221 977 3285 lucem,
1029 3228 1083 3273 et
1124 3217 1374 3272 absentia
1427 3215 1680 3271 tenebras
1707 3214 1882 3270 alfert.

312 3315 510 3368 Adlnec
536 3314 660 3383 quia
683 3321 927 3380 tempora
943 3307 1132 3374 efficit,
1159 3307 1262 3362 hoc
1287 3316 1391 3373 est,
1419 3307 1614 3361 anima
1635 3307 1884 3360 virtutes.

310 3404 452 3459 Tum
480 3405 608 3474 quia
641 3401 707 3457 ad
742 3401 1028 3456 utilitatem
1068 3398 1252 3453 omnia
1297 3398 1595 3467 dispensat,
1631 3410 1740 3450 non
1798 3411 1886 3451 se-

316 3495 494 3550 cmnla
523 3503 732 3548 tantum
755 3502 808 3548 et
827 3506 1108 3564 prospera,
1135 3505 1324 3545 verum
1353 3489 1513 3543 etiam
1541 3503 1664 3557 qua
1689 3488 1886 3544 acerba

315 3587 585 3648 videntur,
619 3603 724 3639 non
757 3600 915 3642 secus
943 3599 1004 3638 ac
1037 3583 1121 3638 sol
1169 3583 1257 3636 hie
1310 3590 1533 3651 aspectu
1587 3581 1883 3646 sensibilis,

315 3695 426 3733 non
444 3678 589 3733 veris
616 3678 876 3731 duntaxat
899 3683 952 3729 et
973 3674 1178 3729 astatis
1209 3688 1375 3728 causa
1398 3681 1500 3738 est,
1522 3672 1614 3726 sed
1636 3671 1886 3725 autumni

320 3779 373 3825 et
409 3768 627 3823 hiemis.
649 3768 712 3820 Et
739 3763 1198 3836 quemadmodum
1223 3765 1373 3832 prius
1395 3763 1578 3817 lumen
1607 3763 1884 3817 conditum

313 3869 420 3924 est,
451 3857 646 3910 deinde
667 3855 757 3909 illa
779 3853 1003 3909 luminis
1029 3851 1248 3916 domus,
1269 3853 1371 3904 hoc
1401 3859 1486 3904 est
1503 3849 1634 3906 solis
1653 3864 1886 3918 corpus:

314 3963 396 4002 sic
427 3947 678 4001 Christus
712 3945 801 3999 lux
833 3943 923 3997 illa
957 3957 1106 4008 vera,
1131 3941 1429 3996 secundum
1467 3940 1704 3994 divinam
1731 3954 1885 3995 suam

317 4049 566 4102 naturam
593 4038 745 4109 prius
768 4045 905 4102 erat,
940 4034 1241 4090 secundum
1295 4033 1656 4102 posteriorem
1705 4041 1885 4086 autem

316 4130 674 4187 inmanitatis
719 4137 774 4184 et
816 4127 997 4184 carnis
1027 4125 1462 4194 assumptionem
1484 4125 1617 4179 solis
1671 4125 1887 4193 corpori

316 4222 623 4294 comparari
652 4229 848 4292 potest.
882 4221 1060 4288 Atque
1090 4217 1160 4272 ob
1194 4231 1288 4272 eas
1312 4229 1506 4271 causas
1529 4215 1612 4271 sol
1633 4215 1887 4271 Christus

319 4317 632 4372 nominatur
668 4313 940 4382 :justitia
971 4321 1174 4376 autem,
1235 4319 1294 4363 ut
1333 4321 1548 4362 omnem
1604 4307 1658 4361 in
1706 4308 1887 4376 seipso

317 4423 426 4464 tam
464 4409 706 4464 divinam
754 4420 916 4476 quam
948 4405 1236 4458 humanam
1272 4401 1522 4456 virtutem
1545 4401 1886 4471 complexus.

1985 550 2198 614 attinet,
2225 550 2604 606 circumscribi
2635 566 2742 606 non
2775 559 2976 620 potest,
3001 561 3265 620 quantum
3291 557 3474 604 autem
3493 553 3562 606 ad

1985 641 2174 698 orbem
2252 659 2438 708 suum,
2473 645 2922 713 circumscriptus
2971 652 3108 699 est:
3159 643 3240 698 sic
3287 643 3562 708 Christus,

1985 745 2250 805 quantum
2306 737 2373 790 ad
2405 736 2747 791 divinitatem
2782 736 2933 790 nullo
2989 736 3150 790 tnodo
3187 734 3562 790 circumscribi

1986 841 2190 900 potest,
2253 841 2516 902 quantum
2564 833 2630 886 ad
2671 841 2876 900 partem
2940 832 3234 898 visibilem,
3274 831 3328 886 id
3361 841 3464 895 est,
3495 831 3563 886 ad

1986 935 2231 989 carnem,
2265 923 2718 994 circumscriptus
2740 935 2839 977 est.
2888 926 3064 993 Atque
3092 924 3256 978 etiam
3311 923 3565 980 Christus

1987 1011 2266 1068 benedicta
2295 1029 2495 1069 corona
2525 1015 2878 1086 benignitatis
2920 1025 3028 1080 est,
3052 1017 3208 1086 juxta
3246 1016 3376 1070 illud
3404 1015 3566 1070 Davi-

1985 1104 2168 1160 dicum
2192 1123 2205 1160 :
2233 1105 2518 1162 Bcnedices
2545 1124 2754 1162 coronae
2784 1109 2912 1162 anni
2945 1109 3278 1178 benignitatis
3315 1117 3418 1162 tua!
3446 1107 3486 1160 ⁸.
3521 1107 3566 1159 Α

1987 1197 2102 1251 sole
2137 1197 2355 1266 quidem
2379 1212 2576 1259 annus.
2607 1198 2676 1253 ab
2711 1213 2858 1254 anno
2912 1206 3092 1253 autem
3128 1213 3325 1254 corona
3385 1207 3565 1252 trans-

1988 1298 2203 1359 sumpta
2226 1299 2307 1344 est
2331 1289 2768 1360 (quadripartitis
2794 1290 2938 1344 enim
2971 1290 3308 1359 temporibus
3326 1289 3566 1344 circulus

1987 1380 2116 1434 anni
2139 1382 2354 1436 cinctus
2384 1381 2490 1450 est)
2512 1397 2541 1436 a
2568 1396 2770 1437 corona
2803 1396 2993 1436 rursus
3009 1382 3291 1451 aequalitas
3319 1399 3332 1434 :
3358 1391 3565 1436 corona

1987 1473 2131 1526 enim
2171 1482 2390 1544 prepter
2424 1474 2686 1528 circulum
2732 1472 2959 1542 aequalis
2987 1483 3087 1528 est.
3111 1473 3324 1529 Corona
3383 1477 3568 1545 itaque

1987 1563 2241 1620 Christus
2269 1573 2376 1629 est,
2427 1572 2616 1634 utpote
2661 1565 2998 1620 credentium
3047 1566 3262 1622 animos
3292 1582 3569 1624 exornans

1989 1664 2148 1727 atque
2164 1656 2561 1712 condecorans.
2624 1656 2816 1711 Annus
2835 1666 3014 1711 autem
3038 1656 3409 1728 benignitatis,
3431 1667 3571 1714 tem-

1990 1765 2092 1818 pus
2125 1747 2252 1803 illud
2286 1757 2423 1815 erat,
2456 1763 2566 1818 quo
2591 1748 2845 1804 Christus
2882 1749 3124 1804 bonitate
3158 1758 3358 1816 motus,
3388 1750 3566 1805 Evan-

1987 1842 2186 1912 gelium
2213 1842 2617 1911 promulgabat,
2662 1843 3126 1912 quemadmodum
3181 1844 3249 1898 de
3275 1859 3338 1898 eo
3394 1843 3566 1900 fsaias

1989 1933 2214 2003 inquit:
2272 1932 2656 2004 Evnngelizare
2709 1936 3026 2004 pauperibus
3064 1938 3206 1991 misit
3254 1954 3355 2004 me,
3382 1955 3570 1998 vocare

1985 2041 2185 2080 annum
2213 2025 2429 2080 Domini
2447 2027 2820 2095 acceptabilem
2841 2028 2884 2080 ⁸.
2915 2027 3057 2098 Ergo
3084 2044 3284 2084 corona
3308 2028 3461 2087 ωιιηί
3500 2046 3568 2085 ex

1985 2127 2140 2186 parte
2158 2116 2262 2172 sibi
2283 2118 2509 2188 aqualis
2539 2126 2640 2172 est.
2663 2118 2874 2172 Etenim
2890 2119 2934 2173 si
2955 2121 3078 2189 quis
3100 2120 3296 2175 lineam
3315 2137 3346 2176 a
3370 2137 3568 2192 super-

1986 2222 2057 2263 na
2101 2208 2545 2264 circumferentia
2577 2210 2646 2263 ad
2668 2210 2982 2266 inferiorem
3015 2212 3261 2279 duxerit,
3286 2230 3349 2270 ac
3369 2230 3566 2270 ru:-sus

1989 2303 2340 2354 transversim
2356 2299 2496 2355 idem
2521 2300 2732 2366 fecerit,
2751 2301 2979 2372 aqualia
3001 2303 3284 2359 intervalla
3312 2306 3565 2371 reperiet.

1991 2391 2198 2448 Similis
2227 2395 2354 2448 item
2406 2393 2506 2448 sibi
2557 2408 2760 2448 corona
2794 2405 2902 2462 est,
2939 2397 3064 2464 quia
3106 2400 3255 2453 omni
3292 2414 3356 2453 ex
3417 2409 3570 2468 parte

1995 2484 2189 2540 similis
2241 2485 2411 2554 ipsius
2447 2486 2618 2554 figura
2677 2488 2969 2542 cernitur:
3029 2489 3385 2560 undiquaqne
3418 2492 3566 2546 enim

1991 2576 2225 2631 rotunda
2255 2577 2758 2634 cernitur.Proinde
2789 2591 2843 2634 et
2893 2579 3170 2646 Christus,
3203 2592 3470 2651 quantum
3497 2584 3568 2638 ad

1995 2667 2416 2731 humanitatem,
2473 2669 2826 2739 benignitatis
2876 2686 3079 2726 corona
3132 2673 3352 2736 dicitur,
3391 2687 3448 2728 ut
3498 2690 3568 2730 ex

1993 2759 2246 2813 omnibus
2277 2759 2576 2814 virtutibus
2605 2761 2900 2827 conflatus,
2949 2778 3049 2816 nec
3081 2763 3248 2817 ullum
3306 2764 3568 2820 bonitatis

1985 2850 2320 2921 justitiaque
2353 2852 2512 2905 finem
2552 2853 2776 2919 habens,
2802 2854 2963 2923 cujus
2983 2854 3210 2923 jnstitia
3242 2857 3458 2927 pr0pria
3483 2865 3570 2912 est

1991 2942 2294 3012 aequalitas,
2331 2942 2383 2997 id
2415 2951 2518 3008 est,
2552 2951 2732 2998 utnec
2765 2945 3010 3008 excedat,
3036 2961 3137 2999 nec
3161 2946 3404 3003 deflciat.
3429 2947 3564 3003 Nam

1992 3047 2254 3088 excessus
2280 3044 2336 3089 et
2382 3032 2643 3100 defectus,
2671 3049 2778 3089 non
2820 3049 2849 3088 a
2887 3038 3086 3091 virtute
3117 3052 3218 3092 nec
3271 3053 3301 3093 a
3351 3038 3566 3107 justitia

1993 3123 2266 3187 oriuntur,
2297 3124 2389 3178 sed
2409 3140 2437 3178 a
2469 3124 2599 3179 vitio
2629 3134 2681 3179 et
2703 3125 2994 3194 iniustitia.
3026 3127 3090 3183 Et
3110 3129 3568 3197 quemadmodum

1991 3220 2072 3273 sol
2115 3218 2426 3286 quantitate
2474 3218 2702 3286 aequalis
2721 3230 2826 3283 est,
2869 3227 2926 3273 ut
2993 3235 3093 3275 nec
3131 3237 3434 3290 augescens
3463 3239 3567 3278 nec

1989 3309 2336 3374 decrescens,
2356 3307 2615 3377 qualitate
2631 3307 2794 3362 etiam
2822 3307 3040 3376 similis,
3064 3311 3234 3380 utqui
3266 3326 3366 3367 nec
3385 3313 3570 3382 seipse

1989 3399 2239 3463 calidior,
2261 3414 2360 3454 nec
2393 3399 2638 3469 frigidior
2674 3400 2767 3454 fiat
2800 3416 2815 3454 :
2852 3401 2934 3456 sic
2959 3401 3142 3456 divina
3179 3403 3267 3457 illa
3295 3413 3347 3458 et
3369 3404 3570 3459 immu-

1989 3490 2170 3546 tabilis
2201 3499 2391 3545 natura
2420 3506 2595 3560 neque
2616 3493 2920 3546 secundum
2959 3495 3342 3562 quantitatem,
3389 3510 3568 3565 neque

1990 3583 2291 3636 secundum
2312 3582 2656 3651 qualitatem,
2676 3597 2850 3652 neque
2877 3584 3173 3638 secundum
3205 3585 3368 3638 ullam
3401 3586 3562 3641 aliam

1990 3682 2174 3727 motus
2205 3673 2443 3740 speciem
2504 3681 2779 3727 movetur.
2821 3671 3058 3727 Proinde
3096 3683 3150 3728 et
3211 3675 3436 3744 aqualis
3483 3685 3570 3731 est

1987 3764 2268 3828 Christus,
2307 3771 2368 3816 ut
2431 3776 2533 3817 nec
2573 3762 2638 3816 ad
2678 3777 2964 3818 excessum
3026 3762 3328 3828 declinans,
3366 3779 3465 3819 nec
3499 3766 3570 3820 ad

1989 3853 2286 3917 defectum,
2315 3853 2410 3908 sed
2441 3867 2657 3908 onmem
2685 3853 2906 3909 virtutis
2933 3855 3304 3922 aequalitatem
3330 3856 3565 3913 habens:

1989 3955 2045 4001 et
2075 3945 2202 3998 item
2249 3945 2500 4014 aqualis,
2566 3953 2626 3999 ut
2672 3946 2806 4000 nihil
2859 3946 3199 4002 contrarium
3270 3947 3325 4002 in
3381 3947 3564 4017 seipso

1989 4035 2306 4102 ostendens,
2340 4036 2572 4092 autaliis
2597 4051 2915 4106 suggerens,
2948 4052 3135 4092 verum
3163 4038 3364 4094 similia
3385 4040 3568 4094 omnia

1989 4137 2104 4181 tum
2135 4125 2359 4193 faciens,
2407 4136 2520 4181 tum
2568 4127 2796 4184 docens.
2832 4127 2944 4184 Nec
2981 4144 3110 4186 vero
3136 4131 3208 4186 ob
3239 4131 3338 4186 has
3369 4130 3570 4186 dunta-

1991 4227 2084 4274 xat
2114 4233 2310 4273 causas
2347 4218 2432 4273 sol
2459 4217 2714 4274 Christus
2738 4218 2962 4284 dicitur,
2998 4221 3094 4275 sed
3131 4221 3297 4275 etiam
3338 4231 3400 4276 ut
3457 4222 3570 4276 vir-

1990 4318 2168 4366 tutum
2197 4309 2463 4364 circulum
2493 4311 2840 4379 prOgignens.
2872 4308 3145 4364 Virtutum
3182 4313 3326 4365 enim
3355 4313 3567 4366 semina

1994 4404 2201 4458 nostris
2255 4402 2453 4456 animis
2509 4401 2672 4458 insita
2703 4400 2866 4466 fovet,
2902 4409 3065 4471 atque
3105 4403 3172 4456 ad
3234 4402 3567 4458 fertilitatem

321 4500 413 4555 Vel
432 4500 557 4569 quia
579 4498 809 4570 justitia
836 4497 1014 4551 omnis
1045 4494 1371 4549 mortalibus
1395 4502 1480 4548 est
1507 4500 1719 4559 auctor,
1745 4509 1888 4563 quo-
1923 4517 1966 4571 ο
1993 4503 2192 4554 movet,
2225 4508 2334 4548 non
2367 4507 2528 4548 secus
2559 4501 2724 4560 atque
2750 4493 2830 4547 sol
2862 4493 3141 4547 sensibilis
3172 4502 3411 4562 quatuor
3435 4497 3566 4547 anni

318 4592 460 4646 niam
485 4592 552 4646 ad
577 4606 700 4646 eum
729 4587 1072 4644 referendum
1093 4595 1176 4640 εει
1203 4585 1463 4654 quidquid
1483 4584 1552 4638 ab
1573 4586 1886 4640 hominibus

318 4693 462 4739 tecte
492 4697 557 4737 ac
583 4698 708 4737 cum
740 4681 898 4735 laude
927 4679 1150 4750 geritur.
1203 4675 1300 4732 Est
1330 4687 1384 4732 et
1417 4677 1520 4730 alia
1547 4691 1737 4739 causa,
1788 4691 1887 4730 cur

315 4775 568 4830 Christus
590 4775 671 4830 sol
693 4772 1012 4843 appelletur,
1037 4771 1294 4824 nimirum
1325 4777 1382 4822 ut
1411 4778 1712 4836 temporum
1731 4781 1886 4821 crea-

319 4879 427 4933 tor,
461 4865 922 4937 quemadmodum
969 4863 1061 4916 hic
1121 4875 1338 4930 quoque
1381 4860 1462 4914 sol
1517 4868 1706 4914 noster
1758 4859 1886 4912 anni

316 4963 536 5016 effector
570 4970 678 5017 est.
725 4961 904 5028 Atque
933 4965 994 5011 ut
1029 4956 1117 5010 hic
1161 4970 1304 5009 anno
1356 4964 1623 5018 vertente,
1647 4952 1712 5006 ad
1744 4953 1882 5006 idem

318 5064 601 5124 punctum,
627 5068 656 5105 a
717 5064 827 5120 quo
864 5063 1083 5102 cursum
1103 5047 1414 5113 auspicatus
1433 5042 1630 5106 fuerat,
1656 5042 1887 5098 revolvi-

321 5147 662 5200 tur:codetn
708 5143 868 5196 modo
913 5139 1166 5194 Christus
1213 5153 1244 5190 a
1292 5137 1474 5191 divina
1531 5135 1703 5205 gloria
1747 5138 1882 5188 citra

317 5237 684 5307 egressionem
742 5248 1016 5304 egressus,
1070 5229 1498 5300 dispensationis
1550 5243 1664 5282 sua
1715 5242 1882 5281 cursu

319 5338 561 5399 peracto,
580 5343 775 5381 rursus
799 5325 865 5378 ad
891 5325 1129 5391 seipsum
1159 5335 1410 5376 reversus
1439 5328 1545 5385 est,
1579 5320 1682 5372 hoc
1703 5330 1788 5372 est
1817 5318 1886 5370 ad

321 5422 605 5490 pristinam
631 5423 855 5487 gloriam
881 5426 933 5470 et
953 5415 1269 5484 potentiam.
1298 5412 1433 5466 llinc
1451 5411 1611 5480 igitur
1635 5410 1888 5464 Christus

324 5512 604 5583 profectus
645 5519 747 5576 est,
771 5521 933 5577 atque
963 5509 1067 5561 huc
1100 5506 1270 5569 venit,
1303 5505 1406 5559 hoc
1429 5514 1512 5558 est
1539 5517 1605 5556 ex
1648 5501 1809 5555 Patre
1837 5509 1892 5555 et

326 5606 488 5670 calo,
515 5619 624 5674 quo
643 5602 889 5659 confecto
906 5601 1098 5657 salutis
1116 5607 1315 5655 nostra
1344 5601 1580 5666 negotio,
1603 5609 1661 5650 se
1677 5595 1889 5662 recipit.

394 5765 414 5795 ²
451 5766 557 5818 lsa.
589 5778 713 5830 vni,
739 5763 792 5816 5.
869 5760 888 5791 ⁸
925 5757 1058 5813 Luc.
1115 5773 1152 5824 t,
1180 5757 1271 5810 48.
1345 5756 1368 5788 δ
1391 5755 1619 5811 Malach.
1651 5771 1725 5821 tv,
1749 5756 1802 5808 2.

1919 5751 2119 5810 'Psal.
2179 5768 2325 5821 L\'lV,
2383 5753 2464 5804 1-2..

1992 4583 2328 4654 temporibus
2359 4582 2504 4638 vires
2530 4582 2795 4652 quasdam
2827 4582 3040 4649 inserit,
3079 4598 3176 4652 per
3203 4598 3340 4654 quas
3358 4583 3570 4640 fructus

1994 4687 2152 4730 terra:
2207 4683 2606 4740 maturescunt,
2661 4688 2727 4727 ac
2768 4674 3147 4742 perficiuntur.
3203 4675 3343 4732 illud
3383 4689 3568 4733 autem

1994 4765 2317 4828 notandum,
2352 4764 2496 4830 quod
2525 4761 2821 4831 Gregorius
2846 4778 2957 4816 non
2989 4765 3127 4819 dixit
3148 4765 3318 4822 Deum
3338 4768 3570 4822 virtutes

1995 4872 2200 4922 creare,
2222 4857 2313 4910 sed
2332 4856 2643 4923 ζωογονεῖν,
2670 4854 2722 4907 id
2755 4863 2859 4921 est,
2892 4855 3236 4925 progignere,
3275 4859 3356 4912 vel
3389 4859 3568 4927 poti-is

1993 4951 2060 5004 ad
2094 4951 2254 5004 vitam
2291 4949 2612 5018 producere,
2645 4955 2702 5000 ut
2739 4947 3106 5017 intelligamus
3159 4951 3410 5006 virtutem
3448 4953 3569 5019 qui-

1993 5043 2116 5098 dem
2155 5052 2350 5097 natura
2385 5041 2544 5096 nobis
2601 5041 2802 5104 inesse,
2831 5056 3018 5095 verum
3050 5057 3146 5110 per
3208 5043 3382 5110 ipsius
3409 5059 3566 5112 opem

1993 5142 2157 5203 atque
2186 5134 2447 5187 auxilium
2486 5134 2760 5203 progigni,
2797 5133 2901 5186 hoc
2922 5139 3024 5195 est,
3079 5133 3341 5201 impetum
3377 5148 3568 5202 quem-

1993 5227 2117 5278 dam
2155 5233 2210 5278 et
2243 5233 2450 5278 ntotum
2475 5225 2748 5294 accipere,
2805 5239 2870 5277 ac
2901 5225 3119 5279 tandem
3162 5225 3371 5293 perfici.
3399 5226 3569 5294 idque

1994 5332 2126 5371 sane
2160 5317 2372 5371 merito.
2431 5315 2564 5370 Nam
2631 5317 2678 5370 si
2711 5318 2863 5370 calor
2924 5315 3046 5371 vita
3097 5331 3263 5371 causa
3297 5325 3401 5381 est,
3440 5332 3566 5369 cum

1994 5409 2247 5464 Christus
2271 5409 2353 5463 sol
2381 5408 2710 5473 nominetur,
2743 5409 2884 5464 idem
2911 5407 3152 5476 profecto
3170 5407 3399 5461 virtutes
3411 5407 3569 5463 nobis

1999 5502 2194 5555 insitas
2219 5500 2545 5554 calefaciens
2564 5512 2619 5555 et
2638 5499 2956 5563 confovens,
2979 5499 3130 5554 vivas
3158 5499 3390 5570 denique
3405 5511 3569 5569 atque

2000 5593 2289 5663 agitabiles
2343 5591 2540 5647 reddit.
2584 5591 2763 5660 Atque
2796 5600 2856 5645 ut
2899 5589 3030 5644 anni
3081 5598 3327 5660 tempora
3379 5591 3566 5646 leniter

2545 5752 2564 5782 ⁸
2606 5751 2709 5807 lsa.
2745 5766 2855 5814 ut,
2887 5749 2907 5802 l
2944 5767 2959 5814 ;
3003 5749 3132 5806 Luc.
3187 5767 3258 5813 tv,
3321 5751 3402 5804 l8.
