4024 6292
497 303 636 369 1.59

1913 290 2294 352 ADDENDA.

3601 274 3732 355 lato

492 415 637 468 inter
664 425 723 467 se
747 409 1194 465 commiscentur.
1233 404 1420 476 Neque
1457 402 1604 459 enim
1647 400 1830 457 subito
1855 399 1925 456 ab
1960 415 2069 454 uno
2099 403 2147 463 Α
2172 397 2385 454 celatus
2413 414 2586 470 agnus
2615 410 2719 464 est,
2750 398 2842 468 qui
2873 397 3019 453 nulla
3045 397 3165 454 labe
3208 398 3448 466 vitiatus,
3479 414 3578 456 nec
3623 417 3737 454 llltl-

493 504 766 562 contrario
781 504 845 557 ad
865 503 1094 556 alterum
1116 499 1174 553 ιιι
1194 498 1446 562 mutatio,
1467 510 1656 550 verum
1687 494 1847 565 quasi
1877 508 1974 563 per
1991 493 2071 546 in-

493 599 882 655 tervcntionem
911 605 965 648 et
991 589 1733 660 conciliationemquamdam
1765 583 2070 641 intermedii

493 685 974 760 temporis.Neque
996 685 1144 740 enim
1162 682 1344 738 statim
1380 682 1451 738 ab
1489 686 1678 737 aestate
1721 679 1787 734 ad
1836 678 2070 732 hiemem

492 782 810 847 transimus,
837 779 929 834 sed
959 792 1051 847 per
1074 775 1318 831 medium
1342 784 1666 830 autumnum
1691 770 1755 825 ad
1773 778 2073 838 utrumque

490 869 983 932 assuescimus.SEc
1019 883 1120 924 nec
1149 879 1178 920 a
1200 882 1324 922 vere
1354 865 1536 921 statim
1573 864 1639 920 ad
1659 873 1980 918 autumnum
2014 858 2072 913 fit

493 966 878 1037 mutatio(nam
897 963 1010 1018 haec
1024 959 1462 1031 quoqueinterse
1473 956 1755 1012 dissident.
1777 951 1909 1010 Illud
1924 950 2069 1006 enim

495 1073 583 1114 res
601 1071 696 1114 cas
715 1070 834 1126 quae
847 1061 1150 1108 nascuntur
1167 1056 1346 1104 movet
1366 1064 1380 1100 :
1406 1048 1485 1102 sic
1504 1045 1722 1102 easdem
1744 1041 1987 1111 corrupit
2007 1055 2072 1095 ac

496 1149 712 1222 perimit
729 1165 743 1202 :
760 1160 945 1202 verum
981 1155 1141 1200 testas
1162 1141 1446 1211 interiecta
1472 1155 1531 1193 ca
1557 1140 1699 1192 inter
1716 1152 1775 1191 se
1791 1134 2071 1198 conciliat,

491 1242 709 1312 quippe,
755 1245 961 1308 quaent
999 1243 1176 1290 motus
1225 1233 1368 1297 linis,
1417 1232 1488 1284 ita
1528 1227 1896 1299 corruptionis
1942 1227 2074 1280 inte-

494 1336 740 1402 ritnsque
795 1328 1116 1400 principium
1145 1334 1246 1381 est.
1267 1323 1410 1379 Idem
1446 1325 1499 1376 in
1533 1321 1824 1375 virtutibus
1857 1333 2074 1389 quoque

490 1422 923 1478 animadvertere
942 1421 1086 1474 licet:
1109 1432 1231 1472 nam
1256 1419 1336 1471 hae
1356 1415 1549 1469 blande
1567 1429 1631 1468 ac
1650 1412 1841 1467 leniter
1857 1412 1999 1467 inter
2014 1425 2074 1466 se

489 1515 915 1584 coniunguntur.
947 1509 1189 1579 Exempli
1214 1509 1409 1575 gratia,
1442 1505 1755 1560 fortitudini
1787 1503 2071 1559 adversari

491 1609 710 1678 quidem
742 1605 955 1659 videtur
989 1601 1302 1664 clementia,
1363 1608 1418 1654 et
1463 1607 1648 1654 tamen
1682 1595 2074 1669 longanimitas

491 1699 856 1756 interveniens
895 1705 1183 1764 utramque
1215 1708 1338 1746 cum
1372 1692 1540 1746 altera
1575 1689 1880 1760 coniungit.
1926 1688 2072 1742 Lon-

493 1789 784 1859 ganlmitas
821 1784 1320 1842 enimdilationem
1374 1782 1667 1853 quamdam
1711 1781 1807 1836 irae
1862 1778 2068 1850 signiﬁ-

490 1893 617 1936 care
650 1878 890 1942 videtur,
942 1889 1242 1946 congruum
1287 1872 1584 1929 inferendae
1636 1887 1813 1943 prenso
1852 1881 2068 1939 tempus

496 1981 841 2044 exspectans.
883 1971 953 2025 At
1006 1968 1292 2026 clementia
1326 1966 1606 2037 tranquilli
1641 1965 1810 2020 animi
1861 1973 2066 2019 statum

490 2079 556 2123 ac
583 2065 876 2136 perfectam
907 2063 1003 2117 irae
1034 2061 1498 2132 compressionem
1535 2058 1759 2112 indicat.
1795 2061 1971 2126 Atque
1997 2055 2069 2112 ob

478 2171 610 2211 eam
640 2169 862 2211 causam
886 2153 1271 2224 longanimitas
1295 2149 1594 2220 prudentia:
1623 2147 1837 2202 laudem
1870 2146 2063 2201 habet:

492 2257 548 2304 at
577 2248 668 2319 qui
713 2247 1060 2303 clementiam
1086 2241 1358 2305 habuerit,
1387 2250 1444 2295 ιιι
1470 2239 1777 2296 absolutam
1811 2238 2068 2294 onibus

492 2338 739 2396 numeris
798 2339 1054 2390 virtutem
1129 2342 1442 2397 assecutus,
1509 2329 1703 2384 beatus
1786 2335 2061 2384 censetur.

481 2431 692 2488 Eadem
721 2438 806 2484 est
847 2428 902 2481 in
931 2424 1218 2496 prudentia
1252 2424 1409 2477 ratio.
1435 2421 1570 2477 Nam
1622 2431 1677 2476 et
1723 2419 2062 2489 simplicitas,

491 2519 780 2578 rationalis
819 2517 1015 2572 anima:
1042 2517 1212 2586 partis
1247 2516 1417 2570 virtus
1449 2524 1554 2577 est,
1606 2522 1663 2568 et
1701 2511 1974 2567 calliditas
1999 2527 2064 2568 ac

491 2611 782 2686 sapientia.
813 2610 905 2664 Hae
951 2617 1128 2662 autem
1169 2605 1563 2675 dijudieatricis
1617 2604 1832 2661 virtutis
1891 2605 2064 2659 inter-

489 2713 656 2760 ventu
706 2703 849 2757 inter
881 2717 939 2755 se
993 2699 1320 2770 junguntur.
1376 2699 1530 2764 Quod
1559 2697 1724 2752 etiam
1757 2697 1813 2752 in
1855 2698 2064 2752 caeteris

481 2797 732 2868 reperire
753 2803 855 2850 est.
882 2793 1000 2850 Jam
1052 2807 1178 2848 vero
1212 2810 1320 2846 non
1345 2792 1524 2846 solum
1562 2791 1789 2848 virtutes
1818 2791 1962 2848 inter
2002 2806 2065 2849 se

485 2889 921 2958 coniunguntur,
987 2884 1082 2941 sed
1131 2885 1293 2939 etiam
1336 2892 1732 2952 temperantur,
1791 2884 1896 2938 hoc
1950 2893 2059 2947 est.

489 2989 616 3038 tota:
639 2979 768 3035 totis
799 2977 1245 3033 commiseentur.
1281 2976 1462 3031 Potest
1491 2977 1638 3032 enim
1668 2977 1806 3040 fieri,
1826 2985 1884 3031 ut
1905 2975 2063 3046 quis-

487 3077 633 3141 piam
669 3071 856 3133 simul,
887 3078 941 3125 et
972 3068 1201 3140 simplex
1249 3068 1341 3133 sit,
1369 3077 1424 3123 et
1454 3069 1704 3134 callidus,
1736 3068 1974 3124 clemens
2008 3077 2064 3124 ει
2091 3103 2136 3163 c

483 3164 827 3222 fortitudinis
892 3163 1106 3232 plenus,
1165 3160 1452 3216 continens
1540 3169 1596 3215 et
1649 3160 2058 3229 cupidissimus.

476 3257 908 3328 Cmtjttnguntur
956 3269 1118 3324 porro
1147 3253 1264 3322 lege
1318 3251 1573 3306 amicitiae
1604 3262 1767 3322 atque
1799 3252 2012 3308 ordinis
2043 3269 2060 3307 :

491 3349 742 3403 amicitiae
773 3346 1018 3414 quidem,
1043 3352 1262 3413 propter
1291 3342 1641 3398 concordiam
1670 3357 1685 3408 ;
1721 3342 1929 3399 ordinis
1958 3357 2062 3399 att-

489 3452 621 3505 tem,
669 3438 796 3509 quia
828 3438 933 3492 alia
990 3437 1165 3506 prima
1199 3442 1307 3498 est,
1358 3433 1530 3488 altera
1585 3435 1847 3501 secunda,
1901 3443 1955 3488 et
1983 3435 2064 3490 sic

493 3533 776 3600 deinceps.
841 3528 977 3584 Nam
1035 3537 1095 3583 ut
1156 3527 1212 3582 in
1261 3526 1389 3580 anui
1437 3526 1772 3596 temporibus
1814 3527 2061 3584 ordinem

491 3625 782 3692 quemdam
816 3620 1126 3692 perspicere
1147 3619 1292 3683 licet,
1332 3618 1412 3674 sic
1445 3619 1606 3673 etiam
1664 3620 1719 3674 in
1746 3621 2060 3677 virtutibus.

489 3713 868 3771 Communiter
892 3713 1038 3767 enim
1083 3711 1319 3766 Inorales
1350 3711 1711 3780 speculativas
1732 3715 2062 3782 praaccdunt.

493 3809 672 3876 Atque
701 3806 838 3861 adeo
885 3804 938 3857 in
979 3803 1114 3872 ipsis
1138 3813 1357 3871 quoque
1385 3801 1684 3856 moralibus
1707 3817 2061 3874 permagnum

491 3901 766 3970 quoddam
816 3897 1113 3952 discrimen
1144 3905 1250 3959 est,
1291 3902 1347 3949 ει
1389 3894 1618 3965 insignis
1662 3899 1818 3951 ordo.
1878 3895 2066 3950 Timor

489 3989 662 4052 enim,
726 3987 898 4054 magis
943 3994 1027 4041 est
1080 3984 1813 4041 t-udimentarins:cltaritas
1858 3998 2064 4052 autem,

495 4078 806 4150 perfectior.
838 4073 908 4130 At
937 4077 1202 4130 virtutum
1230 4077 1416 4131 orbem
1447 4076 1679 4132 intuere.
1713 4075 1901 4132 Timor
1926 4074 2064 4134 con-

494 4171 779 4226 tinetttiam
823 4170 980 4240 parit,
1045 4168 1158 4224 haec
1218 4167 1557 4238 patientiam,
1597 4169 1852 4238 patientia
1911 4185 2064 4239 spem

490 4263 906 4334 tranquillitatis
950 4272 1204 4327 matrem,
1234 4277 1302 4317 ex
1342 4277 1449 4332 qua
1482 4277 1675 4318 rursus
1720 4265 1883 4318 timor
1939 4279 2066 4334 pro-

492 4369 728 4413 creatur.
762 4357 972 4428 Duplex
992 4363 1077 4411 est
1107 4356 1252 4412 enim
1291 4355 1474 4422 timor,
1527 4356 1665 4410 alter
1694 4356 2080 4424 elementaris,

493 4454 582 4522 qui
615 4466 789 4521 pmnte
819 4459 962 4504 metu
1001 4449 1341 4518 exprimitur,
1373 4449 1440 4503 de
1467 4464 1578 4518 quo
1609 4450 1688 4504 ait
1738 4448 2021 4519 Scriptura
2051 4467 2065 4504 :

497 4543 825 4612 Principium
849 4543 1140 4610 saiiientiw,
1172 4542 1328 4596 timor
1364 4539 1654 4610 Donrini';
1685 4552 1779 4597 et:
1832 4541 2072 4612 Perfecta

494 4635 727 4688 Charitas
761 4634 907 4702 foras
951 4636 1113 4688 mittit
1170 4634 1412 4687 timorem
1439 4634 1482 4687 ⁸.
1505 4634 1658 4689 Alter
1697 4633 2070 4704 perfectriccm

497 4727 603 4780 vim
637 4725 863 4792 habens,
898 4741 998 4780 nec
1024 4727 1210 4780 sitiens
1251 4743 1352 4780 nos
1410 4741 1478 4781 ex
1510 4727 1802 4784 immodica
1854 4727 2071 4785 licentia

498 4816 552 4866 in
585 4821 959 4880 contemptum
1003 4814 1134 4867 labi.
1170 4814 1242 4868 De
1272 4829 1383 4884 quo
1431 4816 1511 4870 sic
1559 4817 1801 4884 loquitur
1853 4815 2022 4872 David
2055 4835 2099 4878 :~

499 4902 682 4957 Timor
717 4901 930 4955 Domini
956 4913 1170 4955 sanctus
1198 4903 1238 4955 ⁸.
1283 4903 1346 4955 Ει
1384 4917 1574 4958 rursus
1607 4903 1767 4958 :Non
1792 4914 1870 4958 est
1889 4905 2066 4976 inopia

499 4995 802 5049 timentibus
872 5005 988 5045 eum
1039 4993 1104 5045 ".
1131 4992 1272 5058 Quin
1309 4994 1473 5047 etiam
1509 5001 1745 5063 quatuor
1790 4999 2066 5066 generales

501 5087 751 5151 virtutes,
803 5083 1086 5151 fortitudo,
1125 5085 1437 5156 prudentia,
1473 5088 1833 5156 temperantia
1867 5098 1920 5143 et
1973 5089 2064 5158 ju-

497 5179 669 5244 stitia,
693 5177 992 5232 circulares
1015 5193 1235 5248 quoque
1267 5177 1372 5233 dici
1396 5179 1606 5248 possint
1637 5194 1648 5233 :
1676 5181 1824 5250 quod
1851 5183 2059 5236 circum

489 5287 588 5328 cas
624 5279 886 5342 perpetuo
918 5284 1073 5325 tuens
1123 5271 1438 5340 imperatrix
1477 5281 1742 5340 versetur,
1773 5274 1921 5343 ipsas
1953 5277 2064 5328 cir-

495 5364 740 5419 cumiens
769 5373 821 5417 et
838 5362 1319 5417 circumlustrans.
1340 5364 1512 5432 Atque
1537 5365 1652 5419 hac
1673 5365 1738 5420 ad
1763 5365 1949 5419 annuli
1969 5379 2064 5419 ex-

505 5455 849 5523 plicationem
878 5453 1023 5508 dicta
1043 5453 1336 5507 sufﬁciant.
1359 5452 1511 5509 Nunc
1531 5455 1733 5519 dicam,
1754 5470 2062 5524 curagnutn

505 5549 912 5604 immaculatum
941 5557 998 5603 et
1025 5546 1400 5618 incorruptum
1435 5561 1558 5604 esse
1574 5557 1842 5618 oporteat.
1868 5549 2068 5602 imma-

567 5706 587 5735 "
617 5702 764 5758 Psal.
790 5719 878 5770 cx,
920 5706 1000 5762 ιο.
1077 5706 1098 5736 ⁸
1129 5703 1327 5760 lJoan.
1359 5720 1431 5772 tv,
1467 5707 1549 5759 18,
1627 5705 1812 5762 ’Psal.
1846 5721 1999 5772 xvtn,
2034 5707 2115 5760 l0.

2105 1751 2144 1804 Β

2173 490 2420 546 tilalione
2459 491 2691 548 fmdatus
2739 503 2823 548 est
2855 510 2869 546 :
2903 493 3254 561 incorruptus
3296 501 3502 554 autem,
3537 493 3629 562 qui
3658 509 3743 548 re-

2173 582 2377 651 probus
2417 599 2525 638 non
2553 592 2659 649 est,
2719 594 2815 638 aut
2842 585 2914 638 ob
2947 584 3108 638 aliam
3137 599 3362 638 causam
3399 583 3740 653 rejiciendus.

2176 673 2505 732 Athristns
2545 691 2662 731 non
2685 677 2863 732 solum
2895 677 3276 730 innnaculatus
3315 677 3428 745 ipse
3458 685 3564 741 est,
3591 688 3745 747 atque

2174 770 2542 838 incorruptus,
2576 769 2670 825 sed
2697 784 2794 824 nos
2817 769 2980 825 etiam
3001 768 3137 824 tales
3166 769 3353 824 efficit.
3383 768 3543 824 Vitiis
3571 781 3746 824 autem

2174 878 2238 916 ac
2262 863 2519 918 sordibus
2550 877 2582 918 a
2616 872 2846 933 peccato
2881 862 3236 917 manantibus
3284 862 3554 917 medetur.
3583 864 3748 916 Ελιτ-

2170 954 2400 1026 τώματα
2427 971 2612 1026 porro,
2645 965 2775 1011 sunt
2805 957 3028 1010 virtutis
3046 954 3319 1010 defectus:
3354 956 3542 1010 sordes
3568 965 3748 1010 autem

2174 1047 2289 1102 vitii
2312 1048 2678 1105 accessiones.
2701 1049 2922 1104 Duobus
2947 1047 3092 1101 enim
3118 1047 3295 1102 modis
3321 1048 3374 1100 in
3391 1048 3522 1101 vitio
3538 1063 3752 1111 sumus,

2172 1141 2255 1194 vel
2286 1141 2410 1209 quia
2455 1143 2510 1195 in
2541 1142 2686 1196 bono
2715 1140 3023 1207 deficimus,
3049 1140 3131 1194 vel
3159 1140 3286 1210 quia
3321 1140 3524 1194 malum
3561 1142 3756 1208 adjun-

2173 1232 2353 1302 gimus
2391 1251 2405 1286 :
2445 1233 2906 1303 quemadmodum
2967 1240 3156 1287 contra
3203 1234 3400 1294 virtus,
3424 1231 3509 1286 vel
3541 1233 3593 1285 in
3629 1233 3754 1285 mali
3783 1261 3801 1290 κ

2174 1321 2558 1389 declinatione,
2578 1323 2658 1376 vel
2677 1323 2728 1376 in
2760 1323 2886 1377 boni
2905 1324 3226 1392 operatione
3243 1333 3512 1377 versatur.
3546 1323 3754 1388 Quam-

2176 1411 2256 1467 vis
2284 1411 2428 1466 enim
2464 1410 2729 1468 Dominus
2757 1421 2977 1482 peccata
2999 1419 3186 1466 nostra
3210 1413 3531 1481 susceperit,
3555 1429 3756 1482 quam-

2175 1505 2258 1561 vis
2292 1505 2455 1559 etiam
2484 1514 2704 1559 nostros
2751 1505 3064 1559 animorum
3125 1505 3346 1571 morbos
3377 1503 3555 1557 tulerit
3594 1521 3610 1569 ;
3641 1504 3758 1572 ipse

2176 1607 2354 1653 tamen
2399 1597 2532 1652 nihil
2565 1613 2806 1668 unquam
2868 1598 3145 1668 cogitavit,
3187 1613 3291 1652 nec
3319 1597 3565 1663 admisit,
3610 1598 3758 1668 quod

2177 1689 2502 1744 medicntam
2532 1689 2904 1745 desideraret:
2940 1689 3398 1760 quemadmodum
3435 1690 3480 1744 si
3511 1690 3758 1743 medicus

2178 1783 2247 1836 ab
2267 1789 2474 1852 :rgroto
2496 1783 2747 1836 morbum
2773 1783 2957 1836 tollere
2973 1783 3165 1852 possit,
3196 1779 3310 1851 ipse
3338 1789 3519 1836 autem
3551 1797 3622 1836 eo
3652 1797 3760 1836 non

2176 1873 2534 1942 corripiatur.
2597 1873 2811 1927 Etenim
2850 1873 3113 1928 Dominus
3167 1873 3386 1944 quidem
3431 1889 3525 1942 per
3575 1878 3759 1928 omnia

2175 1972 2407 2020 tentatus
2433 1974 2536 2041 est,
2582 1965 2744 2032 juxta
2804 1965 3211 2018 similitudinem
3271 1973 3535 2030 nostram,
3573 1981 3758 2018 rerum

2173 2056 2371 2127 absque
2395 2065 2617 2124 peccato
2651 2057 2715 2110 ¹¹.
2746 2055 2860 2110 Lux
2894 2057 3039 2111 etiim
3075 2058 3128 2112 in
3165 2057 3409 2113 tenebris
3453 2057 3622 2121 lucet,
3659 2057 3760 2111 hoc

2170 2158 2277 2216 est,
2315 2147 2370 2203 in
2402 2149 2697 2220 caliginosa
2732 2149 2834 2204 hac
2869 2152 3000 2216 vita,
3026 2159 3080 2204 et
3105 2151 3271 2205 densa
3297 2150 3589 2205 affectuum
3621 2150 3757 2204 cali-

2171 2243 2296 2312 gine
2327 2241 2665 2298 circumfusa
2718 2260 2732 2296 :
2777 2255 2941 2312 atque
2984 2243 3312 2299 adversariae
3363 2243 3624 2306 tenebrae,
3657 2242 3759 2297 hoc

2171 2334 2390 2402 estille,
2425 2335 2517 2406 qui
2570 2344 2788 2404 propter
2837 2336 3146 2404 superbiam
3181 2334 3358 2404 caligo
3411 2334 3592 2391 factus
3654 2347 3760 2403 est,

2171 2424 2453 2482 Christum
2485 2426 2706 2496 quidem
2767 2436 3088 2496 persecutus
3115 2437 3219 2493 est,
3281 2435 3446 2498 atque
3475 2428 3710 2482 tentavit
3739 2445 3753 2480 :

2171 2532 2362 2572 verum
2384 2532 2510 2570 eum
2537 2516 3004 2586 comprehendere
3032 2532 3096 2572 ac
3126 2533 3389 2588 superare
3420 2533 3530 2574 non
3555 2521 3757 2588 potuit,

2155 2607 2264 2665 sed
2295 2608 2474 2664 victus
2521 2615 2577 2662 et
2605 2607 2868 2664 confusus
2904 2610 3152 2664 recessit.

2236 2699 2357 2755 Col.
2398 2700 2504 2756 642
2530 2702 2592 2756 C.
2625 2699 2761 2766 Quid
2803 2711 3056 2771 praeterea
3079 2705 3103 2758 ?
3130 2701 3347 2773 ,Mensis
3392 2704 3609 2774 quidem
3651 2710 3760 2772 pr:-

2169 2806 2313 2857 mus,
2341 2801 2445 2846 etc.
2479 2793 2656 2861 Atque
2702 2792 2818 2846 lucc
2843 2791 2912 2847 de
2953 2806 3114 2859 agno,
3159 2792 3354 2862 inquit,
3385 2794 3545 2848 nobis
3573 2795 3761 2848 consi-

2170 2885 2355 2938 derata
2384 2892 2438 2937 et
2466 2897 2702 2953 expensa
2733 2883 2864 2938 sint.
2888 2882 3025 2949 Quid
3050 2893 3231 2938 autem
3265 2894 3522 2954 pra_terea
3551 2887 3762 2942 restat?

2173 2973 2376 3042 Nempe
2409 2981 2470 3028 ιιι
2503 2973 2894 3044 intelligamus,
2915 2975 3166 3044 quisnam
3200 2977 3405 3030 mensis
3435 2975 3524 3030 ille
3545 2979 3621 3032 sit
3651 2994 3760 3048 quo

2170 3082 2343 3136 agnus
2391 3067 2749 3120 sacriﬁcatur.
2791 3065 3067 3137 Scriptum
3097 3073 3297 3138 quippe
3329 3078 3412 3122 est
3439 3070 3492 3123 in
3530 3069 3756 3124 Exodo:

2167 3157 2361 3212 Mensis
2389 3155 2472 3210 hic
2491 3156 2818 3226 principium
2855 3160 3134 3224 mensium,
3168 3158 3371 3226 primus
3395 3158 3496 3211 erit
3519 3159 3668 3212 vobis
3693 3160 3758 3223 ",

2168 3258 2278 3306 etc.
2335 3248 2580 3316 Quorum
2638 3249 2928 3304 vctborum
2977 3250 3294 3320 allegoriam
3334 3251 3754 3321 perspiciamus.

2170 3341 2376 3400 Mensis
2431 3343 2596 3415 igitur
2623 3341 2928 3409 Pascliatis,
2971 3343 3066 3413 qui
3096 3343 3237 3413 apud
3262 3341 3549 3414 Egyptios
3580 3346 3759 3398 Pharo

2169 3437 2329 3502 muti,
2375 3437 2515 3504 apud
2549 3435 2872 3491 Macedones
2935 3435 3258 3502 Xanticbus,
3303 3437 3446 3504 apud
3498 3434 3758 3492 Hebraeos

2168 3525 2361 3593 Nisan,
2397 3529 2542 3598 apud
2579 3528 2856 3583 Romanos
2903 3527 3129 3584 Martius
3155 3540 3397 3592 vocatur,
3431 3529 3518 3583 hic
3543 3530 3761 3598 primus

2173 3619 2228 3674 in
2268 3621 2550 3676 mensibus
2587 3621 2950 3676 introducitur
2971 3634 3136 3690 atque
3163 3621 3491 3688 decernitur,
3527 3623 3761 3690 arprin-

2171 3713 2374 3782 cipium
2408 3712 2680 3768 mensium
2717 3712 2869 3776 anni,
2918 3711 3153 3767 fortasse
3206 3713 3332 3782 quia
3377 3712 3490 3783 jam
3545 3714 3675 3768 inde
3729 3731 3758 3767 a
3852 3767 3865 3779 ,

2173 3804 2441 3874 principio
2471 3803 2683 3874 primus
2721 3805 2914 3860 ordine
2968 3812 3111 3860 erat.
3170 3804 3420 3860 Arcanos
3476 3808 3624 3860 enim
3676 3808 3762 3862 hic

2171 3894 2313 3961 apud
2347 3892 2604 3949 Hebraeos
2633 3907 2817 3950 sermo
2866 3901 2998 3960 est,
3034 3892 3140 3947 hoc
3197 3903 3404 3962 tempus
3453 3909 3596 3958 esse,
3651 3911 3764 3965 quo

2173 3985 2320 4041 Deus
2365 3987 2678 4041 universam
2711 4002 2894 4041 rerum
2951 3989 3149 4042 molem
3201 3989 3463 4044 condidit.
3516 3989 3757 4045 Veritum

2177 4091 2342 4146 porro
2374 4077 2481 4131 hoc
2516 4085 2731 4146 tempus
2783 4088 2890 4143 εει,
2922 4093 3032 4147 quo
3068 4087 3213 4133 terra
3277 4095 3500 4149 quoque
3559 4081 3762 4136 herbas

2175 4171 2402 4240 profert.
2447 4169 2570 4236 Quo
2598 4170 2762 4225 etiam
2802 4180 3044 4240 tempore
3066 4171 3276 4227 Hebraei
3297 4187 3360 4228 es
3388 4172 3628 4243 Egypto
3677 4190 3764 4229 reo

2140 4253 2478 4318 ‘cesserunt.
2536 4261 2794 4318 Fortasse
2822 4264 2984 4318 etiam
3022 4264 3094 4318 ob
3127 4264 3264 4318 hanc
3297 4279 3518 4320 causam
3550 4266 3762 4336 primus

2172 4354 2261 4408 hic
2295 4356 2500 4410 mensis
2533 4354 2710 4411 dictus
2743 4363 2845 4420 est,
2879 4355 3007 4425 quia
3037 4355 3092 4409 in
3125 4355 3216 4410 illo
3246 4354 3528 4411 Paschalis
3553 4368 3761 4428 mysti-

2177 4445 2321 4500 rium
2353 4445 2688 4501 celebratum
2720 4447 2811 4501 sit.
2839 4445 2894 4501 ιιι
2929 4448 3194 4518 principio
3223 4455 3403 4502 autem
3431 4449 3582 4512 anni,
3632 4451 3758 4503 etin

2179 4536 2357 4606 primo
2400 4550 2607 4602 mense,
2639 4537 2894 4592 sacrificii
2925 4547 3139 4608 tempus
3165 4539 3536 4608 praescribitur
3568 4557 3580 4592 :
3618 4555 3758 4608 quo-

2181 4631 2325 4683 niam
2362 4629 2610 4686 Christus
2637 4643 2855 4699 quoque
2899 4631 3144 4686 omnium
3191 4646 3374 4686 rerum
3431 4632 3761 4702 principium

2177 4732 2282 4787 est,
2315 4735 2382 4776 ac
2411 4735 2518 4775 non
2543 4735 2753 4787 recens,
2789 4731 3006 4792 propter
3045 4723 3216 4792 ipsius
3247 4740 3314 4778 ex
3339 4723 3501 4780 Patre
3529 4739 3762 4796 genera-

2181 4815 2385 4869 tionem
2421 4813 2636 4873 steculis
2663 4815 2918 4872 omnibus
2947 4817 3306 4886 superiorem.
3361 4817 3564 4873 Eodem
3597 4818 3764 4872 modo

2135 4923 2138 4926 ’
2176 4908 2332 4962 nobis
2379 4923 2600 4976 quoque
2655 4911 2766 4964 veri
2807 4907 3103 4978 ,Pasehatis
3151 4910 3485 4966 sacrificium
3545 4922 3765 4967 aeternae

2175 5001 2298 5053 vitae
2321 4999 2651 5070 principium
2680 5009 2784 5057 est.
2813 5001 3003 5057 Annus
3029 5001 3175 5057 enim
3207 5003 3464 5058 saeculum
3489 5005 3762 5072 dngnat,

2172 5090 2432 5158 quoniam
2467 5089 2520 5146 in
2552 5091 2739 5147 orbem
2770 5092 3128 5156 circumiens,
3149 5093 3204 5146 in
3238 5109 3359 5148 sese
3396 5109 3609 5164 semper
3639 5097 3766 5148 vol-

2175 5182 2341 5246 vitur,
2368 5198 2469 5238 nec
2503 5182 2610 5237 ttllo
2642 5183 2749 5238 fine
2776 5183 3136 5254 conquiescit.
3171 5185 3389 5240 Decima
3421 5201 3586 5255 porro
3605 5202 3769 5239 men-

2179 5273 2256 5328 sis
2289 5289 2464 5343 agnus
2505 5275 2790 5340 accipitur,
2820 5276 2970 5344 _quia
3005 5275 3261 5330 denarius
3299 5276 3648 5346 plenissimus
3681 5286 3771 5330 est

2175 5380 2458 5430 nunietus,
2519 5374 2575 5419 ut
2612 5365 2787 5434 ipsum
2833 5367 3071 5421 noxninis
3116 5377 3333 5438 etymon
3363 5367 3550 5434 docet.
3589 5367 3769 5421 Decus

2175 5458 2322 5511 enim
2351 5457 2572 5521 dicitur,
2599 5457 2673 5520 iis;
2705 5459 2922 5529 δεκτινὴ
2971 5457 3189 5512 πάντων
3236 5459 3346 5513 τῶν
3378 5459 3654 5530 ἀριθμῶν,
3709 5460 3765 5513 id

2173 5559 2278 5615 est,
2319 5553 2463 5620 quod
2492 5565 2683 5605 omnes
2713 5566 2968 5606 numeros
2995 5553 3194 5623 capiat.
3223 5551 3357 5607 Natu
3393 5568 3516 5606 cum
3539 5551 3604 5607 ad
3636 5566 3766 5604 eam

2197 5707 2238 5739 ‘°
2265 5707 2381 5760 i‘sn'
2448 5722 2641 5772 χχχιιι,
2684 5705 2771 5760 10.
2802 5706 2841 5736 ¹¹
2871 5705 3032 5765 llehr.
3061 5723 3137 5775 tv,
3169 5709 3254 5763 15.
3294 5707 3337 5739 ⁸³
3368 5705 3538 5762 Exod.
3565 5717 3669 5770 ιιι,
3705 5705 3744 5755 2
