4076 6292
399 350 527 406 136!

1349 347 1671 408 NICETAS
1722 347 1801 407 1N
1843 345 2068 406 ORAT.
2108 345 2273 407 XLII
2317 347 2379 409 S.
2423 347 2653 408 GREG.

3509 346 3650 409 136?.

393 453 610 508 numeri
637 454 998 522 pervenerint,
1055 456 1432 526 progrediendi
1467 460 1623 514 finem
1657 459 1881 524 faciunt,
1914 474 1960 513 at

2081 460 2351 530 intelligas
2370 472 2709 530 nequaquam
2744 469 2931 512 recens
2947 467 3068 511 esse
3087 452 3289 514 Christi
3309 459 3644 526 mysterium.

392 546 648 614 deinceps
707 546 970 600 iterantur
1031 549 1208 603 solum
1255 565 1320 605 ac
1382 552 1748 608 revolvuntur.
1807 551 1972 608 Dccas

391 649 576 691 autem
607 636 778 703 prima
811 640 989 693 unitas
1019 639 1276 710 perfecta,
1304 649 1358 695 et
1380 641 1724 711 perfectionis
1744 657 1972 713 genera-

393 727 502 780 trix
531 726 752 791 dicitur,
779 727 1039 796 quoniam
1065 736 1150 783 est
1172 729 1273 784 alia
1311 746 1524 800 quoque
1549 731 1748 794 unitas,
1775 745 1970 800 nempe

389 816 568 885 prima
600 817 807 872 unitas.
833 816 1030 872 Verum
1059 817 1148 872 illa
1182 821 1395 874 tametsi
1422 821 1746 891 principium
1781 837 1972 876 nume-

391 924 580 962 rorum
603 918 708 970 est,
730 923 935 978 eosque
958 917 1229 980 procreat,
1262 925 1602 980 nequaquam
1628 921 1807 966 tamen
1843 927 1966 980 per-

390 999 532 1052 fecta
559 1008 663 1052 est.
692 1000 758 1051 At
781 999 953 1068 prima
981 999 1144 1053 decas
1176 1000 1273 1054 has
1296 1001 1433 1056 duas
1461 1002 1846 1072 praarogativas
1871 1001 1966 1055 ha-

387 1089 504 1153 bet,
523 1089 770 1156 alteram,
793 1090 935 1159 quod
960 1090 1199 1160 perfecta
1218 1101 1320 1156 est,
1346 1100 1608 1160 quatenus
1627 1093 1692 1147 ad
1718 1093 1855 1146 hanc
1875 1105 1968 1146 us~

388 1192 498 1244 que
535 1177 745 1230 numeri
781 1177 1227 1246 progrediuntur.
1251 1195 1314 1234 ac
1345 1195 1536 1234 rursus
1569 1181 1919 1235 revolvuntur
1951 1199 1965 1234 :

387 1270 615 1321 alteram
645 1268 790 1335 quod
820 1267 1172 1337 perfectionis
1202 1279 1284 1324 cst
1311 1273 1665 1340 procreatrix.
1697 1271 1967 1326 Centena-

388 1358 533 1412 rium
555 1357 698 1412 enim
723 1375 1030 1422 numerum,
1057 1361 1149 1429 qui
1184 1362 1608 1430 perfectissimus
1631 1373 1736 1427 est,
1765 1364 1967 1433 produ-

387 1449 486 1502 cit.
515 1447 669 1515 Quod
709 1449 755 1504 si
785 1453 1062 1506 senarium
1099 1468 1316 1522 quoque
1349 1453 1650 1522 perfectum
1680 1469 1964 1508 numerum

384 1553 511 1593 esse
531 1541 826 1593 contendas
875 1557 892 1603 ;
943 1541 1043 1594 hac
1101 1550 1278 1594 tamen
1341 1550 1492 1610 parte
1524 1543 1680 1597 cedet
1722 1543 1966 1608 denario,

383 1629 558 1698 quod,
581 1631 830 1699 quamvis
847 1630 1117 1699 perfectus
1135 1632 1225 1698 sit,
1240 1633 1624 1701 perfectionem
1655 1642 1833 1688 tamen
1857 1649 1964 1688 non

387 1720 598 1789 gignat.
627 1717 894 1775 Caeterum
933 1728 1202 1790 perfectus
1230 1737 1445 1792 quoque
1470 1723 1718 1779 senarius
1745 1724 1963 1789 dicitur,

2077 553 2169 608 sed
2223 569 2285 607 ex
2335 552 2512 606 Patris
2562 549 2898 622 praescientia
2952 550 3064 618 jam
3127 551 3253 605 inde
3305 565 3333 604 a
3380 553 3649 606 creatione

2075 645 2259 698 mundi
2289 653 2561 698 servatum
2590 657 2732 707 esse,
2761 653 2947 696 verum
2984 643 3282 711 postremis
3315 642 3649 709 temporibus

2073 743 2259 788 nostra
2317 748 2486 788 causa
2507 743 2736 788 mortem
2800 732 3055 786 subiisse.
3111 730 3264 797 Quod
3307 732 3350 786 si
3382 732 3486 786 alia
3513 734 3650 786 ratio

2074 821 2400 891 proferenda
2433 831 2536 886 est,
2590 837 2690 876 cur
2735 821 2944 875 decima
2986 830 3186 890 quarta
3232 821 3430 876 mensis
3475 837 3648 892 agnus

2072 921 2354 978 mactetur,
2386 911 2669 967 diccndem
2701 911 2904 965 idcirco
2942 910 2991 964 id
3057 909 3190 972 fieri,
3231 908 3486 976 quoniam
3547 910 3647 963 hoc

2071 1004 2158 1057 die
2187 1003 2395 1058 lunaris
2425 1001 2662 1058 circulus
2699 1001 2845 1055 omni
2885 1017 2947 1054 ex
2977 1009 3127 1070 parte
3159 999 3454 1068 perficitur,
3484 1007 3648 1068 atque

2070 1096 2219 1150 velut
2254 1095 2559 1150 adulterino
2586 1093 2822 1165 quodam
2877 1092 3082 1146 lumine
3108 1091 3296 1145 orbem
3335 1089 3642 1151 collustrat,

2067 1196 2318 1241 cmtcrum
2360 1185 2608 1239 imminui
2632 1200 2695 1238 ac
2711 1183 2958 1238 desinere
2985 1183 3168 1250 incipit
3196 1198 3216 1238 τ
3242 1193 3298 1236 ut
3329 1182 3454 1236 hinc
3486 1181 3644 1252 quasi

2072 1292 2136 1331 ex
2175 1277 2410 1345 imagine
2439 1274 2675 1346 quadam
2715 1273 3010 1342 intelligas,
3048 1273 3192 1342 quod
3237 1271 3490 1325 omnibus
3524 1272 3644 1338 qui-

2066 1366 2190 1421 dem
2231 1368 2378 1419 orbis
2420 1364 2669 1434 partihus
2712 1363 3061 1416 tenebrarum
3113 1363 3366 1432 princeps
3401 1360 3642 1414 crlebra—

2069 1452 2228 1508 batur
2259 1453 2408 1520 (luna
2437 1451 2582 1505 enim
2619 1449 2669 1502 in
2697 1448 3058 1517 principatum
3105 1449 3282 1506 noctis
3325 1448 3499 1517 posita
3538 1453 3642 1512 est)

2069 1560 2134 1598 ac
2163 1543 2354 1598 mundi
2390 1542 2738 1612 sapientiam,
2784 1540 2932 1595 velut
2963 1539 3197 1593 fucatam
3229 1540 3522 1608 quamdam
3556 1539 3643 1592 lu-

2068 1651 2210 1702 cctn,
2239 1635 2544 1689 errantium
2588 1632 2872 1688 hominum
2907 1630 3163 1686 cordibus
3203 1629 3646 1702 infundens,plc-

2072 1727 2352 1782 nissimarn
2375 1725 2478 1780 sibi
2503 1724 2730 1795 gloriam
2775 1721 3148 1792 comparabat.
3175 1722 3243 1775 At
3274 1737 3434 1776 verus
3471 1737 3644 1792 agnus

385 1828 498 1867 non
522 1814 663 1882 quod
696 1815 746 1866 in
775 1829 840 1867 eo
863 1818 1073 1868 numeri
1109 1829 1138 1868 a
1165 1815 1539 1884 progressione
1555 1818 1962 1886 conquiescant,
1997 1799 2041 1855 θ
2070 1835 2168 1892 pro
2221 1819 2382 1874 nobis
2406 1818 2646 1872 moriens
2681 1815 2884 1870 diaboli
2919 1813 3148 1884 gloriam
3183 1813 3471 1882 Oppressit.
3513 1812 3640 1866 Eam

385 1905 533 1959 sicut
561 1906 613 1959 in
645 1906 866 1960 denario
895 1906 1122 1973 contigit
1152 1923 1167 1960 :
1197 1907 1290 1960 sed
1322 1906 1426 1960 alia
1460 1907 1672 1962 ratione
1694 1909 1965 1978 perfectus

386 1997 715 2066 appellatur,
768 2005 953 2065 utpote
985 2013 1046 2049 cx
1090 1997 1332 2066 partibus
1387 2000 1502 2054 suis
1535 1998 1819 2054 conflatus.
1873 2001 1963 2054 Di-

385 2085 555 2138 tnidia
588 2085 732 2138 enim
789 2100 917 2155 pars
971 2086 1193 2150 senarii,
1250 2088 1503 2150 cttcrtia.
1564 2097 1620 2142 et
1681 2098 1851 2153 sexta,
1910 2089 1961 2143 in

384 2191 657 2231 summam
691 2177 947 2240 collectze,
1000 2180 1274 2232 senarium
1330 2181 1644 2234 coniiciunt.
1675 2180 1797 2236 Jam
1833 2196 1962 2235 vero

385 2283 560 2336 agnus
589 2269 640 2321 itt
676 2268 923 2336 quintum
977 2269 1118 2323 diem
1161 2282 1492 2346 asservatur,
1533 2273 1634 2327 hoc
1664 2282 1768 2336 est,
1804 2289 1832 2326 a
1863 2273 1960 2327 de-

382 2359 525 2412 cima
581 2375 752 2428 usque
781 2361 847 2413 ad
882 2361 1149 2415 decimam
1210 2371 1459 2432 quartam
1493 2381 1506 2417 :
1542 2363 1774 2418 fortasse
1830 2365 1958 2434 quia

379 2449 631 2504 Christus
669 2450 887 2504 victima
919 2463 1100 2505 nostra
1155 2454 1400 2522 quinque
1447 2463 1702 2509 externos
1762 2470 1957 2510 sensus

379 2553 575 2612 purgat
605 2557 623 2597 :
657 2543 738 2596 ha:
769 2545 912 2596 enim
948 2543 1141 2597 domus
1173 2547 1369 2598 animae
1406 2544 1657 2600 fenestra:
1707 2555 1856 2612 sunt,
1889 2547 1957 2600 de

375 2631 578 2700 quibus
609 2633 683 2686 ait
719 2632 980 2687 Jcremias
1006 2649 1023 2686 :
1061 2635 1304 2686 Ascendit
1337 2651 1474 2688 mors
1497 2652 1588 2704 per
1614 2635 1871 2703 fenestras
1891 2638 1954 2701 ",

383 2725 487 2777 hoc
512 2733 615 2787 est,
646 2739 744 2790 per
801 2738 1016 2790 sensus,
1061 2739 1090 2777 a
1145 2726 1342 2794 quibus
1398 2734 1682 2796 peccatum
1737 2729 1954 2796 prolici-

379 2815 573 2879 scitur,
615 2830 721 2868 non
749 2824 808 2867 ut
832 2815 1187 2870 cﬂicientihus
1241 2816 1442 2881 causis,
1473 2817 1566 2871 sed
1601 2825 1658 2871 ut
1690 2817 1955 2888 adjuvan-

381 2907 546 2960 tibus.
601 2905 665 2960 Et
695 2909 838 2960 circa
867 2920 1008 2974 quos
1059 2906 1256 2960 bellum
1317 2907 1698 2974 committitur,
1750 2913 1950 2980 peccati

383 2997 638 3064 sagittam
695 2996 1039 3050 extrinsecus
1090 2995 1417 3050 incidentem
1455 2996 1824 3052 admittentes.
1859 2997 1954 3053 Est

2066 1917 2209 1971 enim
2239 1914 2487 1968 desinere
2514 1911 2567 1965 in
2604 1918 2881 1979 posterum
2918 1917 2972 1961 et
3021 1908 3232 1961 absumi
3259 1919 3434 1974 coget.
3468 1907 3644 1974 Atque

2067 2005 2120 2060 id
2161 2003 2367 2058 scilicet
2399 2010 2536 2070 erat,
2579 2000 2720 2068 quod
2761 1999 2814 2052 in
2857 1997 3086 2052 Psalmis
3117 1997 3411 2050 canebatur
3447 2013 3460 2050 :
3493 1995 3645 2048 Orie-

2065 2110 2155 2152 tur
2182 2098 2234 2150 in
2252 2095 2433 2150 diebus
2464 2096 2580 2164 ejus
2606 2093 2823 2159 iustitia
2849 2100 2897 2145 et
2920 2089 3249 2143 abundantia
3285 2089 3452 2156 pacis,
3477 2088 3640 2140 donec

2062 2191 2126 2244 de
2158 2191 2328 2244 medio
2353 2187 2586 2242 vicissim
2617 2184 2837 2239 tollatur
2875 2183 3001 2238 luna
3021 2183 3092 2236 "‘.
3147 2181 3267 2248 Quo
3293 2179 3411 2235 loco
3449 2180 3638 2233 obser-

2060 2282 2297 2336 vandum
2331 2278 2580 2349 cst,quod
2615 2291 2719 2330 non
2741 2274 2909 2331 dixit:
2935 2273 3197 2336 Tollatur,
3241 2272 3357 2336 sed,
3398 2270 3640 2324 Vicissim

2062 2372 2304 2428 tollatur.
2331 2371 2496 2438 Quasi
2527 2369 2671 2424 enim
2701 2367 2977 2423 hominem
3007 2366 3119 2436 jam
3145 2365 3447 2425 sustulerit.
3476 2365 3641 2417 vicis-

2059 2466 2164 2521 sim
2227 2463 2476 2517 diabolus
2515 2463 2630 2531 ipse
2673 2459 2741 2516 de
2773 2458 2952 2516 medio
2997 2457 3224 2512 tollitur.
3256 2457 3412 2524 Quod
3449 2456 3493 2509 si
3538 2444 3639 2508 hoc

2059 2555 2179 2612 loco
2215 2555 2398 2608 lunam
2470 2554 2524 2607 in
2565 2555 2759 2607 bonam
2790 2561 2997 2620 partem
3028 2549 3328 2618 intelligere
3357 2549 3512 2609 velis,
3558 2547 3640 2600 id-

2056 2645 2201 2700 circo
2217 2643 2284 2698 ad
2317 2643 2580 2699 decimam
2607 2649 2853 2713 quartam
2886 2646 3216 2708 spectamus,
3246 2635 3370 2704 quia
3396 2650 3490 2704 per
3519 2649 3636 2688 eam

2058 2735 2232 2791 lucem
2271 2748 2393 2802 quae
2431 2734 2484 2786 in
2519 2741 2796 2802 aspectum
2828 2727 2990 2794 cadit,
3033 2736 3089 2781 et
3135 2725 3359 2780 materia
3403 2732 3638 2787 constat,

2055 2841 2177 2882 eam
2212 2824 2448 2894 imagine
2491 2823 2726 2890 quadam
2759 2819 3160 2888 concipiamus,
3186 2833 3306 2889 qua
3342 2815 3642 2886 spiritualis

2061 2922 2170 2982 est,
2205 2913 2558 2982 materiaeque
2595 2924 2810 2978 expers,
2843 2919 2901 2961 ut
2932 2908 2984 2960 in
3009 2907 3245 2975 speciem
3287 2905 3508 2975 quidem
3553 2905 3640 2957 tu»

2067 3019 2192 3058 nam
2227 3003 2439 3074 plenam
2473 3010 2810 3068 expetamus,
2850 3012 2973 3066 qua:
3011 2996 3356 3050 lueemsuam
3393 3002 3508 3046 tota
3542 3007 3636 3045 no-

381 3086 559 3140 ctalia
608 3086 818 3141 occulta
872 3102 1060 3151 causa,
1107 3102 1206 3141 cur
1241 3103 1415 3156 agnus
1471 3088 1683 3142 decima
1733 3089 1950 3158 quidem
1984 3117 2032 3180 ο
2061 3105 2146 3151 cte
2175 3093 2560 3165 pet-durantem
2589 3088 2744 3144 nobis
2767 3088 3021 3158 praebeat,
3056 3101 3245 3142 revera
3276 3093 3454 3139 autem
3479 3082 3636 3137 nobis

380 3177 700 3248 accipiatur,
754 3194 940 3233 verum
999 3179 1208 3233 decima
1263 3187 1456 3248 quarta
1514 3180 1619 3234 sub
1676 3196 1956 3250 vesperam

381 3273 706 3324 immoletur.
766 3271 902 3323 Nam
944 3269 1086 3339 quod
1120 3285 1226 3324 non
1269 3271 1448 3341 prima
1476 3271 1585 3338 die,
1624 3272 1717 3326 sed
1750 3273 1961 3327 decima

379 3362 664 3430 accipitur,
706 3363 807 3417 hoc
832 3363 1053 3428 indicat,
1077 3363 1216 3432 quod
1246 3364 1402 3434 longa
1429 3377 1586 3418 erant
1615 3364 1810 3419 sascula
1847 3366 1959 3432 illa,

379 3469 501 3523 qua:
531 3456 863 3508 creationem
901 3464 1141 3509 nostram
1170 3455 1567 3526 praecedebant,
1599 3457 1794 3525 quibus
1815 3472 1954 3509 scm-

381 3562 476 3612 pcr
507 3555 624 3600 erat
657 3547 836 3600 Deus:
873 3559 993 3617 post
1019 3559 1199 3600 autem
1247 3547 1506 3601 sarculum
1552 3546 1656 3600 hoc
1705 3556 1952 3600 nostrum

381 3639 703 3709 ingreditur.
737 3641 906 3708 quod,
935 3639 1079 3693 velut
1103 3653 1198 3708 per
1223 3639 1464 3707 quinque
1491 3637 1608 3692 dies
1642 3639 1695 3691 in
1723 3639 1962 3708 quinque

381 3739 623 3798 tempora
656 3727 936 3791 dividitur,
975 3727 1236 3780 nimirum
1273 3726 1326 3779 in
1350 3726 1478 3780 illud
1501 3727 1643 3795 quod
1671 3726 1964 3781 ahAdamo

384 3835 557 3887 usque
592 3819 658 3871 ad
692 3817 802 3870 Noe
829 3818 1005 3883 fluxit,
1047 3816 1102 3869 in
1129 3815 1258 3870 illud
1295 3817 1439 3886 quod
1473 3832 1503 3870 a
1526 3815 1640 3870 Noe
1686 3832 1856 3885 usque
1896 3817 1960 3870 ad

382 3911 776 3973 Abrahamum,
817 3911 869 3962 in
914 3908 1041 3962 illud
1077 3908 1221 3976 quod
1260 3907 1329 3962 ab
1360 3907 1669 3961 Abrahamo
1697 3921 1868 3976 usque
1894 3906 1961 3961 ad

383 4001 592 4064 Mosen,
625 3999 677 4052 in
721 3999 848 4052 illud
877 3998 1020 4068 quod
1043 4014 1072 4053 a
1093 3997 1242 4054 Mose
1293 4013 1468 4067 usque
1497 3998 1564 4052 ad
1590 3997 1791 4052 Christi
1825 4013 1962 4067 pra:-

386 4092 647 4157 sentiam,
681 4101 952 4160 postremo
991 4089 1044 4144 in
1078 4090 1209 4144 illud
1254 4089 1430 4159 ipsunt
1464 4089 1762 4157 praesentiae
1791 4088 1962 4157 ipsius

381 4197 618 4255 tempus,
644 4200 753 4256 quo
787 4199 883 4254 per
917 4199 1172 4254 magnum
1205 4182 1334 4236 illud
1381 4182 1715 4238 sacriﬁcium
1761 4199 1960 4254 propo-

379 4280 483 4332 sita
509 4285 626 4330 erat
647 4276 906 4330 omnibus
939 4275 1110 4329 salus.
1143 4271 1262 4329 Jam
1292 4275 1344 4328 in
1379 4273 1620 4345 quinque
1650 4273 1810 4329 etiam
1840 4291 1960 4346 spa-

379 4369 452 4422 tia
477 4368 566 4423 illa
618 4368 787 4422 vinea:
821 4366 1072 4436 parabola
1117 4365 1261 4420 diem
1311 4364 1578 4420 distinxit.
1612 4364 1765 4420 Alios
1812 4367 1958 4421 enim

2065 3185 2198 3256 legis
2221 3184 2339 3238 vice
2370 3182 2441 3238 sit
2471 3181 2586 3236 haec
2610 3179 2950 3244 caeremonia,
2969 3178 3192 3249 jubens,
3216 3185 3276 3232 ut
3310 3189 3473 3231 omne
3503 3184 3637 3230 tem-

2065 3293 2188 3347 pus,
2229 3273 2446 3344 quodin
2489 3273 2631 3328 dicm
2669 3287 2732 3326 ac
2767 3282 2976 3326 noctem
3011 3269 3292 3336 dividitur,
3323 3269 3479 3324 nobis
3518 3283 3634 3338 pcr-

2066 3380 2230 3440 petuo
2256 3369 2466 3421 clarum
2497 3365 2588 3432 sit,
2617 3379 2716 3419 nec
2745 3363 2852 3417 ulla
2879 3363 3180 3434 caliginosa
3207 3377 3369 3432 opera
3405 3361 3637 3416 admista

2064 3460 2283 3515 habeat.
2317 3457 2516 3512 Verum
2543 3457 2608 3510 ad
2639 3455 2924 3510 historiam
2968 3454 3272 3517 redeuntes,
3305 3467 3635 3522 quaeramus,

2063 3551 2193 3621 quid
2227 3565 2406 3605 causae
2434 3551 2504 3603 sit
2529 3562 2630 3602 cur
2656 3561 2833 3616 agnus
2871 3560 2978 3600 non
3010 3544 3173 3599 modo
3219 3558 3283 3598 es
3315 3543 3490 3614 agnis,
3543 3544 3636 3612 qui

2064 3642 2132 3695 ad
2165 3642 2414 3693 dextrum
2459 3639 2600 3691 latus
2647 3643 2986 3698 statuuntur,
3034 3633 3290 3704 eligatur,
3331 3631 3427 3686 sed
3459 3639 3514 3684 et
3569 3647 3633 3684 ex

2065 3730 2258 3794 haedis,
2288 3743 2426 3798 quos
2469 3727 2634 3796 judex
2689 3725 2756 3780 ad
2787 3725 3064 3781 sinistram
3129 3725 3319 3780 statuit
3352 3723 3414 3786 η,
3449 3730 3638 3793 utpote

2065 3819 2270 3874 nullam
2301 3820 2547 3875 dextram
2577 3817 2846 3874 actionem
2887 3815 3174 3871 habentes.
3230 3813 3434 3868 Statuit
3466 3813 3634 3879 enim,

2064 3911 2261 3983 inquit,
2292 3925 2423 3966 oves
2451 3927 2479 3963 a
2499 3909 2727 3974 dextris,
2755 3907 2939 3962 haedos
2963 3915 3142 3962 autem
3169 3919 3198 3958 a
3230 3904 3486 3960 sinistris.
3507 3903 3635 3961 For-

2064 4012 2209 4059 tasse
2240 4003 2342 4057 hoc
2374 4002 2495 4056 ideo
2525 4001 2604 4068 fit,
2643 4001 2770 4070 quia
2800 3999 3051 4054 Christus
3082 4012 3177 4069 pro
3207 3997 3482 4061 omnibus,
3523 4003 3632 4050 tam

2063 4094 2226 4148 ovibu
2244 4110 2293 4155 s,
2323 4107 2488 4162 quam
2513 4091 2704 4156 hwdis,
2739 4101 2988 4146 mortuus
3014 4097 3119 4156 est,
3141 4103 3206 4143 ac
3232 4104 3329 4158 pro
3363 4087 3448 4144 his
3475 4087 3633 4143 etiam

2063 4183 2434 4254 potissimum,
2494 4188 2680 4250 utpote
2720 4180 2816 4250 qui
2853 4179 3048 4248 majori
3080 4179 3452 4233 misericordia
3499 4192 3636 4246 Opus

2063 4275 2299 4330 habeant
2342 4273 2600 4328 Fortasse
2627 4271 2789 4326 etiam
2825 4270 2955 4340 quia
2978 4270 3224 4325 Christus
3243 4283 3427 4322 revera
3451 4267 3635 4337 justus

2064 4374 2292 4421 mortem
2321 4364 2511 4430 subiit,
2547 4364 2666 4420 ideo
2708 4362 2776 4416 ad
2803 4360 2920 4430 ejus
2946 4360 3171 4428 figuram
3213 4373 3389 4428 agnus
3437 4358 3636 4427 accipi-

379 4466 524 4515 circa
567 4463 796 4530 primam
863 4459 1050 4513 horam
1115 4467 1336 4514 vocatos
1387 4472 1510 4514 esse
1571 4467 1778 4522 narrat,
1821 4457 1959 4513 alios
1989 4442 2038 4506 ο
2067 4467 2155 4514 tur
2189 4477 2203 4513 :
2239 4456 2498 4527 quoniam
2521 4463 2702 4509 autem
2739 4451 3025 4507 hominum
3054 4449 3309 4520 Opinione
3337 4456 3394 4502 ut
3424 4447 3636 4502 facino-

379 4557 524 4610 circa
561 4557 792 4619 tertiatur,
811 4555 948 4607 alios
980 4555 1121 4608 circa
1147 4561 1374 4615 sextam,
1401 4551 1538 4605 alios
1572 4550 1715 4604 circa
1733 4565 1955 4614 nonam,

385 4647 518 4700 alios
552 4645 785 4715 denique
813 4644 954 4698 circa
987 4643 1348 4696 undecimam.
1381 4641 1500 4706 Quo
1527 4640 1689 4696 etiam
1720 4649 1960 4710 tempore

389 4749 597 4790 navata:
642 4751 820 4805 operte
856 4751 1082 4801 merces,
1129 4735 1192 4790 iis
1229 4735 1321 4806 qui
1374 4737 1632 4807 postremi
1679 4742 1957 4798 venerant,

385 4831 560 4900 primo
588 4828 709 4882 loco
745 4827 1071 4897 persolvitur
1099 4828 1162 4880 ".
1206 4827 1314 4882 Nos
1349 4826 1493 4880 enim
1535 4825 1694 4898 pritni
1735 4841 1958 4895 regene-

384 4920 649 4976 rationem
699 4919 1016 4988 accipimus,
1065 4919 1263 4987 quibus
1309 4917 1558 4972 Christus
1620 4916 1955 4972 sacrificulus

384 5023 488 5078 est,
517 5021 680 5082 atque
702 5028 730 5064 a
755 5025 927 5066 morte
960 5022 1242 5066 revocatus
1280 5010 1706 5064 innovandorutn
1745 5008 1956 5062 animo-

387 5122 507 5159 rum
534 5113 845 5159 nostrorum
891 5120 1052 5158 causa
1109 5103 1310 5173 Spiritu
1368 5110 1558 5156 sancto
1601 5117 1701 5155 nos
1737 5099 1950 5154 afﬂavit.

385 5197 661 5266 Accipitur
696 5196 880 5264 itaque
931 5210 1105 5263 agnus
1156 5195 1333 5266 primo
1376 5193 1464 5246 die
1512 5192 1672 5260 hujus
1721 5189 1954 5260 quinarii

382 5290 616 5353 dierutn,
638 5288 689 5341 id
713 5296 820 5349 est,
853 5285 1065 5340 decima
1100 5285 1322 5350 mensis,
1368 5283 1615 5354 principii
1649 5283 1811 5351 hujus
1856 5296 1957 5335 sa:-

382 5381 490 5434 culi
527 5381 754 5450 figuram
783 5379 1112 5443 continente,
1141 5387 1304 5446 atque
1330 5387 1642 5430 asservatus
1681 5385 1957 5444 postremo

385 5473 601 5527 tandem
645 5481 909 5540 tempore,
955 5470 1057 5525 hoc
1085 5479 1186 5532 est,
1222 5469 1426 5522 decima
1477 5475 1695 5536 quarta,
1731 5465 1798 5518 ad
1855 5480 1951 5517 ve-

383 5578 599 5633 speram
625 5573 909 5616 tttactatur.
945 5560 1022 5615 Ad
1064 5575 1341 5631 Vt'spcratn
1397 5559 1637 5628 inquam,
1673 5568 1731 5611 ut
1765 5571 1956 5610 rursus

463 5741 724 5800 "Jcrcm.
762 5756 834 5804 ix,
862 5743 950 5795 2|.
1032 5741 1071 5772 "
1096 5737 1286 5806 Matth,
1313 5755 1406 5808 xx,
1443 5741 1502 5794 l0
1535 5754 1684 5808 seqq.

1767 5736 1976 5792 "l‘sal.
2039 5751 2186 5801 uxr,
2248 5733 2298 5788 7.

2065 4564 2226 4606 rosus
2241 4557 2505 4602 mactatus
2531 4553 2635 4611 est,
2657 4544 2862 4600 idcirco
2891 4543 3078 4599 haedus
3099 4555 3316 4611 quoque
3333 4539 3632 4610 jugulatur.

2067 4639 2477 4695 lmmaculatum
2509 4645 2687 4692 autem
2738 4635 3063 4691 sacrificium
3096 4647 3265 4702 agnus
3296 4631 3633 4700 intelligitur,

2067 4733 2207 4804 legis
2268 4731 2584 4804 praescripto
2620 4729 2688 4784 ad
2738 4734 2998 4798 perpetua
3052 4723 3318 4779 sacrificia
3373 4722 3633 4776 dicatus:

2079 4823 2269 4878 htedus
2295 4837 2423 4877 vero
2450 4836 2546 4891 pro
2572 4819 2808 4891 peccatis
2836 4817 3079 4871 oﬂ'crtur.
3103 4814 3234 4878 Quae
3269 4813 3485 4880 quidem
3526 4813 3636 4865 duo

2064 4916 2116 4970 in
2144 4915 2364 4970 Christo
2395 4912 2647 4984 reperies.
2683 4911 2811 4965 Erat
2840 4908 2985 4963 enim
3018 4906 3182 4970 idem,
3203 4912 3259 4959 et
3287 4913 3346 4957 ut
3367 4905 3635 4956 immacu--

2063 5005 2169 5059 lata
2195 5005 2437 5071 victima,
2465 5002 2720 5056 nimirum
2743 4999 2810 5054 ad
2833 4999 3058 5054 odorem
3078 4994 3365 5050 suavitatis
3391 4993 3632 5063 seipsttm

2063 5097 2206 5152 Patri
2237 5096 2470 5151 offerens
2501 5112 2515 5149 :
2543 5105 2596 5149 et
2629 5103 2686 5147 ut
2710 5091 2922 5156 bardus,
2951 5089 3080 5146 dum
3125 5102 3224 5159 pro
3259 5084 3495 5155 peccatis
3530 5097 3632 5138 no-

2062 5189 2194 5244 stris
2216 5195 2562 5241 maetaretur.
2610 5185 2785 5253 Atque
2807 5190 2866 5235 ut
2904 5195 3016 5236 rem
3043 5179 3096 5234 in
3126 5193 3300 5247 pauca
3329 5173 3632 5232 conferam,

2061 5281 2178 5335 ovis
2205 5277 2452 5349 quidem,
2508 5273 2808 5332 secundum
2843 5271 3061 5333 Isaiam,
3107 5269 3384 5324 lenitatem
3427 5263 3630 5318 Christi

2059 5371 2307 5440 designat
2347 5385 2363 5424 :
2403 5368 2594 5422 hamus
2632 5377 2814 5419 autem
2844 5361 3142 5419 secundum
3194 5358 3361 5426 legem
3419 5353 3632 5407 sacriti-

2060 5462 2203 5516 cimn
2234 5468 2316 5512 est
2347 5473 2446 5527 pro
2474 5466 2719 5526 peccato.
2775 5451 3008 5507 Proinde
3037 5449 3248 5510 leniter,
3286 5446 3403 5498 ovis
3434 5443 3629 5507 instar,

2061 5551 2130 5606 ad
2161 5551 2483 5620 supplicium
2521 5548 2738 5612 ductus,
2765 5559 2862 5615 pro
2897 5551 3118 5612 peccato
3149 5538 3292 5593 velut
3327 5536 3512 5592 hircus
3544 5552 3629 5589 sa-

2379 5732 2422 5764 ¹⁶
2479 5729 2668 5785 Matth.
2724 5739 2848 5792 uti,
2902 5722 2993 5778 40.
