4024 6292
461 395 600 458 1έ³6ἶ

1890 393 2271 455 ADDENDA.

3591 392 3611 451 Ι
3625 392 3733 452 364

459 492 740 566 critieatus
774 517 876 572 est,
915 522 1012 578 pro
1056 507 1339 562 hominum
1379 504 1555 563 salute
1601 506 1841 577 seipsum
1884 504 2048 563 morti
2081 507 2128 561 Δ
2156 513 2410 569 vocatur,
2467 503 2615 572 quod
2641 487 2792 558 in'ea
2829 501 2973 558 velut
3005 502 3059 557 in
3093 509 3270 566 nocte,
3306 508 3359 554 et
3401 498 3643 561 Virtutes.
3687 514 3742 555 et

457 614 756 667 exponens.
775 599 902 665 Aut,
921 599 964 653 si
980 599 1255 662 mavis,—ut
1276 597 1466 654 haedus
1486 598 1538 652 in
1556 599 1662 653 alta
1681 599 1794 654 loca
1815 601 2045 668 prosilit,

459 694 543 748 sie
571 692 825 747 Christus
847 690 899 745 in
923 691 1123 745 coelum
1161 691 1429 756 ascendit,
1480 699 1643 760 teque
1681 691 1886 748 evehit.
1915 691 2050 744 Pro-

461 796 582 855 pter
611 793 662 838 te
694 785 836 837 enim
863 791 1118 838 mortuus
1140 793 1243 848 est,
1283 793 1341 838 ut
1373 799 1491 838 cum
1520 783 1638 854 ipso
1663 784 1836 839 vivas.
1883 784 2054 850 Quid-

463 893 591 931 nam
631 886 809 931 autem
846 877 947 932 sibi
977 877 1090 931 vult
1125 875 1233 940 lex,
1265 876 1411 947 quod
1446 877 1682 931 maxime
1712 877 1927 946 quidem
1955 891 2054 947 per

466 970 712 1039 singulas
751 970 946 1024 domus
988 985 1191 1038 agnum
1246 969 1544 1024 sacriﬁcari
1571 969 1744 1039 jubet,
1783 969 1828 1022 si
1873 979 2052 1024 autem

463 1062 746 1116 domestici
782 1059 936 1131 pauci
964 1061 1074 1115 sint
1094 1075 1159 1114 ac
1193 1076 1479 1131 pauperes,
1515 1041 1680 1115 simul
1723 1075 1940 1130 quoque
1976 1061 2056 1114 vi-

465 1153 622 1207 cinos
655 1153 1046 1224 adesse.atque
1077 1153 1151 1207 ita
1197 1168 1260 1207 ex
1292 1152 1694 1207 contributione
1731 1153 2057 1207 sacrificium

462 1243 755 1312 compleri?
780 1243 1046 1311 Quoniam
1067 1245 1430 1314 pra'stabilius
1451 1245 1498 1298 id
1525 1245 1738 1315 quidem
1763 1255 1866 1320 est,
1886 1253 1944 1299 ut
1959 1244 2059 1300 sibi

465 1335 701 1405 quisque
719 1335 784 1390 ad
806 1335 1193 1405 perfectionem
1227 1337 1480 1414 sufficiat,
1500 1345 1663 1407 atque
1700 1338 1933 1392 aliorum
1961 1353 2064 1407 ope

465 1435 520 1479 et
540 1425 764 1492 auxilio,
785 1426 847 1479 ad
867 1425 1119 1480 virtutem
1143 1441 1252 1479 non
1276 1425 1532 1496 indigeat,
1554 1427 1679 1496 quin
1701 1429 1900 1496 potius,
1917 1428 2062 1498 quod

465 1517 765 1586 Apostolus
791 1517 865 1572 ait
890 1518 956 1596 ¹⁷,
990 1519 1232 1587 seipsum
1267 1518 1519 1572 exhibeat
1552 1519 1660 1574 Deo
1692 1520 1924 1575 hostiam
1956 1537 2062 1574 non

468 1608 788 1672 inattimem,
851 1609 1029 1678 qualis
1085 1617 1168 1663 est
1220 1609 1331 1674 illa,
1364 1626 1482 1678 qua:
1516 1625 1612 1680 per
1642 1611 1797 1666 bruta
1833 1611 1908 1676 fit,
1946 1629 2067 1682 qum

463 1707 753 1769 postquam
770 1713 906 1754 caesa
933 1699 1220 1774 esset,Dco
1243 1700 1732 1780 tuneofl‘erebalur,
1757 1719 1942 1757 verum
1973 1705 2067 1758 ho-

436 1821 441 1826 ν
471 1789 632 1844 stiam
664 1789 960 1854 viventem,
1004 1799 1063 1844 ut
1095 1782 1383 1867 martyres,
1410 1792 1501 1861 qui
1528 1791 1736 1863 seipsos
1775 1794 1922 1848 rivos
1949 1793 2060 1849 Deo

473 1878 793 1944 "flerebant,
847 1891 911 1932 ac
944 1878 1142 1933 deinde
1175 1893 1273 1947 pro
1313 1895 1379 1932 eo
1436 1890 1665 1935 mortem
1701 1883 2050 1951 oppetebant.

470 1967 655 2022 Talem
686 1967 918 2023 hostiam
953 1984 1403 2040 unumquemque
1448 1971 1687 2041 seipsum
1721 1971 1829 2026 Deo
1861 1973 2055 2028 offerre

471 2066 707 2136 oportet,
740 2069 792 2114 et
820 2074 1056 2134 semper,
1083 2070 1134 2114 et
1159 2075 1254 2130 per
1286 2077 1373 2115 res
1417 2077 1608 2116 omnes
1641 2063 1955 2118 sacrificari.
1997 2063 2052 2118 ld

474 2160 657 2204 autem
697 2149 810 2218 ﬁet,
844 2151 888 2205 si
919 2152 1162 2206 membra
1196 2161 1384 2206 nostra
1415 2153 1478 2207 ad
1511 2153 1715 2223 peccati
1778 2165 2055 2224 perpetra-

473 2232 1075 2309 tidnem'opprimamus
1106 2255 1169 2294 ac
1200 2241 1614 2298 mortifieemus.
1643 2242 1799 2308 Quod
1845 2244 1891 2298 si
1932 2244 2056 2314 quis

470 2344 568 2398 per
607 2344 668 2384 se
696 2344 759 2384 ac
780 2330 950 2396 solus,
994 2331 1064 2384 ob
1112 2332 1313 2388 mentis
1347 2334 1584 2403 inopiam
1623 2344 1678 2389 ct
1709 2337 2052 2391 imbecillita-

473 2431 581 2475 tem
614 2421 960 2493 intelligcndo
986 2422 1187 2477 Christi
1223 2425 1478 2493 mysterio
1509 2439 1610 2494 par
1638 2441 1761 2481 esse
1786 2439 2052 2504 nequeat,

476 2514 658 2570 socios
704 2522 866 2584 atque
911 2514 1190 2583 adjutores
1226 2515 1330 2571 sibi
1375 2517 1628 2592 asciscet,
1662 2533 1754 2570 eos
1811 2518 2060 2572 videlicet

475 2606 772 2683 accipiens,
793 2608 883 2676 qui
915 2606 1100 2660 eadem
1131 2607 1234 2661 fi'le
1252 2608 1458 2676 pradili
1480 2618 1627 2663 sunt.
1650 2609 2054 2680 Nonnunquam

473 2699 620 2754 enim
680 2706 867 2751 mutua
908 2711 1070 2766 opera
1125 2697 1193 2753 ad
1256 2696 1603 2754 sublimiores
1655 2701 2057 2770 spccul‘ationes

473 2788 834 2865 assurgitnus,
870 2791 1051 2845 socios
1093 2805 1189 2846 eos
1221 2799 1585 2868 assumentes,
1620 2794 1714 2862 qui
1769 2794 2055 2850 nobiseum

469 2881 673 2936 virtute
691 2895 848 2950 pares
879 2896 942 2936 ac
967 2881 1129 2936 vieini
1163 2891 1308 2938 sunt.
1343 2880 1537 2937 Verum
1561 2883 1649 2939 hic
1678 2885 1871 2941 merito
1899 2888 2053 2957 quis-

473 2961 620 3043 piam
655 2983 1060 3051 pereunctetur,
1081 2974 1348 3045 siquidem
1386 2991 1529 3033 unus
1553 2986 1635 3032 est
1659 2976 1932 3053 Christus.
1963 2976 2055 3050 qui

471 3083 570 3138 per
600 3067 772 3138 legem
814 3079 867 3123 et
896 3070 1211 3138 prophetas,
1271 3079 1432 3141 atque
1479 3072 1613 3126 adeo
1655 3088 1753 3143 per
1782 3085 2058 3129 creaturas

2154 599 2284 652 vitia
2322 598 2374 651 in
2404 597 2640 652 obscuro
2685 595 2814 661 sint,
2851 603 3014 664 atque
3055 594 3218 649 etiam
3246 600 3486 663 ,prOpter
3512 592 3740 646 offusam

2155 690 2209 740 in
2243 701 2302 740 ea
2339 687 2722 758 ignorantiam,
2750 695 2805 740 et
2835 699 3098 748 errorem,
3149 698 3210 737 ac
3257 691 3564 757 peceatum,
3596 682 3746 750 quod

2156 780 2210 833 in
2242 794 2431 833 omnes
2458 777 2636 834 fusum
2681 793 2743 831 ac
2775 785 3128 846 propagatum
3174 785 3278 839 est,
3312 787 3610 842 omnesque
3638 773 3747 826 int-

2158 873 2308 940 pcrio
2336 869 2552 940 premit.
2601 869 2883 937 Quomodo
2912 878 3090 923 autem
3117 866 3296 921 divina
3325 867 3414 920 illa
3446 881 3577 928 nox,
3636 881 3746 934 qua

2157 963 2378 1018 Christo
2406 962 2744 1018 moriendum
2777 969 2916 1022 erat,
2948 958 3123 1012 noctis
3155 956 3358 1026 peccati
3395 956 3568 1009 hostis
3604 966 3748 1012 erat.

2161 1056 2364 1125 accipe.
2393 1053 2864 1121 Quemadmodum
2922 1053 2975 1104 in
3012 1050 3197 1103 mundi
3232 1049 3506 1102 creatione
3565 1047 3753 1102 sensi-

2163 1149 2256 1203 bili
2290 1149 2408 1202 luce
2441 1147 2705 1216 producta
2732 1145 2993 1199 discussre
3028 1151 3155 1196 sunt
3189 1140 3448 1212 tenebrae,
3485 1155 3608 1209 qua?
3640 1138 3754 1208 pri-

2164 1241 2394 1308 migenze
2419 1240 2696 1301 dicuntur,
2740 1252 2848 1291 non
2873 1236 3014 1305 quod
3047 1233 3349 1289 substantia
3395 1233 3636 1302 praaditm
3689 1245 3755 1283 ac

2167 1344 2361 1387 creatae
2399 1332 2529 1395 sint,
2571 1331 2663 1386 sed
2717 1329 2846 1398 quia
2895 1327 3034 1383 coelo
3083 1341 3146 1381 ac
3177 1334 3357 1400 terra;
3395 1324 3558 1378 rebus
3618 1323 3754 1377 sul:-

2169 1424 2369 1478 stantia
2427 1423 2690 1493 prteditis,
2731 1419 2888 1490 quasi
2946 1417 3324 1474 subsisterent.
3381 1414 3567 1484 Neque
3600 1417 3753 1468 enim

2172 1517 2516 1571 tenebrarum
2551 1515 2655 1568 ulla
2675 1523 2759 1568 est
2785 1511 3020 1568 essentia
3046 1518 3100 1565 et
3136 1509 3485 1566 subsistentia
3516 1522 3753 1563 :verum

2168 1624 2265 1678 per
2301 1605 2728 1661 obstructionem
2780 1611 2945 1672 atque
2998 1601 3336 1656 obstaculum
3377 1599 3534 1661 fiunt,
3583 1605 3758 1665 atque

2173 1699 2468 1756 accidentis
2497 1697 2757 1752 rationem
2790 1695 3012 1769 habent,
3044 1709 3148 1748 non
3179 1692 3518 1747 substantir.
3553 1688 3760 1754 Quem-

2174 1794 2466 1848 admodum
2506 1790 2668 1861 igitur
2695 1799 2819 1858 post
2870 1795 3107 1842 creatam
3167 1786 3337 1838 lucem
3394 1782 3758 1850 tenebrasque

2164 1886 2447 1942 submotas
2503 1891 2648 1936 terra
2680 1879 2852 1934 videri
2904 1879 3090 1954 cmpit,
3134 1885 3298 1944 atque
3346 1875 3753 1929 elementorum

2160 1976 2292 2032 ordo
2320 1974 2610 2045 distinctus
2670 1979 2775 2047 est,
2808 1969 3102 2038 omniaque
3158 1965 3451 2020 informata
3490 1975 3650 2026 sunt,
3689 1979 3754 2018 ac

2164 2069 2366 2124 coelum
2428 2075 2679 2120 ornatum
2729 2078 2886 2118 suum
2954 2059 3182 2136 accepit,
3247 2067 3504 2126 terraque
3563 2057 3752 2110 itidem

2161 2173 2346 2218 suum,
2394 2167 2559 2226 atque
2600 2154 2667 2209 ad
2703 2153 2852 2207 hunc
2910 2150 3130 2206 modum
3175 2149 3266 2203 illa
3313 2148 3463 2218 prius
3495 2147 3753 2202 informis

2160 2248 2384 2303 materia
2429 2246 2618 2302 formis
2687 2245 2949 2298 adornata
2991 2250 3076 2297 est
3123 2260 3138 2296 :
3192 2240 3272 2296 sic
3329 2239 3491 2294 etiam
3553 2239 3606 2293 in
3653 2241 3753 2293 hac

2159 2349 2508 2397 sacrosancta
2565 2346 2744 2412 nocte,
2803 2350 2908 2405 qua
2973 2332 3232 2389 Christus
3296 2331 3489 2386 salutis
3548 2344 3753 2386 nostra:

2162 2447 2329 2489 eausa
2415 2437 2645 2485 mortem
2716 2427 2930 2497 excepit
2993 2441 3058 2480 ac
3114 2424 3360 2500 sustulit,
3429 2423 3744 2493 ignorantia

2160 2535 2214 2585 et.
2271 2523 2477 2578 malitia
2554 2522 2607 2576 in
2668 2520 2829 2574 nobis
2901 2519 3134 2594 hmrens,
3201 2532 3265 2572 ac
3323 2515 3504 2570 noctis
3580 2515 3750 2569 ratio-

2161 2635 2284 2674 nem
2339 2618 2563 2681 habens,
2622 2613 2899 2684 proﬂigata
2929 2622 2980 2667 et
3004 2611 3266 2665 dissoluta
3317 2619 3398 2663 est
3431 2626 3446 2664 :
3481 2618 3654 2678 atque
3680 2608 3750 2661 ita

2162 2717 2384 2764 mutatze
2417 2715 2547 2762 sunt
2579 2720 2758 2760 rerum
2790 2705 2956 2766 vices,
2983 2711 3040 2757 ut
3069 2716 3168 2772 pro
3198 2703 3390 2755 umbra
3417 2701 3624 2755 veritas
3655 2715 3752 2754 no-

2163 2801 2246 2857 bis
2272 2799 2536 2862 illuxerit,
2565 2813 2664 2868 pro
2703 2795 3010 2868 ignorantia
3047 2793 3308 2864 cognitio,
3348 2809 3446 2861 pro
3487 2792 3750 2847 incredu-

2163 2893 2311 2948 litate
2342 2891 2495 2956 fides,
2555 2905 2655 2961 pro
2691 2897 2912 2960 peccato
2941 2887 3177 2958 justitia.
3218 2884 3406 2940 Potest
3455 2884 3542 2940 hic
3579 2885 3748 2940 etiam

2161 3000 2257 3055 per
2292 2983 2623 3054 primigenas
2657 2983 2907 3037 tenebras
2957 2981 3258 3051 primorum
3288 2989 3572 3050 parentum
3618 2991 3748 3047 pec-

2163 3087 2341 3132 catum
2414 3075 2660 3145 intelligi,
2729 3090 2825 3145 per
2879 3073 3022 3144 quod
3071 3073 3255 3128 omnia
3318 3073 3633 3143 perturbata
3695 3081 3748 3126 et

473 3159 822 3229 praedicatur,
856 3160 945 3230 qui
981 3159 1091 3226 fiet,
1126 3171 1185 3215 ιιι
1236 3161 1341 3227 lex,
1377 3161 1578 3218 Christi
1636 3162 1863 3234 figuram
1913 3166 2051 3220 cele-
2081 3169 2125 3229 C
2157 3184 2343 3225 eversa
2375 3180 2520 3222 sunt.
2565 3165 2770 3221 Verum
2827 3165 2882 3220 in
2937 3164 3180 3230 Christo,
3227 3180 3356 3220 vero
3403 3165 3632 3239 lumine,
3669 3164 3750 3218 hae

472 3252 660 3315 brans,
693 3266 790 3319 per
825 3251 1015 3306 domos
1053 3250 1379 3309 familiarum
1420 3255 1728 3326 complures
1757 3273 1928 3328 agnos
1961 3272 2054 3315 sa-

471 3339 944 3411 crificarijubeat?
975 3345 1050 3398 Ad
1087 3360 1246 3415 quem
1286 3346 1366 3401 sic
1414 3349 1713 3418 respOndeo
1741 3367 1756 3404 :
1788 3362 2062 3420 quemad—

472 3433 697 3487 modum
738 3435 1110 3504 unusquisque
1130 3451 1344 3500 eorum,
1376 3437 1468 3506 qui
1500 3437 1778 3494 Christum
1802 3442 1903 3497 fide
1917 3459 2064 3498 com-

479 3520 615 3585 plexi
668 3529 816 3583 sunt,
852 3535 950 3590 pro
978 3522 1170 3575 virium
1219 3539 1442 3578 suarum
1503 3527 1723 3584 modulo
1747 3532 2064 3600 spiritaliter

473 3607 693 3666 Christo
713 3611 1067 3682 crucifigitur,
1102 3613 1239 3670 alius
1269 3606 1525 3671 nimirum
1578 3630 1839 3688 quantum
1885 3625 1950 3678 ad
1978 3642 2063 3679 ac-

480 3701 627 3755 tuale
652 3712 932 3771 peccatum
957 3703 1470 3776 duntaxatjseipsum
1498 3710 1645 3766 cruci
1672 3711 2060 3785 affigens,alius

472 3802 737 3862 quantum
755 3795 819 3847 ad
847 3794 992 3862 ipsas
1017 3810 1230 3866 quoque
1247 3798 1413 3852 animi
1437 3801 1896 3872 perturbationes,
1920 3806 2060 3864 alius

473 3883 637 3938 etiam
674 3885 852 3954 quoad
882 3885 1029 3956 ipsas
1076 3886 1364 3943 affectuum
1421 3891 1856 3963 imaginationes,
1915 3898 2058 3954 alius

474 3975 709 4045 denique
739 3987 1001 4045 quantum
1034 3979 1098 4033 ad
1129 3980 1272 4050 ipsas
1303 3998 1520 4054 quoque
1537 3985 1830 4042 affectuum
1851 3991 2056 4059 cogita-

475 4068 654 4122 tiones
681 4085 693 4121 :
733 4071 813 4123 sic
845 4071 1220 4142 unusquisque
1253 4085 1498 4130 nostrum
1521 4078 1572 4132 in
1599 4083 1919 4150 congruenti
1951 4084 2054 4139 sibi

473 4160 698 4216 virtutis
728 4161 896 4233 gradu
913 4171 1077 4234 atque
1097 4167 1310 4234 ordine,
1342 4170 1498 4238 quasi
1526 4169 1578 4224 in
1609 4172 1771 4226 domo
1817 4176 2053 4243 quadam

472 4268 671 4322 agnum
707 4253 975 4318 immolat,
1021 4257 1313 4328 carnisque
1349 4259 1523 4330 ipsius
1567 4264 1834 4334 particeps
1877 4265 1955 4331 fit,
1991 4283 2054 4324 ac

473 4342 706 4400 Domino
733 4343 858 4402 Jesu
887 4348 952 4403 ad
986 4349 1292 4406 satietatem
1345 4353 1612 4421 expletur.
1664 4353 1876 4410 Etenim
1922 4375 2049 4428 pro-

470 4433 624 4502 prius
652 4435 1082 4508 uniuscujusque
1128 4453 1300 4509 agnus
1327 4439 1559 4496 efficitur
1587 4441 1746 4499 Jesus
1776 4444 2046 4515 Christus,

2166 3261 2373 3332 peccati
2410 3259 2646 3316 tenebrae
2685 3259 2876 3314 solutae
2924 3272 3260 3328 prorsusque
3316 3256 3545 3311 sublata:
3582 3264 3740 3330 sunt,

2167 3369 2274 3408 non
2302 3363 2480 3408 autem
2503 3359 2874 3416 excesserunt,
2907 3359 2999 3404 aut
3022 3349 3128 3404 alio
3159 3359 3500 3403 recesserunt
3530 3367 3544 3402 :
3574 3357 3739 3417 atque

2165 3445 2348 3500 omnia
2373 3445 2716 3500 collustravit
2739 3443 2806 3520 is,
2837 3442 2928 3512 qui
2953 3441 3089 3496 dixit
3111 3450 3172 3495 ut
3201 3440 3268 3495 de
3292 3439 3529 3494 tenebris
3562 3439 3742 3493 lumen

2166 3538 2594 3607 splendesceret,
2633 3545 2798 3605 atque
2833 3550 2894 3589 ea
2923 3549 3042 3602 quae
3064 3535 3216 3604 prius
3251 3532 3422 3587 forma
3459 3533 3741 3593 carebant,

2165 3629 2612 3694 informarentur;
2650 3628 2765 3703 ille,
2825 3627 3070 3702 inquam,
3127 3641 3269 3682 verte
3306 3623 3737 3696 pulchritudinis

2165 3722 2426 3776 vittutum
2458 3720 2793 3775 architectus
2835 3727 2890 3773 et
2919 3717 3232 3793 fabricator,
3266 3717 3358 3787 qui
3401 3732 3488 3771 res
3524 3725 3742 3771 nostras

2161 3811 2519 3866 immoderate
2579 3807 2812 3876 agitatas
2839 3821 2902 3861 ac
2930 3803 3252 3860 fluctuantes
3289 3805 3541 3882 intuitus,
3568 3821 3632 3858 ex
3659 3803 3740 3857 iu-

2159 3899 2428 3956 ordinatis
2459 3914 2555 3954 eas
2587 3897 2640 3952 in
2681 3897 2930 3952 ordinem
2970 3896 3215 3951 adduxit.
3241 3895 3357 3950 Lux
3383 3898 3554 3973 enim,
3575 3907 3629 3950 et
3649 3913 3743 3949 or-

2159 4001 2341 4057 natus,
2366 3999 2421 4044 et
2449 3988 2604 4063 ordo,
2634 3989 2998 4059 cognitionem
3033 3997 3084 4043 et
3111 3989 3363 4042 virtutem
3393 3989 3737 4060 significant:

2159 4082 2392 4136 tenebrae
2435 4062 2626 4134 contra
2670 4087 2723 4133 et
2752 4076 3027 4146 confusio,
3078 4093 3198 4148 qua:
3231 4078 3395 4132 vitam
3437 4078 3737 4132 humanam

2155 4173 2308 4242 prius
2339 4171 2681 4250 obsidebant,
2716 4170 2915 4240 vitium
2947 4179 3111 4240 atque
3167 4168 3543 4240 ignorantiam
3591 4170 3738 4225 desi-

2153 4271 2343 4334 gnant.

2222 4355 2338 4411 Col.
2375 4357 2479 4412 645
2515 4357 2580 4410 Δ.
2645 4353 2781 4410 Hinc
2824 4354 3122 4426 Egyptum
3174 4355 3428 4426 fugimus,
3485 4357 3580 4409 hoc
3633 4369 3733 4419 est,

2159 4447 2306 4502 triste
2344 4457 2451 4503 etc.
2482 4445 2752 4511 Posthace,
2787 4447 2990 4518 inquit,
3033 4457 3317 4518 peceatum
3392 4450 3540 4502 velut
3571 4445 3738 4519 Egy-

471 4533 636 4592 atque
668 4535 840 4595 totus,
868 4536 922 4582 ct
960 4529 1080 4596 toti,
1110 4540 1163 4584 et
1188 4532 1442 4588 omnibus
1473 4535 1657 4588 omnia
1683 4538 1757 4590 fit.
1798 4536 1899 4591 Per
1920 4539 2052 4593 vici-
2082 4515 2136 4575 θ
2160 4551 2309 4610 ptum
2347 4539 2635 4609 quamdam
2687 4515 2963 4612 fugimus,
3012 4515 3158 4609 quod
3193 4540 3412 4610 quidem
3457 4541 3611 4594 triste

471 4630 603 4669 num
636 4619 823 4681 etiam,
859 4619 950 4688 qui
987 4620 1053 4673 ad
1093 4621 1216 4691 agni
1250 4636 1404 4677 esum
1452 4626 1772 4692 assumitur,
1825 4629 2053 4697 gentiles

470 4707 770 4776 significari
831 4723 1086 4779 possunt.
1136 4714 1402 4780 Quoniam
1459 4718 1602 4773 enim
1636 4717 1806 4774 Judaei
1838 4732 2055 4791 propter

470 4798 639 4852 animi
663 4810 1031 4868 paupertatem
1067 4807 1384 4875 mysterium
1421 4807 1524 4863 hoc
1550 4811 1835 4880 concipere
1860 4814 2052 4882 ncqui-

471 4899 672 4943 verunt
705 4906 720 4944 :
759 4890 960 4944 idcirco
992 4891 1059 4945 ad
1099 4895 1349 4949 sacrificii
1381 4899 1698 4952 societatem
1732 4909 1784 4953 ct
1822 4915 2048 4956 consor-

473 4979 608 5033 tium
631 4979 831 5033 ethnici
875 4981 1099 5050 insupcr
1128 4987 1389 5054 assutnpti
1419 4997 1568 5042 sunt.
1623 4987 1792 5042 Porro
1824 4991 1876 5044 in
1912 5008 2050 5047 una-

473 5085 696 5140 quaque
719 5071 884 5125 domo
917 5072 1190 5140 perfectus
1220 5087 1336 5131 erat
1367 5092 1566 5146 agnus,
1599 5095 1698 5134 nec
1727 5081 1778 5134 in
1805 5082 2050 5140 diversas

473 5163 670 5219 domos
727 5163 1088 5221 dividebatur.
1148 5167 1297 5224 Unus
1341 5170 1484 5225 enim
1529 5180 1692 5242 atque
1741 5174 2053 5234 individuus

471 5253 722 5310 Christus
750 5264 848 5322 est,
882 5270 945 5310 ac
977 5255 1110 5312 fides
1144 5274 1270 5313 una.

543 5348 662 5404 Col.
695 5348 800 5404 645
833 5349 898 5406 Α.
934 5349 1075 5406 Hinc
1103 5370 1260 5408 sacra
1289 5371 1392 5410 nos:
1414 5367 1460 5409 et
1491 5361 1763 5428 presenti:
1789 5365 1927 5428 vitae,
1959 5363 2052 5416 hac

471 5449 574 5502 est,
608 5449 713 5494 ete.
747 5442 1035 5515 Deinceps,
1079 5445 1274 5517 ittquit,
1302 5458 1464 5519 atque
1509 5452 1700 5506 ordine
1739 5455 1964 5525 mystica
1999 5465 2053 5512 et

472 5538 526 5580 et
561 5541 909 5590 sacrosancta
942 5550 1045 5590 nox
1080 5536 1318 5602 advenit,
1361 5537 1575 5595 inimica
1618 5551 1671 5597 et
1702 5544 1873 5599 bustis
1903 5554 2052 5619 tenes.

471 5619 646 5676 brosa:
673 5623 834 5694 hujus
869 5628 1011 5694 vitae,
1067 5647 1188 5700 qum
1234 5647 1336 5686 nox
1393 5631 1553 5688 etiam
1581 5635 1650 5691 ob
1677 5651 1794 5692 eam
1826 5653 2044 5695 causam

547 5799 588 5832 "
621 5798 780 5858 llum.
816 5819 914 5868 xu,
944 5806 975 5860 4

2162 4631 2400 4687 candum
2437 4640 2542 4698 est,
2575 4640 2635 4686 ut
2668 4631 2902 4686 tristitiae
2953 4645 3176 4688 causam
3211 4630 3468 4697 aﬂ‘erens,
3540 4633 3734 4685 acerbe

2163 4735 2346 4780 autem
2380 4739 2740 4794 persequens,
2771 4734 2829 4780 ut
2857 4725 2912 4779 in
2943 4724 3183 4779 hominis
3218 4724 3511 4791 perniciem
3536 4738 3731 4774 excur-

2163 4816 2350 4872 siones
2383 4815 2608 4872 faciens.
2645 4815 2971 4888 Quanquam
3009 4817 3174 4871 ctiam
3200 4815 3405 4886 alioqui
3443 4814 3731 4886 Egyptus,

2157 4907 2203 4961 si
2245 4907 2648 4976 interpreteris,
2690 4911 2943 4964 tenebras
2968 4915 3130 4964 sonat
3167 4925 3178 4960 :
3209 4906 3293 4962 hae
3335 4915 3517 4961 autem
3549 4908 3730 4961 tristes

2155 5006 2304 5052 sunt.
2337 4996 2578 5068 Aﬂgyptii
2616 5008 2798 5054 autem
2832 4999 3107 5055 lsraelitas
3140 4999 3635 5070 persequebantur,
3671 5006 3730 5051 ut

2157 5107 2253 5148 eos
2305 5093 2856 5162 comprehenderent.
2910 5091 3022 5148 Nec
3070 5108 3202 5148 vero
3257 5092 3493 5146 tristitize
3534 5103 3730 5160 parens

2158 5192 2439 5253 peccatum
2472 5185 2649 5239 solum
2687 5184 2950 5256 fugimus,
2983 5199 3170 5238 verum
3206 5183 3368 5237 etiam
3395 5181 3726 5250 caliginoso~

2160 5291 2280 5328 rum
2312 5275 2619 5331 daemonum
2671 5276 2973 5346 principem
3012 5274 3234 5330 servilia
3284 5288 3471 5344 opera,
3528 5273 3726 5342 quibus

2157 5367 2370 5423 animus
2394 5367 2741 5438 Opprimitur;
2766 5369 3143 5438 imperantem,
3170 5383 3236 5422 ac
3260 5367 3533 5420 daemones
3563 5363 3720 5418 etiam

2153 5459 2304 5531 ipsos
2356 5477 2635 5532 nunquam
2667 5476 2780 5515 non
2834 5463 3126 5528 instantes,
3170 5469 3338 5530 atque
3391 5457 3457 5512 ad
3513 5452 3719 5527 peccati

2153 5566 2294 5622 opus
2331 5551 2468 5608 dure
2528 5554 2832 5625 acerbeque
2893 5554 3232 5624 impellentes
3281 5560 3336 5607 et
3374 5550 3717 5619 adut-gentes,

2152 5653 2314 5716 atquc
2348 5645 2535 5700 eadem
2582 5660 2748 5702 causa
2784 5660 3006 5716 operum
3065 5643 3349 5717 prmfeetos
3405 5641 3713 5712 appellatos.
