4076 6292
355 383 387 444 ι
408 386 522 446 Ἰ(ῑῦ

1330 379 1656 441 NICETAS
1691 378 1774 438 IN
1816 376 2040 439 ORAT.
2084 377 2250 438 XLII
2291 377 2350 439 S.
2396 378 2628 439 GREG.

3485 379 3617 442 ll‘l‘ifi

353 491 854 562 Quemadmodum
901 499 1082 546 autem
1143 490 1399 547 Israelita:
1451 492 1518 546 ad
1572 490 1952 560 promissionis
1983 497 2024 550 Α
2057 491 2158 544 hoc
2187 499 2290 552 est,
2319 490 2520 544 Christi
2558 489 2842 560 sanguine,
2891 488 3211 560 obsignandi
3238 497 3387 550 sunt,
3433 507 3538 544 nun
3565 504 3618 546 ιιι

363 597 609 646 terram,
651 583 733 636 sic
757 598 856 637 nos
884 597 1102 650 quoque
1136 583 1200 637 ad
1225 598 1522 652 supernum
1548 583 1812 637 mundum
1842 583 1949 635 mi-

363 691 626 746 gramus.
655 675 832 744 Atque
863 683 921 730 ut
951 675 1026 728 illi
1075 675 1187 729 luto
1223 685 1276 729 et
1321 676 1552 729 laterum
1586 674 1950 737 confectione,

367 771 577 823 eodem
618 770 782 822 modo
814 782 914 822 nos
963 768 1130 823 etiam
1166 767 1374 820 lubrica
1405 777 1460 821 et
1509 766 1674 820 inllda
1705 767 1956 836 corporis

371 861 550 926 hujus
608 859 989 929 compactione
1044 859 1344 913 liberamur
1380 897 1396 922 ,
1462 859 1611 928 quod
1684 867 1953 912 ex-terra

373 963 826 1025 coagmentatum
893 963 1020 1018 est,
1078 954 1224 1007 unde
1284 964 1337 1006 et
1389 953 1586 1008 lateres
1642 963 1698 1006 et
1756 953 1950 1006 lutum.

375 1047 558 1101 Porro
607 1061 898 1115 compages
948 1045 1062 1114 ipsa
1094 1045 1376 1114 corporis,
1417 1053 1608 1114 suapte
1640 1053 1832 1098 natura
1886 1045 1951 1098 ad

375 1140 742 1193 offensionem
789 1146 843 1191 et
898 1145 1180 1206 peccatum
1230 1135 1514 1205 proclivis,
1568 1137 1709 1203 apud
1755 1135 1956 1190 multos

376 1229 634 1283 homines
663 1237 825 1297 atque
857 1227 1146 1282 interiores
1171 1235 1225 1281 et
1261 1227 1572 1296 ignaviores
1604 1227 1670 1280 ad
1708 1227 1953 1295 volupta-

386 1330 478 1374 tes
502 1320 572 1372 ita
630 1317 788 1372 facile
825 1318 1076 1382 solvitur,
1123 1326 1178 1372 et
1207 1317 1472 1372 cll‘renato
1505 1319 1706 1386 impetu
1758 1317 1950 1379 fertur,

379 1419 446 1464 ut
469 1425 536 1464 ne
569 1410 877 1479 palearibus
892 1409 1110 1479 quidem
1145 1409 1469 1470 rationibus,
1491 1410 1592 1463 hoc
1616 1417 1717 1473 est,
1743 1408 1954 1475 exiguis

375 1513 438 1555 et
486 1500 696 1555 levibus
734 1510 1052 1554 coerceamr
1112 1508 1167 1554 et
1217 1501 1646 1567 constringatur,
1694 1497 1953 1568 quemad-

379 1592 604 1645 modum
651 1591 850 1646 lateres
903 1591 1076 1660 paleis
1106 1607 1121 1644 :
1151 1606 1339 1644 verum
1374 1591 1474 1644 luti
1529 1591 1703 1644 instar
1755 1590 1822 1644 ad
1854 1605 1952 1643 vo-

380 1683 617 1751 luptates
649 1682 860 1735 laxetur
894 1696 958 1735 ac
1001 1681 1364 1735 dili‘undatur.
1413 1680 1627 1734 Etenim
1659 1681 1950 1735 convenie-

380 1776 478 1828 bat
514 1789 634 1840 nos,
675 1774 861 1829 densis
890 1789 955 1829 ac
993 1774 1184 1828 solidis
1222 1783 1277 1828 et
1309 1774 1690 1844 spiritualibus
1725 1776 1951 1829 rationi-

379 1869 484 1922 bus
512 1877 881 1933 constructos,
931 1881 962 1921 a
995 1866 1156 1922 foedis
1187 1867 1562 1936 voluptatibus
1593 1877 1814 1938 propter
1851 1869 1942 1922 Dei

376 1973 622 2012 amorem
675 1959 949 2028 restringi.
998 1959 1068 2011 At
1098 1973 1244 2012 nunc
1296 1959 1692 2027 improbissimi
1742 1959 1946 2030 quique

376 2064 450 2102 ne
487 2047 869 2104 subventaneis
898 2048 1115 2117 quidem
1168 2056 1220 2102 et
1271 2048 1482 2102 levibus
1517 2049 1825 2104 rationibus
1866 2061 1949 2105 tc-

378 2148 583 2194 nentur
615 2155 680 2195 ac
725 2139 1092 2210 reperiuntur,
1131 2149 1190 2195 ut
1240 2139 1287 2196 si
1342 2155 1448 2194 non
1482 2151 1704 2210 propter
1750 2141 1942 2206 Deum,

377 2233 573 2286 saltem
608 2232 674 2286 ad
708 2231 921 2286 Iaudem
969 2231 1256 2286 hominum
1290 2233 1638 2288 emereudam
1672 2249 1701 2287 a
1731 2234 1951 2304 ﬂagitiis

376 2324 715 2380 abstineant.

453 2411 584 2466 Ibid.
627 2410 687 2464 Β.
718 2410 858 2466 Hinc
894 2430 1059 2486 agnus
1084 2423 1382 2480 mactatur,
1435 2426 1598 2485 atque
1651 2419 1812 2481 actio,
1840 2425 1947 2472 etc.

371 2501 518 2555 Cum
582 2503 911 2572 tripartitam
958 2507 1138 2560 anima
1197 2513 1383 2561 nostra
1434 2507 1703 2588 rationem
1758 2508 1952 2564 habeat

373 2589 664 2657 (dividitur
722 2591 889 2661 enim)
941 2593 1299 2658 rationalem,
1367 2595 1848 2664 concupiscitiilem
1898 2606 1952 2652 et

373 2679 736 2745 irascibilem,
791 2681 1040 2748 postibus
1111 2683 1334 2751 quidem
1368 2687 1672 2754 comparari
1721 2699 1952 2754 possunt

372 2770 461 2824 ira
490 2777 544 2822 et
571 2769 1010 2837 concupiscentia
1037 2789 1052 2832 ;
1090 2772 1262 2825 limini
1306 2782 1487 2826 autem
1535 2775 1873 2829 conciliatrix
1898 2788 1953 2832 ct

373 2861 658 2916 collectrix
687 2875 878 2916 earum
917 2862 1058 2916 ratio
1085 2863 1302 2933 utrique
1331 2866 1648 2934 conjuncta,
1689 2876 1855 2938 atque
1883 2869 1952 2923 ab

376 2961 617 3022 utraque
659 2961 986 3009 sustentata.
1039 2954 1120 3009 Ad
1152 2954 1529 3011 fortitudinem
1578 2959 1724 3014 enim
1763 2961 1834 3016 ab
1873 2962 1950 3016 ira

375 3044 747 3113 obﬁrmatur,:
781 3047 848 3100 ad
875 3047 1217 3102 consortium
1247 3058 1426 3103 autem
1463 3053 1662 3104 summi
1694 3052 1820 3107 boni
1859 3069 1953 3124 per

2053 580 2396 642 claudantur,
2423 597 2485 634 ac
2516 581 2648 634 nihil
2672 588 2853 650 agant,
2887 596 3076 634 vermu
3119 589 3178 635 ut
3220 581 3618 650 insculpautur.

2057 680 2227 742 atque
2285 672 2602 742 Ilujusmodi
2653 673 2869 742 signum
2906 680 2961 726 et
2989 672 3328 742 exemplares
3361 681 3518 726 notas
3569 674 3621 726 in

2054 764 2255 832 seipsis
2304 764 2546 834 integras
2601 773 2842 819 servent.
2881 762 2974 816 Vel
3005 764 3172 818 etiam
3217 774 3279 817 ut
3335 763 3623 818 hostilibus

2054 855 2228 924 copiis
2258 862 2521 910 terrorem
2583 854 2834 919 all‘erant,
2891 855 3358 924 quemadmodum
3408 857 3617 926 regium

2057 946 2276 1016 signum
2312 946 2724 1003 formidolosum
2757 963 2878 1002 esse
2909 947 3066 1002 solet.

2128 1038 2262 1092 ibid.
2299 1038 2436 1092 Hinc
2461 1049 2745 1108 postrema,
2784 1049 2833 1094 et
2863 1040 3280 1108 persecutoribus
3307 1041 3623 1111 gravissima

2053 1132 2234 1201 plaga,
2277 1143 2381 1188 etc.
2446 1132 2640 1188 Decem
2670 1133 2859 1202 plagas
2899 1133 2951 1186 in
3013 1133 3361 1187 Hebraeorum
3390 1134 3619 1202 gratiam

2058 1220 2320 1276 Dontinus
2343 1220 2617 1293 IEgyptiis
2666 1223 2880 1278 inllixit.
2909 1222 3092 1276 Prima
3131 1223 3232 1278 fuit
3263 1225 3489 1293 sanguis
3513 1225 3620 1288 ille,

2055 1313 2145 1378 qui
2199 1327 2266 1366 ex
2327 1327 2593 1383 aquarum
2642 1314 3061 1385 congregatione
3108 1315 3502 1383 hauriebatur;
3537 1332 3622 1372 se-

2054 1403 2228 1458 cunda
2286 1420 2452 1471 ranae;
2515 1406 2672 1460 tertia
2709 1407 2984 1476 ciniphes;
3033 1415 3228 1477 quarta
3294 1410 3621 1480 cynomyia;

2053 1488 2242 1563 quinta
2307 1497 2718 1566 quadrupedum
2791 1497 3085 1566 interitus;
3153 1509 3306 1555 sexta
3391 1504 3620 1567 vesicze;

2053 1586 2284 1655 septima
2315 1589 2523 1657 grando
2548 1589 2787 1645 triticum
2811 1598 3135 1658 conterens;
3184 1601 3373 1647 octava
3403 1593 3625 1650 locusta:

2054 1676 2246 1731 viridia
2270 1679 2455 1734 omnia
2479 1679 2840 1750 populantes;
2875 1695 3016 1736 nona
3043 1682 3344 1752 palpabiles
3367 1684 3621 1750 tenebrre;

2053 1769 2263 1826 decima
2341 1772 2798 1842 primognitorum
2873 1775 3178 1844 oppressio.
3259 1775 3436 1846 Atque
3509 1778 3623 1832 ha;c

2053 1862 2206 1932 plaga
2244 1865 2435 1920 ordine
2456 1865 2674 1935 quidem
2701 1874 2973 1936 postrema
3000 1875 3137 1931 erat,
3161 1869 3408 1938 supplicii
3440 1878 3621 1924 autem

2051 1953 2315 2022 gravitate
2341 1955 2538 2024 prima.
2557 1955 2744 2026 Neque
2772 1959 2917 2012 enim
2951 1972 3071 2012 eam
3101 1957 3342 2030 Egyptii
3373 1963 3621 2029 perferre

2051 2054 2364 2115 potuerunt,
2385 2049 2478 2103 sed
2499 2059 2625 2104 tunc
2658 2049 2920 2105 Israelitis
2953 2050 3267 2106 discedendi
3296 2060 3616 2121 potestatem

2053 2135 2319 2194 fecerunt.
2361 2139 2564 2194 Eodem
2600 2141 2762 2195 modo
2787 2142 3127 2197 daemonibus
3147 2157 3387 2212 quoque,
3407 2143 3587 2198 anima
3609 2171 3623 2185 -

2053 2244 2173 2282 rum
2227 2239 2541 2285 nostrarum
2595 2233 3061 2302 persecutoribus,
3117 2234 3438 2303 gravissima
3507 2235 3623 2290 haec

2053 2333 2212 2388 ptena
2267 2321 2502 2387 videtur,
2537 2322 2756 2392 quando
2803 2323 2857 2376 in
2899 2323 3083 2377 animo
3113 2323 3183 2377 ab
3213 2323 3364 2378 omni
3390 2331 3625 2378 ostenta-

2051 2411 2201 2464 tione
2231 2412 2409 2466 alieno
2432 2422 2596 2482 atque
2624 2413 2812 2468 humili
2838 2423 2895 2468 et
2921 2413 3153 2481 abjecto,
3181 2415 3340 2484 quasi
3370 2416 3424 2468 in
3456 2424 3618 2470 nocte

2051 2500 2310 2570 quadam,
2342 2501 2704 2571 primogenita
2736 2503 2966 2572 peccati,
3031 2502 3135 2556 hoc
3189 2511 3273 2558 est
3297 2503 3472 2572 prima
3505 2503 3620 2556 vitii

2053 2592 2205 2660 origo
2272 2601 2321 2646 et
2385 2591 2760 2662 principium,
2836 2608 2865 2646 a
2933 2592 3092 2646 nobis
3143 2593 3618 2663 exstinguuntur:

2053 2681 2510 2750 quemadmodum
2543 2683 2597 2736 in
2629 2681 2924 2753 Evangelio
2945 2683 3196 2738 Christus
3237 2682 3460 2748 docet",
3497 2698 3618 2737 cum

2051 2773 2205 2842 jubet
2239 2788 2338 2827 nos
2385 2774 2684 2842 cupiditate
2741 2783 2909 2845 atque
2968 2775 3048 2829 ira
3099 2775 3430 2844 compressis
3459 2784 3622 2844 atque

2052 2864 2284 2920 sublatis
2315 2865 2580 2934 intrepido
2609 2866 2794 2920 animo
2823 2881 2967 2931 esse,
3003 2881 3105 2920 nec
3128 2867 3241 2936 jam
3279 2867 3360 2920 vel
3406 2867 3621 2924 adulte—

2059 2957 2125 3011 rii
2156 2957 2358 3021 scelus,
2383 2956 2467 3010 vel
2511 2955 2678 3012 caedis
2715 2956 2990 3025 piaculum
3020 2958 3425 3025 pertimescere.
3473 2957 3617 3012 Neu-

2055 3057 2199 3101 trum
2231 3046 2374 3101 cnim
2409 3047 2601 3100 horum
2649 3061 2678 3100 a
2729 3047 2910 3116 seipse
2941 3048 3242 3102 consistere
3280 3063 3461 3116 posse,
3513 3049 3620 3105 nisi

375 3137 894 3205 concupiscentiam
963 3137 1303 3193 subvehitur.
1357 3139 1513 3195 Caeso
1571 3141 1738 3210 igitur
1787 3158 1947 3212 agno,
1979 3163 2021 3220 ρ
2054 3139 2254 3194 caedem
2290 3138 2594 3204 iracundia,
2641 3138 2966 3192 adulterium
2997 3139 3441 3209 concupiscentia
3492 3156 3622 3210 pro-

374 3231 670 3284 domorum
712 3239 894 3300 postes
922 3231 1096 3301 ipsius
1129 3246 1328 3286 cruore
1359 3233 1529 3287 imbui
1563 3234 1644 3288 lex
1682 3238 1946 3308 prmcipit.

371 3321 596 3386 Quibus
651 3323 948 3392 signilicari
1007 3335 1236 3393 possunt
1266 3324 1409 3379 actio
1441 3334 1495 3378 et
1536 3327 1945 3396 contemplatio.

374 3410 835 3481 Quandoquidem
874 3413 1074 3484 duplex
1109 3429 1328 3484 quoque
1369 3424 1554 3470 nostra
1603 3417 1945 3487 philosOphia

375 3507 488 3562 est,
527 3500 702 3554 activa
755 3511 812 3556 et
870 3503 1226 3572 speculativa,
1279 3503 1395 3558 sive
1433 3505 1650 3561 habitus
1685 3518 1736 3560 et
1771 3518 1945 3565 actus.

379 3592 783 3662 Philosophiam
838 3608 1002 3663 porro
1052 3603 1290 3647 nostram
1343 3609 1462 3648 eam
1501 3597 1622 3651 vita:
1677 3600 1944 3655 rationem

377 3697 538 3744 voco,
571 3700 690 3753 qua:
714 3685 1011 3739 secundum
1047 3684 1249 3738 Christi
1275 3685 1580 3742 doctrinam
1621 3688 1944 3746 instituitur.

380 3777 448 3827 Iit
469 3776 691 3844 quidem
729 3776 906 3829 activa
947 3774 1289 3842 philosophia
1327 3790 1390 3829 ea
1420 3777 1525 3830 vita
1557 3786 1662 3843 est,
1699 3780 1752 3833 in
1782 3796 1945 3850 quam

376 3864 529 3918 nulla
583 3864 932 3933 reprehensio
972 3863 1158 3917 cadit:
1192 3865 1526 3932 speculativa
1586 3875 1809 3933 autem,
1864 3879 1949 3925 cst

380 3963 531 4007 recta
572 3954 836 4008 doctrinae
874 3954 1000 4010 lidei
1029 3953 1323 4010 sententia.
1353 3955 1566 4011 Rursus
1592 3958 1809 4014 habitus
1838 3973 1943 4025 est,

377 4043 640 4098 diuturna
688 4045 755 4098 ad
813 4045 1068 4100 virtutem
1100 4049 1267 4102 animi
1326 4049 1565 4115 aﬂectin,
1605 4058 1767 4118 atque
1801 4049 1948 4118 ejus-

387 4135 555 4199 modi,
602 4142 661 4189 ut
683 4135 774 4189 vix
811 4137 990 4190 excuti
1023 4139 1192 4207 possit
1224 4155 1239 4194 :
1271 4148 1428 4195 actus
1453 4152 1658 4203 autem,
1706 4141 1822 4210 ipsa
1865 4150 1949 4195 est

377 4227 544 4281 actio.
588 4225 708 4280 iam
753 4241 886 4282 vero
927 4229 1067 4284 ostia
1121 4229 1225 4284 hoc
1257 4229 1401 4285 'loco
1450 4231 1706 4286 dicuntur
1749 4231 1948 4286 mentis

379 4318 703 4387 agitationes
748 4327 803 4374 et
823 4320 1100 4391 dogmata,
1159 4323 1487 4393 agitationes
1515 4325 1758 4394 quidem,
1819 4340 1942 4378 cum

380 4425 536 4463 mens
586 4410 790 4479 aliquid
823 4414 1068 4481 exquirit
1097 4428 1162 4468 ac
1196 4430 1392 4474 secum
1457 4423 1660 4479 versat,
1693 4417 1942 4485 dogmata

2056 3229 2258 3285 tulerit.
2293 3230 2560 3296 Quocirca
2617 3245 2740 3284 cum
2793 3228 2840 3282 is
2896 3230 2986 3299 qui
3023 3231 3252 3286 vitiosos
3308 3231 3450 3288 fetus
3485 3233 3618 3299 edit,

2053 3328 2181 3374 ante
2237 3319 2566 3374 adulterium
2631 3319 3172 3388 concupiscentiam,
3227 3331 3355 3377 ante
3415 3321 3618 3378 eadem

2053 3411 2388 3464 iracundiam
2426 3411 2621 3480 pariat,
2667 3412 2711 3466 si
2763 3411 2984 3480 quidem
3021 3412 3442 3482 primogenitum
3489 3428 3617 3469 sus-

2055 3502 2278 3567 tulerit,
2343 3502 2484 3556 haud
2525 3502 2689 3556 dubie
2749 3501 2918 3577 l‘etum
2983 3518 3203 3573 quoque
3258 3505 3618 3574 primogenita

2051 3594 2432 3648 succedentem
2487 3593 2787 3647 sustulerit.
2846 3593 2950 3648 Sed
3001 3594 3282 3650 videamus
3328 3611 3449 3663 qua:
3509 3597 3620 3651 sint

2050 3684 2438 3753 cogitationum
2510 3683 2893 3751 primogenita,
2953 3697 3076 3754 qua:
3132 3685 3258 3738 item
3305 3686 3610 3746 actionum.

2051 3791 2195 3844 quae,
2230 3785 2289 3828 ut
2319 3775 2623 3844 pereuntia,
2678 3777 2834 3830 luctu
2871 3777 3223 3846 prosequitur
3244 3775 3540 3846 Egyptus,
3564 3778 3617 3832 id

2051 3873 2156 3928 est,
2207 3873 2512 3933 peccatum.
2551 3863 2766 3933 Turpes
2821 3878 2885 3919 ac
2939 3863 3097 3920 fmda:
3152 3865 3511 3934 cogitationes
3562 3864 3615 3916 in

2051 3957 2166 4011 btec
2195 3956 2298 4009 tria
2333 3954 2696 4010 dividuntur:
2732 3955 2786 4008 in
2827 3955 3214 4019 intentionem,
3257 3955 3311 4010 in
3356 3969 3619 4025 congres-

2050 4046 2284 4110 sionem,
2309 4059 2432 4115 quaa
2463 4052 2517 4099 et
2547 4044 2691 4099 lucta
2737 4045 3074 4110 nominatur,
3118 4053 3174 4100 et
3209 4045 3264 4100 in
3292 4046 3614 4100 consensio-

2050 4151 2196 4191 nem.
2232 4134 2372 4206 Ergo
2402 4135 2703 4204 primigena
2747 4135 3003 4207 cogitatio
3043 4135 3150 4191 dici
3195 4137 3390 4206 possit,
3436 4137 3609 4207 prima

2048 4237 2104 4281 ct
2150 4226 2435 4282 all‘ectibus
2469 4227 2784 4296 perturbata
2820 4229 3086 4290 intentio,
3129 4236 3296 4297 atque
3323 4229 3606 4297 appetitio.

2047 4319 2338 4374 Actionum
2365 4326 2548 4372 autem
2573 4316 2954 4387 primogenita,
2984 4318 3210 4372 vitiosas.
3223 4318 3606 4371 ratiocinatio-

2049 4423 2146 4464 nes
2173 4416 2228 4463 et
2255 4407 2634 4477 cogitationes,
2666 4420 2697 4460 a
2729 4405 2932 4475 quibus
2961 4414 3242 4476 peccatum
3285 4405 3441 4470 illud,
3468 4408 3612 4474 quod

379 4511 584 4565 autem,
613 4517 738 4555 cum
774 4503 996 4560 notitias
1037 4506 1303 4574 quasdam
1331 4522 1428 4576 per
1457 4523 1517 4562 se
1551 4506 1708 4562 ﬁdem
1734 4506 1934 4564 facien-
1976 4499 2020 4554 Ι)
2049 4499 2216 4554 animi
2263 4497 2582 4554 3350053000
2635 4505 2916 4565 Ρθιηωυε
2949 4533 2966 4559 9
3015 4495 3083 4550 ad
3138 4503 3321 4548 δοιυω
3391 4494 3609 4549 “ﬁdem

382 4605 482 4656 tes,
506 4605 558 4648 ct
589 4604 734 4650 ratas
765 4596 1060 4666 ﬁrmasque
1085 4596 1391 4669 dogmatice
1421 4601 1634 4654 retinet.
1673 4601 1942 4670 Aperiun-

384 4695 470 4737 tur
516 4700 679 4754 porro
731 4687 1046 4753 huiusmodi
1100 4689 1466 4758 agitationes,
1518 4691 1736 4758 quoties
1790 4706 1944 4746 mens

384 4779 625 4843 qumdam
669 4779 940 4832 invenerit
971 4782 1038 4832 ad
1073 4780 1194 4849 ejus
1223 4781 1588 4851 cognitionem
1636 4785 1941 4852 perceptio-

387 4882 615 4934 nemque
632 4867 924 4929 venientia,
945 4882 1119 4933 eaque
1145 4879 1436 4938 exceptura
1453 4881 1538 4925 est
1571 4889 1584 4925 :
1616 4871 1946 4927 clauduntur

388 4965 592 5020 autem,
638 4971 763 5010 cum
796 4956 870 5020 id,
903 4957 1048 5026 quod
1083 4958 1410 5028 exquiritur,
1445 4960 1614 5030 ipsius
1643 4960 1948 5031 intelligen-

386 5045 511 5098 tiam
566 5054 807 5115 snperat.
868 5046 1326 5118 Quandoquidem
1387 5051 1938 5119 comprehensionum

382 5148 596 5204 quoque
630 5135 798 5188 animi
832 5137 1024 5191 modus
1075 5137 1297 5207 quidam
1325 5147 1430 5194 est.
1476 5139 1610 5194 Nam
1647 5150 1703 5196 et
1734 5142 1936 5196 mentis

381 5225 890 5294 comprehensiones
924 5229 1144 5281 modum
1179 5245 1339 5284 suum
1381 5230 1618 5295 habent,
1678 5240 1842 5299 atque
1875 5247 1938 5286 ea

389 5317 613 5384 percipit
646 5329 818 5382 mens,
877 5333 1000 5386 qua:
1036 5317 1134 5386 ipsi
1198 5321 1419 5387 assequi
1465 5321 1612 5374 licet.
1661 5321 1936 5375 Interdum

381 5416 556 5459 autem
606 5421 760 5462 mens
826 5419 1012 5476 portas
1061 5423 1192 5464 suas
1247 5410 1552 5476 claudens,
1615 5412 1940 5481 agitationes

383 5496 610 5564 repellit,
643 5507 697 5551 ct
721 5513 750 5552 a
784 5513 844 5564 se
875 5501 1146 5553 aumlitur.
1183 5501 1434 5566 Proinde,
1465 5510 1518 5554 et
1556 5502 1698 5555 actio
1727 5512 1936 5568 nostra,

378 5602 424 5644 ct
452 5589 860 5659 contemplatio,
897 5601 950 5646 ct
983 5592 1221 5657 habitus,
1276 5604 1327 5648 et
1356 5605 1530 5660 actus,
1577 5596 1724 5666 regio
1759 5595 1938 5664 signo,

445 5767 484 5796 ’λ
525 5765 709 5820 Muttb.
745 5781 792 5830 ν,
840 5766 856 5820 l
899 5782 1048 5836 seqq.

2043 4590 2405 4662 progreditur.
2438 4588 2765 4660 Ilujusmodi
2822 4588 2989 4658 igitur
3031 4587 3187 4657 plaga
3239 4594 3405 4657 nocte
3447 4586 3610 4655 digna

2043 4690 2145 4736 est.
2177 4677 2364 4735 Noctis
2391 4679 2539 4734 enim
2567 4693 2631 4734 ac
2659 4675 2944 4733 dedecoris
2964 4680 3030 4731 let
3081 4675 3394 4745 ignominia:
3421 4688 3610 4743 opera,

2044 4771 2207 4842 digna
2266 4781 2394 4826 sunt
2443 4785 2564 4839 quae
2600 4779 2759 4824 nocte
2807 4777 2972 4837 atque
3010 4766 3346 4822 obscuritate
3375 4775 3431 4820 et
3471 4767 3613 4820 obli-

2044 4864 2205 4918 vione
2233 4862 2562 4918 obruantur.
2588 4860 2880 4915 Enimvero
2916 4859 3029 4913 haec
3061 4858 3417 4927 primogenita
3439 4859 3610 4915 Isaias

2058 4969 2244 5009 semen
2277 4953 2628 5008 Chaldaicum
2667 4950 2921 5020 appellat,
2955 4949 3119 5003 Deum
3151 4948 3416 5003 inducens
3437 4947 3610 5004 Israe-

2039 5049 2247 5103 Iiticum
2300 5047 2558 5116 populum
2618 5045 2699 5100 sic
2772 5043 3143 5113 alloquentem
3181 5060 3194 5095 :
3231 5041 3472 5110 Diligens
3533 5051 3646 5105 te,‘

2041 5139 2376 5193 voluntatem
2432 5143 2582 5191 tuam
2636 5134 2847 5204 explevi
2903 5148 3069 5202 super
3114 5132 3490 5203 Babylonem,
3545 5143 3604 5187 ut

2038 5229 2419 5286 Chaldaeorum
2480 5241 2663 5281 semen
2717 5226 2982 5280 tollerem.
3011 5225 3256 5291 Quorum
3315 5224 3606 5279 verborum

2039 5322 2155 5376 hate
2205 5319 2474 5373 sententia
2497 5326 2580 5372 est
2614 5335 2630 5370 :
2661 5316 2954 5385 Cupiebas,
2992 5331 3026 5371 ο
3066 5315 3252 5379 Israel,
3310 5315 3378 5367 de
3429 5313 3608 5367 medio

2041 5411 2152 5464 tolli
2208 5408 2563 5477 lunditusque
2597 5405 2766 5460 deleri
2821 5405 3104 5459 Chaldaeos
3147 5412 3202 5457 et
3254 5400 3605 5470 Babylonios,

2038 5499 2130 5569 qui
2159 5509 2210 5552 te
2238 5499 2376 5553 bello
2404 5497 2758 5552 lacessebant.
2783 5496 2955 5564 Atque
2981 5498 3055 5547 Ita
3089 5491 3210 5546 feci.
3235 5489 3598 5556 Quamobrem
3674 5512 3684 5522 ν

2041 5591 2085 5646 si
2125 5591 2226 5661 ipsi
2260 5604 2478 5661 quoque
2515 5588 2892 5645 confusionem
2943 5600 3060 5640 cam
3115 5599 3220 5653 qua
3281 5584 3603 5652 premimur,
