4024 6292
505 355 640 419 1367

1915 357 2298 419 ADDENDA.

3615 353 3740 420 1368

503 469 559 524 id
587 467 732 520 enim
778 465 1016 536 Babylon
1051 466 1345 536 signiﬁcat,
1383 482 1413 520 a
1443 467 1602 520 nobis
1645 465 1846 521 auferri
1887 467 2076 536 cupie—
2107 473 2154 528 Α
2182 481 2371 520 vertnn
2436 479 2638 535 agnum
2673 463 2961 520 avertitur.
2995 464 3188 534 Neque
3239 463 3385 520 enim
3447 463 3747 533 ingressum

505 561 699 622 rimus,
733 557 1072 612 inveniemus
1099 556 1267 611 Deum
1308 557 1576 612 voluntati
1619 565 1821 611 nostra:
1852 556 2076 612 satisfa-

502 651 757 714 cientem,
788 665 853 704 ac
882 660 1066 718 turpes
1087 659 1140 736 e't
1162 649 1403 718 impuras
1428 651 1808 718 cogitationes,
1833 651 2076 705 nondum

502 743 736 805 adultas,
782 741 876 796 sed
922 749 1141 795 teneras
1191 740 1371 794 adhuc
1406 740 1744 809 sentinisque
1803 739 2076 795 rationem

504 835 765 888 habentes
807 834 1282 887 exterminantem.
1323 831 1493 886 David
1550 843 1730 887 autem
1765 833 2078 904 hujusmodi

503 927 706 996 pecrati
741 926 1007 996 principia
1031 935 1084 978 et
1107 927 1316 982 radices
1351 927 1602 996 parvulos
1635 925 1961 997 Babylonios
1985 943 2080 982 vo-

500 1026 608 1078 rat,
642 1017 832 1070 dicens
855 1035 868 1068 :
890 1013 1032 1069 Filia
1051 1015 1344 1086 Babylonis
1382 1017 1596 1080 misera,
1617 1018 1802 1078 beatus
1821 1017 1911 1087 qui
1925 1017 2080 1070 retri-

501 1109 618 1160 buet
641 1107 734 1160 tibi
755 1107 1156 1160 retributionem
1190 1115 1358 1172 tuam,
1381 1123 1544 1177 quam
1581 1108 1874 1161 retribuisti
1909 1106 2076 1163 nobis.

505 1201 722 1266 Beatus,
738 1201 828 1269 qui
845 1199 1111 1260 tenebit,et
1126 1199 1311 1252 allidet
1326 1200 1572 1267 paruulos
1588 1208 1705 1252 tuos
1720 1200 1789 1252 ad
1805 1199 2079 1266 petram".

501 1292 773 1358 Quoniam
801 1293 945 1345 enim
967 1291 1122 1360 juxta
1163 1291 1482 1346 historicum
1524 1305 1744 1345 sensum
1777 1289 2078 1362 Babylonii,

501 1384 720 1440 Judzeos
761 1385 904 1440 bello
955 1384 1194 1455 aggressi
1218 1423 1232 1444 ,
1266 1384 1585 1453 captivitate
1610 1399 1705 1439 eos
1739 1393 2078 1453 presserunt,

500 1494 566 1532 ac
603 1477 929 1548 Babylonem
969 1477 1334 1540 abduxerunt,
1369 1477 1680 1546 multosque
1711 1469 2078 1532 Israelitarum

505 1570 764 1638 puerulos
795 1568 912 1624 solo
941 1569 1127 1623 allisos
1150 1568 1569 1624 obtruncarunt.
1595 1568 1866 1638 Propheta
1894 1569 2081 1623 beatos

504 1671 602 1710 eos
637 1657 974 1724 pronuntiat,
1009 1657 1103 1725 qui
1143 1656 1332 1711 eadem
1362 1655 1702 1712 crudelitatis
1734 1657 1983 1726 exempla
2023 1657 2078 1710 in

509 1748 839 1819 Babylonios
869 1747 1032 1804 edere
1066 1756 1344 1817 poterunt.
1379 1746 1543 1802 Juxta
1591 1748 1948 1818 allegoricum
1982 1764 2078 1802 au-

503 1847 613 1894 tem
653 1854 900 1906 sensum,
955 1838 1199 1910 Babylon
1229 1838 1482 1895 conlusio
1529 1849 1638 1894 est.
1719 1838 1897 1909 Hujus
1947 1839 2076 1904 ﬁlia,

507 1931 814 1998 iniquitas,
874 1945 1037 2000 quam
1101 1930 1324 2000 quidem
1381 1931 1549 1985 etiam
1611 1931 1870 1986 miseram
1922 1939 2080 1986 vocat

505 2020 794 2089 Pmpheta,
839 2029 1024 2090 utpote
1057 2022 1206 2089 quod
1246 2037 1355 2076 non
1404 2023 1497 2086 sit,
1530 2038 1630 2076 nec.
1662 2023 1950 2087 subsistat,
1980 2023 2077 2078 sed

503 2112 716 2167 incuria
757 2123 948 2168 nostra
977 2129 1044 2167 ex
1097 2113 1272 2168 nihilo
1298 2116 1566 2170 conﬁetur
1595 2124 1759 2185 atque
1792 2115 2078 2179 subsistat,

505 2220 568 2258 ac
597 2220 789 2261 rursus
819 2221 914 2274 per
945 2207 1198 2260 virtutem
1231 2214 1474 2261 nostram
1497 2217 1714 2262 etrecte
1736 2206 1878 2262 facta
1910 2208 2080 2261 inter-

503 2305 613 2361 eat,
649 2305 810 2363 atgue
842 2298 897 2351 in
929 2297 1157 2351 nihilum
1196 2299 1404 2352 redeat.
1463 2299 1547 2352 Ad
1599 2300 1742 2353 hanc
1794 2300 1961 2368 igitur
1999 2301 2080 2354 sic

504 2388 744 2456 loquitur
771 2386 1037 2457 PrOphcta
1070 2387 1303 2442 :Beatus
1332 2388 1422 2444 ille
1461 2389 1675 2444 futurus
1707 2389 2084 2459 est,qttiretri-

501 2474 622 2528 buet
671 2476 767 2528 tibi
807 2477 1208 2530 retributionem
1247 2485 1601 2547 tuam,quam
1643 2477 1937 2530 retribuiin
1972 2494 2080 2530 no-

503 2565 582 2618 bis
599 2565 664 2619 '°.
715 2563 852 2630 Quid
884 2575 1064 2620 autem
1109 2567 1407 2622 dedimus?
1449 2568 1785 2623 voluntatem
1809 2578 2076 2634 nostram,

507 2656 611 2708 hoc
654 2665 760 2717 est,
813 2655 1116 2708 libertatem
1148 2672 1161 2706 :
1194 2670 1294 2709 nec
1321 2657 1466 2710 enim
1513 2671 1712 2712 servus
1743 2657 2078 2713 voluntatem

502 2745 688 2799 habet.
720 2744 858 2809 Quid
911 2760 1076 2813 porro
1136 2746 1486 2816 recepimus?
1543 2755 1848 2814 peccatum.
1900 2747 2081 2814 Quare

509 2834 648 2888 illud
675 2835 1006 2888 reddendum
1047 2843 1154 2890 est.
1194 2834 1442 2890 Reddere
1495 2845 1702 2901 autem,
1755 2835 1890 2890 nihil
1934 2837 2078 2891 aliud

502 2935 607 2989 est,
636 2939 798 2995 quam
846 2926 899 2979 in
949 2936 1225 2996 posterum
1256 2926 1388 2982 il‘ud
1419 2942 1526 2981 non
1551 2927 1856 2983 admittere.
1885 2927 2080 2986 Beatus

501 3017 690 3080 etiam,
727 3017 912 3087 inquit
959 3018 1074 3079 ille,
1105 3019 1197 3088 qui
1252 3035 1452 3081 pravas
1486 3021 1848 3092 cogitationes
1896 3021 2078 3075 adhuc

2185 557 2666 612 exterminatorem
2703 563 2822 610 arte
2853 565 2908 610 et
2940 555 3174 611 consilio
3217 556 3542 624 expellimus
3585 567 3746 626 atque

2181 649 2559 714 exturbamus,
2595 648 2713 715 sed,
2749 663 2816 702 ne
2849 647 3156 702 ullo'modo
3191 647 3245 701 in
3285 649 3500 702 animos
3532 659 3746 705 nostros

2185 741 2412 810 irrepat,
2449 754 2708 796 cavemus
2733 748 2897 808 atque
2932 739 3305 808 providemus.
3352 740 3548 794 Cautio
3575 749 3752 794 autem

2184 829 2303 885 hare
2337 829 2392 884 in
2448 830 2713 884 unctione
2748 837 2804 884 et
2862 829 3249 898 obsignatione
3297 829 3573 884 consistit.
3611 831 3756 885 Hauc

2181 921 2327 975 enim
2363 921 2418 976 in
2469 921 2629 994 nobis
2686 921 3077 976 exterminator
3114 921 3420 991 reperiens,
3476 933 3756 977 reveretur

2181 1023 2346 1079 atque
2367 1011 2678 1068 extimescit
2721 1021 2774 1066 et
2802 1011 3026 1079 recedit,
3053 1027 3118 1067 ac
3149 1028 3298 1068 mors
3333 1015 3477 1068 ultra
3517 1015 3756 1082 prosilit.

2181 1106 2456 1171 Quoniam
2484 1114 2667 1160 autem
2715 1105 2913 1175 duplex
2944 1106 3108 1160 morti
3161 1107 3228 1162 ad
3263 1119 3363 1160 nos
3395 1106 3579 1161 aditus
3610 1115 3758 1176 patet

2183 1200 2302 1267 (aut
2341 1198 2488 1253 enim
2542 1196 2756 1267 judicio
2811 1212 2875 1252 ac
2927 1196 3142 1252 ratione
3194 1211 3510 1266 peccamus,
3545 1206 3607 1252 ut
3633 1213 3759 1252 cum

2181 1307 2281 1345 nec
2314 1305 2445 1345 sana
2477 1305 2577 1346 nec
2629 1300 2780 1344 recta
2831 1289 3262 1353 ratiocinamur,
3319 1298 3415 1342 aut
3467 1288 3759 1344 aﬂectibus

2184 1381 2402 1450 impulsi
2435 1380 2691 1444 labimur,
2724 1389 2785 1434 ut
2818 1394 2944 1435 cum
2979 1388 3180 1436 temere
3216 1381 3521 1435 irascimur
3556 1389 3612 1434 et
3629 1394 3762 1435 con-

2183 1473 2543 1542 cupiscimus)
2612 1472 2684 1526 ob
2733 1487 2854 1527 eam
2919 1487 3142 1526 causam
3204 1473 3487 1541 sanguinis
3540 1487 3766 1542 quoque

2182 1561 2376 1630 duplex
2414 1570 2500 1616 est
2551 1563 2792 1632 signum.
2832 1561 2898 1616 Et
2929 1561 3071 1617 ratio
3105 1562 3352 1631 quidem,
3385 1570 3571 1631 utpote
3612 1563 3766 1631 prin-

2182 1668 2332 1722 ccps,
2361 1653 2518 1722 quasi
2575 1652 2831 1723 superius
2890 1652 3058 1707 limen
3110 1652 3500 1708 est:aﬁ‘ectus
3551 1660 3766 1718 autem,

2187 1747 2332 1800 velut
2356 1745 2548 1814 postis,
2583 1745 2854 1813 superiori
2889 1744 3065 1798 limini
3105 1743 3418 1814 subjicitur.

2252 1835 2370 1890 Col.
2404 1834 2512 1890 645
2543 1835 2607 1889 C.
2645 1833 2784 1888 Hinc
2819 1834 3134 1903 fermentum
3163 1843 3357 1904 septem
3396 1835 3604 1888 dierum
3643 1849 3766 1902 spa-

2183 1929 2281 1992 tio,
2317 1936 2423 1983 etc.
2461 1926 2740 1994 Scriptum
2765 1934 2849 1981 est
2872 1926 2925 1980 in
2963 1927 3144 1982 Exodo
3183 1926 3433 1996 :Septem
3455 1926 3641 1981 diebus
3661 1928 3768 1996 fer-

2182 2027 2414 2073 mentum
2447 2033 2550 2071 uon
2578 2019 2869 2073 invenietur
2886 2019 2941 2072 in
2969 2019 3211 2072 domibus
3236 2022 3424 2072 vestris
3445 2020 3512 2074 ".
3554 2017 3760 2073 Verum

2184 2111 2290 2164 hoc
2318 2109 2384 2163 ad
2409 2109 2626 2164 Judaaos
2656 2110 2984 2179 pertinebat.
3026 2109 3096 2164 At
3137 2110 3294 2185 nobis
3317 2110 3512 2164 vitium
3547 2120 3759 2179 septem

2181 2198 2372 2254 diebus
2423 2199 2856 2254 submovendum
2912 2211 3019 2262 est,
3075 2199 3178 2254 hoc
3233 2209 3354 2264 est,
3410 2214 3506 2268 per
3534 2214 3757 2253 omnem

2184 2295 2348 2365 hujus
2387 2295 2510 2352 vitae
2552 2295 2969 2350 hebdomadam.
3005 2296 3117 2366 (21)
3147 2293 3425 2350 Numerus
3471 2295 3622 2350 enim
3680 2309 3763 2350 se-

2183 2397 2329 2454 ptem
2366 2385 2578 2442 dierum
2616 2386 2818 2443 ﬁuxum
2856 2389 2962 2442 hoc
3012 2396 3228 2456 tempus
3266 2386 3564 2457 signiﬁcat,
3603 2386 3754 2456 quod

2183 2493 2278 2547 per
2336 2477 2706 2533 hebdomadas
2748 2477 3066 2532 revolvitur.
3124 2476 3302 2547 Atque
3347 2476 3437 2531 hic
3492 2492 3760 2532 numerus

2182 2568 2446 2638 mysticus
2483 2567 2702 2636 quidem
2734 2577 2840 2630 est,
2866 2577 3052 2638 utpote
3088 2569 3260 2638 virgo,
3295 2583 3360 2624 ac
3389 2568 3757 2637 virginitatem

2183 2660 2466 2730 vitamque
2521 2661 2832 2730 angelicam
2890 2660 3187 2729 designans
3258 2660 3434 2731 (solus
3492 2661 3644 2714 enim
3675 2659 3761 2713 hic

2190 2767 2501 2816 numerus,
2575 2761 2637 2806 ut
2697 2752 3031 2807 arithmetici
3097 2753 3330 2814 docent,
3380 2766 3450 2806 ex
3503 2751 3764 2807 omnibus

2193 2841 2465 2906 numeris,
2502 2842 2594 2910 qui
2628 2841 2854 2897 denario
2889 2840 3281 2908 includuntur,
3313 2856 3414 2897 nec
3431 2841 3626 2914 gignit,
3664 2857 3761 2897 nec

2181 2933 2442 3004 gignitur,
2475 2943 2641 3003 atque
2677 2935 2840 2988 etiam
2896 2942 2957 2988 ut
3008 2934 3422 3003 quaternarium
3479 2943 3537 2988 et
3583 2944 3764 2989 terna-

2183 3027 2326 3080 rium
2366 3027 2419 3080 in
2472 3043 2531 3082 se
2557 3026 2866 3081 continens.
2903 3024 3150 3091 Quatuor
3196 3026 3340 3080 enim
3380 3035 3510 3081 sunt
3567 3025 3756 3080 mundi

504 3120 716 3162 teneras
751 3118 804 3161 et
833 3108 1206 3178 imperfectas,
1239 3118 1538 3180 antequam
1571 3111 1624 3165 in
1684 3111 1858 3181 ipsius
1895 3113 2080 3180 perni-
2106 3131 2149 3189 ο
2181 3117 2454 3174 elementa
2480 3127 2535 3172 et
2566 3116 2806 3171 Trinitas
2839 3116 3030 3170 horum
3065 3115 3404 3172 fabricatrix.
3447 3115 3754 3172 Consocia-

501 3199 638 3252 ciem
694 3201 1014 3254 nutriantur
1043 3210 1096 3255 et
1137 3201 1480 3267 adolescant,
1534 3202 1761 3267 tenebit,
1815 3211 1978 3272 atque
2019 3203 2073 3256 in

500 3297 824 3359 potestatem
860 3291 1110 3346 redactas
1161 3292 1458 3360 interimet,
1505 3293 1764 3348 nimirum
1798 3294 1864 3349 ad
1917 3294 2076 3349 Chri-

499 3389 646 3434 stum
698 3381 927 3448 ejusque
984 3382 1248 3436 auxilium
1309 3381 1702 3452 confugiendo.
1762 3383 1882 3452 Ipse
1927 3384 2074 3437 enim

499 3480 652 3538 pura
684 3480 787 3534 est,
824 3485 918 3540 per
953 3486 1117 3546 quam
1168 3473 1325 3527 malae
1354 3472 1714 3538 cogitationes
1763 3474 2072 3528 solvuntur.

505 3561 554 3615 ls
583 3575 747 3630 porro
777 3561 1057 3615 nascentia
1087 3577 1151 3615 ex
1185 3563 1614 3633 cogitationibus
1645 3573 1809 3635 atque
1838 3565 2076 3621 actioni-

502 3651 604 3703 bus
632 3657 854 3718 peccata
877 3649 943 3703 ad
975 3649 1254 3706 Christum
1293 3652 1493 3718 allidit,
1524 3654 1616 3724 qui
1661 3669 1726 3708 ea
1761 3655 2074 3711 conﬁtetur.

498 3743 582 3795 Ac
606 3739 862 3810 quisquis
888 3755 1144 3810 perversa
1161 3743 1440 3814 dogmata,
1474 3761 1598 3815 qua:
1629 3748 1870 3802 animum
1905 3749 2075 3815 illius,

500 3846 530 3884 a
564 3845 676 3900 quo
705 3832 1094 3898 admittuntur,
1120 3836 1536 3903 perturbatione
1560 3836 1824 3906 alliciunt,
1859 3841 2070 3896 verita~

501 3922 570 3978 tis
603 3923 853 3978 doctrina
885 3926 1152 3992 concutit,
1205 3927 1453 3996 atquein
1493 3928 1713 3985 Christo
1760 3931 1979 4000 perimit
2019 3943 2073 3987 et

497 4016 819 4086 exstinguit,
865 4031 968 4072 nec
1017 4033 1077 4072 ea
1141 4033 1390 4073 crescere
1437 4031 1488 4075 et
1544 4022 1859 4080 adolescere
1922 4025 2075 4090 sinit,

497 4121 689 4160 verum
715 4104 956 4162 confusae
979 4121 1044 4162 ac
1075 4109 1405 4176 perturbatae
1439 4113 1638 4168 mentis
1667 4112 1839 4168 fetum
1857 4115 2077 4186 sapien-

501 4198 574 4252 tia
624 4213 726 4253 sua
760 4207 1003 4268 superat,
1064 4214 1130 4254 ac
1183 4200 1379 4256 deinde
1438 4203 1504 4257 ad
1554 4203 1836 4260 Christum
1893 4222 2074 4262 veram

497 4299 705 4359 petram
743 4290 941 4358 allidit,
971 4293 1058 4348 hic
1099 4302 1184 4349 est
1215 4294 1311 4362 qui
1344 4293 1634 4368 Babylonis
1682 4313 1881 4367 pueros
1909 4311 2078 4370 petra:

498 4386 691 4441 allidit.
718 4386 824 4442 Sed
845 4387 910 4440 ad
935 4379 1295 4458 primogenita
1321 4405 1511 4446 rursus
1541 4395 1724 4447 oratio
1747 4395 2074 4452 conterenda

493 4486 597 4542 est,
613 4477 814 4548 quibus
833 4479 1183 4546 pereuntibus
1213 4482 1452 4536 clamore
1480 4491 1644 4553 atque
1679 4485 1883 4554 ejulatu
1951 4502 2071 4541 om-
2105 4469 2150 4524 Ῑ)

495 4567 587 4622 nia
623 4569 764 4637 apud
795 4567 1081 4641 Egyptios
1109 4585 1424 4638 personant.
1475 4573 1688 4646 Lugent
1719 4577 1862 4632 enim
1905 4587 2072 4648 atque

496 4659 859 4728 ingemiscunt
887 4662 1192 4727 daemones,
1244 4678 1368 4718 cum
1395 4665 1622 4722 vitiosas
1688 4669 2068 4737 cogitationes,

495 4747 814 4818 priusquam
853 4754 1152 4816 creverint,
1208 4755 1264 4809 in
1311 4757 1468 4811 nobis
1503 4760 1778 4828 exstingui
1809 4770 2066 4825 cernunt,

496 4839 775 4908 animique
851 4845 1294 4909 perturbationes
1362 4849 1544 4903 adhuc
1604 4859 1850 4905 recentes
1907 4853 2064 4907 evelli

495 4936 658 4998 atque
695 4930 960 4985 exscindi.
993 4933 1135 5001 Ergo
1171 4934 1474 5005 Egyptiaci
1502 4941 1706 5007 peccati
1728 4939 1893 5006 fetus,
1918 4953 2073 4999 ante-

495 5033 659 5087 quam
685 5019 738 5073 in
786 5021 930 5074 malo
963 5032 1354 5088 maturescant,
1387 5037 1655 5082 necantur
1695 5049 1706 5083 :
1747 5031 2062 5090 Israeliticae

499 5119 680 5164 autem
708 5125 772 5165 ac
804 5113 989 5180 proba:
1027 5117 1388 5184 cogitationes
1416 5119 1701 5190 sanguinis
1751 5123 2066 5192 profusione

497 5202 852 5268 muniuntur,
914 5215 974 5259 ut
1029 5206 1203 5264 virtus
1240 5210 1306 5263 ad
1366 5213 1734 5270 maturitatem
1764 5220 2065 5287 perveniat.

495 5293 673 5362 Atque
707 5293 819 5350 illic
853 5297 1071 5363 quidem
1109 5299 1320 5368 primus
1367 5305 1578 5372 peccati
1623 5307 1860 5376 impetus
1910 5310 2064 5364 fran-

497 5387 643 5454 gitur
681 5405 695 5441 :
730 5387 824 5442 hic
881 5400 1063 5446 autem
1105 5393 1316 5462 primus
1366 5397 1572 5465 peccati
1626 5400 1912 5470 ingressus
1971 5419 2071 5472 per

569 5545 611 5578 η
660 5544 801 5600 Psal.
861 5563 1080 5617 cxxxvt,
1113 5551 1166 5608 8.
1219 5551 1273 5604 9.
1304 5551 1350 5582 ”
1381 5553 1512 5609 ibid.
1538 5555 1591 5610 8.
1651 5557 1692 5589 ³³
1723 5557 1895 5614 Exod.
1934 5575 2030 5628 xu,
2060 5559 2125 5614 l9

568 5682 683 5763 £21.),
711 5681 845 5736 Vide
873 5685 1097 5763 August.
1131 5688 1226 5743 lib.
1262 5706 1322 5754 ll,
1365 5706 1483 5760 (np.
1513 5691 1601 5763 51,
1638 5692 1710 5746 De
1739 5695 1882 5748 civit.
1931 5696 2049 5763 Dei,

494 5751 584 5807 ubi
617 5755 691 5807 ait
717 5751 1080 5814 septenarinm
1119 5751 1677 5827 nunter'uquuia'ex
1706 5774 1818 5820 toto
1850 5751 2057 5830 impare

2181 3220 2270 3266 tus
2303 3219 2483 3264 autem
2544 3209 2751 3264 mundo
2785 3209 2989 3264 dicitur
3046 3217 3100 3262 et
3134 3223 3491 3274 concurrens,
3542 3209 3593 3263 id
3653 3217 3756 3272 est,

2179 3315 2366 3356 comes
2394 3309 2444 3354 et
2463 3309 2766 3356 asscctator
2801 3299 2993 3369 ipsius,
3020 3310 3133 3354 tum
3166 3300 3295 3370 quia
3316 3309 3521 3370 septem
3545 3300 3756 3355 dierum

2178 3397 2361 3465 spatio
2395 3393 2636 3448 mundus
2698 3394 2954 3448 omnibus
3006 3391 3123 3447 suis
3175 3392 3415 3447 numeris
3472 3393 3757 3448 absolutus

2178 3497 2284 3552 est,
2318 3495 2432 3541 tum
2477 3486 2604 3554 quia
2647 3481 2878 3552 expletis
2925 3491 3134 3551 septem
3190 3497 3462 3536 annorum
3513 3483 3758 3537 millibus

2180 3577 2371 3633 mundi
2408 3575 2531 3631 ﬁnis
2564 3575 2785 3628 futurus
2815 3584 2917 3628 est.
2955 3571 3228 3639 Quoniam
3282 3583 3462 3626 autem
3501 3571 3754 3628 l'ermenti

2178 3667 2567 3738 proprietates,
2623 3665 2668 3720 si
2709 3662 2929 3734 quidem
2982 3664 3173 3719 vitium
3227 3671 3567 3733 spectemus,
3626 3673 3754 3718 sunt

2181 3767 2423 3814 vetustas
2486 3765 2542 3812 et
2594 3755 2866 3812 aciditas:
2899 3755 2982 3811 sin
3036 3764 3222 3810 autem
3277 3756 3534 3810 virtutem
3595 3757 3753 3810 nobis

2179 3864 2575 3922 proponamus,
2604 3849 2762 3918 panis
2783 3849 3052 3905 confectio
3073 3857 3128 3904 et
3155 3848 3239 3904 vis
3273 3848 3452 3904 vitalis
3483 3847 3755 3919 (calefacit

2178 3942 2326 3996 enim
2372 3941 2726 4004 fermentum,
2768 3955 2834 3995 ac
2864 3938 3097 3994 farinam
3135 3939 3401 4003 sublevat,
3437 3951 3603 4010 atque
3652 3941 3754 3994 hoc

2179 4032 2346 4086 vitam
2383 4030 2568 4085 fovere
2602 4026 2838 4100 videtur)
2869 4046 2882 4084 :
2913 4028 2986 4083 ob
3010 4043 3130 4084 eam
3160 4043 3386 4085 causam
3415 4029 3754 4096 submoveri,

2179 4127 2344 4191 atque
2405 4118 2530 4188 ejici
2587 4118 2850 4174 malitiam
2905 4117 3018 4182 ait,
3054 4131 3177 4187 quae
3229 4117 3458 4173 vitiosas
3497 4116 3751 4172 fermenti

2180 4211 2543 4282 proprietates
2575 4208 2740 4264 habet
2772 4226 2788 4263 :
2825 4222 2933 4262 non
2961 4207 3088 4262 item
3116 4209 3395 4272 virtutem,
3432 4207 3521 4262 cui
3563 4206 3754 4262 melio-

2179 4319 2268 4360 res
2324 4303 2580 4358 l‘ermenti
2635 4301 2998 4372 proprietates
3033 4300 3221 4356 insunt
3252 4317 3268 4356 :
3298 4301 3384 4354 cui
3444 4299 3610 4356 etiam
3669 4316 3754 4355 reo

2179 4412 2345 4470 gnum
2416 4397 2683 4452 caelorum
2739 4402 3112 4464 comparatur.
3177 4393 3255 4448 De
3312 4394 3513 4450 vitioso
3571 4404 3748 4448 autem

2181 4490 2447 4544 fermento
2478 4489 2532 4544 in
2567 4485 2858 4557 Evangelia
2888 4486 3090 4540 dicitur
3123 4505 3138 4541 :
3177 4485 3356 4542 Videte
3397 4494 3448 4540 et
3492 4485 3750 4540 attendite

2178 4600 2211 4637 a
2239 4582 2494 4652 fermento
2527 4578 2838 4635 Scribarum
2881 4589 2931 4637 et
2952 4577 3355 4634 Pharisazorum
3377 4581 3450 4645 “,
3490 4577 3595 4631 hoc
3647 4585 3748 4636 est,

2177 4691 2210 4730 a
2241 4673 2491 4730 doctrina
2521 4713 2538 4738 ,
2579 4688 2743 4742 quam
2782 4673 3025 4743 inopiam
3070 4670 3385 4740 Theologus
3437 4669 3587 4733 dicit,
3621 4666 3749 4734 quia

2177 4766 2390 4836 plebem
2423 4765 2890 4829 dehortabantur,
2950 4777 3020 4819 ne
3071 4763 3125 4818 in
3173 4761 3450 4818 Christum
3481 4758 3745 4818 crederet.

2177 4869 2243 4910 ac
2275 4870 2369 4925 per
2397 4852 2520 4909 Filii
2549 4861 2920 4924 contemptum
2946 4855 3160 4910 Patrem
3203 4867 3423 4923 quoque
3451 4849 3747 4920 ignominia

2175 4947 2465 5002 notabant.

2241 5037 2360 5093 Col.
2417 5036 2524 5092 645
2574 5039 2636 5092 C.
2692 5038 2860 5108 Atque
2910 5037 2993 5092 illi
3042 5036 3252 5106 quidem
3307 5034 3522 5105 lugeant
3570 5047 3588 5084 :
3638 5039 3741 5085 etc.

2174 5129 2485 5196 Daemones,
2516 5130 2712 5199 inquit,
2759 5131 3003 5200 lugeant,
3042 5129 3158 5184 suis
3188 5127 3442 5184 videlicet
3477 5124 3747 5196 primoge-

2175 5222 2306 5278 nitis
2349 5223 2549 5278 orbati.
2584 5221 2697 5280 Nos
2725 5231 2932 5290 autem,
2988 5222 3246 5278 unctione
3278 5221 3501 5290 signati,
3547 5231 3743 5288 agnum

2173 5314 2549 5370 comedemus.
2598 5315 2677 5370 Ac
2744 5315 2941 5370 merito
3011 5313 3329 5372 unctionem
3397 5311 3744 5368 manducatio

2178 5405 2449 5476 sequitur.
2482 5392 2619 5462 Nam
2654 5421 2755 5462 nos
2789 5421 3030 5478 quoque,
3065 5415 3419 5478 posteaquam
3457 5404 3741 5459 Dominum

2234 5563 2282 5596 “
2317 5563 2506 5621 Matth.
2536 5580 2648 5632 xvr,
2676 5565 2730 5621 6.

2161 5701 2407 5756 ternario
2457 5711 2512 5756 et
2552 5713 2671 5783 toto
2717 5705 3232 5785 parequalernario
3273 5701 3579 5768 conﬁcitur,
3618 5701 3732 5754 ideo

2165 5785 2306 5836 32308
2339 5787 2435 5836 DI‘O
2473 5788 2731 5830 universo
2767 5788 2965 5840 aCClPl.
