4076 6292
284 332 460 400 136]

1276 337 1598 399 NICETAS
1635 337 1715 396 IN
1755 336 1981 398 ORAT.
2021 336 2190 398 XLII
2231 337 2291 396 S.
2336 335 2566 401 GREG.

3444 330 3585 395 1370

289 467 571 510 nusuum
597 452 782 508 Jesum
807 453 1086 510 Christum
1111 469 1206 524 per
1228 454 1564 525 baptismum
1594 454 1895 522 induimus,
1924 472 1975 518 Α
2003 467 2167 526 atque
2203 455 2394 510 eodem
2449 453 2612 508 modo
2672 451 2870 507 factam
2928 449 3101 507 fuisse
3139 450 3342 506 Christi
3384 465 3585 504 conce-

288 546 567 600 divinum
604 545 774 614 ipsius
801 561 997 614 corpus
1044 547 1366 616 accipimus.
1414 547 1614 602 Verum
1647 562 1734 611 ea,
1779 562 1902 618 qua:

297 637 368 691 in
399 634 597 690 Exodo
619 635 686 690 de
709 651 849 706 agno
875 638 1074 705 scripta
1103 648 1252 700 sunt,
1279 654 1470 694 rursus
1500 637 1854 709 inspiciamus
1880 655 1896 693 :

295 724 384 779 Et
423 725 721 779 immolabit
750 742 889 788 eum,
932 727 1128 794 inquit,
1158 729 1326 782 omnis
1365 728 1648 783 multitudo
1685 746 1900 800 congre-

296 817 550 886 gationis
588 815 823 884 ﬁliorum
862 812 1038 869 Israel
1083 815 1152 868 ad
1201 832 1465 886 vesperam
1506 819 1572 875 ”.
1625 817 1695 872 Et
1737 820 1900 888 paulo

299 905 554 960 inferius
588 921 603 958 :
641 905 758 958 Non
794 906 1074 959 comedetis
1107 921 1172 959 ea:
1203 923 1261 960 eo
1291 907 1536 972 crudum,
1573 925 1666 963 nec
1693 920 1898 965 coctum

300 1011 482 1065 aqua,
533 993 625 1047 sed
678 1011 858 1048 assunt
917 979 1036 1064 igne
1072 996 1139 1053 “.
1190 997 1428 1067 Vespera
1475 999 1662 1071 igitur,
1712 1011 1898 1072 utpote

300 1087 424 1142 diei
451 1086 595 1148 ﬁnis,
621 1087 949 1141 saeculorum
988 1088 1148 1142 linem
1179 1088 1488 1156 adumbrat,
1511 1106 1623 1160 quo
1645 1092 1898 1150 Christus

299 1194 538 1249 quoque
575 1190 760 1233 nostra
799 1193 959 1233 causa
996 1180 1064 1233 ab
1109 1182 1256 1236 omni
1304 1198 1576 1254 synagoga
1626 1196 1897 1242 mactatus

299 1281 418 1336 est,
459 1281 621 1339 atque
659 1271 919 1325 a‘ceubuit
947 1271 1028 1326 sol
1060 1271 1304 1328 Creatori
1337 1289 1439 1329 suo
1481 1277 1894 1334 condolescens.

300 1361 460 1427 Quin
489 1362 603 1430 ipse
632 1361 795 1415 etiam
821 1359 1074 1418 Christus
1109 1366 1393 1434 mysticam
1426 1383 1640 1422 caenam
1668 1384 1896 1438 vespere

301 1454 603 1522 discipulis
656 1453 938 1522 porrexit,
1002 1465 1060 1510 ut
1112 1459 1338 1527 tignram
1396 1459 1646 1528 impleret
1706 1462 1896 1530 (juxta

301 1547 490 1615 legem
543 1547 688 1598 enim
742 1545 808 1600 ad
865 1563 1146 1615 vesperam
1200 1565 1374 1618 agnus
1425 1551 1795 1619 medebatur),
1831 1567 1896 1606 ac

299 1650 558 1690 crassam
599 1637 805 1705 peccati
855 1639 1142 1709 caliginem
1205 1642 1538 1710 depelleret,
1591 1642 1790 1697 illustri
1842 1653 1897 1698 ct

300 1729 672 1784 sanctissimo
739 1732 1001 1800 mysterio
1068 1732 1361 1802 patefacto.
1419 1735 1713 1790 Enimvero
1760 1752 1892 1790 san—

2008 547 2251 618 ptionetn
2292 547 2611 610 arbitratur,
2652 554 2712 600 ut
2752 553 2807 599 et:
2845 545 3078 600 aliorum
3128 544 3410 598 hominum
3438 584 3452 605 ,
3496 543 3585 596 ille

2001 641 2148 706 quod
2182 637 2538 692 excellentius
2578 647 2660 690 est
2691 653 2720 690 a
2762 636 3018 691 deteriori
3065 652 3172 690 non
3216 637 3474 690 secernit.
3516 635 3582 687 At

2002 744 2102 783 nos
2143 728 2252 793 his,
2291 728 2387 798 qui
2427 743 2628 798 agnum
2673 736 2916 793 torrent,
2960 728 3345 797 adjungamnr,
3386 727 3580 795 spiritu

2000 821 2256 876 videlicet
2314 821 2617 888 ferventes,
2677 820 3140 892 quemadmodum
3199 815 3398 872 Paulus
3454 818 3580 872 hor-

2003 921 2145 968 tatur
2184 913 2252 968 ¹⁸⁸.
3334 975 3347 990 ρ

2073 1002 2140 1059 Ut
2191 1003 2337 1058 bonis
2383 1002 2492 1058 illis
2545 1002 2897 1068 carbonibus,
2950 1001 3275 1055 intellectum
3330 1009 3574 1053 nostrum

2000 1092 2402 1146 accendentibus
2459 1099 2508 1146 et
2563 1091 2953 1162 purgantibus,
3009 1091 3071 1144 ab
3127 1106 3185 1144 eo
3247 1089 3580 1157 adjnremur.

1998 1183 2224 1240 Brevem
2269 1186 2412 1240 illam
2456 1186 2700 1254 quidem,
2737 1185 2831 1240 sed
2871 1185 3264 1240 sententiarum
3305 1184 3459 1251 copia
3498 1197 3586 1237 rc-

1999 1275 2190 1331 fertam
2229 1277 2490 1348 Theologi
2534 1277 2836 1332 orationem
2877 1277 3012 1330 satis
3051 1276 3309 1330 admirari
3346 1291 3408 1329 ac
3449 1290 3587 1345 prte-

2004 1366 2192 1421 dieare
2229 1383 2465 1436 nequeo.
2500 1367 2679 1437 Papae,
2711 1374 2847 1436 quot
2882 1365 3177 1434 Scriptura:
3213 1365 3361 1420 locos
3395 1355 3449 1418 in
3481 1365 3583 1418 hac

1997 1460 2296 1515 carbonum
2339 1459 2867 1515 commemoratione
2909 1459 3060 1513 brevi
3103 1458 3422 1524 complexus
3459 1459 3574 1510 est!

1996 1548 2131 1607 Nam
2176 1559 2312 1620 quot
2354 1548 2497 1618 apud
2549 1549 2695 1603 hunc
2748 1546 2966 1601 Patrem
3008 1546 3315 1606 dictiones,
3358 1544 3582 1598 totidem

1997 1657 2220 1712 quoque
2276 1640 2574 1711 Scriptura:
2630 1639 2944 1695 testimonia
3001 1638 3457 1692 numerabnntur.
3507 1638 3584 1690 Ac

2006 1734 2180 1789 bonos
2219 1734 2439 1804 quidem
2480 1733 2745 1788 carbones
2785 1732 2964 1797 dixit,
3022 1742 3083 1785 ut
3120 1747 3148 1784 a
3191 1730 3350 1784 malis
3386 1728 3582 1784 distin-

298 1830 462 1876 ctam
501 1822 649 1876 illam
692 1837 873 1877 escam
907 1824 1132 1878 crudam
1176 1827 1397 1896 accipit,
1429 1828 1522 1897 qui
1555 1829 1716 1884 ﬁdem
1748 1829 1896 1884 iner-
1925 1795 1973 1854 Β
2001 1838 2190 1897 gueret
2214 1865 2228 1890 ,
2285 1840 2426 1896 quos
2468 1825 2826 1881 desolatorios
2879 1823 3048 1878 David
3106 1823 3342 1892 appellat
3371 1821 3438 1885 ’⁸,
3482 1821 3584 1874 hoc

299 1921 426 1966 tem
463 1921 516 1967 et
550 1911 797 1983 frigidam
845 1914 1026 1980 habet,
1058 1931 1156 1970 nec
1191 1931 1311 1970 cam
1355 1919 1687 1988 optimarum
1723 1921 1896 1976 actio-

299 2017 449 2056 num
501 2004 694 2072 pennis
741 2005 983 2072 instruit,
1033 2021 1134 2063 nec
1182 2008 1552 2064 Christianam
1591 2010 1894 2067 doctrinam
1944 2021 1948 2030 '

297 2107 412 2158 per
445 2102 752 2146 accuratam
799 2093 1205 2166 indagationem
1255 2107 1521 2162 attenuat,
1550 2102 1900 2172 quandoqui-

295 2183 439 2237 dem
477 2184 569 2252 qui
621 2187 816 2240 crudos
853 2189 1006 2242 cibos
1052 2189 1312 2254 comedit,
1362 2191 1446 2244 bis
1495 2195 1898 2262 concoquendis

298 2287 418 2343 par
449 2289 571 2329 esse
610 2291 717 2329 non
755 2286 951 2346 potest,
996 2280 1108 2332 imo
1157 2295 1260 2334 nec
1302 2280 1560 2337 dentibus
1594 2283 1704 2337 ullo
1731 2285 1899 2339 modo

295 2366 462 2420 cedit
503 2367 814 2436 hujusmodi
857 2370 1201 2427 alimentum.
1249 2373 1342 2427 llle
1380 2383 1564 2428 autem
1607 2371 1902 2431 saerosané

291 2467 461 2512 ctam
498 2474 679 2514 escam
726 2462 922 2518 elixam
969 2464 1102 2531 edit,
1152 2466 1245 2536 qui
1294 2468 1667 2536 voluptatibus
1703 2470 1893 2526 servit.

291 2548 451 2603 Nam
506 2567 627 2620 qua:
682 2553 979 2622 elixantur,
1044 2557 1364 2611 varietatem
1437 2568 1492 2612 et
1547 2560 1896 2615 condimenta

291 2641 647 2705 desiderant,
698 2645 1029 2714 mollemque
1075 2647 1242 2700 vitam
1289 2664 1355 2702 ac
1389 2650 1520 2704 luxu
1563 2651 1894 2706 dillluentem

292 2731 584 2811 indicant,
619 2741 780 2802 atque
809 2736 1128 2790 alimentum
1161 2739 1478 2793 diuturnam
1525 2742 1577 2794 in
1617 2742 1898 2797 stomacho

291 2840 530 2880 moram
569 2825 817 2882 trahens.
848 2829 918 2881 At
966 2844 1093 2882 vero
1127 2844 1308 2884 assam
1352 2831 1493 2886 hanc
1535 2834 1756 2902 accipit,
1805 2835 1896 2905 qui

293 2917 484 2972 animi
516 2917 798 2972 alacritate
828 2927 883 2974 et
915 2921 1185 2990 probitate
1227 2923 1467 2990 excellit,
1499 2939 1602 2980 nec
1645 2926 1898 2982 obscenae

291 3012 616 3082 voluptatis
645 3014 994 3070 condimenta
1030 3017 1217 3071 virtuti
1254 3017 1540 3074 admiscet.
1577 3020 1713 3075 Nam
1747 3021 1892 3090 quod

2001 1928 2105 1984 est,
2138 1917 2406 1971 vindices.
2455 1917 2610 1982 Quod
2643 1927 2822 1970 autem
2869 1915 2944 1969 ait
2979 1933 2991 1968 :
3027 1915 3384 1983 Adjuvemur,
3421 1912 3585 1977 hujus

2001 2013 2148 2066 verbi
2191 2025 2382 2066 ansam
2414 2009 2480 2062 ab
2511 2009 2651 2064 Isaia
2685 2008 2917 2078 accepit,
2949 2006 3028 2062 sic
3070 2007 3325 2074 loquente
3357 2021 3369 2057 ε
3407 2003 3583 2058 "abes

1998 2105 2248 2158 carbones
2306 2103 2480 2173 ignis,
2537 2103 2655 2156 sede
2708 2117 2866 2170 super
2917 2116 3002 2154 eos
3045 2100 3112 2153 "’.
3170 2097 3234 2151 lli
3286 2108 3446 2152 erunt
3487 2094 3583 2149 tibi

1999 2198 2230 2251 auxilio.
2274 2196 2408 2250 lllud
2449 2204 2632 2250 autem
2676 2210 2692 2249 :
2738 2193 3074 2248 Intellectum
3123 2189 3581 2250 accendentibus,

1999 2305 2064 2344 ex
2119 2288 2414 2342 Salomone
2481 2286 2749 2356 sumpsit,
2820 2295 2985 2355 atque
3053 2292 3214 2338 acute
3265 2289 3321 2336 et
3370 2278 3582 2334 erudite

1998 2382 2274 2452 exposuit.
2335 2379 2428 2433 Sic
2485 2379 2630 2433 enim
2700 2377 2938 2446 quodam
3002 2375 3122 2430 loco
3190 2373 3379 2428 scribit
3442 2390 3456 2426 :
3519 2370 3581 2426 Si

1997 2471 2239 2527 esui-ierit
2278 2471 2522 2523 inimicus
2553 2479 2696 2534 tuus,
2729 2470 2846 2523 ciba
2876 2468 3051 2533 illum,
3076 2476 3125 2520 et
3155 2467 3202 2520 si
3232 2466 3369 2524 sitit,
3401 2473 3582 2530 potum

1997 2565 2068 2616 da
2095 2564 2144 2618 ei
2174 2579 2192 2616 :
2229 2563 2324 2614 hoc
2358 2563 2499 2615 enim
2536 2561 2737 2630 faciens
2778 2559 3031 2612 carbones
3064 2572 3309 2625 congeres
3342 2556 3396 2607 in
3426 2562 3582 2620 caput

1997 2657 2111 2724 ejus
2155 2654 2222 2710 ³⁸.
2266 2654 2364 2708 llic
2403 2663 2585 2708 autem
2650 2668 2744 2721 per
2784 2651 2882 2705 hos
2921 2650 3227 2713 carbones,
3279 2646 3491 2699 divinas
3529 2655 3585 2698 et

1999 2746 2314 2812 spiritualcs
2371 2745 2732 2816 cogitationes
2793 2742 3105 2807 intellexit,
3164 2755 3287 2810 qua:
3345 2747 3581 2793 mentem

1998 2838 2180 2893 calore
2234 2837 2484 2900 alliciunt
2539 2847 2704 2906 atque
2755 2833 3086 2888 accendunt.
3143 2830 3296 2887 Hanc
3345 2831 3582 2899 denique

2000 2944 2224 2994 vocem,
2273 2927 2680 2998 l‘urgantibus,
2731 2925 2970 2994 adjecit,
3026 2923 3284 2977 carbonis
3339 2921 3485 2976 illius
3529 2928 3587 2976 et

2001 3019 2330 3087 Seraphim,
2391 3025 2557 3085 atque
2612 3015 2740 3068 hinc
2792 3021 3122 3084 comparata:
3179 3023 3371 3068 sancto
3426 3010 3585 3069 lsaim

292 3101 866 3176 ignetorretur,pure
880 3107 1241 3180 aclrugaliter
1256 3111 1730 3180 apparatur.Quod
1750 3112 1894 3166 enim
1925 3130 1970 3190 ρ
2003 3105 2347 3176 purgationis
2378 3103 2722 3159 recordatus.
2750 3101 2908 3158 Tales
2939 3103 3208 3158 carbones
3239 3101 3399 3190 nobis
3427 3099 3586 3190 auxi-7

292 3196 576 3263 clixatur,
595 3211 747 3266 aqua;
766 3213 928 3268 opera
953 3204 1299 3270 excoquitur,
1321 3218 1385 3256 ac
1409 3203 1637 3271 proinde
1659 3206 1896 3276 perspici

295 3303 423 3343 non
449 3297 648 3358 potest,
670 3297 854 3360 utpote
876 3291 928 3346 in
946 3307 1086 3362 aqua
1112 3293 1492 3348 absconditum
1514 3313 1528 3349 :
1550 3305 1712 3366 atque
1730 3298 1894 3352 etiam

295 3393 587 3448 aquosum
605 3389 689 3436 est
707 3379 976 3451 facileque
994 3383 1335 3452 dissolvitur,
1354 3383 1408 3440 ld
1427 3395 1608 3441 autem
1628 3388 1772 3456 quod
1793 3397 1898 3443 tor-

298 3479 494 3533 retur,
525 3470 833 3527 immediate
866 3488 962 3542 per
998 3473 1176 3545 ignem
1215 3485 1474 3542 torretur,
1497 3486 1662 3549 atque
1683 3479 1755 3533 ob
1775 3495 1894 3534 eam

300 3575 542 3618 causam
562 3561 1484 3641 illuminaturetexsiecatur,atque
1502 3573 1892 3628 condensatur.

303 3653 426 3708 Lex
450 3655 632 3725 itaque
650 3658 903 3726 prohibet
918 3674 983 3713 ne
994 3675 1096 3729 agn
1107 3675 1168 3714 us
1182 3670 1371 3718 coctus
1390 3678 1530 3732 aqua
1546 3667 1894 3728 comedatur,

305 3745 421 3801 hoc
473 3755 580 3813 est,
634 3763 839 3817 aquosa
889 3759 942 3804 et
991 3751 1255 3806 dissoluta
1310 3753 1378 3808 de
1431 3754 1655 3810 Christo
1707 3755 1896 3824 opinio

308 3844 484 3903 atque
519 3839 808 3903 sententia,
839 3840 1196 3897 subindicans
1228 3841 1543 3910 hujusmodi
1577 3845 1759 3898 cibum
1793 3845 1896 3899 [ide

309 3924 562 3994 praeditis
592 3926 907 3984 hominibus
941 3929 1164 3986 minime
1210 3933 1484 3987 salubrem
1536 3933 1672 3988 fore.
1716 3933 1896 3990 Veluti

314 4019 363 4072 si
399 4019 522 4087 quis
550 4019 828 4076 Christum
863 4033 1054 4078 natura
1087 4023 1254 4078 Deum
1288 4040 1397 4079 non
1428 4040 1550 4079 esse
1573 4025 1848 4081 existimet
1878 4044 1892 4081 :

319 4110 426 4165 hoc
473 4111 616 4166 enim
666 4113 854 4168 solidae
901 4125 956 4168 et
1005 4116 1311 4171 constantis
1353 4131 1418 4171 ac
1457 4126 1724 4186 provectae
1771 4117 1895 4172 ﬁdei

319 4217 430 4258 non
462 4213 546 4258 est
577 4222 590 4259 :
622 4203 750 4259 item
782 4205 826 4259 si
854 4221 1000 4270 eum,
1032 4215 1089 4262 ut
1128 4207 1321 4274 Deum,
1357 4208 1539 4263 omnia
1587 4224 1707 4280 qua:
1743 4209 1893 4274 velit,

321 4295 504 4350 facere
543 4311 702 4365 posse
736 4307 916 4367 neget.
951 4296 1075 4353 llaec
1114 4301 1259 4354 enim
1291 4300 1477 4371 Opinio
1521 4314 1621 4370 per
1657 4300 1895 4372 Spiritus

325 4390 495 4456 ignem
549 4389 774 4456 probata
823 4399 877 4444 et
928 4389 1209 4459 explorata
1262 4405 1372 4446 non
1427 4401 1530 4458 est,
1584 4407 1685 4447 nec
1733 4407 1891 4456 eam,

1979 4182 1982 4184 γ
1999 4117 2056 4171 in
2109 4115 2293 4169 Exodo
2348 4130 2362 4168 :

2000 3199 2059 3253 lii
2102 3211 2268 3252 causa
2323 3194 2580 3250 Christus
2642 3193 2911 3262 porrigit,
2955 3192 3146 3246 dicens
3189 3208 3204 3245 :
3249 3189 3429 3259 Ignem
3469 3188 3583 3242 ueni

2001 3292 2208 3344 mittere
2240 3291 2295 3342 in
2334 3297 2530 3342 terram
2552 3326 2568 3352 ,
2604 3296 2650 3338 et
2683 3286 2810 3355 quid
2852 3285 2997 3348 volo,
3039 3283 3143 3337 nisi
3177 3291 3232 3335 ut
3270 3282 3455 3336 ardeat
3487 3280 3576 3331 ’9?

1999 3382 2118 3450 Quo
2160 3382 2280 3436 loco
2319 3379 2492 3451 ignis,
2535 3377 2778 3448 Spiritus
2835 3375 3104 3430 fervorem
3148 3373 3454 3443 signiﬁcat,
3498 3371 3582 3426 vel

1999 3473 2298 3543 spiritualis
2322 3471 2449 3526 vita:
2471 3468 2833 3524 acrimoniam
2860 3475 2915 3521 et
2934 3465 3243 3535 evangelica
3285 3471 3578 3535 praecepta,

1999 3584 2029 3622 a
2058 3568 2258 3638 quibus
2287 3565 2470 3620 omnis
2501 3563 2708 3616 vitiosa:
2735 3561 2932 3616 animae
2964 3557 3230 3614 habitudo
3264 3559 3317 3612 in
3346 3559 3580 3610 cinerem

1999 3659 2263 3728 redigitur
2291 3665 2457 3726 atque
2485 3653 2817 3718 absumitur,
2857 3652 3089 3722 proinde
3129 3666 3253 3706 eum
3294 3647 3578 3720 quampri-

1999 3764 2147 3803 mum
2201 3746 2431 3802 accendi
2470 3745 2622 3814 cupit
2677 3745 2978 3809 Dominus,
3017 3751 3078 3797 ut
3117 3741 3473 3804 benelicimn,
3517 3753 3580 3792 ac

1997 3855 2110 3896 non
2150 3840 2422 3895 vindicem
2463 3849 2518 3894 et
2553 3839 2914 3895 cruciantem.

2069 3932 2190 3987 Col.
2230 3930 2336 3986 646
2387 3931 2455 3998 A.
2497 3931 2764 4002 Quidquid
2819 3945 2980 3998 porro
3035 3943 3285 3982 carneum
3331 3937 3380 3980 et
3431 3940 3581 3979 escu-

2001 4025 2200 4078 lentum
2253 4023 2405 4078 habet
2453 4023 2738 4090 doctrina,
2781 4033 2887 4077 etc.
2931 4021 3210 4090 Scriptum
3265 4033 3460 4074 rursus
3497 4023 3586 4075 est

2419 4113 2484 4168 Et
2541 4114 2808 4168 comedent
2859 4128 3042 4167 carnes
3095 4112 3196 4164 Itac
3247 4122 3391 4163 nocte
3436 4123 3583 4160 assos

1997 4211 2135 4280 igne,
2167 4217 2327 4277 caput
2359 4223 2479 4260 cum
2521 4207 2738 4276 pedibus
2781 4215 2830 4259 et
2877 4205 3144 4259 intestinis
3173 4203 3241 4255 ³⁸.
3275 4201 3585 4265 Theologus

1999 4310 2178 4352 autem
2213 4298 2282 4352 ab
2317 4296 2545 4351 historia
2575 4296 2642 4349 ad
2675 4295 2990 4364 allegoriam
3027 4290 3332 4346 ascendens
3366 4305 3380 4342 :
3411 4287 3582 4352 Quid-

1999 4390 2130 4460 quid
2171 4397 2288 4450 est,
2332 4389 2548 4459 inquit,
2592 4388 2644 4442 in
2688 4387 2792 4440 lide
2831 4400 2896 4442 ac
2933 4382 3184 4440 doctrina
3238 4388 3425 4436 nostra
3463 4393 3585 4434 car-

327 4492 485 4546 quam
514 4480 896 4544 conveniebat,
937 4483 1366 4550 speculationem
1414 4491 1687 4538 assecuta.
1720 4483 1895 4553 Atque
1924 4479 1976 4540 D
2005 4496 2190 4546 neum,
2233 4481 2334 4535 hoc
2371 4489 2473 4544 est,
2514 4479 2878 4545 esculentum,
2921 4473 3261 4531 comedetur.
3303 4472 3480 4540 Atque
3520 4476 3582 4523 ut

330 4568 525 4622 idcirco
553 4584 652 4624 nec
689 4580 973 4639 compacta
1014 4587 1112 4626 nec
1155 4589 1464 4643 compressa
1494 4582 1549 4628 et
1589 4574 1758 4630 solida
1789 4583 1891 4638 est,

333 4674 508 4714 verum
545 4675 574 4713 c
605 4663 884 4716 contrario
923 4663 1248 4730 improbata,
1301 4664 1606 4721 indiscussa
1639 4674 1694 4720 et
1726 4664 1892 4721 ﬂuida

336 4767 394 4805 ac
424 4751 690 4807 solubilis.
725 4752 858 4808 Nam
895 4755 984 4824 qui
1028 4757 1264 4811 naturali
1318 4758 1479 4812 modo
1525 4758 1729 4814 Christi
1761 4773 1896 4814 con-

337 4842 625 4911 ceptionem
671 4858 735 4898 ac
769 4845 1171 4914 generationem
1222 4857 1546 4918 cmtcraqnc,
1591 4848 1756 4918 hujus
1800 4863 1895 4918 ge-

340 4934 469 4987 neris
513 4933 762 5004 inquirit,
812 4935 858 4990 is
899 4937 1248 5006 pratstantius
1292 4953 1323 4993 a
1362 4939 1618 4995 deteriori
1663 4940 1892 4995 minime

341 5025 641 5096 distinguit,
690 5028 1148 5098 quemadmodum
1205 5030 1348 5099 ignis
1395 5047 1590 5085 aurum
1647 5033 1716 5086 ab
1767 5033 1890 5087 aliis

341 5116 582 5180 materiis.
616 5133 717 5173 nec
754 5119 1054 5172 doctrinam
1081 5119 1149 5174 ab
1179 5121 1328 5175 omni
1360 5136 1546 5177 crassa
1580 5131 1634 5177 et
1664 5123 1884 5193 indigna

341 5208 646 5278 cogitatione
685 5225 876 5280 puram
916 5224 980 5265 ac
1019 5210 1246 5265 liberam
1297 5210 1460 5266 edicit
1486 5250 1502 5275 ,
1550 5211 1694 5274 sica:
1744 5212 1886 5282 ignis

342 5299 617 5355 similitudo
657 5302 913 5370 postulat,
947 5303 1041 5372 qui
1083 5304 1365 5358 materiam
1405 5305 1624 5374 quidem
1654 5315 1708 5359 et
1735 5319 1890 5360 cras-

343 5389 497 5447 sitietn
524 5393 784 5456 absumit,
812 5409 1006 5448 aurum
1032 5404 1211 5450 autem
1240 5397 1466 5465 probum
1491 5406 1544 5450 et
1567 5396 1888 5451 defaecatum

342 5482 513 5540 reddit.
554 5484 688 5540 Nam
729 5487 821 5557 qui
865 5487 1113 5542 humana:
1156 5499 1365 5543 natura:
1403 5487 1646 5558 vestigiis
1688 5488 1887 5552 lueret,

404 5669 440 5701 "
472 5668 639 5724 Exod.
683 5687 780 5736 xu,
811 5670 865 5725 6.
963 5670 1008 5703 "‘
1043 5671 1176 5728 ibid.
1216 5673 1270 5728 9.

1370 5674 1416 5704 "’
1465 5676 1622 5730 Rom.
1674 5693 1771 5747 xu,
1808 5677 1895 5733 ll.

346 5740 419 5796 20.
486 5742 529 5774 ”
573 5740 706 5797 Luc.
758 5757 856 5809 xtl,
900 5743 988 5798 b9.

1068 5744 1111 5776 ³⁰
1154 5743 1324 5800 Exod.
1373 5760 1468 5811 λη,
1512 5747 1566 5801 8.

2004 4575 2197 4630 horum
2240 4573 2532 4628 verborum
2585 4586 2808 4626 sensum
2851 4569 3224 4639 explicemus,
3267 4562 3584 4635 hujusmodi

2001 4666 2261 4738 quiddam
2293 4665 2375 4720 vir
2407 4663 2760 4719 doctissimus
2805 4662 2987 4717 dicere
3033 4660 3270 4716 videtur.
3303 4657 3491 4711 Onmis
3521 4670 3584 4715 ca

2000 4755 2303 4810 divinitatis
2369 4761 2533 4822 atque
2603 4750 2960 4806 humanitatis
3017 4748 3224 4803 Christi
3283 4747 3581 4807 doctrina,

2001 4862 2141 4917 quae,
2180 4855 2239 4901 nt
2275 4861 2406 4901 caro
2444 4845 2728 4915 corporeis
2768 4844 3047 4907 dentibus,
3087 4841 3162 4894 ita
3203 4837 3584 4911 spiritualibus

2002 4942 2179 5002 cedit.
2235 4956 2300 4996 ac
2357 4940 2402 4996 si
2462 4948 2610 4996 recte
2669 4940 3040 5008 intelligatur.
3104 4937 3343 4991 animam
3404 4937 3584 5001 alere,

1999 5034 2158 5103 eique
2197 5035 2458 5103 prodesse
2495 5041 2672 5102 potest
2713 5049 2730 5086 :
2775 5032 2928 5096 haec,
2972 5031 3222 5100 inquam,
3266 5029 3448 5084 omnis
3487 5029 3585 5082 do-

1995 5123 2198 5185 ctrina.
2241 5130 2299 5176 ut
2339 5122 2392 5176 in
2436 5123 2806 5192 cognitionem
2849 5131 3096 5178 nostram
3136 5121 3357 5183 cadens,
3401 5125 3583 5171 mente

1987 5215 2326 5279 comedetur,
2361 5214 2575 5284 ipsique
2603 5215 3126 5279 accommodabitur,
3160 5221 3324 5281 atque
3357 5210 3422 5264 ad
3471 5210 3585 5276 spi-

1990 5304 2203 5360 ritalem
2241 5307 2654 5360 concoctionem
2695 5305 3069 5360 distribuetur.
3114 5303 3188 5356 Ita
3225 5301 3339 5363 (iet,
3374 5309 3432 5352 ut
3482 5298 3578 5367 qui

1991 5412 2112 5452 eam
2159 5396 2491 5466 percipiunt,
2523 5397 2576 5452 in
2610 5397 2682 5462 id,
2717 5397 2865 5468 quod
2913 5400 3298 5467 perceperunt,
3330 5404 3579 5445 commu-

1994 5498 2201 5555 tentur,
2235 5501 2399 5560 atque
2438 5491 2818 5561 unusquiSqne
2849 5490 2916 5545 ad
2946 5485 3176 5542 membri
3211 5484 3280 5539 ab
3309 5497 3376 5538 eo
3407 5481 3574 5552 spiri-

3177 5673 3222 5707 ²⁸
3253 5672 3416 5732 l’rov.
3446 5684 3572 5736 xxv,

2000 5676 2045 5708 ²⁶
2071 5675 2218 5732 Psal.
2251 5692 2399 5745 cxrx,
2433 5678 2488 5733 4.
2603 5676 2644 5709 ²⁷
2673 5675 2779 5732 lsa.
2813 5690 2979 5746 mn,
3013 5674 3100 5730 14.
