4076 6292
616 346 749 413 1371

2034 365 2414 432 ADDENDA.

3791 371 3932 432 Πτῖ

616 461 840 515 tnalitcr
872 465 1073 519 comesi
1117 467 1296 522 locum
1339 471 1653 528 inducatur.
1685 473 1862 529 Divini
1894 477 2042 532 enim
2072 481 2196 549 agni
2229 483 2270 538 Α
2303 489 2504 550 apertae
2550 489 2711 551 atque
2764 481 2816 536 in
2867 482 3037 537 oculis
3083 483 3270 552 positae
3300 498 3317 538 τ
3359 484 3678 550 Quocirca,
3709 483 3929 551 inquit.

615 567 680 605 ac
710 553 868 608 Verbi
898 562 1196 614 secundum
1225 563 1493 635 cujusque
1523 569 1752 624 membri
1781 573 2198 638 conceptionem

617 647 997 718 unusquisque
1049 668 1148 721 pro
1187 655 1384 711 virium
1427 675 1649 714 suarum
1676 701 1690 725 ,
1749 673 1914 734 atque
1953 667 2198 732 ordinis,

619 736 916 806 gratiaeque
967 739 1205 807 Spiritus
1243 747 1308 799 ad
1360 763 1419 802 se
1453 752 1798 820 pertinentis,
1846 757 2078 813 rationis
2110 759 2201 814 lict

616 830 906 898 particeps.
953 832 1111 888 Verbi
1171 840 1347 906 gratia
1372 881 1387 903 ,
1432 853 1594 912 caput
1636 845 1727 900 ille
1767 850 2066 918 percipiet,
2106 854 2200 919 qui

615 933 681 972 ex
721 921 1042 989 improbatis
1080 929 1365 1000 principiis
1397 935 1581 1000 tidem,
1613 939 1934 1014 theologica:
1965 945 2198 1001 rationis

613 1011 921 1068 doctrinam
971 1033 1200 1087 prorsus
1251 1025 1476 1080 missam
1522 1011 1834 1096 facientem,
1871 1049 2199 1094 consecutus

617 1100 802 1159 ῐιιριίι.
841 1108 1014 1165 Aures
1068 1123 1287 1180 autem,
1341 1119 1432 1184 qui
1486 1135 1768 1181 sermones
1809 1127 2024 1185 divinos
2063 1132 2198 1188 scite

614 1196 835 1264 accipit,
862 1209 915 1254 et
943 1216 1037 1269 per
1063 1219 1156 1260 eos
1182 1207 1248 1260 ad
1281 1217 1510 1266 mortem
1542 1229 1716 1285 usque
1745 1216 1855 1273 Deo
1885 1222 2193 1289 subjicitur.

613 1285 854 1357 Oculos,
913 1295 1006 1362 qui
1058 1312 1147 1350 res
1199 1311 1414 1358 creatas
1467 1307 1782 1376 spiritaliter
1836 1285 2191 1385 considerat,

614 1389 777 1449 atque
836 1399 1027 1442 omnes
1097 1391 1360 1450 doctrinae
1417 1412 1656 1469 sensus,
1723 1413 1830 1459 tam
1891 1407 2194 1477 litterales,

613 1488 776 1540 quant
833 1479 1185 1551 allegoricos,
1237 1490 1386 1544 omni
1441 1493 1772 1552 oﬂ‘endiculo
1832 1513 2087 1558 vacantes
2126 1508 2193 1560 ad

614 1562 783 1615 solam
841 1565 930 1621 Dei
987 1571 1216 1639 gloriam
1271 1577 1325 1631 in
1380 1595 1546 1635 unum
1600 1585 1827 1656 colligit.
1888 1588 2006 1644 Jatn
2065 1609 2195 1650 vero

614 1657 848 1720 p-etoris
903 1663 1174 1734 particeps
1221 1667 1311 1734 ﬁt,
1364 1673 1454 1740 qui
1508 1690 1602 1728 cor
1659 1693 1818 1732 suum
1877 1681 2194 1754 theologicis

613 1749 1085 1813 speculationibus
1122 1773 1185 1812 ac
1219 1760 1483 1820 doctrinis
1532 1767 1795 1837 implevit.
1844 1749 2196 1833 Manumvau-

615 1848 745 1902 tem,
781 1843 872 1911 qtti
921 1848 1127 1903 nullum
1171 1867 1307 1920 opus
1343 1871 1406 1910 ex
1443 1858 1528 1914 his
1561 1877 1682 1930 qua:
1715 1864 1900 1921 divino
1935 1870 2191 1926 mandato

613 1934 916 2002 proscripta
960 1949 1107 2007 sunt,
1159 1943 1350 2016 ignave
1381 1965 1445 2004 ac
1479 1955 1815 2025 negligenter
1849 1963 2188 2032 exsequitur,

613 2035 799 2076 verum
835 2035 1000 2084 totam
1029 2047 1148 2088 eam
1187 2039 1294 2093 vim
1329 2042 1548 2109 animae,
1577 2059 1698 2113 quae
1734 2047 1791 2104 in
1822 2052 2039 2108 actione
2068 2072 2192 2110 ver-

611 2123 786 2181 satur,
837 2119 902 2172 ad
954 2123 1258 2182 divinarum
1309 2129 1489 2200 legum
1530 2138 1894 2206 expletlonem
1945 2155 2187 2212 paratam

609 2214 774 2269 atque
823 2209 1091 2271 intensam
1131 2219 1316 2276 habet.
1365 2225 1483 2279 ΑΙνί
1531 2243 1713 2297 porro,
1764 2233 1856 2302 qui
1897 2209 2186 2304 genitalem

610 2297 808 2397 anima:
840 2315 1048 2370 partem
1089 2322 1349 2381 perpetuo
1382 2297 1794 2377 scaturientem'
1816 2297 2000 2390 habet,
2030 2329 2190 2397 spiri-

610 2389 958 2489 tualibusque
999 2406 1554 2475 contemplationibus
1610 2415 1942 2482 alliuentem,
1986 2389 2188 2489 quique

609 2480 997 2574 ardentissimo
1055 2502 1219 2562 atque
1287 2497 1600 2569 inexplebili
1660 2480 1949 2574 omnisque
2003 2480 2185 2568 vitiosi

607 2569 833 2626 all‘ectus
867 2581 1076 2644 experti
1127 2583 1391 2642 Dominici
1446 2605 1776 2660 congressus
1824 2595 2099 2655 desiderio
2133 2611 2188 2658 et

605 2675 794 2715 amore
826 2677 1111 2734 correptus
1160 2682 1262 2730 est.
1309 2678 1377 2731 At
1421 2695 1549 2734 vero
1600 2683 1858 2740 intestina
1903 2690 2036 2754 edit,
2090 2693 2182 2762 qui

606 2751 944 2811 abstrusinre
979 2763 1177 2818 mentis
1207 2770 1609 2837 conquisitione
1641 2777 1907 2845 profunda
1937 2780 2030 2836 Dei
2063 2751 2185 2853 per-

604 2853 904 2912 scrutatur,
947 2860 1111 2922 atque
1155 2860 1372 2916 arcanis
1423 2869 1698 2934 mysteriis
1749 2871 1897 2927 velut
1941 2875 2184 2947 ingurgi-

603 2945 774 2992 tatur.
803 2940 976 2998 Crura
1008 2960 1214 3012 autem,
1248 2954 1339 3022 qui
1375 2959 1666 3023 rationem,
1711 2963 1758 3017 ei
1789 2965 1986 3022 animae
2003 2940 2180 3039 ipar'ti,

601 3046 727 3098 qua:
771 3032 1053 3094 affectibus
1104 3043 1363 3112 agitatur,
1415 3049 1821 3110 incumbentem
1875 3032 2066 3127 habei,
2119 3078 2183 3118 ac

2305 589 2412 627 non
2456 574 2618 628 modo
2669 574 2719 628 id
2767 584 3022 630 excutere
3069 577 3367 636 debemus.
3423 578 3583 646 quod
3649 574 3930 630 cernens:

2303 671 2406 726 est,
2458 663 2509 718 id
2560 673 2666 727 est,
2706 665 2982 720 intellectu
3039 666 3244 730 facile;
3315 684 3512 722 verum
3574 670 3842 738 insuper
3888 682 3933 719 et

2302 755 2484 810 abdita
2523 758 2739 822 mentis,
2793 758 2893 812 hoc
2939 767 3046 820 est,
3085 761 3311 828 mystica
3364 761 3456 814 illa
3512 761 3934 830 pervestigare

2301 850 2575 915 convenit,
2612 865 2732 914 qum.
2768 864 2922 904 mens
2965 862 3150 905 nostra
3200 867 3228 904 a
3278 851 3680 906 crassioribus
3744 852 3937 903 homi-

2301 939 2465 994 nibus
2498 940 2715 995 interim
2747 942 3173 998 abscondedat..

2367 1031 2672 1087 Possumus
2715 1032 2878 1086 etiam
2931 1033 3165 1088 fortasse
3197 1035 3262 1088 ad
3311 1035 3463 1089 hunc
3514 1037 3778 1089 modum
3827 1037 3936 1089 lar:

2298 1139 2592 1194 exponere.
2633 1123 3089 1196 Quandoquidem
3123 1127 3356 1198 duplicis
3392 1139 3627 1184 natura:
3653 1131 3936 1184 Christus

2297 1225 2402 1279 est,
2431 1215 2686 1269 nimirum
2717 1217 2857 1272 Deus
2885 1218 3049 1272 simul
3075 1230 3129 1273 ct
3157 1219 3342 1283 homo,
3376 1220 3723 1300 faciendum
3769 1223 3938 1275 nobis

2297 1315 2402 1372 est,
2431 1307 2629 1376 inquit,
2657 1315 2718 1362 ut
2743 1322 2852 1361 non
2882 1309 3046 1363 modo
3071 1310 3425 1379 conspicuam
3459 1311 3658 1381 ipsius
3687 1329 3930 1366 carnem

2298 1398 2633 1465 intueamur,
2659 1401 2753 1455 sed
2775 1409 2827 1454 et
2849 1401 3051 1456 mentis
3074 1402 3276 1463 abdita,
3301 1403 3405 1458 hoc
3428 1414 3539 1469 est,
3563 1404 3934 1462 divinitatis.

2297 1493 2666 1560 speculamur.
2699 1494 2776 1546 Ac
2806 1508 2873 1548 ne
2915 1503 3077 1564 caput
3110 1504 3163 1549 et
3195 1495 3359 1564 pedes
3395 1497 3474 1562 (id
3509 1507 3633 1557 est,
3674 1507 3735 1551 et
3763 1497 3930 1564 ejus-

2296 1583 2440 1636 modi
2486 1583 2554 1637 de
2604 1592 2842 1653 ungeute
2895 1585 3186 1640 divinitate
3227 1587 3607 1656 cogitationes
3639 1629 3658 1651 ,
3709 1605 3858 1657 quae
3905 1605 3928 1639 ε

2296 1674 2408 1728 Deo
2434 1690 2542 1729 non
2573 1677 2922 1740 abhorreant,
2954 1687 3008 1731 ct
3033 1693 3224 1733 rursus
3257 1679 3535 1748 ejusmodi
3563 1681 3651 1734 de
3685 1682 3927 1734 inuncta

2298 1763 2635 1819 humanitate
2689 1766 3108 1832 meditationes,
3173 1785 3293 1837 quae
3363 1770 3643 1824 bumanze
3701 1783 3930 1825 natur:

2297 1857 2643 1923 conveniant,
2685 1859 2918 1913 intactos
2962 1859 3354 1927 relinquamus.
3403 1863 3463 1915 ld
3515 1872 3730 1917 autem
3772 1880 3930 1918 asse-

2299 1963 2551 2018 quemur,
2598 1950 2643 2004 si
2693 1950 2997 2016 Christum,
3041 1967 3069 2005 a
3100 1953 3276 2020 capite
3309 1954 3538 2023 quidem
3584 1955 3779 2010 Deum
3825 1973 3924 2010 sac-

2296 2038 2432 2094 culis
2463 2039 2716 2095 omnibus
2742 2041 3108 2112 antiquiorem
3137 2058 3574 2112 cognoscamus,
3605 2062 3646 2100 a
3683 2048 3924 2115 pedibus

2297 2145 2429 2185 vero
2467 2130 2765 2198 hominem,
2811 2134 3104 2202 postremis
3151 2136 3496 2204 temporibus
3545 2136 3802 2202 factum,
3855 2144 3921 2192 ab

2297 2222 2571 2277 intestinis
2601 2223 2857 2286 denique,
2889 2225 3017 2294 quia
3051 2225 3232 2278 divina
3267 2227 3515 2296 potentia
3549 2244 3741 2284 carne
3777 2241 3914 2284 terra

2295 2321 2460 2381 atque
2515 2313 2780 2368 absconsa
2829 2313 2950 2369 fuit.
2991 2313 3087 2368 Vel
3135 2316 3298 2370 etiam
3340 2314 3589 2372 fortasse
3645 2319 3705 2372 i-l
3747 2335 3910 2388 capat

2294 2405 2717 2460 existimandum
2755 2415 2857 2472 est,
2900 2407 3160 2462 nimirum
3211 2409 3375 2473 scire,
3432 2411 3592 2479 quod
3635 2412 3908 2475 Verbum,

2297 2505 2482 2566 utpote
2533 2495 2699 2561 Deus,
2749 2498 2802 2551 in
2857 2499 3149 2569 principio,
3205 2500 3307 2554 hoc
3354 2509 3460 2564 est,
3521 2503 3581 2555 in
3637 2501 3816 2557 Patre
3862 2517 3906 2556 ιιι

2291 2603 2416 2642 cum
2463 2589 2668 2659 Spiritu
2703 2600 2838 2644 erat.
2885 2591 3057 2646 Pedes
3097 2601 3300 2658 autem,
3335 2593 3472 2646 illud
3526 2598 3904 2664 persuasissi-

2291 2695 2444 2734 mum
2491 2680 2711 2746 habere,
2758 2683 2901 2752 quod
2957 2681 3096 2738 Deus
3153 2684 3311 2736 etiam
3363 2685 3686 2753 exsistens,
3739 2689 3898 2757 Ῑιιςιει

2291 2788 2485 2827 rursus
2516 2774 2581 2827 ad
2610 2789 2712 2828 nos
2743 2775 3025 2829 rediturus
3051 2785 3156 2836 est,
3189 2781 3446 2831 humana:
3475 2779 3898 2847 dispensationi

2290 2874 2454 2933 atque
2521 2865 2905 2934 gubernationi
2979 2865 3139 2922 ﬁnem
3209 2868 3606 2938 impositurus.
3681 2872 3745 2926 In
3804 2876 3902 2925 line.

2288 2956 2436 3009 enim
2488 2965 2652 3027 atque
2697 2967 2944 3012 extremo
2995 2959 3163 3014 totius
3213 2962 3465 3029 corporis
3520 2964 3699 3031 pedes
3750 2976 3896 3019 Sunt.

2291 3046 2550 3101 Intestina
2584 3059 2888 3117 postremo,
2933 3049 3252 3107 abscondita
3286 3053 3373 3106 illa
3406 3063 3463 3107 et
3492 3055 3670 3111 veluti
3720 3060 3896 3112 media

604 3121 767 3176 veluti
797 3128 1076 3195 superiore
1104 3131 1221 3188 loco
1255 3139 1507 3204 positam,
1539 3158 1742 3213 easque
1773 3148 1966 3203 anima:
1997 3163 2181 3220 partes

2288 3144 2344 3191 et
2391 3137 2651 3193 intestina
2703 3140 3066 3198 humanitatis
3113 3153 3414 3214 assumpta:
3469 3146 3733 3200 doctrina
3785 3170 3800 3204 :
3845 3163 3898 3201 nt

602 3214 656 3266 in
695 3219 895 3285 quibus
931 3225 1371 3290 perturbationes
1408 3234 1698 3302 exsistunt,
1731 3237 1958 3309 imperio
1991 3250 2181 3298 tenen-

603 3314 735 3371 tem,
779 3311 980 3378 quique
1011 3329 1227 3372 omnem
1275 3335 1525 3376 crassum
1558 3335 1610 3378 cl.
1643 3336 1918 3385 terrenum
1971 3344 2176 3390 molunt

601 3401 670 3452 ab
709 3417 768 3454 ea
817 3406 1020 3462 evellit.
1058 3408 1300 3467 Genibus
1348 3431 1476 3469 vero
1524 3420 1787 3486 pascitur,
1841 3425 1933 3492 qui
1981 3428 2046 3481 ad
2092 3430 2181 3498 ja-

601 3501 809 3556 ccutes,
857 3505 911 3550 et
947 3499 1163 3554 inﬁrma
1210 3502 1312 3558 [ide
1355 3503 1631 3574 praeditos,
1681 3516 2180 3577 commiscrationis

601 3584 793 3641 aichtu
835 3587 902 3643 de
948 3591 1218 3649 industria
1267 3611 1326 3652 se
1372 3597 1627 3670 demittit,
1660 3619 1725 3660 ac
1758 3603 1918 3662 Verbi
1967 3611 2032 3664 ad
2079 3629 2180 3668 nos

599 3677 957 3746 dejectionem
993 3685 1302 3742 :emulatur.
1338 3688 1624 3748 Postremo
1667 3695 1816 3752 tibiis
1858 3707 1910 3753 et
1950 3701 2179 3770 pedibus

599 3767 860 3829 vescitur,
911 3773 1001 3840 qui
1051 3775 1104 3828 in
1152 3776 1254 3832 lide
1301 3789 1356 3834 et
1407 3782 1607 3839 virtute
1659 3795 1824 3856 atque
1871 3767 2179 3863 cognitione

601 3859 739 3932 ﬁxos
770 3870 825 3915 et
862 3862 1168 3922 immobiles
1207 3869 1405 3924 animae
1435 3887 1654 3942 gressus
1700 3877 1882 3934 habet.
1918 3859 1996 3935 Ᾱιι
2034 3883 2175 3939 hunc

599 3951 823 4006 modum
863 3955 952 4010 ille
986 3957 1173 4025 Agnus
1207 3960 1300 4016 Dei
1339 3963 1407 4018 ab
1448 3966 1708 4023 omnibus
1738 3971 1823 4024 edi
1871 3987 1935 4026 ac
1969 3975 2174 4044 percipi

597 4052 800 4135 potest,
833 4060 1038 4115 eosque
1077 4064 1106 4103 a
1146 4053 1346 4120 quibus
1391 4056 1712 4127 percipitur,
1743 4061 1981 4130 Spiritus
2010 4081 2174 4135 opera

598 4131 653 4186 in
705 4149 827 4190 sese
873 4146 1225 4196 transmutat.
1275 4142 1541 4201 Caeterum
1597 4149 1699 4204 hoc
1750 4131 2061 4208 observatur
2091 4158 2175 4211 di-

597 4241 762 4296 gnum
799 4239 902 4294 est,
935 4232 1081 4300 quod
1125 4233 1436 4306 Theologus
1470 4247 1678 4306 noster,
1720 4243 1765 4296 si
1805 4247 2025 4312 quando
2055 4265 2176 4301 ver-

596 4317 725 4373 bum
774 4321 993 4391 aliquod
1062 4325 1389 4395 obscurius,
1459 4347 1622 4400 quam
1675 4342 1733 4386 ut
1782 4351 1810 4388 a
1860 4338 2173 4397 rudioribus

601 4411 828 4484 intelligi
863 4427 1045 4482 queat.
1075 4421 1348 4487 extulerit,
1379 4422 1508 4478 illud
1537 4426 1721 4480 statim
1757 4444 1851 4495 per
1881 4431 2170 4489 dilucidius

2285 3229 2416 3285 hinc
2470 3233 2635 3286 trium
2685 3241 2988 3304 temporum
3045 3238 3426 3306 complexione
3477 3242 3893 3308 sempiternum

2283 3321 2563 3377 Christum
2606 3339 2730 3379 esse
2773 3326 3164 3396 intelligamus,
3213 3344 3276 3383 ac
3327 3344 3421 3397 per
3459 3341 3626 3400 caput
3658 3335 3889 3401 quidem

2283 3415 2336 3469 in
2374 3416 2530 3471 nobis
2575 3416 2907 3482 declaretur,
2947 3419 3092 3488 quod
3141 3431 3280 3484 erat,
3336 3437 3434 3487 per
3469 3425 3642 3490 pedes
3691 3437 3885 3478 autem

2282 3505 2430 3574 quod
2463 3506 2588 3573 erit,
2624 3521 2722 3576 per
2764 3509 3025 3564 intestina
3073 3510 3312 3580 denique
3343 3514 3486 3580 quo-.l
3518 3529 3754 3583 semper
3782 3530 3883 3571 est.

2281 3597 2360 3653 De
2392 3614 2503 3668 quo
2531 3597 2771 3654 Joannes
2801 3616 3022 3671 quoque
3057 3602 3189 3656 mihi
3225 3605 3434 3658 locutus
3467 3606 3720 3669 videtur,
3759 3626 3888 3664 cun.

2279 3691 2417 3746 dixit
2445 3707 2461 3745 :
2491 3690 2597 3756 Qui
2639 3703 2738 3756 est,
2770 3694 2862 3762 qui
2905 3702 3039 3759 erat,
3072 3697 3164 3765 qui
3204 3707 3442 3750 cariturus
3477 3708 3554 3749 est
3593 3698 3665 3756 ³⁸,
3712 3704 3885 3768 prin-

2280 3785 2486 3854 cipium
2517 3785 2769 3843 videlicet
2815 3803 2878 3842 ac
2913 3789 3151 3844 medium
3188 3800 3244 3846 et
3273 3795 3425 3845 tinent
3474 3793 3647 3846 simul
3705 3812 3880 3850 com-

2280 3879 2555 3948 plectens.

2347 3969 2605 4026 PSELLUS.
2653 3971 3092 4046 Quandoquidem
3135 3976 3265 4029 mihi
3310 3993 3516 4045 quoque
3564 3993 3693 4048 post
3747 3984 3881 4038 Cra-

2275 4060 2479 4128 gorium
2508 4060 2745 4116 historia:
2773 4063 2931 4132 hujus
2960 4066 3297 4129 enarranda,
3325 4083 3388 4118 ac
3413 4068 3748 4124 decernendi
3782 4092 3880 4143 quo

2275 4163 2430 4222 pacto
2499 4151 2724 4207 Verbum
2780 4155 3036 4210 edendum
3087 4159 3196 4223 sit,
3261 4169 3496 4227 potestas
3553 4164 3714 4231 facta
3765 4179 3879 4233 est,

2274 4243 2627 4311 subtiliorem,
2665 4262 2824 4315 quam
2857 4248 2964 4315 ipse
2995 4248 3202 4318 fecerit,
3231 4250 3545 4306 divisionem
3579 4259 3879 4326 proferant,

2275 4334 2559 4403 sigillatim
2593 4337 2946 4391 membrorum
2977 4341 3101 4410 agni
3134 4344 3446 4395 mentionem
3489 4345 3733 4413 faciens,
3765 4366 3878 4402 ror-

2273 4427 2516 4495 porisquc
2567 4429 2875 4498 ﬁgmentum
2931 4441 2980 4484 et
3039 4435 3361 4487 creationem
3411 4437 3483 4487 ad
3531 4440 3878 4507 spiritualem

595 4503 741 4558 aliud
771 4509 1092 4563 vocabulum
1123 4509 1468 4581 interpretari
1499 4515 1674 4570 solet:
1705 4523 2163 4588 quemadmodum
2201 4521 2242 4575 D
2270 4519 2680 4587 sperulationem
2725 4524 3072 4592 transferens.
3116 4524 3290 4594 Caput
3333 4527 3501 4595 igitur
3537 4503 3785 4597 uriorem
3827 4537 3878 4586 i-

595 4593 681 4647 hic
713 4611 931 4666 quoque
975 4600 1124 4656 facit.
1169 4603 1380 4659 Etenim
1433 4621 1557 4661 cum
1601 4608 1863 4666 dixisset:
1897 4613 2169 4683 Quidquid

591 4699 884 4750 carncutn,
936 4691 1185 4761 adiunxit
1221 4694 1330 4750 :Et
1379 4697 1721 4754 esculentum
1746 4741 1761 4766 ,
1819 4704 2164 4771 perspicuum

593 4775 799 4831 faciens
831 4793 890 4832 se
924 4795 1181 4836 carneum
1221 4787 1560 4843 esculentum
1602 4791 1908 4845 nominare.
1950 4792 2164 4851 Rursus

590 4886 714 4924 cum
739 4870 983 4927 dixisset:
1011 4873 1085 4927 Ex
1114 4875 1408 4943 intestinis,
1431 4882 1681 4948 protinus
1705 4884 1910 4953 liquido
1927 4887 2165 4941 ostendit

589 4976 648 5017 se
687 4977 750 5016 co
791 4963 1008 5019 nomine
1055 4969 1268 5021 occulta
1312 4977 1364 5022 et
1409 4973 1686 5027 recondita
1735 4990 1956 5032 vocare.
2004 4977 2159 5044 Quod

589 5064 767 5109 autem
804 5070 900 5124 per
935 5071 1194 5112 carneum
1230 5068 1284 5114 et
1314 5060 1498 5116 abdita
1541 5062 1784 5121 indicare
1823 5069 1936 5123 vult
1979 5067 2161 5126 Theo-

587 5142 765 5214 logus,
796 5145 962 5209 hunc,
989 5158 1049 5201 ut
1079 5148 1294 5218 opinor,
1328 5165 1547 5206 sensum
1579 5153 1762 5212 habet.
1796 5156 2163 5224 Quemadmo-

589 5235 717 5289 dum
758 5237 882 5306 agni
923 5237 1132 5294 viscera
1187 5241 1441 5300 interitus
1485 5244 1915 5314 absconduntur,
1968 5265 2162 5306 earnes

588 5339 769 5384 autem
805 5331 858 5383 in
891 5333 1145 5387 exteriori
1196 5345 1349 5403 parte
1397 5347 1570 5392 sunt:
1613 5338 1692 5394 sie
1725 5343 1887 5395 etiam
1936 5343 1990 5396 in
2038 5343 2161 5398 ﬁdei

589 5432 787 5476 nostra:
817 5432 868 5478 et
900 5425 1163 5480 doctrinae
1200 5426 1493 5497 dogmatis,
1527 5431 1632 5485 alia
1670 5433 1840 5503 magis
1877 5449 2076 5488 arcana
2109 5447 2163 5490 et

588 5513 838 5569 abstrusa
875 5528 1023 5584 sunt,
1073 5519 1177 5573 alia
1219 5521 1393 5590 magis
1429 5523 1585 5576 obvia
1618 5533 1671 5576 et
1701 5525 2008 5594 perspicua,
2050 5543 2159 5581 non

587 5616 747 5657 secus
793 5616 955 5674 atque
998 5608 1107 5664 illic
1148 5611 1359 5667 viscera
1391 5613 1603 5667 occulta
1633 5624 1780 5681 sunt,
1812 5630 2002 5672 carnes
2032 5633 2160 5673 vero

661 5779 702 5809 “
747 5780 912 5847 Apoc.
945 5800 993 5847 ι,
1039 5783 1090 5838 ἆ.

2273 4629 2410 4682 agno
2440 4613 2610 4667 locum
2641 4615 2814 4680 habet,
2845 4634 2963 4670 cum
2991 4619 3102 4672 suis
3129 4620 3392 4687 partibus.
3432 4619 3648 4676 Deinde
3679 4629 3876 4680 collum

2272 4703 2518 4756 vertebris
2566 4704 2913 4774 interseptum
2960 4719 3103 4762 recta
3144 4710 3476 4776 protensione
3526 4713 3580 4764 in
3618 4715 3875 4770 humeros

2268 4796 2503 4861 desinit,
2559 4815 2593 4850 a
2651 4799 2839 4864 quibus
2897 4801 3183 4854 anteriores
3238 4807 3392 4864 pedes
3450 4804 3873 4872 fubrimtioneet

2266 4887 2437 4939 sortiti
2470 4898 2612 4940 sunt.
2665 4887 2788 4943 Post
2817 4890 2910 4944 hos
2941 4894 2993 4944 in
3022 4894 3283 4960 superiori
3312 4895 3520 4962 quidem
3553 4909 3717 4962 parte
3750 4901 3876 4952 dor-

2269 4991 2385 5028 sum
2423 4993 2485 5028 ac
2519 4978 2664 5030 dorsi
2711 4981 2862 5047 spina
2907 4981 3248 5046 distenditur,
3297 4985 3354 5037 in
3401 4985 3653 5052 inferiori
3691 5001 3874 5043 autem

2269 5070 2460 5122 ventris
2496 5087 2783 5124 concavum
2813 5074 3032 5141 eﬁictutn
3062 5087 3160 5128 est.
3200 5075 3506 5144 Sequuntur
3537 5082 3873 5145 posteriores

2270 5159 2422 5228 pedes
2453 5161 2507 5213 in
2538 5165 2766 5215 caudam
2796 5164 3112 5219 desinentes.
3156 5165 3308 5219 Inter
3336 5168 3432 5220 has
3467 5179 3647 5220 autem
3685 5182 3873 5237 partes

2271 5251 2548 5306 sublimius
2593 5263 2670 5307 est
2715 5264 2899 5322 caput,
2932 5259 3030 5320 vel,
3081 5267 3139 5310 ut
3186 5258 3364 5326 aptius
3411 5259 3624 5327 loquar,
3679 5278 3870 5329 prose-

2270 5346 2404 5398 ctius
2453 5364 2514 5399 ac
2553 5349 2957 5417 prominentius.
3005 5347 3148 5403 Nam
3198 5351 3369 5404 altum
3416 5362 3464 5404 et
3511 5353 3770 5418 sublime,
3805 5361 3871 5410 dc

2270 5439 2495 5494 hominis
2534 5442 2854 5510 formatione
2891 5445 3179 5512 pra’dicari
3212 5445 3524 5498 Aristotcles
3557 5446 3612 5498 in
3645 5445 3750 5498 lib.
3792 5447 3870 5500 De

2269 5531 2506 5596 partibus
2567 5534 2879 5589 animalium
2939 5539 3148 5590 asserit.
3220 5535 3384 5590 I’cdcs
3446 5553 3562 5591 vero
3629 5539 3866 5607 inferius

2273 5639 2332 5674 ac
2379 5623 2519 5676 circa
2567 5635 2759 5679 terram
2801 5645 3030 5696 gressum
3081 5628 3269 5697 ﬁgunt.
3317 5626 3643 5698 llujusmodi
3695 5633 3866 5701 igitur
