4024 6292
228 350 366 415 1373

1177 355 1501 418 ΝΙΟΕΤΑΞ
1541 357 1623 418 IN
1663 357 1888 419 ORAT.
1931 359 2093 420 XLII
2135 360 2196 422 S.
2242 360 2474 424 GREG.

3323 357 3483 415 ’12³14

225 477 434 533 divinus
488 487 688 542 quoque
739 488 904 542 agnus
959 484 1078 541 est,
1146 492 1209 530 es:
1260 477 1429 553 capite
1485 484 1533 529 et
1591 477 1805 543 pedibus
1839 481 2028 548 Aqua:
2063 479 2172 534 illis
2220 481 2554 548 operiuntur,
2605 477 2847 546 supernis
2902 471 3159 528 thesauris
3216 471 3328 524 sine
3373 470 3484 522 ulla

227 579 502 629 constans,
549 563 604 616 id
656 573 770 628 est,
821 567 1096 621 divinitate
1143 577 1193 620 et
1242 567 1607 630 humanitate,
1656 584 1807 636 quem

227 660 426 729 partim
474 656 591 710 sola
643 658 963 726 cogitatione
1016 659 1290 723 dividens,
1341 660 1540 729 partim
1591 659 1806 722 uniens,

229 759 386 818 atque
414 749 711 814 comedens,
748 747 818 800 ad
851 749 1044 802 anima:
1071 750 1452 818 susceptionem
1484 760 1603 817 apte
1637 757 1809 801 trans-

230 841 399 893 mitte.
435 837 711 906 Susceptio
757 848 932 892 autem
969 841 1186 904 animte,
1231 840 1305 894 vis
1333 850 1407 893 est
1443 840 1807 909 spiritualium

230 931 655 1001 speculationum
708 932 1030 1000 susceptrix,
1080 947 1198 1002 qua:
1243 931 1454 1001 quidem
1508 931 1847 986 doctrinam-

231 1023 406 1077 divisu
436 1022 652 1090 facilem
678 1024 964 1092 accipiens,
991 1026 1311 1093 spiritusque
1337 1027 1537 1095 fervore
1564 1024 1807 1078 concale-

231 1115 450 1181 faciens,
500 1123 656 1183 atque
695 1115 950 1181 alterans,
996 1131 1109 1170 eam
1154 1115 1223 1170 ad
1265 1116 1554 1171 coctionem
1595 1115 1806 1184 digerit,

231 1207 287 1260 in
336 1221 594 1273 suamque
649 1207 930 1261 essentiam
988 1208 1344 1276 transfundit.
1407 1209 1598 1262 Vertea:
1644 1209 1808 1278 igitur

230 1299 398 1352 divini
442 1300 614 1353 nostri
659 1300 871 1367 capitis,
924 1299 1020 1354 hoc
1050 1309 1150 1364 est,
1192 1301 1360 1355 divini
1411 1300 1591 1364 Verbi,
1645 1300 1808 1354 Pater

231 1401 348 1452 est,
413 1407 446 1442 a
512 1404 617 1459 quo
668 1390 976 1460 incorporeo
1030 1400 1186 1460 atque
1240 1391 1598 1460 inexplicabili
1653 1390 1806 1443 modo

234 1479 444 1548 genitus
475 1487 574 1533 est.
607 1477 840 1532 Proinde
878 1480 1125 1534 verticem
1155 1482 1316 1534 etiam
1344 1481 1495 1534 edere
1537 1481 1805 1545 debemus,

235 1573 332 1626 hoc
363 1581 465 1638 est,
498 1571 789 1642 intelligere
815 1589 1144 1644 nequaquam
1165 1574 1500 1644 productioni
1533 1589 1808 1642 corporum

234 1665 372 1717 hanc
405 1665 792 1732 generationem
830 1664 1053 1718 similem
1099 1682 1230 1720 esse.
1275 1665 1412 1720 Item
1440 1665 1580 1736 quod
1623 1680 1688 1718 ea:
1715 1663 1808 1715 illo

237 1754 448 1824 quidem
480 1754 699 1809 Verbum
729 1764 830 1818 est,
875 1756 964 1810 sed
1003 1772 1103 1809 non
1134 1767 1252 1824 post
1297 1756 1474 1810 illum.
1515 1757 1806 1817 Postremo,

236 1845 374 1914 quod
415 1853 672 1914 quantum
721 1844 790 1898 ad
827 1862 1047 1900 causam
1089 1845 1249 1900 Pater
1298 1845 1443 1900 Filio
1495 1847 1664 1915 major
1711 1853 1810 1898 est.

155 2005 160 2009 _
239 1934 504 2000 Quoniam
534 1943 709 1988 autem
747 1936 916 1989 crines
947 1936 1104 1989 etiam
1148 1936 1387 1988 verticem
1429 1936 1808 2006 nircumtegunt

241 2023 356 2092 (hoc
413 2034 514 2088 est,
568 2023 739 2092 caligo
777 2022 875 2076 illa
933 2040 965 2076 a
1013 2021 1366 2090 speculatione
1414 2035 1642 2081 remota.
1697 2039 1812 2093 qua:

240 2123 514 2181 paternam
547 2114 902 2167 substantiam
934 2113 1150 2184 obtegit)
1183 2114 1274 2168 hos
1307 2132 1508 2185 quoque
1555 2131 1811 2186 quantum

239 2221 320 2260 res
349 2204 600 2272 postulat,
635 2205 866 2259 dividere
891 2221 1096 2259 necesse
1119 2206 1393 2270 habemus,
1423 2217 1578 2278 atque
1609 2211 1684 2262 ita
1708 2212 1812 2265 vim

242 2296 435 2348 anima:
470 2295 682 2363 injicere
729 2294 799 2348 ad
832 2311 898 2349 ea
953 2296 1285 2366 attingenda,
1331 2315 1448 2366 qua:
1477 2310 1526 2352 et
1577 2317 1815 2356 sermone

243 2387 517 2456 superiora
547 2397 690 2448 sunt,
739 2397 787 2440 et
828 2388 1166 2457 cogitatione.
1212 2386 1338 2441 Jam
1387 2389 1596 2443 divinas
1650 2393 1815 2445 etiam

243 2495 396 2532 aures
447 2479 571 2548 agni
619 2479 782 2532 divini
825 2480 1184 2546 comedamus,
1221 2498 1421 2550 nempe,
1467 2484 1818 2550 spiritualiter

242 2570 539 2634 audientes,
584 2570 724 2639 quod
770 2571 1081 2624 incantatus
1132 2573 1224 2636 sit,
1253 2571 1389 2640 quod
1425 2572 1648 2626 Verbum
1691 2590 1816 2626 caro

244 2661 446 2730 factum
478 2664 568 2714 sit.
607 2660 789 2728 Neque
811 2662 948 2714 enim
979 2661 1203 2716 Verbum
1239 2664 1292 2715 in
1322 2679 1527 2715 carnem
1555 2673 1816 2717 mutatum

243 2767 377 2815 esse,
411 2767 502 2804 nec
557 2751 918 2818 incorporeum
969 2752 1135 2820 ipsius
1183 2753 1467 2805 essentiam
1509 2753 1563 2805 in
1607 2769 1818 2806 carnem

245 2843 567 2897 concrevisse
596 2843 970 2913 praedicamus,
1005 2860 1183 2898 verum
1209 2843 1264 2896 id
1291 2844 1504 2912 quidem
1540 2845 1813 2909 mansisse,

243 2933 383 3002 quod
425 2943 560 2994 erat,
597 2932 648 2986 id
698 2941 896 2997 autem,
932 2933 1069 3002 quod
1121 2950 1222 2986 non
1269 2942 1404 2996 erat,
1450 2935 1816 3001 assumpsisse.

249 3023 444 3080 Oculos
482 3025 696 3094 insuper
727 3025 1084 3090 comedamus,
1124 3025 1485 3095 spiritualiter
1527 3034 1815 3088 cernentes,

1908 575 2321 641 perscrutatione
2386 573 2765 642 relinquamus.
2845 566 2926 621 Ne
2985 564 3201 618 cervicis
3273 561 3480 630 quidem

1910 676 2146 736 expertes
2186 667 2372 732 simus,
2407 667 2642 718 divinum
2674 663 2928 714 nimirum
2951 659 3143 728 jugum
3174 655 3437 708 trahentes
3465 667 3487 707 :

1910 759 2115 812 divinos
2171 759 2382 826 insuper
2443 757 2684 808 humeros
2732 752 3096 821 accipiamus,
3158 745 3486 798 orationibus

1910 848 2149 902 videlicet
2177 848 2244 900 iis
2275 849 2510 900 animum
2543 845 2611 896 ad
2612 844 2874 911 jic‘entes,
2908 856 3022 910 qua:
3053 838 3119 891 ad
3151 835 3486 906 perferendos

1913 941 2160 994 adversos
2194 955 2348 992 casus
2394 939 2694 990 hortantur.
2729 932 3131 988 Corrodeudum
3181 929 3327 982 nobis
3356 942 3487 994 quo-

1911 1051 2008 1104 que
2037 1047 2110 1086 est
2144 1033 2543 1100 cartilagineum
2575 1029 2710 1082 illud
2745 1028 2977 1086 arteriae,
3009 1039 3125 1092 quas
3153 1023 3220 1074 ad
3250 1021 3489 1073 anterio-

1911 1113 2284 1192 rem'partem
2345 1122 2490 1182 sita,
2564 1119 2851 1172 anhelitum
2927 1115 3090 1169 ducit.
3150 1112 3278 1166 llaec
3330 1125 3486 1179 porro

1911 1215 2238 1286 spiritualem
2289 1229 2563 1267 ascensum
2618 1212 2910 1280 signiﬁcat,
2960 1223 3050 1276 per
3081 1221 3230 1275 quem
3281 1201 3488 1255 intelle-

1913 1307 2090 1361 ctilem
2123 1323 2294 1360 aerem
2341 1307 2644 1359 haurientes
2676 1301 2942 1372 penetrale
2985 1301 3176 1352 animat
3204 1295 3486 1365 per/lamus

1914 1413 1976 1450 ac
2003 1397 2161 1449 veluti
2197 1396 2654 1463 circumforemus.
2714 1393 2855 1458 Quin
2895 1399 3060 1442 totum
3106 1388 3267 1441 etiam
3307 1391 3486 1452 peetus

1912 1496 1962 1541 et
2005 1487 2272 1539 thoracem
2327 1484 2632 1538 exedamus.
2677 1481 2817 1534 Nam
2873 1480 2982 1532 Ita'c
3013 1494 3138 1546 pars
3189 1493 3280 1530 cor
3329 1473 3487 1528 vitale

1911 1579 2242 1650 potissimum
2272 1576 2618 1644 circumtegit,
2657 1574 2753 1626 hoc
2783 1581 2882 1635 est,
2925 1586 3127 1623 onmem
3159 1566 3488 1635 spiritualem

1912 1668 2346 1738 speculationem,
2391 1681 2507 1736 qua:
2533 1664 2738 1734 quidem
2771 1663 2848 1716 vel
2884 1664 3111 1714 maxime
3156 1654 3486 1726 spiritualem

1913 1761 2082 1814 cibum
2121 1757 2452 1825 excalefacit,
2505 1765 2659 1825 atque
2708 1752 2777 1805 ad
2815 1753 3101 1821 fluxionem
3153 1749 3282 1800 mire
3320 1744 3490 1797 lubri-

1913 1870 2030 1908 cam
2077 1863 2125 1906 et
2175 1850 2416 1903 mobilem
2459 1850 2732 1906 immutat,
2780 1845 3040 1912 talemque
3093 1839 3286 1903 reddit,
3335 1845 3389 1888 ut
3435 1836 3488 1886 in

1913 1945 2118 2000 divfnos
2143 1940 2379 2003 canales,
2405 1956 2495 2008 per
2517 1955 2644 2008 quos
2676 1936 2905 2005 Spiritus
2934 1932 3174 2001 irrigatio
3198 1929 3266 1981 ad
3298 1926 3491 1980 animi?

1913 2045 2087 2106 partes
2121 2033 2528 2092 transmittitur,
2557 2027 2705 2098 facili
2729 2028 2893 2079 ductu
2925 2024 3137 2092 influat.
3170 2018 3250 2072 Ne
3279 2015 3488 2070 intesti~

1915 2129 1996 2182 nis
2023 2128 2230 2197 quidem
2261 2124 2392 2186 ipsis
2419 2135 2724 2192 parcamus,
2753 2133 2928 2171 verum
2955 2130 3044 2167 cor
3075 2115 3242 2181 ipsum
3260 2109 3490 2178 primum

1913 2219 2153 2280 edamus,
2206 2215 2460 2267 nimirum
2497 2219 2712 2280 propter
2757 2221 2875 2259 eum
2923 2203 3013 2272 qui
3059 2199 3252 2254 salutis
3297 2205 3491 2248 nostra:

1915 2324 2079 2363 causa
2111 2307 2342 2374 seipsum
2373 2301 2582 2368 dejecit,
2613 2315 2706 2351 cor
2735 2305 2996 2357 nostrum,
3025 2289 3200 2361 quoad
3225 2289 3338 2356 ejus
3377 2285 3493 2354 fieri

1916 2397 2143 2470 poterit,
2203 2402 2527 2448 conterentes
2589 2399 2638 2443 et
2684 2387 3020 2456 dejicientes,
3088 2397 3148 2433 ac
3203 2379 3491 2448 principem

1918 2493 2111 2547 animus
2139 2497 2339 2555 partem
2368 2489 2762 2552 pet-purgantes,
2797 2494 2887 2531 nec
2915 2492 3005 2530 eas
3034 2471 3490 2527 ratiocinationes.

1916 2598 2030 2652 qua:
2065 2597 2098 2632 a
2133 2588 2274 2631 terra
2318 2578 2369 2628 in
2409 2584 2588 2643 pectus
2619 2570 2911 2624 ascendunt
2957 2566 3313 2618 admittentes.
3348 2559 3492 2622 Quo-

1917 2677 2056 2726 niam
2106 2680 2279 2724 autem
2335 2684 2424 2721 cor
2461 2666 2529 2719 ad
2581 2667 2736 2717 vitam
2789 2661 3002 2713 minime
3045 2655 3229 2723 sufficit
3257 2690 3274 2716 ,
3311 2657 3492 2715 utpote

1917 2761 2200 2818 immodico
2233 2761 2351 2830 igne
2381 2756 2708 2818 redundans,
2743 2753 2848 2807 nisi
2880 2768 2913 2804 a
2945 2749 3192 2818 pulmone
3219 2743 3492 2830 perfletur,

1916 2857 2007 2927 qui
2055 2829 2267 2924 quidem
2327 2865 2518 2918 corpus
2581 2845 2738 2898 molle
2787 2853 2944 2912 atque
2997 2829 3494 2927 absumptu‘facile

1917 2923 2107 3014 suapte
2160 2952 2354 2996 natura
2401 2947 2500 3005 est,
2541 2936 2840 3006 pulmonem
2883 2946 3085 3001 quoque
3132 2923 3492 2980 comedamus,

1920 3040 2016 3092 hoc
2055 3045 2134 3090 est
2183 3035 2416 3088 rationes
2469 3029 2704 3083 animam
2759 3033 2993 3078 nostram
3028 3021 3287 3087 integram
3339 3021 3494 3080 atque

245 3137 338 3174 nec
367 3137 541 3175 rerum
579 3137 786 3188 earum,
820 3139 936 3191 qua:
970 3127 1065 3175 sub
1094 3131 1361 3190 aspectum
1387 3122 1602 3185 cadunt,
1631 3137 1816 3189 corpo—

1920 3133 2278 3194 incorruptam
2345 3128 2736 3176 conservantes.
2801 3116 3043 3170 Ventrem
3095 3111 3256 3164 etiam
3321 3107 3492 3173 ipsum

246 3212 387 3265 ribus
417 3212 712 3280 intersepti,
744 3229 922 3266 verum
956 3213 1301 3266 intellectuali
1331 3210 1484 3264 modo
1522 3212 1574 3264 in
1609 3211 1816 3265 divinas

245 3303 660 3358 iiluminationes
686 3314 1040 3374 penetrantes.
1069 3303 1152 3359 Ne
1175 3305 1579 3374 superciliorum
1607 3304 1818 3373 quidem

244 3402 450 3461 partem
501 3396 761 3451 intactam
808 3396 1192 3467 relinquamus,
1219 3398 1571 3467 perspicacem
1615 3397 1817 3450 scilicet

245 3486 436 3540 anima:
464 3488 563 3540 vim
587 3493 902 3556 obtege-ntes,
945 3505 1008 3542 ne
1035 3505 1257 3558 superne
1295 3489 1543 3543 alicunde
1590 3487 1736 3541 salsa
1768 3495 1816 3540 et

247 3591 434 3630 amara
476 3580 762 3647 spirituum
810 3597 1081 3634 aereorum
1140 3581 1310 3649 fluxio
1348 3581 1550 3648 infusa.
1608 3579 1818 3632 oculum

246 3671 419 3737 ipsum
479 3669 661 3724 la'dat.
724 3671 864 3736 Quid
916 3671 1074 3724 vero?
1119 3687 1220 3724 non
1271 3673 1433 3723 etiam
1471 3686 1625 3722 nares
1677 3670 1818 3736 ipsas

247 3761 586 3827 attingemus,
642 3760 893 3815 nimirum
923 3759 1158 3811 divinum
1208 3769 1534 3827 unguentum
1581 3756 1821 3808 redolen-

248 3862 346 3913 tes,
371 3867 474 3919 quo
503 3850 614 3918 ipse
641 3867 844 3920 quoque
869 3850 1128 3902 Dominus
1159 3859 1281 3903 ante
1307 3853 1599 3918 passionem
1633 3857 1818 3900 unctus

245 3945 362 3998 est?
394 3942 573 3996 Bonus
603 3945 740 3996 enim
769 3944 902 3997 odor
945 3942 1244 4013 spiritualis
1278 3960 1460 3996 sumus
1494 3943 1653 4011 juxta
1681 3941 1822 4010 Apo-

246 4035 442 4089 stolum
468 4036 534 4088 3’.
583 4035 766 4087 Omnis
805 4035 973 4105 igitur
1017 4036 1437 4101 speculationum
1485 4035 1691 4101 puritas
1732 4048 1824 4100 per

248 4129 598 4181 attrahentem
635 4128 825 4181 anima:
867 4128 1202 4197 facultatem,
1249 4129 1401 4197 quasi
1445 4142 1537 4194 per
1565 4127 1821 4194 quasdam

252 4235 428 4286 nares,
473 4219 620 4272 nobis
661 4217 954 4272 haurienda
999 4228 1074 4273 est
1107 4235 1124 4273 :
1153 4218 1408 4288 quidquid
1451 4226 1626 4271 autem
1669 4217 1724 4270 in
1757 4218 1821 4270 iis

252 4312 489 4366 nebulosi
545 4320 594 4365 et
657 4311 938 4377 coliginosi
993 4320 1112 4378 est,
1181 4311 1314 4380 foris
1372 4309 1819 4380 relinquendum,

253 4419 507 4472 naresque
539 4402 888 4469 continenda’,
915 4420 978 4456 ne
1009 4404 1302 4456 crassitiem
1345 4404 1479 4456 hanc
1515 4401 1821 4455 nebulosam

1926 3231 2080 3291 atque
2115 3217 2364 3271 intestina
2404 3212 2753 3274 accipiamus,
2787 3206 3078 3274 simplicem
3106 3203 3281 3270 ipsum
3311 3205 3493 3249 custo-

1927 3314 2148 3374 dientes,
2180 3325 2271 3362 nec
2313 3307 2548 3360 ciborum
2585 3298 2929 3354 multitudine
2967 3301 3281 3362 prementes,
3316 3306 3346 3340 a
3373 3303 3494 3356 qui-

1927 3410 2022 3459 bus
2041 3419 2199 3471 vapor
2221 3400 2541 3470 [uliginosus
2565 3397 2620 3450 in
2651 3393 2917 3448 cerebrum
2937 3386 3196 3448 ascendit,
3227 3383 3495 3451 ipsiusque

1927 3495 2284 3548 membranam
2315 3498 2449 3541 tetra
2473 3485 2696 3554 caligine
2723 3481 2923 3550 implet,
2957 3487 3110 3546 atque
3138 3475 3200 3526 ab
3229 3489 3287 3524 ea
3312 3483 3497 3522 rursus

1927 3585 2136 3654 oppleta
2175 3584 2542 3635 intercutanea
2582 3583 2804 3628 mentem
2845 3578 3080 3623 nostram
3124 3559 3496 3630 tumefaciunt,

1926 3679 2161 3746 flatuque
2204 3670 2536 3730 discindunt,
2589 3683 2651 3719 ac
2699 3662 2994 3734 prtesertim
3044 3664 3255 3727 propter
3303 3664 3495 3705 ca'cum

1929 3768 2258 3828 intestinum,
2309 3765 2404 3816 hoc
2453 3768 2554 3824 est,
2587 3771 2888 3828 perversam
2940 3751 3332 3821 cogitationem,
3384 3756 3501 3811 qua:

1929 3857 2049 3910 hinc
2078 3854 2442 3923 impuritatem
2463 3859 2512 3902 et
2538 3843 2936 3901 immunditiam
2964 3839 3184 3906 excipit,
3211 3835 3501 3899 animaeque

1929 3950 2176 4004 vitiosam
2207 3943 2568 4015 habitudinem
2604 3939 2780 4007 affert.
2814 3935 2934 3994 Jam
2961 3934 3122 3999 hepar
3153 3941 3354 3997 quoque
3381 3937 3500 3976 cum

1929 4042 2079 4096 simis
2109 4056 2168 4092 ac
2199 4037 2363 4108 gibbis
2396 4036 2636 4096 edamus,
2669 4045 2806 4083 nunc
2833 4042 2988 4094 super
3023 4022 3134 4076 alta
3168 4029 3216 4074 et
3249 4015 3500 4072 sublimia

1930 4133 2278 4203 cupiditatem
2312 4127 2670 4187 extendentes,
2705 4136 2844 4175 nunc
2873 4119 2940 4172 ad
2970 4135 3052 4180 ea,
3089 4130 3205 4184 qua:
3237 4108 3501 4203 inferioris

1931 4199 2247 4296 cognitionis
2296 4227 2439 4280 sunt,
2491 4215 2587 4268 hoc
2641 4223 2740 4276 est,
2794 4210 2861 4263 ad
2895 4211 3096 4278 primas
3145 4216 3193 4257 et
3241 4199 3501 4256 secundas

1932 4325 2174 4370 naturas.
2210 4311 2420 4364 Lienem
2459 4309 2670 4374 insuper
2699 4303 2899 4356 modice
2927 4315 2988 4352 ac
3035 4297 3221 4349 leniter
3255 4298 3497 4345 attrecte-

1934 4423 2070 4468 mus,
2111 4404 2215 4458 vim
2253 4417 2390 4466 eam,
2421 4414 2538 4468 qua:
2585 4413 2617 4448 a
2671 4394 2876 4447 ratione
2921 4403 3108 4442 aversa
3163 4393 3263 4447 est,
3300 4396 3500 4450 expurv

253 4471 548 4549 attrahunt.
597 4495 678 4550 Ne
709 4497 792 4550 ori
839 4497 1050 4566 quidem
1101 4512 1407 4568 parcamus,
1441 4495 1579 4564 quod
1609 4494 1819 4565 quidem
1857 4517 1902 4573 υ
1930 4509 2131 4570 gaum,
2162 4497 2219 4548 in
2243 4510 2348 4563 qua
2386 4489 2675 4544 sceleratus
2705 4485 2934 4546 daemon,
2974 4477 3112 4573 velut
3147 4485 3259 4573 ater
3282 4471 3498 4573 quidam

251 4597 329 4642 est
365 4589 480 4656 fons
520 4589 612 4642 ille
659 4591 776 4644 vita:
824 4600 872 4642 et
927 4590 1374 4656 immortalitatis,
1407 4592 1476 4644 ad
1533 4604 1686 4656 quem
1733 4589 1822 4656 qui

254 4678 404 4732 labra
445 4680 756 4744 admoverit,
789 4681 992 4734 divinos
1027 4680 1210 4733 latices
1253 4681 1457 4734 hauriet
1488 4695 1506 4734 :
1536 4695 1716 4732 verum
1753 4677 1821 4729 ad

253 4773 466 4827 laticem
499 4774 648 4826 illum
677 4791 1003 4844 nequaquam
1039 4775 1318 4828 temerario
1344 4774 1538 4843 impetu
1565 4770 1822 4840 prosiliao

253 4881 394 4927 mus,
451 4867 542 4918 sed
588 4865 732 4919 labia
776 4868 922 4934 prius
975 4845 1493 4932 distinguamus,'ut
1556 4866 1633 4917 sic
1686 4862 1823 4931 fonti

251 4957 599 5024 perspicuitas
666 4975 766 5011 sua
822 4966 1042 5011 constet.
1117 4956 1270 5020 Quod
1335 4972 1452 5009 vero
1513 4953 1583 5008 ad
1643 4953 1825 5007 dentes

253 5047 464 5105 attinet.
497 5065 612 5101 eam
654 5051 913 5102 rationem
953 5051 1215 5112 ineamus,
1261 5058 1319 5102 ut
1351 5065 1436 5103 eos
1463 5049 1673 5118 quidem
1701 5065 1826 5102 con-

253 5139 539 5204 spicemur,
590 5141 802 5193 minime
857 5150 1032 5194 tamen
1083 5143 1498 5212 confringamus.
1557 5141 1824 5206 Quoniam

256 5239 431 5280 autem
471 5228 731 5296 ﬁeri-non
776 5240 967 5298 potest,
1019 5239 1076 5283 ut
1131 5231 1346 5284 Patrem
1401 5232 1479 5284 ita
1525 5230 1826 5283 dividamus

257 5328 414 5386 atque
437 5318 813 5388 intelligamus,
845 5321 1286 5390 quemadmodum
1313 5321 1520 5375 divinus
1549 5321 1632 5374 hic
1663 5336 1826 5388 agnus

256 5409 476 5478 (idcirco
511 5413 648 5464 enim
674 5414 727 5465 in
753 5412 974 5466 obscura
1001 5429 1202 5484 quoque
1229 5414 1346 5467 sede
1372 5414 1553 5468 dentes
1581 5413 1828 5465 collocati

257 5509 423 5562 sunt,
492 5510 716 5570 utraque
778 5503 1016 5556 videlicet
1077 5504 1220 5556 mala
1274 5513 1322 5557 et
1381 5505 1541 5558 labiis
1610 5502 1824 5572 obtecti)

256 5591 583 5659 operimenta
636 5593 845 5662 quidem
891 5609 1051 5664 parce
1094 5595 1460 5665 attingamus,
1525 5611 1587 5648 ea
1646 5607 1821 5648 autem

332 5770 375 5801 ³³
409 5767 450 5826 ιι
479 5769 607 5826 Cor.
647 5786 705 5838 ιι,
743 5773 826 5827 15.

1928 4562 2138 4654 humor,
2177 4562 2391 4649 insidet,
2423 4591 2576 4650 atque
2601 4576 2821 4632 occultis
2847 4585 2894 4627 et
2923 4569 3186 4642 pestiferis
3216 4562 3500 4621 seminibus

1928 4678 2184 4746 inspersis
2217 4677 2410 4729 anima:
2438 4674 2726 4742 puritatem
2765 4667 2954 4735 inﬁcit.
2991 4663 3268 4717 Postremo
3300 4665 3503 4728 partem

1927 4772 2088 4824 etiam
2119 4769 2343 4821 rationis
2376 4772 2638 4834 expertem
2670 4764 2748 4814 ita
2786 4760 3153 4818 instituamus,
3186 4763 3244 4807 ut
3276 4750 3503 4804 rationis

1929 4859 2202 4931 prwceptis
2235 4865 2441 4927 pareat.
2482 4853 2568 4906 Ita
2603 4852 2692 4920 ﬁet
2732 4861 2786 4905 ut
2827 4867 2887 4902 ne
2913 4851 3021 4917 ipse
3055 4847 3263 4916 quidem
3299 4860 3332 4896 a
3359 4841 3504 4908 nobis

1934 4954 2162 5006 intactus
2219 4950 2571 5018 relinquatur.
2629 4945 2798 5013 Atque
2856 4943 3005 5006 ha'c,
3070 4951 3328 5008 quantum
3378 4935 3504 4999 ﬁeri

1923 5043 2136 5110 poterit,
2168 5043 2441 5103 esitantes,
2493 5038 2727 5090 animam
2777 5043 3014 5086 nostram
3069 5030 3300 5082 alamus.
3354 5024 3503 5078 Illud

1923 5151 2042 5188 vero
2077 5135 2388 5195 cavendum,
2421 5147 2482 5182 ne
2511 5131 2566 5181 in
2598 5144 2718 5181 ossa
2747 5125 2926 5178 dentes
2955 5123 3285 5190 injiciamus.
3322 5114 3506 5185 Neque

1927 5228 2062 5282 enim
2094 5240 2157 5278 ea
2189 5224 2303 5276 sine
2342 5236 2547 5274 summa
2575 5217 2883 5286 difficultate
2915 5215 3104 5282 conﬁci
3136 5219 3375 5280 possunt,
3413 5223 3503 5261 nec

1928 5321 1982 5374 in
2017 5317 2327 5370 alimentum
2352 5311 2726 5364 admittuntur.
2761 5307 2909 5372 Quod
2941 5317 3113 5359 tamen
3139 5319 3241 5355 non
3270 5303 3503 5369 ipsorum

1927 5421 2158 5468 natura',
2185 5406 2273 5459 sed
2307 5413 2500 5457 nostra:
2530 5401 2835 5470 inﬁrmitati
2869 5397 3207 5454 tribuendum
3236 5401 3332 5446 est.
3366 5390 3504 5445 Ossa

1925 5479 2083 5570 porro
2143 5496 2318 5561 Verbi,
2371 5510 2568 5546 arcana
2619 5493 2714 5544 illa
2763 5488 3058 5544 divinitatis
3107 5485 3350 5539 doctrina
3404 5493 3504 5544 est,

1925 5604 2079 5663 atque
2110 5597 2395 5658 assumpta:
2435 5584 2787 5640 humanitatis
2828 5579 3080 5647 consilia,
3111 5578 3188 5632 ita
3225 5591 3426 5631 arcana
3453 5584 3503 5629 et
