  <div class='ocr_page' id='page_1' title='image "/cluster/home/n/w/nwhite01/storage/ocr_20150623/127/mdp.39015038085968/163.png"; bbox 0 0 4076 6292; ppageno 0'>
   <div class='ocr_carea' id='block_1_1' title="bbox 626 355 761 420">
    <p class='ocr_par' dir='ltr' id='par_1_1' title="bbox 626 355 761 420">
     <span class='ocr_line' id='line_1_1' title="bbox 626 355 761 420; baseline -0.022 0"><span class='ocrx_word' id='word_1_1' title='bbox 626 355 761 420; x_wconf 83' lang='grc'><strong>1375</strong></span> 
     </span>
    </p>
   </div>
   <div class='ocr_carea' id='block_1_2' title="bbox 622 464 1942 535">
    <p class='ocr_par' dir='ltr' id='par_1_2' title="bbox 622 464 1942 535">
     <span class='ocr_line' id='line_1_2' title="bbox 622 464 1942 535; baseline 0.003 -18"><span class='ocrx_word' id='word_1_2' title='bbox 622 465 868 526; x_wconf 64' lang='lat' dir='ltr'><strong>obscura,</strong></span> <span class='ocrx_word' id='word_1_3' title='bbox 905 472 959 517; x_wconf 90' lang='grc' dir='ltr'><strong>ιιι</strong></span> <span class='ocrx_word' id='word_1_4' title='bbox 995 464 1144 518; x_wconf 83' lang='lat' dir='ltr'><strong>nulla</strong></span> <span class='ocrx_word' id='word_1_5' title='bbox 1178 465 1420 520; x_wconf 82' lang='lat' dir='ltr'><strong>oratione</strong></span> <span class='ocrx_word' id='word_1_6' title='bbox 1447 465 1706 534; x_wconf 75' lang='lat' dir='ltr'><strong>explicari</strong></span> <span class='ocrx_word' id='word_1_7' title='bbox 1731 475 1942 535; x_wconf 83' lang='lat' dir='ltr'><strong>queant.</strong></span> 
     </span>
    </p>
   </div>
   <div class='ocr_carea' id='block_1_3' title="bbox 694 555 2188 628">
    <p class='ocr_par' dir='ltr' id='par_1_3' title="bbox 694 555 2188 628">
     <span class='ocr_line' id='line_1_3' title="bbox 694 555 2188 628; baseline 0.002 -17"><span class='ocrx_word' id='word_1_8' title='bbox 694 558 812 612; x_wconf 90' lang='lat' dir='ltr'><strong>Col.</strong></span> <span class='ocrx_word' id='word_1_9' title='bbox 856 556 958 610; x_wconf 62' lang='lat'><strong>6.56</strong></span> <span class='ocrx_word' id='word_1_10' title='bbox 1007 558 1074 611; x_wconf 81' lang='grc' dir='ltr'><strong>Α.</strong></span> <span class='ocrx_word' id='word_1_11' title='bbox 1119 555 1230 610; x_wconf 84' lang='lat' dir='ltr'><strong>Nec</strong></span> <span class='ocrx_word' id='word_1_12' title='bbox 1278 575 1395 612; x_wconf 77' lang='lat' dir='ltr'><strong>vero</strong></span> <span class='ocrx_word' id='word_1_13' title='bbox 1431 559 1716 628; x_wconf 78' lang='lat' dir='ltr'><strong>quidquam</strong></span> <span class='ocrx_word' id='word_1_14' title='bbox 1761 559 2056 627; x_wconf 73' lang='lat' dir='ltr'><strong>e/fereurus,</strong></span> <span class='ocrx_word' id='word_1_15' title='bbox 2085 570 2188 615; x_wconf 90' lang='lat' dir='ltr'><strong>etc.</strong></span> 
     </span>
    </p>
   </div>
   <div class='ocr_carea' id='block_1_4' title="bbox 625 648 2194 718">
    <p class='ocr_par' dir='ltr' id='par_1_4' title="bbox 625 648 2194 718">
     <span class='ocr_line' id='line_1_4' title="bbox 625 648 2194 718; baseline 0.004 -18"><span class='ocrx_word' id='word_1_16' title='bbox 625 648 750 702; x_wconf 68' lang='lat' dir='ltr'><strong>llaec</strong></span> <span class='ocrx_word' id='word_1_17' title='bbox 778 664 999 717; x_wconf 85' lang='lat' dir='ltr'><strong>quoque</strong></span> <span class='ocrx_word' id='word_1_18' title='bbox 1029 649 1096 702; x_wconf 89' lang='lat' dir='ltr'><strong>de</strong></span> <span class='ocrx_word' id='word_1_19' title='bbox 1131 663 1273 716; x_wconf 88' lang='lat' dir='ltr'><strong>agno</strong></span> <span class='ocrx_word' id='word_1_20' title='bbox 1312 649 1364 702; x_wconf 95' lang='lat' dir='ltr'><strong>in</strong></span> <span class='ocrx_word' id='word_1_21' title='bbox 1397 648 1585 703; x_wconf 76' lang='lat' dir='ltr'><strong>Exodo</strong></span> <span class='ocrx_word' id='word_1_22' title='bbox 1616 649 1816 718; x_wconf 85' lang='lat' dir='ltr'><strong>scripta</strong></span> <span class='ocrx_word' id='word_1_23' title='bbox 1864 661 1992 705; x_wconf 88' lang='lat' dir='ltr'><strong>sunt</strong></span> <span class='ocrx_word' id='word_1_24' title='bbox 2023 668 2038 706; x_wconf 87' lang='lat'><strong>:</strong></span> <span class='ocrx_word' id='word_1_25' title='bbox 2071 650 2194 706; x_wconf 86' lang='lat' dir='ltr'><strong>Non</strong></span> 
     </span>
    </p>
   </div>
   <div class='ocr_carea' id='block_1_5' title="bbox 621 741 2190 809">
    <p class='ocr_par' dir='ltr' id='par_1_5' title="bbox 621 741 2190 809">
     <span class='ocr_line' id='line_1_5' title="bbox 621 741 2190 809; baseline 0.001 -15"><span class='ocrx_word' id='word_1_26' title='bbox 621 741 845 808; x_wconf 73' lang='lat' dir='ltr'><strong>e/feretis</strong></span> <span class='ocrx_word' id='word_1_27' title='bbox 888 755 952 793; x_wconf 75' lang='lat' dir='ltr'><strong>ea:</strong></span> <span class='ocrx_word' id='word_1_28' title='bbox 989 741 1145 793; x_wconf 85' lang='lat' dir='ltr'><strong>domo</strong></span> <span class='ocrx_word' id='word_1_29' title='bbox 1184 741 1468 809; x_wconf 76' lang='lat' dir='ltr'><strong><em>quidquam</em></strong></span> <span class='ocrx_word' id='word_1_30' title='bbox 1513 742 1754 794; x_wconf 82' lang='lat' dir='ltr'><strong>carnium</strong></span> <span class='ocrx_word' id='word_1_31' title='bbox 1780 741 1949 805; x_wconf 77' lang='lat' dir='ltr'><strong>foras.</strong></span> <span class='ocrx_word' id='word_1_32' title='bbox 1976 752 2027 796; x_wconf 86' lang='lat' dir='ltr'><strong>et</strong></span> <span class='ocrx_word' id='word_1_33' title='bbox 2081 759 2190 798; x_wconf 78' lang='lat' dir='ltr'><strong>non</strong></span> 
     </span>
    </p>
   </div>
   <div class='ocr_carea' id='block_1_6' title="bbox 622 833 2192 904">
    <p class='ocr_par' dir='ltr' id='par_1_6' title="bbox 622 833 2192 904">
     <span class='ocr_line' id='line_1_6' title="bbox 622 833 2192 904; baseline 0.003 -20"><span class='ocrx_word' id='word_1_34' title='bbox 622 833 925 898; x_wconf 72' lang='lat' dir='ltr'><strong>relinquetis</strong></span> <span class='ocrx_word' id='word_1_35' title='bbox 963 846 1028 885; x_wconf 79' lang='lat' dir='ltr'><strong>ea:</strong></span> <span class='ocrx_word' id='word_1_36' title='bbox 1063 847 1123 885; x_wconf 89' lang='lat' dir='ltr'><strong>eo</strong></span> <span class='ocrx_word' id='word_1_37' title='bbox 1171 847 1334 901; x_wconf 85' lang='lat' dir='ltr'><strong>usque</strong></span> <span class='ocrx_word' id='word_1_38' title='bbox 1385 833 1455 885; x_wconf 85' lang='lat' dir='ltr'><strong>ad</strong></span> <span class='ocrx_word' id='word_1_39' title='bbox 1497 848 1651 886; x_wconf 85' lang='lat' dir='ltr'><strong>mane</strong></span> <span class='ocrx_word' id='word_1_40' title='bbox 1675 833 1740 887; x_wconf 84' lang='grc'><strong>³³.</strong></span> <span class='ocrx_word' id='word_1_41' title='bbox 1772 833 1846 886; x_wconf 78' lang='lat' dir='ltr'><strong>Ex</strong></span> <span class='ocrx_word' id='word_1_42' title='bbox 1891 849 1960 888; x_wconf 89' lang='lat' dir='ltr'><strong>eo</strong></span> <span class='ocrx_word' id='word_1_43' title='bbox 2006 850 2192 904; x_wconf 92' lang='lat' dir='ltr'><strong>porro,</strong></span> 
     </span>
    </p>
   </div>
   <div class='ocr_carea' id='block_1_7' title="bbox 624 922 2196 994">
    <p class='ocr_par' dir='ltr' id='par_1_7' title="bbox 624 922 2196 994">
     <span class='ocr_line' id='line_1_7' title="bbox 624 922 2196 994; baseline 0.004 -19"><span class='ocrx_word' id='word_1_44' title='bbox 624 924 772 992; x_wconf 90' lang='lat' dir='ltr'><strong>quod</strong></span> <span class='ocrx_word' id='word_1_45' title='bbox 803 923 1103 992; x_wconf 84' lang='lat' dir='ltr'><strong>quidquam</strong></span> <span class='ocrx_word' id='word_1_46' title='bbox 1140 922 1289 978; x_wconf 84' lang='lat' dir='ltr'><strong>foras</strong></span> <span class='ocrx_word' id='word_1_47' title='bbox 1317 925 1618 994; x_wconf 79' lang='lat' dir='ltr'><strong>exportari,</strong></span> <span class='ocrx_word' id='word_1_48' title='bbox 1647 925 1728 979; x_wconf 79' lang='lat' dir='ltr'><strong>lex</strong></span> <span class='ocrx_word' id='word_1_49' title='bbox 1761 926 2034 994; x_wconf 90' lang='lat' dir='ltr'><strong>prohibet,</strong></span> <span class='ocrx_word' id='word_1_50' title='bbox 2065 927 2196 982; x_wconf 91' lang='lat' dir='ltr'><strong>illud</strong></span> 
     </span>
    </p>
   </div>
   <div class='ocr_carea' id='block_1_8' title="bbox 623 1017 2199 1082">
    <p class='ocr_par' dir='ltr' id='par_1_8' title="bbox 623 1017 2199 1082">
     <span class='ocr_line' id='line_1_8' title="bbox 623 1017 2199 1082; baseline 0.008 -21"><span class='ocrx_word' id='word_1_51' title='bbox 623 1017 907 1078; x_wconf 83' lang='lat' dir='ltr'><strong>docemur,</strong></span> <span class='ocrx_word' id='word_1_52' title='bbox 939 1017 1207 1078; x_wconf 81' lang='lat' dir='ltr'><strong>externis,</strong></span> <span class='ocrx_word' id='word_1_53' title='bbox 1244 1017 1346 1070; x_wconf 92' lang='lat' dir='ltr'><strong>hoc</strong></span> <span class='ocrx_word' id='word_1_54' title='bbox 1389 1025 1494 1082; x_wconf 89' lang='lat' dir='ltr'><strong>est,</strong></span> <span class='ocrx_word' id='word_1_55' title='bbox 1535 1017 1660 1070; x_wconf 91' lang='lat' dir='ltr'><strong>ﬁdei</strong></span> <span class='ocrx_word' id='word_1_56' title='bbox 1706 1029 1907 1074; x_wconf 82' lang='lat' dir='ltr'><strong>nostra:</strong></span> <span class='ocrx_word' id='word_1_57' title='bbox 1941 1019 2199 1074; x_wconf 89' lang='lat' dir='ltr'><strong>adversa-</strong></span> 
     </span>
    </p>
   </div>
   <div class='ocr_carea' id='block_1_9' title="bbox 623 1107 2194 1180">
    <p class='ocr_par' dir='ltr' id='par_1_9' title="bbox 623 1107 2194 1180">
     <span class='ocr_line' id='line_1_9' title="bbox 623 1107 2194 1180; baseline 0.004 -22"><span class='ocrx_word' id='word_1_58' title='bbox 623 1107 725 1159; x_wconf 88' lang='lat' dir='ltr'><strong>riis</strong></span> <span class='ocrx_word' id='word_1_59' title='bbox 755 1122 818 1160; x_wconf 92' lang='lat' dir='ltr'><strong>ac</strong></span> <span class='ocrx_word' id='word_1_60' title='bbox 841 1107 1096 1176; x_wconf 81' lang='lat' dir='ltr'><strong>dOgmata</strong></span> <span class='ocrx_word' id='word_1_61' title='bbox 1123 1116 1309 1161; x_wconf 55' lang='lat' dir='ltr'><strong>nostra</strong></span> <span class='ocrx_word' id='word_1_62' title='bbox 1335 1108 1752 1177; x_wconf 87' lang='lat' dir='ltr'><strong>suggillantibus</strong></span> <span class='ocrx_word' id='word_1_63' title='bbox 1779 1110 2194 1180; x_wconf 77' lang='lat' dir='ltr'><strong>impertiendum</strong></span> 
     </span>
    </p>
   </div>
   <div class='ocr_carea' id='block_1_10' title="bbox 629 1201 2197 1272">
    <p class='ocr_par' dir='ltr' id='par_1_10' title="bbox 629 1201 2197 1272">
     <span class='ocr_line' id='line_1_10' title="bbox 629 1201 2197 1272; baseline 0.005 -20"><span class='ocrx_word' id='word_1_64' title='bbox 629 1215 737 1253; x_wconf 94' lang='lat' dir='ltr'><strong>non</strong></span> <span class='ocrx_word' id='word_1_65' title='bbox 782 1215 904 1254; x_wconf 82' lang='lat' dir='ltr'><strong>esse</strong></span> <span class='ocrx_word' id='word_1_66' title='bbox 956 1201 1076 1255; x_wconf 89' lang='lat' dir='ltr'><strong>ﬁdei</strong></span> <span class='ocrx_word' id='word_1_67' title='bbox 1139 1211 1342 1256; x_wconf 69' lang='lat' dir='ltr'><strong>nostra:</strong></span> <span class='ocrx_word' id='word_1_68' title='bbox 1389 1204 1732 1272; x_wconf 73' lang='lat' dir='ltr'><strong>mysterium.</strong></span> <span class='ocrx_word' id='word_1_69' title='bbox 1783 1203 1862 1258; x_wconf 81' lang='lat' dir='ltr'><strong>Ex</strong></span> <span class='ocrx_word' id='word_1_70' title='bbox 1905 1220 1972 1259; x_wconf 90' lang='lat' dir='ltr'><strong>eo</strong></span> <span class='ocrx_word' id='word_1_71' title='bbox 2015 1215 2197 1260; x_wconf 87' lang='lat' dir='ltr'><strong>autem</strong></span> 
     </span>
    </p>
   </div>
   <div class='ocr_carea' id='block_1_11' title="bbox 625 1292 2198 1367">
    <p class='ocr_par' dir='ltr' id='par_1_11' title="bbox 625 1292 2198 1367">
     <span class='ocr_line' id='line_1_11' title="bbox 625 1292 2198 1367; baseline 0.006 -23"><span class='ocrx_word' id='word_1_72' title='bbox 625 1292 769 1360; x_wconf 91' lang='lat' dir='ltr'><strong>quod</strong></span> <span class='ocrx_word' id='word_1_73' title='bbox 824 1292 1135 1356; x_wconf 73' lang='lat' dir='ltr'><strong>interdicit,</strong></span> <span class='ocrx_word' id='word_1_74' title='bbox 1193 1309 1262 1347; x_wconf 91' lang='lat' dir='ltr'><strong>ne</strong></span> <span class='ocrx_word' id='word_1_75' title='bbox 1323 1293 1456 1362; x_wconf 90' lang='lat' dir='ltr'><strong>quid</strong></span> <span class='ocrx_word' id='word_1_76' title='bbox 1511 1296 1576 1348; x_wconf 87' lang='lat' dir='ltr'><strong>ad</strong></span> <span class='ocrx_word' id='word_1_77' title='bbox 1634 1296 1962 1350; x_wconf 82' lang='lat' dir='ltr'><strong>matutinum</strong></span> <span class='ocrx_word' id='word_1_78' title='bbox 2019 1313 2198 1367; x_wconf 90' lang='lat' dir='ltr'><strong>usque</strong></span> 
     </span>
    </p>
   </div>
   <div class='ocr_carea' id='block_1_12' title="bbox 626 1384 2199 1457">
    <p class='ocr_par' dir='ltr' id='par_1_12' title="bbox 626 1384 2199 1457">
     <span class='ocr_line' id='line_1_12' title="bbox 626 1384 2199 1457; baseline 0.004 -21"><span class='ocrx_word' id='word_1_79' title='bbox 626 1384 1011 1453; x_wconf 82' lang='lat' dir='ltr'><strong>relinquatur,</strong></span> <span class='ocrx_word' id='word_1_80' title='bbox 1073 1385 1177 1439; x_wconf 92' lang='lat' dir='ltr'><strong>hoc</strong></span> <span class='ocrx_word' id='word_1_81' title='bbox 1233 1385 1392 1440; x_wconf 89' lang='lat' dir='ltr'><strong>nobis</strong></span> <span class='ocrx_word' id='word_1_82' title='bbox 1448 1385 1825 1457; x_wconf 88' lang='lat' dir='ltr'><strong>signiﬁcatur,</strong></span> <span class='ocrx_word' id='word_1_83' title='bbox 1880 1398 2000 1457; x_wconf 89' lang='lat' dir='ltr'><strong>post</strong></span> <span class='ocrx_word' id='word_1_84' title='bbox 2058 1393 2199 1443; x_wconf 83' lang='lat' dir='ltr'><strong>hanc</strong></span> 
     </span>
    </p>
   </div>
   <div class='ocr_carea' id='block_1_13' title="bbox 626 1477 2202 1550">
    <p class='ocr_par' dir='ltr' id='par_1_13' title="bbox 626 1477 2202 1550">
     <span class='ocr_line' id='line_1_13' title="bbox 626 1477 2202 1550; baseline 0.004 -22"><span class='ocrx_word' id='word_1_85' title='bbox 626 1478 816 1544; x_wconf 82' lang='lat' dir='ltr'><strong>vitam,</strong></span> <span class='ocrx_word' id='word_1_86' title='bbox 849 1492 972 1546; x_wconf 61' lang='lat' dir='ltr'><strong>qua;</strong></span> <span class='ocrx_word' id='word_1_87' title='bbox 1007 1477 1186 1531; x_wconf 90' lang='lat' dir='ltr'><strong>noctis</strong></span> <span class='ocrx_word' id='word_1_88' title='bbox 1232 1492 1296 1532; x_wconf 91' lang='lat' dir='ltr'><strong>ac</strong></span> <span class='ocrx_word' id='word_1_89' title='bbox 1331 1479 1673 1533; x_wconf 82' lang='lat' dir='ltr'><strong>tenebrarum</strong></span> <span class='ocrx_word' id='word_1_90' title='bbox 1709 1481 1931 1535; x_wconf 88' lang='lat' dir='ltr'><strong>nomine</strong></span> <span class='ocrx_word' id='word_1_91' title='bbox 1963 1483 2202 1550; x_wconf 86' lang='lat' dir='ltr'><strong>appella-</strong></span> 
     </span>
    </p>
   </div>
   <div class='ocr_carea' id='block_1_14' title="bbox 629 1564 2200 1639">
    <p class='ocr_par' dir='ltr' id='par_1_14' title="bbox 629 1564 2200 1639">
     <span class='ocr_line' id='line_1_14' title="bbox 629 1564 2200 1639; baseline 0.006 -23"><span class='ocrx_word' id='word_1_92' title='bbox 629 1577 739 1628; x_wconf 88' lang='lat' dir='ltr'><strong>tur,</strong></span> <span class='ocrx_word' id='word_1_93' title='bbox 781 1566 984 1619; x_wconf 90' lang='lat' dir='ltr'><strong>nullam</strong></span> <span class='ocrx_word' id='word_1_94' title='bbox 1031 1566 1084 1618; x_wconf 94' lang='lat' dir='ltr'><strong>in</strong></span> <span class='ocrx_word' id='word_1_95' title='bbox 1124 1564 1308 1621; x_wconf 76' lang='lat' dir='ltr'><strong>futuro</strong></span> <span class='ocrx_word' id='word_1_96' title='bbox 1361 1567 1626 1622; x_wconf 86' lang='lat' dir='ltr'><strong>matutino</strong></span> <span class='ocrx_word' id='word_1_97' title='bbox 1653 1570 2031 1639; x_wconf 75' lang='lat' dir='ltr'><strong>purgationem</strong></span> <span class='ocrx_word' id='word_1_98' title='bbox 2067 1573 2200 1625; x_wconf 85' lang='lat' dir='ltr'><strong>reli-</strong></span> 
     </span>
    </p>
   </div>
   <div class='ocr_carea' id='block_1_15' title="bbox 625 1655 2203 1728">
    <p class='ocr_par' dir='ltr' id='par_1_15' title="bbox 625 1655 2203 1728">
     <span class='ocr_line' id='line_1_15' title="bbox 625 1655 2203 1728; baseline 0.006 -22"><span class='ocrx_word' id='word_1_99' title='bbox 625 1667 794 1721; x_wconf 90' lang='lat' dir='ltr'><strong>quam</strong></span> <span class='ocrx_word' id='word_1_100' title='bbox 829 1655 962 1709; x_wconf 81' lang='lat' dir='ltr'><strong>fore.</strong></span> <span class='ocrx_word' id='word_1_101' title='bbox 1002 1656 1251 1710; x_wconf 69' lang='lat' dir='ltr'><strong>Praesens</strong></span> <span class='ocrx_word' id='word_1_102' title='bbox 1276 1655 1422 1710; x_wconf 91' lang='lat' dir='ltr'><strong>enim</strong></span> <span class='ocrx_word' id='word_1_103' title='bbox 1469 1657 1572 1712; x_wconf 88' lang='lat' dir='ltr'><strong>hoc</strong></span> <span class='ocrx_word' id='word_1_104' title='bbox 1615 1666 1830 1728; x_wconf 84' lang='lat' dir='ltr'><strong>tempus</strong></span> <span class='ocrx_word' id='word_1_105' title='bbox 1873 1661 2107 1716; x_wconf 77' lang='lat' dir='ltr'><strong>actionis</strong></span> <span class='ocrx_word' id='word_1_106' title='bbox 2147 1671 2203 1716; x_wconf 89' lang='lat' dir='ltr'><strong>et</strong></span> 
     </span>
    </p>
   </div>
   <div class='ocr_carea' id='block_1_16' title="bbox 629 1744 2201 1818">
    <p class='ocr_par' dir='ltr' id='par_1_16' title="bbox 629 1744 2201 1818">
     <span class='ocr_line' id='line_1_16' title="bbox 629 1744 2201 1818; baseline 0.007 -20"><span class='ocrx_word' id='word_1_107' title='bbox 629 1744 834 1801; x_wconf 88' lang='lat' dir='ltr'><strong>laboris</strong></span> <span class='ocrx_word' id='word_1_108' title='bbox 883 1757 1004 1812; x_wconf 87' lang='lat' dir='ltr'><strong>est,</strong></span> <span class='ocrx_word' id='word_1_109' title='bbox 1061 1748 1306 1802; x_wconf 78' lang='lat' dir='ltr'><strong>futurum</strong></span> <span class='ocrx_word' id='word_1_110' title='bbox 1344 1751 1764 1818; x_wconf 90' lang='lat' dir='ltr'><strong>persolutionis.</strong></span> <span class='ocrx_word' id='word_1_111' title='bbox 1813 1753 2014 1807; x_wconf 75' lang='lat' dir='ltr'><strong>Adhtec</strong></span> <span class='ocrx_word' id='word_1_112' title='bbox 2049 1754 2201 1808; x_wconf 62' lang='grc' dir='ltr'><strong>«νῆσε.</strong></span> 
     </span>
    </p>
   </div>
   <div class='ocr_carea' id='block_1_17' title="bbox 2041 358 2425 420">
    <p class='ocr_par' dir='ltr' id='par_1_17' title="bbox 2041 358 2425 420">
     <span class='ocr_line' id='line_1_17' title="bbox 2041 358 2425 420; baseline 0.01 -4"><span class='ocrx_word' id='word_1_113' title='bbox 2041 358 2425 420; x_wconf 76' lang='lat' dir='ltr'><strong>ADDENDA.</strong></span> 
     </span>
    </p>
   </div>
   <div class='ocr_carea' id='block_1_18' title="bbox 2221 467 3892 539">
    <p class='ocr_par' dir='ltr' id='par_1_18' title="bbox 2221 467 3892 539">
     <span class='ocr_line' id='line_1_18' title="bbox 2221 467 3892 539; baseline 0.001 -15"><span class='ocrx_word' id='word_1_114' title='bbox 2221 476 2266 530; x_wconf 77' lang='grc' dir='ltr'>Α</span> <span class='ocrx_word' id='word_1_115' title='bbox 2298 467 2560 539; x_wconf 81' lang='lat' dir='ltr'><strong>diximus)</strong></span> <span class='ocrx_word' id='word_1_116' title='bbox 2593 483 2699 524; x_wconf 87' lang='lat' dir='ltr'><strong>non</strong></span> <span class='ocrx_word' id='word_1_117' title='bbox 2729 469 2924 539; x_wconf 85' lang='lat' dir='ltr'><strong>ignave</strong></span> <span class='ocrx_word' id='word_1_118' title='bbox 2951 484 3014 525; x_wconf 89' lang='lat' dir='ltr'><strong>ac</strong></span> <span class='ocrx_word' id='word_1_119' title='bbox 3035 469 3197 526; x_wconf 88' lang='lat' dir='ltr'><strong>veluti</strong></span> <span class='ocrx_word' id='word_1_120' title='bbox 3228 478 3416 525; x_wconf 87' lang='lat' dir='ltr'><strong>coactc</strong></span> <span class='ocrx_word' id='word_1_121' title='bbox 3473 477 3892 526; x_wconf 65' lang='lat' dir='ltr'><strong>consecter-ar.</strong></span> 
     </span>
    </p>
   </div>
   <div class='ocr_carea' id='block_1_19' title="bbox 3781 355 3898 418">
    <p class='ocr_par' dir='ltr' id='par_1_19' title="bbox 3781 355 3898 418">
     <span class='ocr_line' id='line_1_19' title="bbox 3781 355 3898 418; baseline 0.017 -2"><span class='ocrx_word' id='word_1_122' title='bbox 3781 355 3898 418; x_wconf 65' lang='lat'><strong>137!</strong></span> 
     </span>
    </p>
   </div>
   <div class='ocr_carea' id='block_1_20' title="bbox 2302 561 3892 633">
    <p class='ocr_par' dir='ltr' id='par_1_20' title="bbox 2302 561 3892 633">
     <span class='ocr_line' id='line_1_20' title="bbox 2302 561 3892 633; baseline -0.001 -16"><span class='ocrx_word' id='word_1_123' title='bbox 2302 564 2398 617; x_wconf 91' lang='lat' dir='ltr'><strong>sed</strong></span> <span class='ocrx_word' id='word_1_124' title='bbox 2432 572 2689 633; x_wconf 90' lang='lat' dir='ltr'><strong>tanquam</strong></span> <span class='ocrx_word' id='word_1_125' title='bbox 2720 562 2955 618; x_wconf 81' lang='lat' dir='ltr'><strong>famelici</strong></span> <span class='ocrx_word' id='word_1_126' title='bbox 2987 577 3200 618; x_wconf 90' lang='lat' dir='ltr'><strong>summa</strong></span> <span class='ocrx_word' id='word_1_127' title='bbox 3231 577 3355 617; x_wconf 91' lang='lat' dir='ltr'><strong>cum</strong></span> <span class='ocrx_word' id='word_1_128' title='bbox 3387 561 3687 616; x_wconf 81' lang='lat' dir='ltr'><strong>aviditate</strong></span> <span class='ocrx_word' id='word_1_129' title='bbox 3717 577 3892 630; x_wconf 66' lang='lat' dir='ltr'><strong>prope»</strong></span> 
     </span>
    </p>
   </div>
   <div class='ocr_carea' id='block_1_21' title="bbox 2292 654 3882 724">
    <p class='ocr_par' dir='ltr' id='par_1_21' title="bbox 2292 654 3882 724">
     <span class='ocr_line' id='line_1_21' title="bbox 2292 654 3882 724; baseline -0.004 -14"><span class='ocrx_word' id='word_1_130' title='bbox 2292 655 2416 710; x_wconf 87' lang='lat' dir='ltr'><strong>sitis</strong></span> <span class='ocrx_word' id='word_1_131' title='bbox 2465 655 2599 710; x_wconf 87' lang='lat' dir='ltr'><strong>cibis</strong></span> <span class='ocrx_word' id='word_1_132' title='bbox 2647 655 2894 710; x_wconf 87' lang='lat' dir='ltr'><strong>animum</strong></span> <span class='ocrx_word' id='word_1_133' title='bbox 2933 654 3250 724; x_wconf 80' lang='lat' dir='ltr'><strong>expleamus</strong></span> <span class='ocrx_word' id='word_1_134' title='bbox 3283 673 3296 708; x_wconf 88' lang='lat'><strong>:</strong></span> <span class='ocrx_word' id='word_1_135' title='bbox 3335 669 3430 708; x_wconf 83' lang='lat' dir='ltr'><strong>eas</strong></span> <span class='ocrx_word' id='word_1_136' title='bbox 3475 663 3686 708; x_wconf 79' lang='lat' dir='ltr'><strong>autem</strong></span> <span class='ocrx_word' id='word_1_137' title='bbox 3730 671 3882 722; x_wconf 67' lang='grc' dir='ltr'>ςρῖτι</span> 
     </span>
    </p>
   </div>
   <div class='ocr_carea' id='block_1_22' title="bbox 2293 743 3894 812">
    <p class='ocr_par' dir='ltr' id='par_1_22' title="bbox 2293 743 3894 812">
     <span class='ocr_line' id='line_1_22' title="bbox 2293 743 3894 812; baseline 0 -15"><span class='ocrx_word' id='word_1_138' title='bbox 2293 743 2569 808; x_wconf 82' lang='lat' dir='ltr'><strong>lationes,</strong></span> <span class='ocrx_word' id='word_1_139' title='bbox 2621 759 2855 812; x_wconf 89' lang='lat' dir='ltr'><strong>quarum</strong></span> <span class='ocrx_word' id='word_1_140' title='bbox 2911 744 3051 798; x_wconf 86' lang='lat' dir='ltr'><strong>ratio</strong></span> <span class='ocrx_word' id='word_1_141' title='bbox 3106 743 3177 797; x_wconf 88' lang='lat' dir='ltr'><strong>ab</strong></span> <span class='ocrx_word' id='word_1_142' title='bbox 3209 743 3502 797; x_wconf 86' lang='lat' dir='ltr'><strong>hominum</strong></span> <span class='ocrx_word' id='word_1_143' title='bbox 3566 743 3894 812; x_wconf 59' lang='lat' dir='ltr'><strong>cognition;</strong></span> 
     </span>
    </p>
   </div>
   <div class='ocr_carea' id='block_1_23' title="bbox 2293 832 3900 903">
    <p class='ocr_par' dir='ltr' id='par_1_23' title="bbox 2293 832 3900 903">
     <span class='ocr_line' id='line_1_23' title="bbox 2293 832 3900 903; baseline -0.001 -15"><span class='ocrx_word' id='word_1_144' title='bbox 2293 842 2502 888; x_wconf 87' lang='lat' dir='ltr'><strong>remota</strong></span> <span class='ocrx_word' id='word_1_145' title='bbox 2541 843 2646 897; x_wconf 87' lang='lat' dir='ltr'><strong>est,</strong></span> <span class='ocrx_word' id='word_1_146' title='bbox 2699 833 2845 888; x_wconf 89' lang='lat' dir='ltr'><strong>velut</strong></span> <span class='ocrx_word' id='word_1_147' title='bbox 2880 848 3126 903; x_wconf 60' lang='lat' dir='ltr'><strong>quaerere</strong></span> <span class='ocrx_word' id='word_1_148' title='bbox 3176 848 3300 903; x_wconf 73' lang='lat' dir='ltr'><strong>qua:</strong></span> <span class='ocrx_word' id='word_1_149' title='bbox 3343 832 3437 886; x_wconf 88' lang='lat' dir='ltr'><strong>Dei</strong></span> <span class='ocrx_word' id='word_1_150' title='bbox 3493 835 3775 886; x_wconf 74' lang='lat' dir='ltr'><strong>essentia</strong></span> <span class='ocrx_word' id='word_1_151' title='bbox 3827 836 3900 887; x_wconf 69' lang='lat' dir='ltr'><strong>sit.</strong></span> 
     </span>
    </p>
   </div>
   <div class='ocr_carea' id='block_1_24' title="bbox 2295 923 3971 996">
    <p class='ocr_par' dir='ltr' id='par_1_24' title="bbox 2295 923 3971 996">
     <span class='ocr_line' id='line_1_24' title="bbox 2295 923 3971 996; baseline -0.001 -18"><span class='ocrx_word' id='word_1_152' title='bbox 2295 924 2424 993; x_wconf 89' lang='lat' dir='ltr'><strong>quid</strong></span> <span class='ocrx_word' id='word_1_153' title='bbox 2463 935 2590 980; x_wconf 89' lang='lat' dir='ltr'><strong>ante</strong></span> <span class='ocrx_word' id='word_1_154' title='bbox 2632 940 2812 979; x_wconf 90' lang='lat' dir='ltr'><strong>rerum</strong></span> <span class='ocrx_word' id='word_1_155' title='bbox 2862 925 3196 980; x_wconf 88' lang='lat' dir='ltr'><strong>creationem</strong></span> <span class='ocrx_word' id='word_1_156' title='bbox 3245 933 3385 988; x_wconf 91' lang='lat' dir='ltr'><strong>erat,</strong></span> <span class='ocrx_word' id='word_1_157' title='bbox 3429 923 3576 992; x_wconf 90' lang='lat' dir='ltr'><strong>quid</strong></span> <span class='ocrx_word' id='word_1_158' title='bbox 3641 936 3818 978; x_wconf 75' lang='lat' dir='ltr'><strong>extra</strong></span> <span class='ocrx_word' id='word_1_159' title='bbox 3850 940 3898 977; x_wconf 67' lang='lat' dir='ltr'><strong>es</strong></span> <span class='ocrx_word' id='word_1_160' title='bbox 3959 959 3971 996; x_wconf 71' lang='grc' dir='ltr'><strong>ε</strong></span> 
     </span>
    </p>
   </div>
   <div class='ocr_carea' id='block_1_25' title="bbox 2295 1016 3904 1087">
    <p class='ocr_par' dir='ltr' id='par_1_25' title="bbox 2295 1016 3904 1087">
     <span class='ocr_line' id='line_1_25' title="bbox 2295 1016 3904 1087; baseline -0.003 -15"><span class='ocrx_word' id='word_1_161' title='bbox 2295 1033 2417 1087; x_wconf 66' lang='lat' dir='ltr'><strong>quae</strong></span> <span class='ocrx_word' id='word_1_162' title='bbox 2465 1019 2638 1074; x_wconf 89' lang='lat' dir='ltr'><strong>oculis</strong></span> <span class='ocrx_word' id='word_1_163' title='bbox 2693 1025 3035 1082; x_wconf 90' lang='lat' dir='ltr'><strong>cernuntur,</strong></span> <span class='ocrx_word' id='word_1_164' title='bbox 3093 1032 3215 1086; x_wconf 68' lang='lat' dir='ltr'><strong>qua:</strong></span> <span class='ocrx_word' id='word_1_165' title='bbox 3302 1031 3500 1070; x_wconf 87' lang='lat' dir='ltr'><strong>eorum</strong></span> <span class='ocrx_word' id='word_1_166' title='bbox 3567 1031 3722 1085; x_wconf 74' lang='lat' dir='ltr'><strong>qua:</strong></span> <span class='ocrx_word' id='word_1_167' title='bbox 3791 1016 3904 1068; x_wconf 69' lang='lat' dir='ltr'><strong>ﬁunt</strong></span> 
     </span>
    </p>
   </div>
   <div class='ocr_carea' id='block_1_26' title="bbox 2297 1107 3904 1178">
    <p class='ocr_par' dir='ltr' id='par_1_26' title="bbox 2297 1107 3904 1178">
     <span class='ocr_line' id='line_1_26' title="bbox 2297 1107 3904 1178; baseline -0.002 -18"><span class='ocrx_word' id='word_1_168' title='bbox 2297 1109 2630 1172; x_wconf 83' lang='lat' dir='ltr'><strong>necessitas,</strong></span> <span class='ocrx_word' id='word_1_169' title='bbox 2692 1115 2748 1162; x_wconf 92' lang='lat' dir='ltr'><strong>et</strong></span> <span class='ocrx_word' id='word_1_170' title='bbox 2803 1123 2925 1178; x_wconf 71' lang='lat' dir='ltr'><strong>qua:</strong></span> <span class='ocrx_word' id='word_1_171' title='bbox 2981 1108 3036 1160; x_wconf 93' lang='lat' dir='ltr'><strong>in</strong></span> <span class='ocrx_word' id='word_1_172' title='bbox 3087 1107 3275 1161; x_wconf 91' lang='lat' dir='ltr'><strong>eodem</strong></span> <span class='ocrx_word' id='word_1_173' title='bbox 3333 1121 3549 1174; x_wconf 80' lang='lat' dir='ltr'><strong>genere</strong></span> <span class='ocrx_word' id='word_1_174' title='bbox 3603 1107 3850 1175; x_wconf 83' lang='lat' dir='ltr'><strong>posita.</strong></span> <span class='ocrx_word' id='word_1_175' title='bbox 3884 1123 3904 1156; x_wconf 74' lang='grc' dir='ltr'><strong>ι</strong></span> 
     </span>
    </p>
   </div>
   <div class='ocr_carea' id='block_1_27' title="bbox 2296 1198 3904 1266">
    <p class='ocr_par' dir='ltr' id='par_1_27' title="bbox 2296 1198 3904 1266">
     <span class='ocr_line' id='line_1_27' title="bbox 2296 1198 3904 1266; baseline -0.003 -13"><span class='ocrx_word' id='word_1_176' title='bbox 2296 1199 2536 1254; x_wconf 84' lang='lat' dir='ltr'><strong>curiosis</strong></span> <span class='ocrx_word' id='word_1_177' title='bbox 2587 1199 2903 1254; x_wconf 87' lang='lat' dir='ltr'><strong>hominibus</strong></span> <span class='ocrx_word' id='word_1_178' title='bbox 2958 1199 3334 1266; x_wconf 88' lang='lat' dir='ltr'><strong>inquiruntur,</strong></span> <span class='ocrx_word' id='word_1_179' title='bbox 3392 1213 3456 1252; x_wconf 86' lang='lat' dir='ltr'><strong>ea</strong></span> <span class='ocrx_word' id='word_1_180' title='bbox 3515 1199 3634 1252; x_wconf 85' lang='lat' dir='ltr'><strong>soli</strong></span> <span class='ocrx_word' id='word_1_181' title='bbox 3682 1198 3904 1264; x_wconf 64' lang='lat' dir='ltr'><strong>Spiritus</strong></span> 
     </span>
    </p>
   </div>
   <div class='ocr_carea' id='block_1_28' title="bbox 2299 1287 3904 1359">
    <p class='ocr_par' dir='ltr' id='par_1_28' title="bbox 2299 1287 3904 1359">
     <span class='ocr_line' id='line_1_28' title="bbox 2299 1287 3904 1359; baseline -0.004 -13"><span class='ocrx_word' id='word_1_182' title='bbox 2299 1298 2517 1354; x_wconf 84' lang='lat' dir='ltr'><strong>sancto,</strong></span> <span class='ocrx_word' id='word_1_183' title='bbox 2574 1289 2691 1359; x_wconf 90' lang='lat' dir='ltr'><strong>qui,</strong></span> <span class='ocrx_word' id='word_1_184' title='bbox 2733 1299 2795 1345; x_wconf 90' lang='lat' dir='ltr'><strong>ut</strong></span> <span class='ocrx_word' id='word_1_185' title='bbox 2840 1301 2924 1344; x_wconf 88' lang='lat' dir='ltr'><strong>est</strong></span> <span class='ocrx_word' id='word_1_186' title='bbox 2959 1289 3103 1358; x_wconf 90' lang='lat' dir='ltr'><strong>apud</strong></span> <span class='ocrx_word' id='word_1_187' title='bbox 3154 1287 3407 1354; x_wconf 85' lang='lat' dir='ltr'><strong>Paulum,</strong></span> <span class='ocrx_word' id='word_1_188' title='bbox 3458 1289 3565 1342; x_wconf 86' lang='lat' dir='ltr'><strong>Dei</strong></span> <span class='ocrx_word' id='word_1_189' title='bbox 3626 1289 3904 1357; x_wconf 72' lang='lat' dir='ltr'><strong>profunda</strong></span> 
     </span>
    </p>
   </div>
   <div class='ocr_carea' id='block_1_29' title="bbox 2298 1380 3904 1452">
    <p class='ocr_par' dir='ltr' id='par_1_29' title="bbox 2298 1380 3904 1452">
     <span class='ocr_line' id='line_1_29' title="bbox 2298 1380 3904 1452; baseline -0.001 -16"><span class='ocrx_word' id='word_1_190' title='bbox 2298 1389 2578 1436; x_wconf 84' lang='lat' dir='ltr'><strong>scrutatur</strong></span> <span class='ocrx_word' id='word_1_191' title='bbox 2600 1381 2668 1444; x_wconf 80' lang='lat'><strong>“,</strong></span> <span class='ocrx_word' id='word_1_192' title='bbox 2705 1381 3086 1452; x_wconf 88' lang='lat' dir='ltr'><strong>cognoscenda</strong></span> <span class='ocrx_word' id='word_1_193' title='bbox 3127 1381 3535 1448; x_wconf 83' lang='lat' dir='ltr'><strong>relinquamus.</strong></span> <span class='ocrx_word' id='word_1_194' title='bbox 3577 1380 3755 1434; x_wconf 87' lang='lat' dir='ltr'><strong>Idem</strong></span> <span class='ocrx_word' id='word_1_195' title='bbox 3791 1398 3904 1450; x_wconf 58' lang='lat' dir='ltr'><strong>pr:</strong></span> 
     </span>
    </p>
   </div>
   <div class='ocr_carea' id='block_1_30' title="bbox 2303 1471 3907 1542">
    <p class='ocr_par' dir='ltr' id='par_1_30' title="bbox 2303 1471 3907 1542">
     <span class='ocr_line' id='line_1_30' title="bbox 2303 1471 3907 1542; baseline -0.002 -14"><span class='ocrx_word' id='word_1_196' title='bbox 2303 1482 2523 1542; x_wconf 89' lang='lat' dir='ltr'><strong>ceptum</strong></span> <span class='ocrx_word' id='word_1_197' title='bbox 2556 1473 2716 1526; x_wconf 86' lang='lat' dir='ltr'><strong>nobis</strong></span> <span class='ocrx_word' id='word_1_198' title='bbox 2761 1472 3038 1542; x_wconf 73' lang='lat' dir='ltr'><strong>Sapientia</strong></span> <span class='ocrx_word' id='word_1_199' title='bbox 3069 1485 3290 1540; x_wconf 91' lang='lat' dir='ltr'><strong>quoque</strong></span> <span class='ocrx_word' id='word_1_200' title='bbox 3331 1471 3418 1524; x_wconf 86' lang='lat' dir='ltr'><strong>his</strong></span> <span class='ocrx_word' id='word_1_201' title='bbox 3463 1473 3684 1525; x_wconf 87' lang='lat' dir='ltr'><strong>verbis</strong></span> <span class='ocrx_word' id='word_1_202' title='bbox 3743 1474 3907 1525; x_wconf 75' lang='lat' dir='ltr'><strong>incal-</strong></span> 
     </span>
    </p>
   </div>
   <div class='ocr_carea' id='block_1_31' title="bbox 2299 1561 3975 1627">
    <p class='ocr_par' dir='ltr' id='par_1_31' title="bbox 2299 1561 3975 1627">
     <span class='ocr_line' id='line_1_31' title="bbox 2299 1561 3975 1627; baseline -0.002 -7"><span class='ocrx_word' id='word_1_203' title='bbox 2299 1574 2432 1620; x_wconf 86' lang='lat' dir='ltr'><strong>cat:</strong></span> <span class='ocrx_word' id='word_1_204' title='bbox 2507 1563 2764 1618; x_wconf 84' lang='lat' dir='ltr'><strong>Fortiora</strong></span> <span class='ocrx_word' id='word_1_205' title='bbox 2804 1573 2852 1617; x_wconf 86' lang='lat' dir='ltr'><strong>te</strong></span> <span class='ocrx_word' id='word_1_206' title='bbox 2911 1580 2975 1618; x_wconf 89' lang='lat' dir='ltr'><strong>ne</strong></span> <span class='ocrx_word' id='word_1_207' title='bbox 3020 1562 3371 1623; x_wconf 80' lang='lat' dir='ltr'><strong>scruteris&quot;,</strong></span> <span class='ocrx_word' id='word_1_208' title='bbox 3422 1561 3537 1616; x_wconf 89' lang='lat' dir='ltr'><strong>hoc</strong></span> <span class='ocrx_word' id='word_1_209' title='bbox 3595 1573 3743 1627; x_wconf 87' lang='lat' dir='ltr'><strong>est,</strong></span> <span class='ocrx_word' id='word_1_210' title='bbox 3801 1579 3906 1617; x_wconf 78' lang='lat' dir='ltr'><strong>oss:</strong></span> <span class='ocrx_word' id='word_1_211' title='bbox 3974 1565 3975 1572; x_wconf 68' lang='grc'><em>“</em></span> 
     </span>
    </p>
   </div>
   <div class='ocr_carea' id='block_1_32' title="bbox 2302 1654 3906 1725">
    <p class='ocr_par' dir='ltr' id='par_1_32' title="bbox 2302 1654 3906 1725">
     <span class='ocr_line' id='line_1_32' title="bbox 2302 1654 3906 1725; baseline -0.001 -17"><span class='ocrx_word' id='word_1_212' title='bbox 2302 1654 2465 1712; x_wconf 78' lang='lat' dir='ltr'><strong>Verbi</strong></span> <span class='ocrx_word' id='word_1_213' title='bbox 2507 1671 2576 1710; x_wconf 91' lang='lat' dir='ltr'><strong>ne</strong></span> <span class='ocrx_word' id='word_1_214' title='bbox 2623 1655 2979 1725; x_wconf 81' lang='lat' dir='ltr'><strong>conlrlngas;</strong></span> <span class='ocrx_word' id='word_1_215' title='bbox 3041 1669 3220 1723; x_wconf 73' lang='lat' dir='ltr'><strong>neque</strong></span> <span class='ocrx_word' id='word_1_216' title='bbox 3267 1655 3418 1707; x_wconf 87' lang='lat' dir='ltr'><strong>enim</strong></span> <span class='ocrx_word' id='word_1_217' title='bbox 3471 1669 3633 1723; x_wconf 87' lang='lat' dir='ltr'><strong>opus</strong></span> <span class='ocrx_word' id='word_1_218' title='bbox 3676 1664 3780 1709; x_wconf 86' lang='lat' dir='ltr'><strong>est</strong></span> <span class='ocrx_word' id='word_1_219' title='bbox 3831 1657 3906 1707; x_wconf 67' lang='lat' dir='ltr'><strong>tibi</strong></span> 
     </span>
    </p>
   </div>
   <div class='ocr_carea' id='block_1_33' title="bbox 2306 1745 3910 1816">
    <p class='ocr_par' dir='ltr' id='par_1_33' title="bbox 2306 1745 3910 1816">
     <span class='ocr_line' id='line_1_33' title="bbox 2306 1745 3910 1816; baseline -0.003 -13"><span class='ocrx_word' id='word_1_220' title='bbox 2306 1749 2565 1803; x_wconf 84' lang='lat' dir='ltr'><strong>occultis.</strong></span> <span class='ocrx_word' id='word_1_221' title='bbox 2600 1748 2674 1802; x_wconf 86' lang='lat' dir='ltr'><strong>Ea</strong></span> <span class='ocrx_word' id='word_1_222' title='bbox 2706 1762 2893 1816; x_wconf 84' lang='lat' dir='ltr'><strong>porro,</strong></span> <span class='ocrx_word' id='word_1_223' title='bbox 2927 1755 3192 1815; x_wconf 90' lang='lat' dir='ltr'><strong>quantum</strong></span> <span class='ocrx_word' id='word_1_224' title='bbox 3237 1745 3290 1798; x_wconf 92' lang='lat' dir='ltr'><strong>in</strong></span> <span class='ocrx_word' id='word_1_225' title='bbox 3326 1745 3465 1814; x_wconf 85' lang='lat' dir='ltr'><strong>ipsis</strong></span> <span class='ocrx_word' id='word_1_226' title='bbox 3507 1753 3633 1808; x_wconf 85' lang='lat' dir='ltr'><strong>est,</strong></span> <span class='ocrx_word' id='word_1_227' title='bbox 3663 1747 3910 1801; x_wconf 80' lang='lat' dir='ltr'><strong>confrin-</strong></span> 
     </span>
    </p>
   </div>
   <div class='ocr_carea' id='block_1_34' title="bbox 631 1826 3909 1910">
    <p class='ocr_par' dir='ltr' id='par_1_34' title="bbox 631 1826 3909 1910">
     <span class='ocr_line' id='line_1_34' title="bbox 631 1826 3909 1910; baseline 0 -22"><span class='ocrx_word' id='word_1_228' title='bbox 631 1837 861 1890; x_wconf 84' lang='lat' dir='ltr'><strong>rendam</strong></span> <span class='ocrx_word' id='word_1_229' title='bbox 894 1852 1003 1892; x_wconf 93' lang='lat' dir='ltr'><strong>non</strong></span> <span class='ocrx_word' id='word_1_230' title='bbox 1030 1853 1176 1902; x_wconf 88' lang='lat' dir='ltr'><strong>esse,</strong></span> <span class='ocrx_word' id='word_1_231' title='bbox 1206 1853 1307 1893; x_wconf 89' lang='lat' dir='ltr'><strong>nec</strong></span> <span class='ocrx_word' id='word_1_232' title='bbox 1337 1840 1389 1892; x_wconf 93' lang='lat' dir='ltr'><strong>in</strong></span> <span class='ocrx_word' id='word_1_233' title='bbox 1419 1840 1566 1894; x_wconf 83' lang='lat' dir='ltr'><strong>aliud</strong></span> <span class='ocrx_word' id='word_1_234' title='bbox 1606 1850 1820 1910; x_wconf 88' lang='lat' dir='ltr'><strong>tempus</strong></span> <span class='ocrx_word' id='word_1_235' title='bbox 1849 1841 2200 1910; x_wconf 87' lang='lat' dir='ltr'><strong>rejiciendam</strong></span> <span class='ocrx_word' id='word_1_236' title='bbox 2233 1826 2279 1886; x_wconf 82' lang='grc' dir='ltr'>Β</span> <span class='ocrx_word' id='word_1_237' title='bbox 2305 1847 2439 1909; x_wconf 87' lang='lat' dir='ltr'><strong>gnnt</strong></span> <span class='ocrx_word' id='word_1_238' title='bbox 2483 1839 2746 1904; x_wconf 60' lang='lat' dir='ltr'><strong>haeretici,</strong></span> <span class='ocrx_word' id='word_1_239' title='bbox 2798 1846 2948 1892; x_wconf 87' lang='lat' dir='ltr'><strong>recta</strong></span> <span class='ocrx_word' id='word_1_240' title='bbox 2980 1837 3234 1907; x_wconf 79' lang='lat' dir='ltr'><strong>dogmata</strong></span> <span class='ocrx_word' id='word_1_241' title='bbox 3264 1837 3662 1904; x_wconf 69' lang='lat' dir='ltr'><strong>depravantes</strong></span> <span class='ocrx_word' id='word_1_242' title='bbox 3697 1852 3776 1890; x_wconf 81' lang='lat' dir='ltr'><strong>ac</strong></span> <span class='ocrx_word' id='word_1_243' title='bbox 3803 1853 3909 1903; x_wconf 77' lang='lat' dir='ltr'><strong>per-</strong></span> 
     </span>
    </p>
   </div>
   <div class='ocr_carea' id='block_1_35' title="bbox 628 1931 2200 2003">
    <p class='ocr_par' dir='ltr' id='par_1_35' title="bbox 628 1931 2200 2003">
     <span class='ocr_line' id='line_1_35' title="bbox 628 1931 2200 2003; baseline 0.004 -23"><span class='ocrx_word' id='word_1_244' title='bbox 628 1945 811 1982; x_wconf 79' lang='lat' dir='ltr'><strong>veram</strong></span> <span class='ocrx_word' id='word_1_245' title='bbox 839 1939 1004 1998; x_wconf 87' lang='lat' dir='ltr'><strong>atque</strong></span> <span class='ocrx_word' id='word_1_246' title='bbox 1030 1931 1324 1996; x_wconf 82' lang='lat' dir='ltr'><strong>perfectam</strong></span> <span class='ocrx_word' id='word_1_247' title='bbox 1355 1931 1600 2003; x_wconf 82' lang='lat' dir='ltr'><strong>mysterii</strong></span> <span class='ocrx_word' id='word_1_248' title='bbox 1623 1933 1790 2002; x_wconf 83' lang='lat' dir='ltr'><strong>hujus</strong></span> <span class='ocrx_word' id='word_1_249' title='bbox 1813 1935 2200 2003; x_wconf 79' lang='lat' dir='ltr'><strong>cognitionem,</strong></span> 
     </span>
    </p>
   </div>
   <div class='ocr_carea' id='block_1_36' title="bbox 631 2020 2204 2092">
    <p class='ocr_par' dir='ltr' id='par_1_36' title="bbox 631 2020 2204 2092">
     <span class='ocr_line' id='line_1_36' title="bbox 631 2020 2204 2092; baseline 0.004 -20"><span class='ocrx_word' id='word_1_250' title='bbox 631 2035 733 2072; x_wconf 79' lang='lat' dir='ltr'><strong>nec</strong></span> <span class='ocrx_word' id='word_1_251' title='bbox 766 2021 832 2073; x_wconf 79' lang='lat' dir='ltr'><strong>iis</strong></span> <span class='ocrx_word' id='word_1_252' title='bbox 865 2020 959 2088; x_wconf 89' lang='lat' dir='ltr'><strong>qui</strong></span> <span class='ocrx_word' id='word_1_253' title='bbox 993 2021 1162 2076; x_wconf 90' lang='lat' dir='ltr'><strong>semel</strong></span> <span class='ocrx_word' id='word_1_254' title='bbox 1203 2022 1349 2078; x_wconf 81' lang='lat' dir='ltr'><strong>illius</strong></span> <span class='ocrx_word' id='word_1_255' title='bbox 1390 2023 1682 2092; x_wconf 86' lang='lat' dir='ltr'><strong>participes</strong></span> <span class='ocrx_word' id='word_1_256' title='bbox 1722 2021 1850 2078; x_wconf 77' lang='lat' dir='ltr'><strong>facti</strong></span> <span class='ocrx_word' id='word_1_257' title='bbox 1883 2023 2017 2088; x_wconf 89' lang='lat' dir='ltr'><strong>sint,</strong></span> <span class='ocrx_word' id='word_1_258' title='bbox 2049 2039 2204 2079; x_wconf 87' lang='lat' dir='ltr'><strong>com-</strong></span> 
     </span>
    </p>
   </div>
   <div class='ocr_carea' id='block_1_37' title="bbox 633 2111 2204 2186">
    <p class='ocr_par' dir='ltr' id='par_1_37' title="bbox 633 2111 2204 2186">
     <span class='ocr_line' id='line_1_37' title="bbox 633 2111 2204 2186; baseline 0.006 -26"><span class='ocrx_word' id='word_1_259' title='bbox 633 2111 949 2163; x_wconf 83' lang='lat' dir='ltr'><strong>mittendam</strong></span> <span class='ocrx_word' id='word_1_260' title='bbox 985 2126 1130 2176; x_wconf 89' lang='lat' dir='ltr'><strong>esse,</strong></span> <span class='ocrx_word' id='word_1_261' title='bbox 1166 2120 1227 2166; x_wconf 87' lang='lat' dir='ltr'><strong>ut</strong></span> <span class='ocrx_word' id='word_1_262' title='bbox 1259 2113 1474 2182; x_wconf 86' lang='lat' dir='ltr'><strong>plenam</strong></span> <span class='ocrx_word' id='word_1_263' title='bbox 1525 2124 1690 2183; x_wconf 89' lang='lat' dir='ltr'><strong>atque</strong></span> <span class='ocrx_word' id='word_1_264' title='bbox 1735 2114 2044 2170; x_wconf 87' lang='lat' dir='ltr'><strong>absolutam</strong></span> <span class='ocrx_word' id='word_1_265' title='bbox 2083 2131 2204 2186; x_wconf 88' lang='lat' dir='ltr'><strong>per-</strong></span> 
     </span>
    </p>
   </div>
   <div class='ocr_carea' id='block_1_38' title="bbox 631 2201 2202 2277">
    <p class='ocr_par' dir='ltr' id='par_1_38' title="bbox 631 2201 2202 2277">
     <span class='ocr_line' id='line_1_38' title="bbox 631 2201 2202 2277; baseline 0.007 -25"><span class='ocrx_word' id='word_1_266' title='bbox 631 2201 935 2270; x_wconf 69' lang='lat' dir='ltr'><strong>r-rptionem</strong></span> <span class='ocrx_word' id='word_1_267' title='bbox 961 2203 1066 2257; x_wconf 90' lang='lat' dir='ltr'><strong>sibi</strong></span> <span class='ocrx_word' id='word_1_268' title='bbox 1095 2203 1230 2272; x_wconf 88' lang='lat' dir='ltr'><strong>ipsis</strong></span> <span class='ocrx_word' id='word_1_269' title='bbox 1264 2204 1316 2257; x_wconf 92' lang='lat' dir='ltr'><strong>in</strong></span> <span class='ocrx_word' id='word_1_270' title='bbox 1347 2204 1512 2259; x_wconf 80' lang='lat' dir='ltr'><strong>nimis</strong></span> <span class='ocrx_word' id='word_1_271' title='bbox 1544 2219 1730 2263; x_wconf 84' lang='lat' dir='ltr'><strong>serum</strong></span> <span class='ocrx_word' id='word_1_272' title='bbox 1769 2207 1959 2274; x_wconf 72' lang='lat' dir='ltr'><strong>gratia:</strong></span> <span class='ocrx_word' id='word_1_273' title='bbox 1987 2217 2202 2277; x_wconf 89' lang='lat' dir='ltr'><strong>tempus</strong></span> 
     </span>
    </p>
   </div>
   <div class='ocr_carea' id='block_1_39' title="bbox 631 2294 2206 2365">
    <p class='ocr_par' dir='ltr' id='par_1_39' title="bbox 631 2294 2206 2365">
     <span class='ocr_line' id='line_1_39' title="bbox 631 2294 2206 2365; baseline 0.004 -20"><span class='ocrx_word' id='word_1_274' title='bbox 631 2303 930 2348; x_wconf 88' lang='lat' dir='ltr'><strong>reservent.</strong></span> <span class='ocrx_word' id='word_1_275' title='bbox 985 2295 1044 2349; x_wconf 89' lang='lat' dir='ltr'><strong>ld</strong></span> <span class='ocrx_word' id='word_1_276' title='bbox 1093 2305 1274 2349; x_wconf 90' lang='lat' dir='ltr'><strong>autem</strong></span> <span class='ocrx_word' id='word_1_277' title='bbox 1322 2294 1553 2358; x_wconf 80' lang='lat' dir='ltr'><strong>faciunt,</strong></span> <span class='ocrx_word' id='word_1_278' title='bbox 1590 2295 1683 2364; x_wconf 88' lang='lat' dir='ltr'><strong>qui</strong></span> <span class='ocrx_word' id='word_1_279' title='bbox 1715 2311 1812 2365; x_wconf 88' lang='lat' dir='ltr'><strong>per</strong></span> <span class='ocrx_word' id='word_1_280' title='bbox 1861 2298 2206 2352; x_wconf 88' lang='lat' dir='ltr'><strong>rudimenta-</strong></span> 
     </span>
    </p>
   </div>
   <div class='ocr_carea' id='block_1_40' title="bbox 629 2385 2204 2458">
    <p class='ocr_par' dir='ltr' id='par_1_40' title="bbox 629 2385 2204 2458">
     <span class='ocr_line' id='line_1_40' title="bbox 629 2385 2204 2458; baseline 0.004 -19"><span class='ocrx_word' id='word_1_281' title='bbox 629 2385 767 2440; x_wconf 80' lang='lat' dir='ltr'><strong>rinm</strong></span> <span class='ocrx_word' id='word_1_282' title='bbox 836 2387 1052 2456; x_wconf 87' lang='lat' dir='ltr'><strong>quidem</strong></span> <span class='ocrx_word' id='word_1_283' title='bbox 1118 2387 1513 2442; x_wconf 80' lang='lat' dir='ltr'><strong>institutionem</strong></span> <span class='ocrx_word' id='word_1_284' title='bbox 1577 2387 1904 2444; x_wconf 82' lang='lat' dir='ltr'><strong>Christianae</strong></span> <span class='ocrx_word' id='word_1_285' title='bbox 1990 2389 2204 2458; x_wconf 85' lang='lat' dir='ltr'><strong>pietatis</strong></span> 
     </span>
    </p>
   </div>
   <div class='ocr_carea' id='block_1_41' title="bbox 637 2477 2202 2549">
    <p class='ocr_par' dir='ltr' id='par_1_41' title="bbox 637 2477 2202 2549">
     <span class='ocr_line' id='line_1_41' title="bbox 637 2477 2202 2549; baseline 0.003 -18"><span class='ocrx_word' id='word_1_286' title='bbox 637 2477 891 2547; x_wconf 81' lang='lat' dir='ltr'><strong>dogmata</strong></span> <span class='ocrx_word' id='word_1_287' title='bbox 949 2479 1354 2548; x_wconf 85' lang='lat' dir='ltr'><strong>degustarunt,</strong></span> <span class='ocrx_word' id='word_1_288' title='bbox 1413 2489 1669 2535; x_wconf 69' lang='lat' dir='ltr'><strong>caeterum</strong></span> <span class='ocrx_word' id='word_1_289' title='bbox 1729 2481 2008 2549; x_wconf 84' lang='lat' dir='ltr'><strong>splendori</strong></span> <span class='ocrx_word' id='word_1_290' title='bbox 2082 2481 2202 2548; x_wconf 93' lang='lat' dir='ltr'><strong>illi,</strong></span> 
     </span>
    </p>
   </div>
   <div class='ocr_carea' id='block_1_42' title="bbox 635 2569 2200 2641">
    <p class='ocr_par' dir='ltr' id='par_1_42' title="bbox 635 2569 2200 2641">
     <span class='ocr_line' id='line_1_42' title="bbox 635 2569 2200 2641; baseline 0.006 -22"><span class='ocrx_word' id='word_1_291' title='bbox 635 2583 800 2637; x_wconf 82' lang='lat' dir='ltr'><strong>quem</strong></span> <span class='ocrx_word' id='word_1_292' title='bbox 833 2569 1135 2636; x_wconf 87' lang='lat' dir='ltr'><strong>baptismus</strong></span> <span class='ocrx_word' id='word_1_293' title='bbox 1164 2570 1343 2635; x_wconf 79' lang='lat' dir='ltr'><strong>aﬂert,</strong></span> <span class='ocrx_word' id='word_1_294' title='bbox 1380 2570 1612 2623; x_wconf 91' lang='lat' dir='ltr'><strong>nimium</strong></span> <span class='ocrx_word' id='word_1_295' title='bbox 1640 2569 1830 2641; x_wconf 87' lang='lat' dir='ltr'><strong>longas</strong></span> <span class='ocrx_word' id='word_1_296' title='bbox 1857 2585 2040 2624; x_wconf 89' lang='lat' dir='ltr'><strong>moras</strong></span> <span class='ocrx_word' id='word_1_297' title='bbox 2074 2587 2200 2640; x_wconf 85' lang='lat' dir='ltr'><strong>pro-</strong></span> 
     </span>
    </p>
   </div>
   <div class='ocr_carea' id='block_1_43' title="bbox 634 2655 2204 2725">
    <p class='ocr_par' dir='ltr' id='par_1_43' title="bbox 634 2655 2204 2725">
     <span class='ocr_line' id='line_1_43' title="bbox 634 2655 2204 2725; baseline 0.002 -17"><span class='ocrx_word' id='word_1_298' title='bbox 634 2657 864 2720; x_wconf 82' lang='lat' dir='ltr'><strong>ducunt,</strong></span> <span class='ocrx_word' id='word_1_299' title='bbox 912 2657 1015 2709; x_wconf 91' lang='lat' dir='ltr'><strong>hoc</strong></span> <span class='ocrx_word' id='word_1_300' title='bbox 1049 2666 1153 2722; x_wconf 87' lang='lat' dir='ltr'><strong>est,</strong></span> <span class='ocrx_word' id='word_1_301' title='bbox 1196 2657 1263 2712; x_wconf 89' lang='lat' dir='ltr'><strong>ad</strong></span> <span class='ocrx_word' id='word_1_302' title='bbox 1313 2663 1648 2711; x_wconf 79' lang='lat' dir='ltr'><strong>senectutem</strong></span> <span class='ocrx_word' id='word_1_303' title='bbox 1698 2655 1972 2725; x_wconf 81' lang='lat' dir='ltr'><strong>rejicinnt.</strong></span> <span class='ocrx_word' id='word_1_304' title='bbox 2019 2657 2204 2722; x_wconf 87' lang='lat' dir='ltr'><strong>Quare</strong></span> 
     </span>
    </p>
   </div>
   <div class='ocr_carea' id='block_1_44' title="bbox 633 2747 2207 2819">
    <p class='ocr_par' dir='ltr' id='par_1_44' title="bbox 633 2747 2207 2819">
     <span class='ocr_line' id='line_1_44' title="bbox 633 2747 2207 2819; baseline 0.003 -19"><span class='ocrx_word' id='word_1_305' title='bbox 633 2747 1064 2816; x_wconf 88' lang='lat' dir='ltr'><strong>haudquaquam</strong></span> <span class='ocrx_word' id='word_1_306' title='bbox 1121 2749 1398 2819; x_wconf 88' lang='lat' dir='ltr'><strong>probanda</strong></span> <span class='ocrx_word' id='word_1_307' title='bbox 1463 2757 1548 2804; x_wconf 87' lang='lat' dir='ltr'><strong>est</strong></span> <span class='ocrx_word' id='word_1_308' title='bbox 1599 2748 1727 2812; x_wconf 90' lang='lat' dir='ltr'><strong>his,</strong></span> <span class='ocrx_word' id='word_1_309' title='bbox 1778 2749 1872 2818; x_wconf 88' lang='lat' dir='ltr'><strong>qui</strong></span> <span class='ocrx_word' id='word_1_310' title='bbox 1919 2764 2064 2804; x_wconf 64' lang='lat' dir='ltr'><strong>veras</strong></span> <span class='ocrx_word' id='word_1_311' title='bbox 2113 2749 2207 2804; x_wconf 89' lang='lat' dir='ltr'><strong>do-</strong></span> 
     </span>
    </p>
   </div>
   <div class='ocr_carea' id='block_1_45' title="bbox 633 2839 2202 2910">
    <p class='ocr_par' dir='ltr' id='par_1_45' title="bbox 633 2839 2202 2910">
     <span class='ocr_line' id='line_1_45' title="bbox 633 2839 2202 2910; baseline 0.001 -18"><span class='ocrx_word' id='word_1_312' title='bbox 633 2839 826 2893; x_wconf 75' lang='lat' dir='ltr'><strong>ctrina:</strong></span> <span class='ocrx_word' id='word_1_313' title='bbox 856 2840 1153 2910; x_wconf 78' lang='lat' dir='ltr'><strong>participes</strong></span> <span class='ocrx_word' id='word_1_314' title='bbox 1203 2851 1349 2905; x_wconf 88' lang='lat' dir='ltr'><strong>sunt,</strong></span> <span class='ocrx_word' id='word_1_315' title='bbox 1402 2840 1718 2910; x_wconf 73' lang='lat' dir='ltr'><strong>huiusmodi</strong></span> <span class='ocrx_word' id='word_1_316' title='bbox 1747 2840 1964 2895; x_wconf 87' lang='lat' dir='ltr'><strong>dilatio.</strong></span> <span class='ocrx_word' id='word_1_317' title='bbox 2005 2840 2202 2895; x_wconf 85' lang='lat' dir='ltr'><strong>Verum</strong></span> 
     </span>
    </p>
   </div>
   <div class='ocr_carea' id='block_1_46' title="bbox 632 2929 2206 3004">
    <p class='ocr_par' dir='ltr' id='par_1_46' title="bbox 632 2929 2206 3004">
     <span class='ocr_line' id='line_1_46' title="bbox 632 2929 2206 3004; baseline 0.004 -24"><span class='ocrx_word' id='word_1_318' title='bbox 632 2929 1092 3000; x_wconf 80' lang='lat' dir='ltr'><strong>quemadmodum</strong></span> <span class='ocrx_word' id='word_1_319' title='bbox 1131 2932 1214 2987; x_wconf 76' lang='lat' dir='ltr'><strong>lex</strong></span> <span class='ocrx_word' id='word_1_320' title='bbox 1249 2932 1476 2999; x_wconf 85' lang='lat' dir='ltr'><strong>Christi,</strong></span> <span class='ocrx_word' id='word_1_321' title='bbox 1509 2933 1626 2988; x_wconf 90' lang='lat' dir='ltr'><strong>vult</strong></span> <span class='ocrx_word' id='word_1_322' title='bbox 1671 2933 1762 2988; x_wconf 91' lang='lat' dir='ltr'><strong>illa</strong></span> <span class='ocrx_word' id='word_1_323' title='bbox 1805 2933 2024 3004; x_wconf 83' lang='lat' dir='ltr'><strong>quidem</strong></span> <span class='ocrx_word' id='word_1_324' title='bbox 2060 2947 2206 3002; x_wconf 72' lang='lat' dir='ltr'><strong>prte-</strong></span> 
     </span>
    </p>
   </div>
   <div class='ocr_carea' id='block_1_47' title="bbox 636 3023 2205 3094">
    <p class='ocr_par' dir='ltr' id='par_1_47' title="bbox 636 3023 2205 3094">
     <span class='ocr_line' id='line_1_47' title="bbox 636 3023 2205 3094; baseline 0.001 -18"><span class='ocrx_word' id='word_1_325' title='bbox 636 3023 798 3091; x_wconf 89' lang='lat' dir='ltr'><strong>cipue</strong></span> <span class='ocrx_word' id='word_1_326' title='bbox 850 3037 951 3078; x_wconf 87' lang='lat' dir='ltr'><strong>nos</strong></span> <span class='ocrx_word' id='word_1_327' title='bbox 998 3023 1225 3079; x_wconf 91' lang='lat' dir='ltr'><strong>omnino</strong></span> <span class='ocrx_word' id='word_1_328' title='bbox 1280 3039 1390 3078; x_wconf 93' lang='lat' dir='ltr'><strong>non</strong></span> <span class='ocrx_word' id='word_1_329' title='bbox 1439 3023 1604 3079; x_wconf 86' lang='lat' dir='ltr'><strong>irasci</strong></span> <span class='ocrx_word' id='word_1_330' title='bbox 1651 3025 1782 3094; x_wconf 91' lang='lat' dir='ltr'><strong>(hoc</strong></span> <span class='ocrx_word' id='word_1_331' title='bbox 1841 3025 1986 3079; x_wconf 87' lang='lat' dir='ltr'><strong>enim</strong></span> <span class='ocrx_word' id='word_1_332' title='bbox 2044 3024 2205 3094; x_wconf 88' lang='lat' dir='ltr'><strong>longe</strong></span> 
     </span>
    </p>
   </div>
   <div class='ocr_carea' id='block_1_48' title="bbox 639 3113 2205 3185">
    <p class='ocr_par' dir='ltr' id='par_1_48' title="bbox 639 3113 2205 3185">
     <span class='ocr_line' id='line_1_48' title="bbox 639 3113 2205 3185; baseline 0.001 -16"><span class='ocrx_word' id='word_1_333' title='bbox 639 3113 977 3170; x_wconf 86' lang='lat' dir='ltr'><strong>tutissimum</strong></span> <span class='ocrx_word' id='word_1_334' title='bbox 1010 3117 1116 3183; x_wconf 89' lang='lat' dir='ltr'><strong>est)</strong></span> <span class='ocrx_word' id='word_1_335' title='bbox 1149 3115 1232 3169; x_wconf 88' lang='lat' dir='ltr'><strong>sin</strong></span> <span class='ocrx_word' id='word_1_336' title='bbox 1266 3127 1446 3170; x_wconf 89' lang='lat' dir='ltr'><strong>autem</strong></span> <span class='ocrx_word' id='word_1_337' title='bbox 1475 3117 1528 3169; x_wconf 93' lang='lat' dir='ltr'><strong>in</strong></span> <span class='ocrx_word' id='word_1_338' title='bbox 1560 3130 1680 3170; x_wconf 90' lang='lat' dir='ltr'><strong>eam</strong></span> <span class='ocrx_word' id='word_1_339' title='bbox 1721 3115 1888 3170; x_wconf 88' lang='lat' dir='ltr'><strong>animi</strong></span> <span class='ocrx_word' id='word_1_340' title='bbox 1913 3115 2205 3185; x_wconf 86' lang='lat' dir='ltr'><strong>perturba-</strong></span> 
     </span>
    </p>
   </div>
   <div class='ocr_carea' id='block_1_49' title="bbox 634 3204 2198 3276">
    <p class='ocr_par' dir='ltr' id='par_1_49' title="bbox 634 3204 2198 3276">
     <span class='ocr_line' id='line_1_49' title="bbox 634 3204 2198 3276; baseline 0.003 -19"><span class='ocrx_word' id='word_1_341' title='bbox 634 3205 839 3259; x_wconf 89' lang='lat' dir='ltr'><strong>tionem</strong></span> <span class='ocrx_word' id='word_1_342' title='bbox 872 3206 1108 3275; x_wconf 85' lang='lat' dir='ltr'><strong>prolapsi</strong></span> <span class='ocrx_word' id='word_1_343' title='bbox 1139 3204 1428 3270; x_wconf 78' lang='lat' dir='ltr'><strong>fuerimus,</strong></span> <span class='ocrx_word' id='word_1_344' title='bbox 1460 3216 1519 3260; x_wconf 92' lang='lat' dir='ltr'><strong>ut</strong></span> <span class='ocrx_word' id='word_1_345' title='bbox 1549 3215 1676 3260; x_wconf 89' lang='lat' dir='ltr'><strong>ante</strong></span> <span class='ocrx_word' id='word_1_346' title='bbox 1696 3220 1980 3276; x_wconf 79' lang='lat' dir='ltr'><strong>vesperam</strong></span> <span class='ocrx_word' id='word_1_347' title='bbox 2008 3207 2198 3262; x_wconf 85' lang='lat' dir='ltr'><strong>saltem</strong></span> 
     </span>
    </p>
   </div>
   <div class='ocr_carea' id='block_1_50' title="bbox 636 3297 2202 3368">
    <p class='ocr_par' dir='ltr' id='par_1_50' title="bbox 636 3297 2202 3368">
     <span class='ocr_line' id='line_1_50' title="bbox 636 3297 2202 3368; baseline 0.001 -19"><span class='ocrx_word' id='word_1_348' title='bbox 636 3297 879 3350; x_wconf 77' lang='lat' dir='ltr'><strong>furorem</strong></span> <span class='ocrx_word' id='word_1_349' title='bbox 935 3299 1365 3368; x_wconf 88' lang='lat' dir='ltr'><strong>comprimamus</strong></span> <span class='ocrx_word' id='word_1_350' title='bbox 1419 3297 1522 3365; x_wconf 77' lang='lat' dir='ltr'><strong>(sol</strong></span> <span class='ocrx_word' id='word_1_351' title='bbox 1589 3297 1776 3364; x_wconf 89' lang='lat' dir='ltr'><strong>enim,</strong></span> <span class='ocrx_word' id='word_1_352' title='bbox 1829 3297 2040 3368; x_wconf 89' lang='lat' dir='ltr'><strong>inquit,</strong></span> <span class='ocrx_word' id='word_1_353' title='bbox 2098 3314 2202 3351; x_wconf 89' lang='lat' dir='ltr'><strong>non</strong></span> 
     </span>
    </p>
   </div>
   <div class='ocr_carea' id='block_1_51' title="bbox 635 3387 2204 3458">
    <p class='ocr_par' dir='ltr' id='par_1_51' title="bbox 635 3387 2204 3458">
     <span class='ocr_line' id='line_1_51' title="bbox 635 3387 2204 3458; baseline -0.002 -16"><span class='ocrx_word' id='word_1_354' title='bbox 635 3389 841 3442; x_wconf 82' lang='lat' dir='ltr'><strong>occidat</strong></span> <span class='ocrx_word' id='word_1_355' title='bbox 885 3405 1042 3458; x_wconf 83' lang='lat' dir='ltr'><strong>super</strong></span> <span class='ocrx_word' id='word_1_356' title='bbox 1086 3388 1428 3441; x_wconf 80' lang='lat' dir='ltr'><strong>iracundiam</strong></span> <span class='ocrx_word' id='word_1_357' title='bbox 1474 3394 1699 3440; x_wconf 84' lang='lat' dir='ltr'><strong>vestram</strong></span> <span class='ocrx_word' id='word_1_358' title='bbox 1727 3387 1796 3452; x_wconf 74' lang='lat'><strong>“,</strong></span> <span class='ocrx_word' id='word_1_359' title='bbox 1834 3387 2204 3455; x_wconf 83' lang='lat' dir='ltr'><strong>temporaliter</strong></span> 
     </span>
    </p>
   </div>
   <div class='ocr_carea' id='block_1_52' title="bbox 636 3477 2204 3550">
    <p class='ocr_par' dir='ltr' id='par_1_52' title="bbox 636 3477 2204 3550">
     <span class='ocr_line' id='line_1_52' title="bbox 636 3477 2204 3550; baseline -0.003 -15"><span class='ocrx_word' id='word_1_360' title='bbox 636 3482 860 3550; x_wconf 86' lang='lat' dir='ltr'><strong>quidem</strong></span> <span class='ocrx_word' id='word_1_361' title='bbox 923 3481 1015 3536; x_wconf 90' lang='lat' dir='ltr'><strong>hic</strong></span> <span class='ocrx_word' id='word_1_362' title='bbox 1073 3479 1155 3535; x_wconf 88' lang='lat' dir='ltr'><strong>sol</strong></span> <span class='ocrx_word' id='word_1_363' title='bbox 1215 3495 1435 3534; x_wconf 89' lang='lat' dir='ltr'><strong>sensum</strong></span> <span class='ocrx_word' id='word_1_364' title='bbox 1483 3492 1742 3542; x_wconf 87' lang='lat' dir='ltr'><strong>movens,</strong></span> <span class='ocrx_word' id='word_1_365' title='bbox 1794 3477 1887 3546; x_wconf 88' lang='lat' dir='ltr'><strong>qui</strong></span> <span class='ocrx_word' id='word_1_366' title='bbox 1943 3477 2204 3545; x_wconf 86' lang='lat' dir='ltr'><strong>temporis</strong></span> 
     </span>
    </p>
   </div>
   <div class='ocr_carea' id='block_1_53' title="bbox 639 3567 2198 3639">
    <p class='ocr_par' dir='ltr' id='par_1_53' title="bbox 639 3567 2198 3639">
     <span class='ocr_line' id='line_1_53' title="bbox 639 3567 2198 3639; baseline -0.002 -15"><span class='ocrx_word' id='word_1_367' title='bbox 639 3587 897 3626; x_wconf 88' lang='lat' dir='ltr'><strong>mensura</strong></span> <span class='ocrx_word' id='word_1_368' title='bbox 927 3579 1012 3625; x_wconf 89' lang='lat' dir='ltr'><strong>est</strong></span> <span class='ocrx_word' id='word_1_369' title='bbox 1042 3588 1056 3624; x_wconf 87' lang='lat'><strong>:</strong></span> <span class='ocrx_word' id='word_1_370' title='bbox 1090 3570 1382 3639; x_wconf 84' lang='lat' dir='ltr'><strong>allegorico</strong></span> <span class='ocrx_word' id='word_1_371' title='bbox 1415 3575 1598 3622; x_wconf 84' lang='lat' dir='ltr'><strong>autem</strong></span> <span class='ocrx_word' id='word_1_372' title='bbox 1628 3582 1792 3622; x_wconf 90' lang='lat' dir='ltr'><strong>sensu</strong></span> <span class='ocrx_word' id='word_1_373' title='bbox 1829 3567 1922 3621; x_wconf 91' lang='lat' dir='ltr'><strong>Sol</strong></span> <span class='ocrx_word' id='word_1_374' title='bbox 1952 3569 2198 3636; x_wconf 77' lang='lat' dir='ltr'><strong>justitize.</strong></span> 
     </span>
    </p>
   </div>
   <div class='ocr_carea' id='block_1_54' title="bbox 638 3657 2204 3729">
    <p class='ocr_par' dir='ltr' id='par_1_54' title="bbox 638 3657 2204 3729">
     <span class='ocr_line' id='line_1_54' title="bbox 638 3657 2204 3729; baseline -0.003 -14"><span class='ocrx_word' id='word_1_375' title='bbox 638 3663 730 3715; x_wconf 90' lang='lat' dir='ltr'><strong>Ille</strong></span> <span class='ocrx_word' id='word_1_376' title='bbox 764 3662 912 3715; x_wconf 90' lang='lat' dir='ltr'><strong>cnim</strong></span> <span class='ocrx_word' id='word_1_377' title='bbox 939 3660 1006 3714; x_wconf 92' lang='lat' dir='ltr'><strong>iis</strong></span> <span class='ocrx_word' id='word_1_378' title='bbox 1042 3660 1137 3729; x_wconf 89' lang='lat' dir='ltr'><strong>qui</strong></span> <span class='ocrx_word' id='word_1_379' title='bbox 1169 3658 1368 3714; x_wconf 82' lang='lat' dir='ltr'><strong>mentis</strong></span> <span class='ocrx_word' id='word_1_380' title='bbox 1396 3672 1590 3713; x_wconf 86' lang='lat' dir='ltr'><strong>errore</strong></span> <span class='ocrx_word' id='word_1_381' title='bbox 1616 3657 1950 3720; x_wconf 72' lang='lat' dir='ltr'><strong>adiciuntur,</strong></span> <span class='ocrx_word' id='word_1_382' title='bbox 1983 3657 2204 3720; x_wconf 89' lang='lat' dir='ltr'><strong>occidit,</strong></span> 
     </span>
    </p>
   </div>
   <div class='ocr_carea' id='block_1_55' title="bbox 636 3748 2208 3821">
    <p class='ocr_par' dir='ltr' id='par_1_55' title="bbox 636 3748 2208 3821">
     <span class='ocr_line' id='line_1_55' title="bbox 636 3748 2208 3821; baseline -0.002 -16"><span class='ocrx_word' id='word_1_383' title='bbox 636 3762 697 3805; x_wconf 93' lang='lat' dir='ltr'><strong>ut</strong></span> <span class='ocrx_word' id='word_1_384' title='bbox 731 3762 918 3806; x_wconf 90' lang='lat' dir='ltr'><strong>contra</strong></span> <span class='ocrx_word' id='word_1_385' title='bbox 947 3751 1154 3821; x_wconf 88' lang='lat' dir='ltr'><strong>optimo</strong></span> <span class='ocrx_word' id='word_1_386' title='bbox 1179 3765 1243 3805; x_wconf 89' lang='lat' dir='ltr'><strong>ac</strong></span> <span class='ocrx_word' id='word_1_387' title='bbox 1278 3748 1739 3819; x_wconf 82' lang='lat' dir='ltr'><strong>praestantissimo</strong></span> <span class='ocrx_word' id='word_1_388' title='bbox 1768 3749 1970 3818; x_wconf 90' lang='lat' dir='ltr'><strong>cuique</strong></span> <span class='ocrx_word' id='word_1_389' title='bbox 2015 3749 2208 3802; x_wconf 72' lang='lat' dir='ltr'><strong>illuce-</strong></span> 
     </span>
    </p>
   </div>
   <div class='ocr_carea' id='block_1_56' title="bbox 637 3839 2202 3916">
    <p class='ocr_par' dir='ltr' id='par_1_56' title="bbox 637 3839 2202 3916">
     <span class='ocr_line' id='line_1_56' title="bbox 637 3839 2202 3916; baseline -0.004 -15"><span class='ocrx_word' id='word_1_390' title='bbox 637 3845 804 3916; x_wconf 88' lang='lat' dir='ltr'><strong>scit);</strong></span> <span class='ocrx_word' id='word_1_391' title='bbox 860 3844 928 3899; x_wconf 89' lang='lat' dir='ltr'><strong>ad</strong></span> <span class='ocrx_word' id='word_1_392' title='bbox 974 3844 1122 3899; x_wconf 87' lang='lat' dir='ltr'><strong>hunc</strong></span> <span class='ocrx_word' id='word_1_393' title='bbox 1186 3857 1402 3912; x_wconf 87' lang='lat' dir='ltr'><strong>quoque</strong></span> <span class='ocrx_word' id='word_1_394' title='bbox 1455 3839 1679 3895; x_wconf 89' lang='lat' dir='ltr'><strong>modum</strong></span> <span class='ocrx_word' id='word_1_395' title='bbox 1735 3841 1850 3894; x_wconf 77' lang='lat' dir='ltr'><strong>hzec</strong></span> <span class='ocrx_word' id='word_1_396' title='bbox 1897 3839 2202 3910; x_wconf 86' lang='lat' dir='ltr'><strong>spiritualis</strong></span> 
     </span>
    </p>
   </div>
   <div class='ocr_carea' id='block_1_57' title="bbox 633 3934 2207 4005">
    <p class='ocr_par' dir='ltr' id='par_1_57' title="bbox 633 3934 2207 4005">
     <span class='ocr_line' id='line_1_57' title="bbox 633 3934 2207 4005; baseline -0.006 -12"><span class='ocrx_word' id='word_1_397' title='bbox 633 3953 794 4005; x_wconf 83' lang='lat' dir='ltr'><strong>esca,</strong></span> <span class='ocrx_word' id='word_1_398' title='bbox 842 3938 895 3992; x_wconf 89' lang='lat' dir='ltr'><strong>id</strong></span> <span class='ocrx_word' id='word_1_399' title='bbox 937 3947 1052 4004; x_wconf 90' lang='lat' dir='ltr'><strong>est,</strong></span> <span class='ocrx_word' id='word_1_400' title='bbox 1131 3936 1441 3991; x_wconf 88' lang='lat' dir='ltr'><strong>Christiana</strong></span> <span class='ocrx_word' id='word_1_401' title='bbox 1491 3934 1775 3998; x_wconf 84' lang='lat' dir='ltr'><strong>doctrina,</strong></span> <span class='ocrx_word' id='word_1_402' title='bbox 1823 3934 1878 3987; x_wconf 90' lang='lat' dir='ltr'><strong>in</strong></span> <span class='ocrx_word' id='word_1_403' title='bbox 1929 3942 2207 4000; x_wconf 88' lang='lat' dir='ltr'><strong>posterum</strong></span> 
     </span>
    </p>
   </div>
   <div class='ocr_carea' id='block_1_58' title="bbox 637 4022 2208 4091">
    <p class='ocr_par' dir='ltr' id='par_1_58' title="bbox 637 4022 2208 4091">
     <span class='ocr_line' id='line_1_58' title="bbox 637 4022 2208 4091; baseline -0.003 -9"><span class='ocrx_word' id='word_1_404' title='bbox 637 4030 784 4082; x_wconf 87' lang='lat' dir='ltr'><strong>diem</strong></span> <span class='ocrx_word' id='word_1_405' title='bbox 819 4028 1044 4082; x_wconf 90' lang='lat' dir='ltr'><strong>minime</strong></span> <span class='ocrx_word' id='word_1_406' title='bbox 1075 4027 1406 4082; x_wconf 86' lang='lat' dir='ltr'><strong>reservanda</strong></span> <span class='ocrx_word' id='word_1_407' title='bbox 1437 4035 1546 4091; x_wconf 87' lang='lat' dir='ltr'><strong>est,</strong></span> <span class='ocrx_word' id='word_1_408' title='bbox 1592 4039 1782 4080; x_wconf 89' lang='lat' dir='ltr'><strong>verum</strong></span> <span class='ocrx_word' id='word_1_409' title='bbox 1821 4023 1970 4077; x_wconf 88' lang='lat' dir='ltr'><strong>illico</strong></span> <span class='ocrx_word' id='word_1_410' title='bbox 2009 4022 2208 4078; x_wconf 87' lang='lat' dir='ltr'><strong>admit-</strong></span> 
     </span>
    </p>
   </div>
   <div class='ocr_carea' id='block_1_59' title="bbox 637 4116 2210 4185">
    <p class='ocr_par' dir='ltr' id='par_1_59' title="bbox 637 4116 2210 4185">
     <span class='ocr_line' id='line_1_59' title="bbox 637 4116 2210 4185; baseline -0.004 -10"><span class='ocrx_word' id='word_1_411' title='bbox 637 4120 823 4175; x_wconf 78' lang='lat' dir='ltr'><strong>tenda.</strong></span> <span class='ocrx_word' id='word_1_412' title='bbox 881 4119 1050 4174; x_wconf 84' lang='lat' dir='ltr'><strong>Porro</strong></span> <span class='ocrx_word' id='word_1_413' title='bbox 1098 4121 1213 4174; x_wconf 63' lang='lat' dir='ltr'><strong>haec</strong></span> <span class='ocrx_word' id='word_1_414' title='bbox 1253 4120 1414 4174; x_wconf 83' lang='lat' dir='ltr'><strong>verba</strong></span> <span class='ocrx_word' id='word_1_415' title='bbox 1451 4136 1466 4174; x_wconf 90' lang='lat'><strong>:</strong></span> <span class='ocrx_word' id='word_1_416' title='bbox 1505 4116 1630 4172; x_wconf 89' lang='lat' dir='ltr'><strong>Non</strong></span> <span class='ocrx_word' id='word_1_417' title='bbox 1686 4116 1992 4185; x_wconf 78' lang='lat' dir='ltr'><strong>relinquetis</strong></span> <span class='ocrx_word' id='word_1_418' title='bbox 2038 4131 2104 4169; x_wconf 70' lang='lat' dir='ltr'><strong>ex</strong></span> <span class='ocrx_word' id='word_1_419' title='bbox 2150 4130 2210 4168; x_wconf 81' lang='lat' dir='ltr'><strong>eo</strong></span> 
     </span>
    </p>
   </div>
   <div class='ocr_carea' id='block_1_60' title="bbox 637 4210 2211 4283">
    <p class='ocr_par' dir='ltr' id='par_1_60' title="bbox 637 4210 2211 4283">
     <span class='ocr_line' id='line_1_60' title="bbox 637 4210 2211 4283; baseline -0.003 -16"><span class='ocrx_word' id='word_1_420' title='bbox 637 4230 798 4283; x_wconf 86' lang='lat' dir='ltr'><strong>usque</strong></span> <span class='ocrx_word' id='word_1_421' title='bbox 831 4214 1076 4278; x_wconf 85' lang='lat' dir='ltr'><strong>mane,D.</strong></span> <span class='ocrx_word' id='word_1_422' title='bbox 1105 4212 1308 4268; x_wconf 87' lang='lat' dir='ltr'><strong>Paulus</strong></span> <span class='ocrx_word' id='word_1_423' title='bbox 1334 4211 1793 4268; x_wconf 78' lang='lat' dir='ltr'><strong>excellentissime</strong></span> <span class='ocrx_word' id='word_1_424' title='bbox 1824 4210 2211 4277; x_wconf 82' lang='lat' dir='ltr'><strong>interpretatur</strong></span> 
     </span>
    </p>
   </div>
   <div class='ocr_carea' id='block_1_61' title="bbox 636 4299 2210 4374">
    <p class='ocr_par' dir='ltr' id='par_1_61' title="bbox 636 4299 2210 4374">
     <span class='ocr_line' id='line_1_61' title="bbox 636 4299 2210 4374; baseline -0.005 -15"><span class='ocrx_word' id='word_1_425' title='bbox 636 4306 847 4370; x_wconf 71' lang='lat' dir='ltr'><strong>dicens,</strong></span> <span class='ocrx_word' id='word_1_426' title='bbox 890 4304 1184 4360; x_wconf 65' lang='lat' dir='ltr'><strong>Dominica:</strong></span> <span class='ocrx_word' id='word_1_427' title='bbox 1225 4303 1497 4374; x_wconf 87' lang='lat' dir='ltr'><strong>passionis</strong></span> <span class='ocrx_word' id='word_1_428' title='bbox 1544 4299 2116 4356; x_wconf 86' lang='lat' dir='ltr'><strong>commemorationem</strong></span> <span class='ocrx_word' id='word_1_429' title='bbox 2177 4311 2210 4351; x_wconf 87' lang='lat' dir='ltr'><strong>a</strong></span> 
     </span>
    </p>
   </div>
   <div class='ocr_carea' id='block_1_62' title="bbox 639 4386 2208 4460">
    <p class='ocr_par' dir='ltr' id='par_1_62' title="bbox 639 4386 2208 4460">
     <span class='ocr_line' id='line_1_62' title="bbox 639 4386 2208 4460; baseline -0.006 -10"><span class='ocrx_word' id='word_1_430' title='bbox 639 4397 800 4452; x_wconf 78' lang='lat' dir='ltr'><strong>nobis</strong></span> <span class='ocrx_word' id='word_1_431' title='bbox 839 4397 977 4460; x_wconf 87' lang='lat' dir='ltr'><strong>ﬁeri,</strong></span> <span class='ocrx_word' id='word_1_432' title='bbox 1012 4397 1190 4451; x_wconf 89' lang='lat' dir='ltr'><strong>donec</strong></span> <span class='ocrx_word' id='word_1_433' title='bbox 1214 4395 1401 4450; x_wconf 88' lang='lat' dir='ltr'><strong>veniat</strong></span> <span class='ocrx_word' id='word_1_434' title='bbox 1423 4396 1492 4460; x_wconf 84' lang='grc'><strong>⁸⁸,</strong></span> <span class='ocrx_word' id='word_1_435' title='bbox 1526 4393 1632 4447; x_wconf 87' lang='lat' dir='ltr'><strong>hoc</strong></span> <span class='ocrx_word' id='word_1_436' title='bbox 1658 4400 1765 4456; x_wconf 89' lang='lat' dir='ltr'><strong>est,</strong></span> <span class='ocrx_word' id='word_1_437' title='bbox 1796 4405 1895 4444; x_wconf 90' lang='lat' dir='ltr'><strong>nos</strong></span> <span class='ocrx_word' id='word_1_438' title='bbox 1938 4386 2208 4458; x_wconf 76' lang='lat' dir='ltr'><strong>baptizari</strong></span> 
     </span>
    </p>
   </div>
   <div class='ocr_carea' id='block_1_63' title="bbox 2306 1927 3910 2000">
    <p class='ocr_par' dir='ltr' id='par_1_63' title="bbox 2306 1927 3910 2000">
     <span class='ocr_line' id='line_1_63' title="bbox 2306 1927 3910 2000; baseline -0.002 -15"><span class='ocrx_word' id='word_1_439' title='bbox 2306 1939 2600 1986; x_wconf 86' lang='lat' dir='ltr'><strong>vertentes.</strong></span> <span class='ocrx_word' id='word_1_440' title='bbox 2655 1933 2828 1998; x_wconf 82' lang='lat' dir='ltr'><strong>Atque</strong></span> <span class='ocrx_word' id='word_1_441' title='bbox 2897 1931 2984 1985; x_wconf 92' lang='lat' dir='ltr'><strong>hic</strong></span> <span class='ocrx_word' id='word_1_442' title='bbox 3035 1944 3255 2000; x_wconf 89' lang='lat' dir='ltr'><strong>quoque</strong></span> <span class='ocrx_word' id='word_1_443' title='bbox 3307 1927 3650 1996; x_wconf 84' lang='lat' dir='ltr'><strong>Theologus</strong></span> <span class='ocrx_word' id='word_1_444' title='bbox 3711 1944 3910 1981; x_wconf 70' lang='lat' dir='ltr'><strong>sum</strong></span> 
     </span>
    </p>
   </div>
   <div class='ocr_carea' id='block_1_64' title="bbox 2305 2019 3902 2087">
    <p class='ocr_par' dir='ltr' id='par_1_64' title="bbox 2305 2019 3902 2087">
     <span class='ocr_line' id='line_1_64' title="bbox 2305 2019 3902 2087; baseline -0.002 -8"><span class='ocrx_word' id='word_1_445' title='bbox 2305 2037 2465 2079; x_wconf 86' lang='lat' dir='ltr'><strong>suum</strong></span> <span class='ocrx_word' id='word_1_446' title='bbox 2491 2023 2701 2077; x_wconf 88' lang='lat' dir='ltr'><strong>retinet.</strong></span> <span class='ocrx_word' id='word_1_447' title='bbox 2723 2021 2852 2076; x_wconf 85' lang='lat' dir='ltr'><strong>Nam</strong></span> <span class='ocrx_word' id='word_1_448' title='bbox 2877 2038 2997 2077; x_wconf 88' lang='lat' dir='ltr'><strong>cum</strong></span> <span class='ocrx_word' id='word_1_449' title='bbox 3021 2022 3247 2076; x_wconf 73' lang='lat' dir='ltr'><strong>dixisset</strong></span> <span class='ocrx_word' id='word_1_450' title='bbox 3275 2038 3288 2075; x_wconf 92' lang='lat'>:</span> <span class='ocrx_word' id='word_1_451' title='bbox 3323 2019 3627 2087; x_wconf 83' lang='lat' dir='ltr'><strong>Quidquid</strong></span> <span class='ocrx_word' id='word_1_452' title='bbox 3667 2036 3902 2076; x_wconf 69' lang='lat' dir='ltr'><strong>osse-nm.</strong></span> 
     </span>
    </p>
   </div>
   <div class='ocr_carea' id='block_1_65' title="bbox 2305 2108 3900 2180">
    <p class='ocr_par' dir='ltr' id='par_1_65' title="bbox 2305 2108 3900 2180">
     <span class='ocr_line' id='line_1_65' title="bbox 2305 2108 3900 2180; baseline -0.004 -14"><span class='ocrx_word' id='word_1_453' title='bbox 2305 2112 2373 2166; x_wconf 91' lang='lat' dir='ltr'><strong>ad</strong></span> <span class='ocrx_word' id='word_1_454' title='bbox 2407 2112 2572 2180; x_wconf 86' lang='lat' dir='ltr'><strong>hujus</strong></span> <span class='ocrx_word' id='word_1_455' title='bbox 2613 2111 2759 2165; x_wconf 85' lang='lat' dir='ltr'><strong>verbi</strong></span> <span class='ocrx_word' id='word_1_456' title='bbox 2792 2111 3212 2166; x_wconf 86' lang='lat' dir='ltr'><strong>declarationem</strong></span> <span class='ocrx_word' id='word_1_457' title='bbox 3246 2109 3576 2176; x_wconf 75' lang='lat' dir='ltr'><strong>subjunxit:</strong></span> <span class='ocrx_word' id='word_1_458' title='bbox 3627 2108 3796 2174; x_wconf 83' lang='lat' dir='ltr'><strong>Quod</strong></span> <span class='ocrx_word' id='word_1_459' title='bbox 3829 2112 3900 2161; x_wconf 66' lang='lat' dir='ltr'><strong>ed:</strong></span> 
     </span>
    </p>
   </div>
   <div class='ocr_carea' id='block_1_66' title="bbox 2307 2200 3900 2270">
    <p class='ocr_par' dir='ltr' id='par_1_66' title="bbox 2307 2200 3900 2270">
     <span class='ocr_line' id='line_1_66' title="bbox 2307 2200 3900 2270; baseline -0.001 -16"><span class='ocrx_word' id='word_1_460' title='bbox 2307 2200 2541 2270; x_wconf 89' lang='lat' dir='ltr'><strong>nequit;</strong></span> <span class='ocrx_word' id='word_1_461' title='bbox 2602 2200 2764 2270; x_wconf 88' lang='lat' dir='ltr'><strong>idque</strong></span> <span class='ocrx_word' id='word_1_462' title='bbox 2828 2201 2994 2255; x_wconf 88' lang='lat' dir='ltr'><strong>etiam</strong></span> <span class='ocrx_word' id='word_1_463' title='bbox 3059 2215 3254 2254; x_wconf 89' lang='lat' dir='ltr'><strong>rursus</strong></span> <span class='ocrx_word' id='word_1_464' title='bbox 3308 2200 3743 2268; x_wconf 83' lang='lat' dir='ltr'><strong>interpretatus</strong></span> <span class='ocrx_word' id='word_1_465' title='bbox 3799 2212 3900 2264; x_wconf 78' lang='lat' dir='ltr'><strong>(st,</strong></span> 
     </span>
    </p>
   </div>
   <div class='ocr_carea' id='block_1_67' title="bbox 2306 2291 3897 2360">
    <p class='ocr_par' dir='ltr' id='par_1_67' title="bbox 2306 2291 3897 2360">
     <span class='ocr_line' id='line_1_67' title="bbox 2306 2291 3897 2360; baseline -0.003 -14"><span class='ocrx_word' id='word_1_466' title='bbox 2306 2291 2658 2346; x_wconf 86' lang='lat' dir='ltr'><strong>subnectens:</strong></span> <span class='ocrx_word' id='word_1_467' title='bbox 2687 2291 2797 2346; x_wconf 84' lang='lat' dir='ltr'><strong>Nec</strong></span> <span class='ocrx_word' id='word_1_468' title='bbox 2831 2293 3007 2347; x_wconf 90' lang='lat' dir='ltr'><strong>oculis</strong></span> <span class='ocrx_word' id='word_1_469' title='bbox 3041 2292 3236 2345; x_wconf 89' lang='lat' dir='ltr'><strong>mentis</strong></span> <span class='ocrx_word' id='word_1_470' title='bbox 3268 2291 3588 2360; x_wconf 85' lang='lat' dir='ltr'><strong>pervideri.</strong></span> <span class='ocrx_word' id='word_1_471' title='bbox 3631 2293 3897 2357; x_wconf 64' lang='lat' dir='ltr'><strong>Quaecun-</strong></span> 
     </span>
    </p>
   </div>
   <div class='ocr_carea' id='block_1_68' title="bbox 2305 2381 3890 2452">
    <p class='ocr_par' dir='ltr' id='par_1_68' title="bbox 2305 2381 3890 2452">
     <span class='ocr_line' id='line_1_68' title="bbox 2305 2381 3890 2452; baseline 0.001 -18"><span class='ocrx_word' id='word_1_472' title='bbox 2305 2395 2414 2449; x_wconf 89' lang='lat' dir='ltr'><strong>que</strong></span> <span class='ocrx_word' id='word_1_473' title='bbox 2449 2381 2639 2451; x_wconf 85' lang='lat' dir='ltr'><strong>igitur.</strong></span> <span class='ocrx_word' id='word_1_474' title='bbox 2676 2381 2878 2450; x_wconf 87' lang='lat' dir='ltr'><strong>inquit,</strong></span> <span class='ocrx_word' id='word_1_475' title='bbox 2908 2383 3159 2452; x_wconf 77' lang='lat' dir='ltr'><strong>dogmata</strong></span> <span class='ocrx_word' id='word_1_476' title='bbox 3204 2382 3405 2435; x_wconf 87' lang='lat' dir='ltr'><strong>mentis</strong></span> <span class='ocrx_word' id='word_1_477' title='bbox 3464 2393 3711 2450; x_wconf 86' lang='lat' dir='ltr'><strong>captum</strong></span> <span class='ocrx_word' id='word_1_478' title='bbox 3746 2399 3890 2436; x_wconf 78' lang='lat' dir='ltr'><strong>exce-</strong></span> 
     </span>
    </p>
   </div>
   <div class='ocr_carea' id='block_1_69' title="bbox 2304 2472 3894 2538">
    <p class='ocr_par' dir='ltr' id='par_1_69' title="bbox 2304 2472 3894 2538">
     <span class='ocr_line' id='line_1_69' title="bbox 2304 2472 3894 2538; baseline -0.001 -11"><span class='ocrx_word' id='word_1_479' title='bbox 2304 2472 2467 2538; x_wconf 91' lang='lat' dir='ltr'><strong>dunt,</strong></span> <span class='ocrx_word' id='word_1_480' title='bbox 2509 2488 2575 2527; x_wconf 91' lang='lat' dir='ltr'><strong>ac</strong></span> <span class='ocrx_word' id='word_1_481' title='bbox 2616 2473 2790 2526; x_wconf 87' lang='lat' dir='ltr'><strong>solida</strong></span> <span class='ocrx_word' id='word_1_482' title='bbox 2820 2480 2874 2526; x_wconf 90' lang='lat' dir='ltr'><strong>et</strong></span> <span class='ocrx_word' id='word_1_483' title='bbox 2921 2473 3134 2527; x_wconf 87' lang='lat' dir='ltr'><strong>occulta</strong></span> <span class='ocrx_word' id='word_1_484' title='bbox 3184 2483 3335 2536; x_wconf 91' lang='lat' dir='ltr'><strong>sunt,</strong></span> <span class='ocrx_word' id='word_1_485' title='bbox 3371 2487 3437 2526; x_wconf 83' lang='lat' dir='ltr'><strong>ca</strong></span> <span class='ocrx_word' id='word_1_486' title='bbox 3487 2489 3612 2527; x_wconf 89' lang='lat' dir='ltr'><strong>non</strong></span> <span class='ocrx_word' id='word_1_487' title='bbox 3661 2474 3894 2528; x_wconf 76' lang='lat' dir='ltr'><strong>confrin-</strong></span> 
     </span>
    </p>
   </div>
   <div class='ocr_carea' id='block_1_70' title="bbox 2305 2564 3888 2638">
    <p class='ocr_par' dir='ltr' id='par_1_70' title="bbox 2305 2564 3888 2638">
     <span class='ocr_line' id='line_1_70' title="bbox 2305 2564 3888 2638; baseline -0.002 -18"><span class='ocrx_word' id='word_1_488' title='bbox 2305 2574 2504 2636; x_wconf 78' lang='lat' dir='ltr'><strong>gentur</strong></span> <span class='ocrx_word' id='word_1_489' title='bbox 2537 2565 2972 2638; x_wconf 73' lang='lat' dir='ltr'><strong>(oculi-ingeritur</strong></span> <span class='ocrx_word' id='word_1_490' title='bbox 3006 2574 3215 2630; x_wconf 87' lang='lat' dir='ltr'><strong>autem,</strong></span> <span class='ocrx_word' id='word_1_491' title='bbox 3261 2564 3306 2619; x_wconf 84' lang='lat' dir='ltr'><strong>si</strong></span> <span class='ocrx_word' id='word_1_492' title='bbox 3342 2565 3494 2619; x_wconf 85' lang='lat' dir='ltr'><strong>male</strong></span> <span class='ocrx_word' id='word_1_493' title='bbox 3545 2566 3888 2626; x_wconf 80' lang='lat' dir='ltr'><strong>dividantur.</strong></span> 
     </span>
    </p>
   </div>
   <div class='ocr_carea' id='block_1_71' title="bbox 2309 2654 3890 2727">
    <p class='ocr_par' dir='ltr' id='par_1_71' title="bbox 2309 2654 3890 2727">
     <span class='ocr_line' id='line_1_71' title="bbox 2309 2654 3890 2727; baseline -0.002 -15"><span class='ocrx_word' id='word_1_494' title='bbox 2309 2657 2415 2712; x_wconf 92' lang='lat' dir='ltr'><strong>hoc</strong></span> <span class='ocrx_word' id='word_1_495' title='bbox 2463 2666 2570 2720; x_wconf 87' lang='lat' dir='ltr'><strong>est.</strong></span> <span class='ocrx_word' id='word_1_496' title='bbox 2619 2654 3048 2727; x_wconf 81' lang='lat' dir='ltr'><strong>intelligantur);</strong></span> <span class='ocrx_word' id='word_1_497' title='bbox 3078 2664 3246 2724; x_wconf 90' lang='lat' dir='ltr'><strong>atque</strong></span> <span class='ocrx_word' id='word_1_498' title='bbox 3297 2655 3440 2710; x_wconf 89' lang='lat' dir='ltr'><strong>adeo</strong></span> <span class='ocrx_word' id='word_1_499' title='bbox 3490 2672 3605 2712; x_wconf 85' lang='lat' dir='ltr'><strong>nec</strong></span> <span class='ocrx_word' id='word_1_500' title='bbox 3667 2659 3890 2726; x_wconf 72' lang='lat' dir='ltr'><strong>indignis</strong></span> 
     </span>
    </p>
   </div>
   <div class='ocr_carea' id='block_1_72' title="bbox 2307 2746 3893 2817">
    <p class='ocr_par' dir='ltr' id='par_1_72' title="bbox 2307 2746 3893 2817">
     <span class='ocr_line' id='line_1_72' title="bbox 2307 2746 3893 2817; baseline -0.001 -15"><span class='ocrx_word' id='word_1_501' title='bbox 2307 2747 2625 2803; x_wconf 89' lang='lat' dir='ltr'><strong>hominibus</strong></span> <span class='ocrx_word' id='word_1_502' title='bbox 2653 2748 2719 2802; x_wconf 91' lang='lat' dir='ltr'><strong>ad</strong></span> <span class='ocrx_word' id='word_1_503' title='bbox 2743 2746 3192 2816; x_wconf 88' lang='lat' dir='ltr'><strong>dljudicationem</strong></span> <span class='ocrx_word' id='word_1_504' title='bbox 3223 2747 3618 2817; x_wconf 85' lang='lat' dir='ltr'><strong>porrigentur,</strong></span> <span class='ocrx_word' id='word_1_505' title='bbox 3653 2764 3688 2802; x_wconf 88' lang='lat' dir='ltr'><strong>a</strong></span> <span class='ocrx_word' id='word_1_506' title='bbox 3715 2748 3893 2814; x_wconf 73' lang='lat' dir='ltr'><strong>quibus</strong></span> 
     </span>
    </p>
   </div>
   <div class='ocr_carea' id='block_1_73' title="bbox 2306 2840 3894 2909">
    <p class='ocr_par' dir='ltr' id='par_1_73' title="bbox 2306 2840 3894 2909">
     <span class='ocr_line' id='line_1_73' title="bbox 2306 2840 3894 2909; baseline 0.001 -15"><span class='ocrx_word' id='word_1_507' title='bbox 2306 2840 2702 2905; x_wconf 87' lang='lat' dir='ltr'><strong>distrahentur,</strong></span> <span class='ocrx_word' id='word_1_508' title='bbox 2754 2855 2860 2894; x_wconf 92' lang='lat' dir='ltr'><strong>non</strong></span> <span class='ocrx_word' id='word_1_509' title='bbox 2906 2854 3065 2895; x_wconf 89' lang='lat' dir='ltr'><strong>secus</strong></span> <span class='ocrx_word' id='word_1_510' title='bbox 3114 2847 3280 2908; x_wconf 91' lang='lat' dir='ltr'><strong>atque</strong></span> <span class='ocrx_word' id='word_1_511' title='bbox 3328 2855 3413 2902; x_wconf 86' lang='lat' dir='ltr'><strong>os.</strong></span> <span class='ocrx_word' id='word_1_512' title='bbox 3466 2842 3628 2909; x_wconf 87' lang='lat' dir='ltr'><strong>quod</strong></span> <span class='ocrx_word' id='word_1_513' title='bbox 3678 2843 3894 2896; x_wconf 69' lang='lat' dir='ltr'><strong>canibus</strong></span> 
     </span>
    </p>
   </div>
   <div class='ocr_carea' id='block_1_74' title="bbox 2305 2931 3896 3003">
    <p class='ocr_par' dir='ltr' id='par_1_74' title="bbox 2305 2931 3896 3003">
     <span class='ocr_line' id='line_1_74' title="bbox 2305 2931 3896 3003; baseline -0.001 -17"><span class='ocrx_word' id='word_1_514' title='bbox 2305 2933 2633 3003; x_wconf 86' lang='lat' dir='ltr'><strong>projicitur,</strong></span> <span class='ocrx_word' id='word_1_515' title='bbox 2702 2932 3159 3000; x_wconf 84' lang='lat' dir='ltr'><strong>quemadmodum</strong></span> <span class='ocrx_word' id='word_1_516' title='bbox 3216 2932 3293 2985; x_wconf 90' lang='lat' dir='ltr'><strong>ait</strong></span> <span class='ocrx_word' id='word_1_517' title='bbox 3343 2931 3615 2988; x_wconf 87' lang='lat' dir='ltr'><strong>Christus</strong></span> <span class='ocrx_word' id='word_1_518' title='bbox 3648 2947 3668 2986; x_wconf 85' lang='lat'><strong>:</strong></span> <span class='ocrx_word' id='word_1_519' title='bbox 3729 2933 3896 2987; x_wconf 65' lang='lat' dir='ltr'><strong>Nam:</strong></span> 
     </span>
    </p>
   </div>
   <div class='ocr_carea' id='block_1_75' title="bbox 2306 3025 3892 3096">
    <p class='ocr_par' dir='ltr' id='par_1_75' title="bbox 2306 3025 3892 3096">
     <span class='ocr_line' id='line_1_75' title="bbox 2306 3025 3892 3096; baseline 0.001 -18"><span class='ocrx_word' id='word_1_520' title='bbox 2306 3025 2435 3078; x_wconf 84' lang='lat' dir='ltr'><strong>dare</strong></span> <span class='ocrx_word' id='word_1_521' title='bbox 2467 3037 2709 3080; x_wconf 85' lang='lat' dir='ltr'><strong>sanctum</strong></span> <span class='ocrx_word' id='word_1_522' title='bbox 2740 3026 2978 3090; x_wconf 76' lang='lat' dir='ltr'><strong>canibus,</strong></span> <span class='ocrx_word' id='word_1_523' title='bbox 3013 3041 3106 3079; x_wconf 84' lang='lat' dir='ltr'><strong>nec</strong></span> <span class='ocrx_word' id='word_1_524' title='bbox 3135 3025 3384 3094; x_wconf 85' lang='lat' dir='ltr'><strong>projicite</strong></span> <span class='ocrx_word' id='word_1_525' title='bbox 3413 3030 3763 3096; x_wconf 81' lang='lat' dir='ltr'><strong>margaritas</strong></span> <span class='ocrx_word' id='word_1_526' title='bbox 3785 3038 3892 3079; x_wconf 67' lang='lat' dir='ltr'><strong>ante</strong></span> 
     </span>
    </p>
   </div>
   <div class='ocr_carea' id='block_1_76' title="bbox 2231 3116 3892 3230">
    <p class='ocr_par' dir='ltr' id='par_1_76' title="bbox 2231 3116 3892 3230">
     <span class='ocr_line' id='line_1_76' title="bbox 2231 3116 3892 3230; baseline -0.001 -58"><span class='ocrx_word' id='word_1_527' title='bbox 2231 3165 2280 3230; x_wconf 66' lang='grc' dir='ltr'>ϐ</span> <span class='ocrx_word' id='word_1_528' title='bbox 2308 3135 2496 3186; x_wconf 75' lang='lat' dir='ltr'><strong>porcos</strong></span> <span class='ocrx_word' id='word_1_529' title='bbox 2519 3118 2587 3181; x_wconf 82' lang='lat'><strong>&quot;,</strong></span> <span class='ocrx_word' id='word_1_530' title='bbox 2615 3119 2719 3173; x_wconf 86' lang='lat' dir='ltr'><strong>hoc</strong></span> <span class='ocrx_word' id='word_1_531' title='bbox 2747 3126 2851 3179; x_wconf 89' lang='lat' dir='ltr'><strong>est,</strong></span> <span class='ocrx_word' id='word_1_532' title='bbox 2887 3116 2964 3171; x_wconf 83' lang='lat' dir='ltr'><strong>Ne</strong></span> <span class='ocrx_word' id='word_1_533' title='bbox 3002 3118 3124 3172; x_wconf 88' lang='lat' dir='ltr'><strong>lidei</strong></span> <span class='ocrx_word' id='word_1_534' title='bbox 3163 3118 3424 3187; x_wconf 81' lang='lat' dir='ltr'><strong>mysteria</strong></span> <span class='ocrx_word' id='word_1_535' title='bbox 3449 3119 3892 3188; x_wconf 84' lang='lat' dir='ltr'><strong>discerptaribus</strong></span> 
     </span>
     <span class='ocr_line' id='line_1_77' title="bbox 2309 3209 3885 3230; baseline -0.001 0"><span class='ocrx_word' id='word_1_536' title='bbox 2309 3210 2493 3230; x_wconf 31' lang='lat' dir='ltr'><strong>tum</strong></span> <span class='ocrx_word' id='word_1_537' title='bbox 2533 3211 2574 3230; x_wconf 71' lang='grc' dir='ltr'><strong>ε,</strong></span> <span class='ocrx_word' id='word_1_538' title='bbox 2616 3211 2959 3230; x_wconf 31' lang='lat' dir='ltr'><strong>eumn“..-</strong></span> <span class='ocrx_word' id='word_1_539' title='bbox 3018 3224 3116 3230; x_wconf 62' lang='grc' dir='ltr'><strong>,η</strong></span> <span class='ocrx_word' id='word_1_540' title='bbox 3153 3209 3491 3230; x_wconf 39' lang='grc'><strong>.,,,,,.-“.-*-</strong></span> <span class='ocrx_word' id='word_1_541' title='bbox 3538 3224 3599 3230; x_wconf 74' lang='lat'><strong>--</strong></span> <span class='ocrx_word' id='word_1_542' title='bbox 3655 3209 3885 3230; x_wconf 37' lang='grc' dir='ltr'><strong>,πεμῄ</strong></span> 
     </span>
    </p>
   </div>
   <div class='ocr_carea' id='block_1_77' title="bbox 2308 3209 3890 3273">
    <p class='ocr_par' dir='ltr' id='par_1_77' title="bbox 2308 3209 3890 3273">
     <span class='ocr_line' id='line_1_78' title="bbox 2308 3209 3890 3273; baseline -0.001 -9"><span class='ocrx_word' id='word_1_543' title='bbox 2308 3210 2579 3266; x_wconf 70' lang='lat' dir='ltr'><strong>haereticis</strong></span> <span class='ocrx_word' id='word_1_544' title='bbox 2608 3211 2982 3273; x_wconf 84' lang='lat' dir='ltr'><strong>committatis,</strong></span> <span class='ocrx_word' id='word_1_545' title='bbox 3018 3224 3119 3264; x_wconf 88' lang='lat' dir='ltr'><strong>nec</strong></span> <span class='ocrx_word' id='word_1_546' title='bbox 3152 3209 3495 3263; x_wconf 87' lang='lat' dir='ltr'><strong>luculentam</strong></span> <span class='ocrx_word' id='word_1_547' title='bbox 3534 3224 3600 3263; x_wconf 88' lang='lat' dir='ltr'><strong>ac</strong></span> <span class='ocrx_word' id='word_1_548' title='bbox 3645 3209 3890 3263; x_wconf 80' lang='lat' dir='ltr'><strong>divinam</strong></span> 
     </span>
    </p>
   </div>
   <div class='ocr_carea' id='block_1_78' title="bbox 2305 3301 3884 3372">
    <p class='ocr_par' dir='ltr' id='par_1_78' title="bbox 2305 3301 3884 3372">
     <span class='ocr_line' id='line_1_79' title="bbox 2305 3301 3884 3372; baseline -0.003 -15"><span class='ocrx_word' id='word_1_549' title='bbox 2305 3303 2610 3357; x_wconf 89' lang='lat' dir='ltr'><strong>doctrinam</strong></span> <span class='ocrx_word' id='word_1_550' title='bbox 2646 3303 2713 3358; x_wconf 89' lang='lat' dir='ltr'><strong>iis</strong></span> <span class='ocrx_word' id='word_1_551' title='bbox 2763 3303 2855 3372; x_wconf 90' lang='lat' dir='ltr'><strong>qui</strong></span> <span class='ocrx_word' id='word_1_552' title='bbox 2906 3302 3148 3371; x_wconf 88' lang='lat' dir='ltr'><strong>turpium</strong></span> <span class='ocrx_word' id='word_1_553' title='bbox 3191 3301 3482 3354; x_wconf 75' lang='lat' dir='ltr'><strong>aﬂectuum</strong></span> <span class='ocrx_word' id='word_1_554' title='bbox 3532 3317 3700 3356; x_wconf 66' lang='lat' dir='ltr'><strong>caeno</strong></span> <span class='ocrx_word' id='word_1_555' title='bbox 3734 3305 3884 3370; x_wconf 84' lang='lat' dir='ltr'><strong>quasi</strong></span> 
     </span>
    </p>
   </div>
   <div class='ocr_carea' id='block_1_79' title="bbox 2305 3393 3884 3463">
    <p class='ocr_par' dir='ltr' id='par_1_79' title="bbox 2305 3393 3884 3463">
     <span class='ocr_line' id='line_1_80' title="bbox 2305 3393 3884 3463; baseline -0.004 -12"><span class='ocrx_word' id='word_1_556' title='bbox 2305 3397 2439 3452; x_wconf 85' lang='lat' dir='ltr'><strong>setis</strong></span> <span class='ocrx_word' id='word_1_557' title='bbox 2467 3397 2761 3452; x_wconf 87' lang='lat' dir='ltr'><strong>convestiti</strong></span> <span class='ocrx_word' id='word_1_558' title='bbox 2812 3405 2944 3450; x_wconf 88' lang='lat' dir='ltr'><strong>sunt</strong></span> <span class='ocrx_word' id='word_1_559' title='bbox 2977 3413 2992 3450; x_wconf 90' lang='lat'><strong>:</strong></span> <span class='ocrx_word' id='word_1_560' title='bbox 3029 3408 3220 3448; x_wconf 87' lang='lat' dir='ltr'><strong>verum</strong></span> <span class='ocrx_word' id='word_1_561' title='bbox 3273 3393 3602 3462; x_wconf 86' lang='lat' dir='ltr'><strong>hujusmodi</strong></span> <span class='ocrx_word' id='word_1_562' title='bbox 3634 3396 3884 3463; x_wconf 83' lang='lat' dir='ltr'><strong>specula-</strong></span> 
     </span>
    </p>
   </div>
   <div class='ocr_carea' id='block_1_80' title="bbox 2307 3484 3886 3559">
    <p class='ocr_par' dir='ltr' id='par_1_80' title="bbox 2307 3484 3886 3559">
     <span class='ocr_line' id='line_1_81' title="bbox 2307 3484 3886 3559; baseline -0.003 -17"><span class='ocrx_word' id='word_1_563' title='bbox 2307 3488 2483 3543; x_wconf 88' lang='lat' dir='ltr'><strong>tiones</strong></span> <span class='ocrx_word' id='word_1_564' title='bbox 2513 3496 2567 3543; x_wconf 87' lang='lat' dir='ltr'><strong>et</strong></span> <span class='ocrx_word' id='word_1_565' title='bbox 2603 3488 2882 3559; x_wconf 89' lang='lat' dir='ltr'><strong>dogmata,</strong></span> <span class='ocrx_word' id='word_1_566' title='bbox 2935 3501 3170 3556; x_wconf 91' lang='lat' dir='ltr'><strong>quorum</strong></span> <span class='ocrx_word' id='word_1_567' title='bbox 3220 3484 3452 3538; x_wconf 88' lang='lat' dir='ltr'><strong>ﬁrmitas</strong></span> <span class='ocrx_word' id='word_1_568' title='bbox 3481 3496 3734 3540; x_wconf 89' lang='lat' dir='ltr'><strong>mentem</strong></span> <span class='ocrx_word' id='word_1_569' title='bbox 3791 3502 3886 3539; x_wconf 78' lang='lat' dir='ltr'><strong>no-</strong></span> 
     </span>
    </p>
   </div>
   <div class='ocr_carea' id='block_1_81' title="bbox 2307 3577 3883 3647">
    <p class='ocr_par' dir='ltr' id='par_1_81' title="bbox 2307 3577 3883 3647">
     <span class='ocr_line' id='line_1_82' title="bbox 2307 3577 3883 3647; baseline -0.005 -13"><span class='ocrx_word' id='word_1_570' title='bbox 2307 3586 2477 3634; x_wconf 85' lang='lat' dir='ltr'><strong>stram</strong></span> <span class='ocrx_word' id='word_1_571' title='bbox 2530 3587 2775 3647; x_wconf 88' lang='lat' dir='ltr'><strong>superat,</strong></span> <span class='ocrx_word' id='word_1_572' title='bbox 2825 3577 2950 3646; x_wconf 85' lang='lat' dir='ltr'><strong>igne</strong></span> <span class='ocrx_word' id='word_1_573' title='bbox 2993 3577 3373 3633; x_wconf 87' lang='lat' dir='ltr'><strong>absumentur.</strong></span> <span class='ocrx_word' id='word_1_574' title='bbox 3421 3588 3528 3626; x_wconf 89' lang='lat' dir='ltr'><strong>non</strong></span> <span class='ocrx_word' id='word_1_575' title='bbox 3583 3577 3883 3635; x_wconf 84' lang='lat' dir='ltr'><strong>materiali,</strong></span> 
     </span>
    </p>
   </div>
   <div class='ocr_carea' id='block_1_82' title="bbox 2308 3666 3884 3737">
    <p class='ocr_par' dir='ltr' id='par_1_82' title="bbox 2308 3666 3884 3737">
     <span class='ocr_line' id='line_1_83' title="bbox 2308 3666 3884 3737; baseline -0.003 -14"><span class='ocrx_word' id='word_1_576' title='bbox 2308 3669 2404 3724; x_wconf 88' lang='lat' dir='ltr'><strong>sed</strong></span> <span class='ocrx_word' id='word_1_577' title='bbox 2451 3668 2660 3732; x_wconf 90' lang='lat' dir='ltr'><strong>divino,</strong></span> <span class='ocrx_word' id='word_1_578' title='bbox 2715 3683 2825 3737; x_wconf 90' lang='lat' dir='ltr'><strong>quo</strong></span> <span class='ocrx_word' id='word_1_579' title='bbox 2881 3667 3044 3722; x_wconf 91' lang='lat' dir='ltr'><strong>etiam</strong></span> <span class='ocrx_word' id='word_1_580' title='bbox 3099 3666 3406 3720; x_wconf 85' lang='lat' dir='ltr'><strong>holocausta</strong></span> <span class='ocrx_word' id='word_1_581' title='bbox 3447 3674 3884 3718; x_wconf 83' lang='lat' dir='ltr'><strong>consumuntur.</strong></span> 
     </span>
    </p>
   </div>
   <div class='ocr_carea' id='block_1_83' title="bbox 2308 3757 3883 3829">
    <p class='ocr_par' dir='ltr' id='par_1_83' title="bbox 2308 3757 3883 3829">
     <span class='ocr_line' id='line_1_84' title="bbox 2308 3757 3883 3829; baseline -0.003 -17"><span class='ocrx_word' id='word_1_582' title='bbox 2308 3758 2443 3826; x_wconf 88' lang='lat' dir='ltr'><strong>Quis</strong></span> <span class='ocrx_word' id='word_1_583' title='bbox 2480 3768 2660 3814; x_wconf 88' lang='lat' dir='ltr'><strong>autem</strong></span> <span class='ocrx_word' id='word_1_584' title='bbox 2689 3767 2770 3814; x_wconf 88' lang='lat' dir='ltr'><strong>est</strong></span> <span class='ocrx_word' id='word_1_585' title='bbox 2805 3759 2890 3814; x_wconf 93' lang='lat' dir='ltr'><strong>hic</strong></span> <span class='ocrx_word' id='word_1_586' title='bbox 2918 3759 3096 3829; x_wconf 79' lang='lat' dir='ltr'><strong>ignis?</strong></span> <span class='ocrx_word' id='word_1_587' title='bbox 3128 3757 3363 3828; x_wconf 89' lang='lat' dir='ltr'><strong>Spiritus</strong></span> <span class='ocrx_word' id='word_1_588' title='bbox 3411 3769 3660 3820; x_wconf 85' lang='lat' dir='ltr'><strong>sanctus,</strong></span> <span class='ocrx_word' id='word_1_589' title='bbox 3691 3758 3804 3826; x_wconf 90' lang='lat' dir='ltr'><strong>qui</strong></span> <span class='ocrx_word' id='word_1_590' title='bbox 3840 3760 3883 3812; x_wconf 81' lang='lat' dir='ltr'><strong>in</strong></span> 
     </span>
    </p>
   </div>
   <div class='ocr_carea' id='block_1_84' title="bbox 2308 3848 3880 3920">
    <p class='ocr_par' dir='ltr' id='par_1_84' title="bbox 2308 3848 3880 3920">
     <span class='ocr_line' id='line_1_85' title="bbox 2308 3848 3880 3920; baseline -0.004 -14"><span class='ocrx_word' id='word_1_591' title='bbox 2308 3851 2486 3906; x_wconf 77' lang='lat' dir='ltr'><strong>forma</strong></span> <span class='ocrx_word' id='word_1_592' title='bbox 2538 3850 2680 3920; x_wconf 82' lang='lat' dir='ltr'><strong>ignis</strong></span> <span class='ocrx_word' id='word_1_593' title='bbox 2725 3849 2794 3903; x_wconf 89' lang='lat' dir='ltr'><strong>ad</strong></span> <span class='ocrx_word' id='word_1_594' title='bbox 2845 3851 3123 3919; x_wconf 85' lang='lat' dir='ltr'><strong>apostolos</strong></span> <span class='ocrx_word' id='word_1_595' title='bbox 3173 3850 3491 3913; x_wconf 65' lang='lat' dir='ltr'><strong>accessit”,</strong></span> <span class='ocrx_word' id='word_1_596' title='bbox 3540 3848 3640 3916; x_wconf 86' lang='lat' dir='ltr'><strong>qui</strong></span> <span class='ocrx_word' id='word_1_597' title='bbox 3709 3851 3880 3902; x_wconf 71' lang='lat' dir='ltr'><strong>omnia</strong></span> 
     </span>
    </p>
   </div>
   <div class='ocr_carea' id='block_1_85' title="bbox 2309 3940 3878 4007">
    <p class='ocr_par' dir='ltr' id='par_1_85' title="bbox 2309 3940 3878 4007">
     <span class='ocr_line' id='line_1_86' title="bbox 2309 3940 3878 4007; baseline -0.002 -9"><span class='ocrx_word' id='word_1_598' title='bbox 2309 3953 2607 4004; x_wconf 85' lang='lat' dir='ltr'><strong>scrutatur.</strong></span> <span class='ocrx_word' id='word_1_599' title='bbox 2644 3957 2708 3996; x_wconf 93' lang='lat' dir='ltr'><strong>ac</strong></span> <span class='ocrx_word' id='word_1_600' title='bbox 2733 3945 2902 3995; x_wconf 69' lang='lat' dir='ltr'><strong>nevit.</strong></span> <span class='ocrx_word' id='word_1_601' title='bbox 2933 3945 3182 4007; x_wconf 86' lang='lat' dir='ltr'><strong>Quonam</strong></span> <span class='ocrx_word' id='word_1_602' title='bbox 3215 3956 3343 3996; x_wconf 88' lang='lat' dir='ltr'><strong>vero</strong></span> <span class='ocrx_word' id='word_1_603' title='bbox 3365 3941 3523 3995; x_wconf 92' lang='lat' dir='ltr'><strong>modo</strong></span> <span class='ocrx_word' id='word_1_604' title='bbox 3552 3940 3878 3997; x_wconf 70' lang='lat' dir='ltr'><strong>solidissima</strong></span> 
     </span>
    </p>
   </div>
   <div class='ocr_carea' id='block_1_86' title="bbox 2310 4031 3874 4104">
    <p class='ocr_par' dir='ltr' id='par_1_86' title="bbox 2310 4031 3874 4104">
     <span class='ocr_line' id='line_1_87' title="bbox 2310 4031 3874 4104; baseline -0.001 -17"><span class='ocrx_word' id='word_1_605' title='bbox 2310 4033 2400 4088; x_wconf 90' lang='lat' dir='ltr'><strong>illa</strong></span> <span class='ocrx_word' id='word_1_606' title='bbox 2430 4033 2686 4104; x_wconf 80' lang='lat' dir='ltr'><strong>dogmata</strong></span> <span class='ocrx_word' id='word_1_607' title='bbox 2723 4047 2752 4086; x_wconf 88' lang='lat' dir='ltr'><strong>a</strong></span> <span class='ocrx_word' id='word_1_608' title='bbox 2777 4031 2987 4101; x_wconf 89' lang='lat' dir='ltr'><strong>Spiritu</strong></span> <span class='ocrx_word' id='word_1_609' title='bbox 3021 4041 3211 4087; x_wconf 87' lang='lat' dir='ltr'><strong>sancto</strong></span> <span class='ocrx_word' id='word_1_610' title='bbox 3235 4041 3665 4094; x_wconf 89' lang='lat' dir='ltr'><strong>consumentur,</strong></span> <span class='ocrx_word' id='word_1_611' title='bbox 3706 4033 3759 4084; x_wconf 87' lang='lat' dir='ltr'><strong>id</strong></span> <span class='ocrx_word' id='word_1_612' title='bbox 3789 4041 3874 4090; x_wconf 84' lang='lat' dir='ltr'><strong>est.</strong></span> 
     </span>
    </p>
   </div>
   <div class='ocr_carea' id='block_1_87' title="bbox 2311 4123 3874 4195">
    <p class='ocr_par' dir='ltr' id='par_1_87' title="bbox 2311 4123 3874 4195">
     <span class='ocr_line' id='line_1_88' title="bbox 2311 4123 3874 4195; baseline -0.002 -17"><span class='ocrx_word' id='word_1_613' title='bbox 2311 4124 2724 4195; x_wconf 83' lang='lat' dir='ltr'><strong>intelligentur?</strong></span> <span class='ocrx_word' id='word_1_614' title='bbox 2783 4124 3038 4177; x_wconf 87' lang='lat' dir='ltr'><strong>nimirum</strong></span> <span class='ocrx_word' id='word_1_615' title='bbox 3094 4123 3141 4177; x_wconf 90' lang='lat' dir='ltr'><strong>si</strong></span> <span class='ocrx_word' id='word_1_616' title='bbox 3190 4131 3570 4186; x_wconf 86' lang='lat' dir='ltr'><strong>attenuentur,</strong></span> <span class='ocrx_word' id='word_1_617' title='bbox 3637 4124 3741 4176; x_wconf 89' lang='lat' dir='ltr'><strong>hoc</strong></span> <span class='ocrx_word' id='word_1_618' title='bbox 3788 4136 3874 4182; x_wconf 62' lang='lat' dir='ltr'><strong>es.</strong></span> 
     </span>
    </p>
   </div>
   <div class='ocr_carea' id='block_1_88' title="bbox 2312 4216 3876 4282">
    <p class='ocr_par' dir='ltr' id='par_1_88' title="bbox 2312 4216 3876 4282">
     <span class='ocr_line' id='line_1_89' title="bbox 2312 4216 3876 4282; baseline -0.005 -9"><span class='ocrx_word' id='word_1_619' title='bbox 2312 4217 2636 4273; x_wconf 88' lang='lat' dir='ltr'><strong>tenuissima</strong></span> <span class='ocrx_word' id='word_1_620' title='bbox 2702 4228 2756 4271; x_wconf 92' lang='lat' dir='ltr'><strong>et</strong></span> <span class='ocrx_word' id='word_1_621' title='bbox 2815 4216 3173 4271; x_wconf 85' lang='lat' dir='ltr'><strong>subtilissima</strong></span> <span class='ocrx_word' id='word_1_622' title='bbox 3238 4223 3401 4282; x_wconf 88' lang='lat' dir='ltr'><strong>atque</strong></span> <span class='ocrx_word' id='word_1_623' title='bbox 3467 4216 3876 4268; x_wconf 75' lang='lat' dir='ltr'><strong>accuratissim</strong></span> 
     </span>
    </p>
   </div>
   <div class='ocr_carea' id='block_1_89' title="bbox 2312 4306 3876 4378">
    <p class='ocr_par' dir='ltr' id='par_1_89' title="bbox 2312 4306 3876 4378">
     <span class='ocr_line' id='line_1_90' title="bbox 2312 4306 3876 4378; baseline -0.006 -13"><span class='ocrx_word' id='word_1_624' title='bbox 2312 4310 2688 4378; x_wconf 85' lang='lat' dir='ltr'><strong>speculatione</strong></span> <span class='ocrx_word' id='word_1_625' title='bbox 2729 4308 2894 4376; x_wconf 84' lang='lat' dir='ltr'><strong>digna</strong></span> <span class='ocrx_word' id='word_1_626' title='bbox 2936 4307 3260 4369; x_wconf 85' lang='lat' dir='ltr'><strong>habeantur,</strong></span> <span class='ocrx_word' id='word_1_627' title='bbox 3309 4315 3477 4373; x_wconf 88' lang='lat' dir='ltr'><strong>atque</strong></span> <span class='ocrx_word' id='word_1_628' title='bbox 3507 4306 3661 4374; x_wconf 87' lang='lat' dir='ltr'><strong>apud</strong></span> <span class='ocrx_word' id='word_1_629' title='bbox 3698 4306 3876 4374; x_wconf 77' lang='lat' dir='ltr'><strong>ipsum,</strong></span> 
     </span>
    </p>
   </div>
   <div class='ocr_carea' id='block_1_90' title="bbox 2313 4397 3876 4467">
    <p class='ocr_par' dir='ltr' id='par_1_90' title="bbox 2313 4397 3876 4467">
     <span class='ocr_line' id='line_1_91' title="bbox 2313 4397 3876 4467; baseline -0.006 -12"><span class='ocrx_word' id='word_1_630' title='bbox 2313 4409 2687 4455; x_wconf 88' lang='lat' dir='ltr'><strong>attenuantem</strong></span> <span class='ocrx_word' id='word_1_631' title='bbox 2728 4413 2919 4467; x_wconf 89' lang='lat' dir='ltr'><strong>nempe</strong></span> <span class='ocrx_word' id='word_1_632' title='bbox 2965 4397 3227 4467; x_wconf 86' lang='lat' dir='ltr'><strong>Spiritum</strong></span> <span class='ocrx_word' id='word_1_633' title='bbox 3274 4405 3550 4457; x_wconf 82' lang='lat' dir='ltr'><strong>sanctum,</strong></span> <span class='ocrx_word' id='word_1_634' title='bbox 3609 4406 3876 4450; x_wconf 61' lang='lat' dir='ltr'><strong>san-eatur</strong></span> 
     </span>
    </p>
   </div>
   <div class='ocr_carea' id='block_1_91' title="bbox 637 4481 2202 4570">
    <p class='ocr_par' dir='ltr' id='par_1_91' title="bbox 637 4481 2202 4554">
     <span class='ocr_line' id='line_1_92' title="bbox 637 4481 2202 4554; baseline -0.006 -13"><span class='ocrx_word' id='word_1_635' title='bbox 637 4488 834 4542; x_wconf 83' lang='lat' dir='ltr'><strong>debere</strong></span> <span class='ocrx_word' id='word_1_636' title='bbox 863 4503 926 4542; x_wconf 91' lang='lat' dir='ltr'><strong>ac</strong></span> <span class='ocrx_word' id='word_1_637' title='bbox 965 4499 1195 4543; x_wconf 87' lang='lat' dir='ltr'><strong>mortem</strong></span> <span class='ocrx_word' id='word_1_638' title='bbox 1227 4486 1435 4542; x_wconf 91' lang='lat' dir='ltr'><strong>Domini</strong></span> <span class='ocrx_word' id='word_1_639' title='bbox 1497 4483 1812 4554; x_wconf 81' lang='lat' dir='ltr'><strong>praedicare,</strong></span> <span class='ocrx_word' id='word_1_640' title='bbox 1859 4481 2098 4551; x_wconf 87' lang='lat' dir='ltr'><strong>quandiu</strong></span> <span class='ocrx_word' id='word_1_641' title='bbox 2151 4483 2202 4532; x_wconf 91' lang='lat' dir='ltr'><strong>in</strong></span> 
     </span>
    </p>
   </div>
   <div class='ocr_carea' id='block_1_92' title="bbox 2303 4481 3877 4570">
    <p class='ocr_par' dir='ltr' id='par_1_92' title="bbox 2312 4492 3877 4559">
     <span class='ocr_line' id='line_1_93' title="bbox 2312 4492 3877 4559; baseline -0.005 -10"><span class='ocrx_word' id='word_1_642' title='bbox 2312 4505 2366 4549; x_wconf 90' lang='lat' dir='ltr'><strong>et</strong></span> <span class='ocrx_word' id='word_1_643' title='bbox 2393 4494 2792 4557; x_wconf 90' lang='lat' dir='ltr'><strong>custodiantur,</strong></span> <span class='ocrx_word' id='word_1_644' title='bbox 2829 4507 2936 4546; x_wconf 89' lang='lat' dir='ltr'><strong>non</strong></span> <span class='ocrx_word' id='word_1_645' title='bbox 2968 4502 3148 4545; x_wconf 88' lang='lat' dir='ltr'><strong>autem</strong></span> <span class='ocrx_word' id='word_1_646' title='bbox 3180 4501 3423 4559; x_wconf 88' lang='lat' dir='ltr'><strong>pereant,</strong></span> <span class='ocrx_word' id='word_1_647' title='bbox 3455 4504 3558 4543; x_wconf 89' lang='lat' dir='ltr'><strong>nec</strong></span> <span class='ocrx_word' id='word_1_648' title='bbox 3608 4492 3668 4542; x_wconf 89' lang='lat' dir='ltr'><strong>in</strong></span> <span class='ocrx_word' id='word_1_649' title='bbox 3697 4505 3877 4557; x_wconf 73' lang='lat' dir='ltr'><strong>aquam</strong></span> 
     </span>
    </p>
   </div>
   <div class='ocr_carea' id='block_1_93' title="bbox 638 4573 2205 4637">
    <p class='ocr_par' dir='ltr' id='par_1_93' title="bbox 638 4573 2205 4637">
     <span class='ocr_line' id='line_1_94' title="bbox 638 4573 2205 4637; baseline -0.003 -7"><span class='ocrx_word' id='word_1_650' title='bbox 638 4581 740 4631; x_wconf 92' lang='lat' dir='ltr'><strong>hac</strong></span> <span class='ocrx_word' id='word_1_651' title='bbox 772 4580 881 4632; x_wconf 85' lang='lat' dir='ltr'><strong>vita</strong></span> <span class='ocrx_word' id='word_1_652' title='bbox 933 4595 1145 4633; x_wconf 88' lang='lat' dir='ltr'><strong>sumus.</strong></span> <span class='ocrx_word' id='word_1_653' title='bbox 1191 4577 1334 4633; x_wconf 87' lang='lat' dir='ltr'><strong>Mors</strong></span> <span class='ocrx_word' id='word_1_654' title='bbox 1364 4577 1510 4632; x_wconf 91' lang='lat' dir='ltr'><strong>enim</strong></span> <span class='ocrx_word' id='word_1_655' title='bbox 1539 4576 1742 4630; x_wconf 82' lang='lat' dir='ltr'><strong>Christi</strong></span> <span class='ocrx_word' id='word_1_656' title='bbox 1797 4575 1849 4628; x_wconf 91' lang='lat' dir='ltr'><strong>in</strong></span> <span class='ocrx_word' id='word_1_657' title='bbox 1882 4573 1982 4628; x_wconf 85' lang='lat' dir='ltr'><strong>hac</strong></span> <span class='ocrx_word' id='word_1_658' title='bbox 2020 4581 2205 4637; x_wconf 87' lang='lat' dir='ltr'><strong>nocte,</strong></span> 
     </span>
    </p>
   </div>
   <div class='ocr_carea' id='block_1_94' title="bbox 640 4663 2208 4738">
    <p class='ocr_par' dir='ltr' id='par_1_94' title="bbox 640 4663 2208 4738">
     <span class='ocr_line' id='line_1_95' title="bbox 640 4663 2208 4738; baseline -0.003 -18"><span class='ocrx_word' id='word_1_659' title='bbox 640 4668 742 4720; x_wconf 77' lang='lat' dir='ltr'><strong>huc</strong></span> <span class='ocrx_word' id='word_1_660' title='bbox 792 4677 912 4732; x_wconf 89' lang='lat' dir='ltr'><strong>est,</strong></span> <span class='ocrx_word' id='word_1_661' title='bbox 964 4670 1018 4724; x_wconf 92' lang='lat' dir='ltr'><strong>in</strong></span> <span class='ocrx_word' id='word_1_662' title='bbox 1076 4668 1331 4738; x_wconf 78' lang='lat' dir='ltr'><strong>praesenti</strong></span> <span class='ocrx_word' id='word_1_663' title='bbox 1375 4667 1574 4723; x_wconf 60' lang='lat' dir='ltr'><strong>saeculo</strong></span> <span class='ocrx_word' id='word_1_664' title='bbox 1625 4673 2110 4726; x_wconf 86' lang='lat' dir='ltr'><strong>commemoratur,</strong></span> <span class='ocrx_word' id='word_1_665' title='bbox 2153 4663 2208 4716; x_wconf 94' lang='lat' dir='ltr'><strong>in</strong></span> 
     </span>
    </p>
   </div>
   <div class='ocr_carea' id='block_1_95' title="bbox 640 4752 2211 4824">
    <p class='ocr_par' dir='ltr' id='par_1_95' title="bbox 640 4752 2211 4824">
     <span class='ocr_line' id='line_1_96' title="bbox 640 4752 2211 4824; baseline -0.001 -14"><span class='ocrx_word' id='word_1_666' title='bbox 640 4758 823 4812; x_wconf 81' lang='lat' dir='ltr'><strong>futura</strong></span> <span class='ocrx_word' id='word_1_667' title='bbox 868 4769 1050 4814; x_wconf 89' lang='lat' dir='ltr'><strong>autem</strong></span> <span class='ocrx_word' id='word_1_668' title='bbox 1085 4763 1193 4815; x_wconf 87' lang='lat' dir='ltr'><strong>vita</strong></span> <span class='ocrx_word' id='word_1_669' title='bbox 1241 4761 1505 4824; x_wconf 81' lang='lat' dir='ltr'><strong>cernitur,</strong></span> <span class='ocrx_word' id='word_1_670' title='bbox 1543 4759 1806 4812; x_wconf 90' lang='lat' dir='ltr'><strong>nimirum</strong></span> <span class='ocrx_word' id='word_1_671' title='bbox 1863 4755 1916 4808; x_wconf 93' lang='lat' dir='ltr'><strong>in</strong></span> <span class='ocrx_word' id='word_1_672' title='bbox 1966 4752 2211 4808; x_wconf 91' lang='lat' dir='ltr'><strong>secunda</strong></span> 
     </span>
    </p>
   </div>
   <div class='ocr_carea' id='block_1_96' title="bbox 638 4848 1148 4917">
    <p class='ocr_par' dir='ltr' id='par_1_96' title="bbox 638 4848 1148 4917">
     <span class='ocr_line' id='line_1_97' title="bbox 638 4848 1148 4917; baseline -0.004 -14"><span class='ocrx_word' id='word_1_673' title='bbox 638 4848 812 4917; x_wconf 85' lang='lat' dir='ltr'><strong>ipsius</strong></span> <span class='ocrx_word' id='word_1_674' title='bbox 843 4849 1148 4916; x_wconf 70' lang='lat' dir='ltr'><strong>prtesentia.</strong></span> 
     </span>
    </p>
   </div>
   <div class='ocr_carea' id='block_1_97' title="bbox 709 4934 2207 5006">
    <p class='ocr_par' dir='ltr' id='par_1_97' title="bbox 709 4934 2207 5006">
     <span class='ocr_line' id='line_1_98' title="bbox 709 4934 2207 5006; baseline -0.002 -14"><span class='ocrx_word' id='word_1_675' title='bbox 709 4938 824 4992; x_wconf 91' lang='lat' dir='ltr'><strong>Col.</strong></span> <span class='ocrx_word' id='word_1_676' title='bbox 863 4938 966 4992; x_wconf 71' lang='grc'><strong>646</strong></span> <span class='ocrx_word' id='word_1_677' title='bbox 1017 4939 1077 4992; x_wconf 84' lang='grc' dir='ltr'><strong>Β.</strong></span> <span class='ocrx_word' id='word_1_678' title='bbox 1142 4937 1412 5006; x_wconf 84' lang='lat' dir='ltr'><strong>Quidquid</strong></span> <span class='ocrx_word' id='word_1_679' title='bbox 1465 4947 1643 4992; x_wconf 83' lang='lat' dir='ltr'><strong>autem</strong></span> <span class='ocrx_word' id='word_1_680' title='bbox 1689 4953 1934 5000; x_wconf 82' lang='lat' dir='ltr'><strong>osseum,</strong></span> <span class='ocrx_word' id='word_1_681' title='bbox 1990 4947 2096 4990; x_wconf 88' lang='lat' dir='ltr'><strong>etc.</strong></span> <span class='ocrx_word' id='word_1_682' title='bbox 2150 4934 2207 4989; x_wconf 92' lang='lat' dir='ltr'><strong>Id</strong></span> 
     </span>
    </p>
   </div>
   <div class='ocr_carea' id='block_1_98' title="bbox 637 5027 2205 5101">
    <p class='ocr_par' dir='ltr' id='par_1_98' title="bbox 637 5027 2205 5101">
     <span class='ocr_line' id='line_1_99' title="bbox 637 5027 2205 5101; baseline -0.003 -17"><span class='ocrx_word' id='word_1_683' title='bbox 637 5045 856 5100; x_wconf 86' lang='lat' dir='ltr'><strong>quoque</strong></span> <span class='ocrx_word' id='word_1_684' title='bbox 899 5029 965 5084; x_wconf 91' lang='lat' dir='ltr'><strong>de</strong></span> <span class='ocrx_word' id='word_1_685' title='bbox 1002 5045 1144 5101; x_wconf 85' lang='lat' dir='ltr'><strong>agno</strong></span> <span class='ocrx_word' id='word_1_686' title='bbox 1191 5030 1244 5084; x_wconf 91' lang='lat' dir='ltr'><strong>in</strong></span> <span class='ocrx_word' id='word_1_687' title='bbox 1289 5027 1457 5083; x_wconf 80' lang='lat' dir='ltr'><strong>Exodi</strong></span> <span class='ocrx_word' id='word_1_688' title='bbox 1502 5029 1643 5084; x_wconf 91' lang='lat' dir='ltr'><strong>libro</strong></span> <span class='ocrx_word' id='word_1_689' title='bbox 1670 5029 1926 5084; x_wconf 88' lang='lat' dir='ltr'><strong>habetur.</strong></span> <span class='ocrx_word' id='word_1_690' title='bbox 1979 5029 2056 5085; x_wconf 90' lang='lat' dir='ltr'><strong>Os</strong></span> <span class='ocrx_word' id='word_1_691' title='bbox 2098 5043 2205 5081; x_wconf 87' lang='lat' dir='ltr'><strong>non</strong></span> 
     </span>
    </p>
   </div>
   <div class='ocr_carea' id='block_1_99' title="bbox 637 5122 2204 5193">
    <p class='ocr_par' dir='ltr' id='par_1_99' title="bbox 637 5122 2204 5193">
     <span class='ocr_line' id='line_1_100' title="bbox 637 5122 2204 5193; baseline 0.003 -17"><span class='ocrx_word' id='word_1_692' title='bbox 637 5122 998 5192; x_wconf 76' lang='lat' dir='ltr'><strong>confringetis</strong></span> <span class='ocrx_word' id='word_1_693' title='bbox 1028 5139 1092 5180; x_wconf 81' lang='lat' dir='ltr'><strong>ex</strong></span> <span class='ocrx_word' id='word_1_694' title='bbox 1127 5138 1214 5187; x_wconf 89' lang='lat' dir='ltr'><strong>eo,</strong></span> <span class='ocrx_word' id='word_1_695' title='bbox 1271 5122 1366 5178; x_wconf 87' lang='lat' dir='ltr'><strong>sed</strong></span> <span class='ocrx_word' id='word_1_696' title='bbox 1392 5136 1513 5193; x_wconf 73' lang='lat' dir='ltr'><strong>qua:</strong></span> <span class='ocrx_word' id='word_1_697' title='bbox 1542 5123 1760 5179; x_wconf 90' lang='lat' dir='ltr'><strong>residua</strong></span> <span class='ocrx_word' id='word_1_698' title='bbox 1813 5135 1979 5181; x_wconf 90' lang='lat' dir='ltr'><strong>erunt</strong></span> <span class='ocrx_word' id='word_1_699' title='bbox 2007 5142 2074 5180; x_wconf 77' lang='lat' dir='ltr'><strong>ex</strong></span> <span class='ocrx_word' id='word_1_700' title='bbox 2115 5142 2204 5192; x_wconf 92' lang='lat' dir='ltr'><strong>eo,</strong></span> 
     </span>
    </p>
   </div>
   <div class='ocr_carea' id='block_1_100' title="bbox 639 5213 2203 5286">
    <p class='ocr_par' dir='ltr' id='par_1_100' title="bbox 639 5213 2203 5286">
     <span class='ocr_line' id='line_1_101' title="bbox 639 5213 2203 5286; baseline 0.003 -17"><span class='ocrx_word' id='word_1_701' title='bbox 639 5215 764 5284; x_wconf 85' lang='lat' dir='ltr'><strong>igne</strong></span> <span class='ocrx_word' id='word_1_702' title='bbox 788 5215 1146 5270; x_wconf 86' lang='lat' dir='ltr'><strong>comburetis.</strong></span> <span class='ocrx_word' id='word_1_703' title='bbox 1187 5213 1318 5281; x_wconf 66' lang='lat' dir='ltr'><strong>Quae</strong></span> <span class='ocrx_word' id='word_1_704' title='bbox 1347 5217 1512 5271; x_wconf 81' lang='lat' dir='ltr'><strong>verba</strong></span> <span class='ocrx_word' id='word_1_705' title='bbox 1556 5215 1854 5286; x_wconf 87' lang='lat' dir='ltr'><strong>allegorico</strong></span> <span class='ocrx_word' id='word_1_706' title='bbox 1909 5232 2075 5272; x_wconf 88' lang='lat' dir='ltr'><strong>sensu</strong></span> <span class='ocrx_word' id='word_1_707' title='bbox 2130 5219 2203 5273; x_wconf 87' lang='lat' dir='ltr'><strong>ita</strong></span> 
     </span>
    </p>
   </div>
   <div class='ocr_carea' id='block_1_101' title="bbox 638 5304 2208 5375">
    <p class='ocr_par' dir='ltr' id='par_1_101' title="bbox 638 5304 2208 5375">
     <span class='ocr_line' id='line_1_102' title="bbox 638 5304 2208 5375; baseline 0.001 -15"><span class='ocrx_word' id='word_1_708' title='bbox 638 5305 961 5373; x_wconf 78' lang='lat' dir='ltr'><strong>exponenda</strong></span> <span class='ocrx_word' id='word_1_709' title='bbox 998 5312 1150 5360; x_wconf 89' lang='lat' dir='ltr'><strong>sunt.</strong></span> <span class='ocrx_word' id='word_1_710' title='bbox 1198 5304 1256 5358; x_wconf 92' lang='lat' dir='ltr'><strong>In</strong></span> <span class='ocrx_word' id='word_1_711' title='bbox 1287 5306 1574 5375; x_wconf 69' lang='lat' dir='ltr'><strong>praeceptis</strong></span> <span class='ocrx_word' id='word_1_712' title='bbox 1618 5307 1820 5360; x_wconf 90' lang='lat' dir='ltr'><strong>divinis</strong></span> <span class='ocrx_word' id='word_1_713' title='bbox 1870 5322 1990 5361; x_wconf 89' lang='lat' dir='ltr'><strong>eam</strong></span> <span class='ocrx_word' id='word_1_714' title='bbox 2039 5309 2208 5361; x_wconf 83' lang='lat' dir='ltr'><strong>ratio-</strong></span> 
     </span>
    </p>
   </div>
   <div class='ocr_carea' id='block_1_102' title="bbox 640 5395 2201 5466">
    <p class='ocr_par' dir='ltr' id='par_1_102' title="bbox 640 5395 2201 5466">
     <span class='ocr_line' id='line_1_103' title="bbox 640 5395 2201 5466; baseline 0.004 -18"><span class='ocrx_word' id='word_1_715' title='bbox 640 5412 760 5448; x_wconf 91' lang='lat' dir='ltr'><strong>nem</strong></span> <span class='ocrx_word' id='word_1_716' title='bbox 800 5397 939 5451; x_wconf 91' lang='lat' dir='ltr'><strong>inire</strong></span> <span class='ocrx_word' id='word_1_717' title='bbox 987 5395 1268 5462; x_wconf 90' lang='lat' dir='ltr'><strong>convenit,</strong></span> <span class='ocrx_word' id='word_1_718' title='bbox 1299 5405 1358 5451; x_wconf 90' lang='lat' dir='ltr'><strong>ut</strong></span> <span class='ocrx_word' id='word_1_719' title='bbox 1388 5411 1451 5451; x_wconf 88' lang='lat' dir='ltr'><strong>ea</strong></span> <span class='ocrx_word' id='word_1_720' title='bbox 1496 5413 1615 5465; x_wconf 71' lang='lat' dir='ltr'><strong>qua:</strong></span> <span class='ocrx_word' id='word_1_721' title='bbox 1663 5407 1910 5466; x_wconf 88' lang='lat' dir='ltr'><strong>prompte</strong></span> <span class='ocrx_word' id='word_1_722' title='bbox 1943 5413 2008 5452; x_wconf 91' lang='lat' dir='ltr'><strong>ac</strong></span> <span class='ocrx_word' id='word_1_723' title='bbox 2040 5396 2201 5454; x_wconf 79' lang='lat' dir='ltr'><strong>facile</strong></span> 
     </span>
    </p>
   </div>
   <div class='ocr_carea' id='block_1_103' title="bbox 641 5488 2202 5562">
    <p class='ocr_par' dir='ltr' id='par_1_103' title="bbox 641 5488 2202 5562">
     <span class='ocr_line' id='line_1_104' title="bbox 641 5488 2202 5562; baseline 0.004 -22"><span class='ocrx_word' id='word_1_724' title='bbox 641 5488 863 5558; x_wconf 78' lang='lat' dir='ltr'><strong>intelligi</strong></span> <span class='ocrx_word' id='word_1_725' title='bbox 897 5499 1125 5559; x_wconf 88' lang='lat' dir='ltr'><strong>possunt</strong></span> <span class='ocrx_word' id='word_1_726' title='bbox 1152 5489 1280 5559; x_wconf 91' lang='lat' dir='ltr'><strong>(hoc</strong></span> <span class='ocrx_word' id='word_1_727' title='bbox 1313 5491 1457 5544; x_wconf 89' lang='lat' dir='ltr'><strong>enim</strong></span> <span class='ocrx_word' id='word_1_728' title='bbox 1490 5506 1584 5548; x_wconf 82' lang='lat' dir='ltr'><strong>per</strong></span> <span class='ocrx_word' id='word_1_729' title='bbox 1611 5506 1869 5544; x_wconf 88' lang='lat' dir='ltr'><strong>carneum</strong></span> <span class='ocrx_word' id='word_1_730' title='bbox 1906 5491 2202 5562; x_wconf 89' lang='lat' dir='ltr'><strong>signiﬁcari</strong></span> 
     </span>
    </p>
   </div>
   <div class='ocr_carea' id='block_1_104' title="bbox 714 5687 1208 5754">
    <p class='ocr_par' dir='ltr' id='par_1_104' title="bbox 714 5687 1208 5754">
     <span class='ocr_line' id='line_1_105' title="bbox 714 5687 1208 5754; baseline 0.008 -14"><span class='ocrx_word' id='word_1_731' title='bbox 714 5688 760 5719; x_wconf 86' lang='grc'><strong>³³</strong></span> <span class='ocrx_word' id='word_1_732' title='bbox 783 5687 953 5743; x_wconf 74' lang='lat' dir='ltr'><strong>Exod.</strong></span> <span class='ocrx_word' id='word_1_733' title='bbox 985 5707 1084 5754; x_wconf 82' lang='lat' dir='ltr'><strong>xu,</strong></span> <span class='ocrx_word' id='word_1_734' title='bbox 1128 5690 1208 5745; x_wconf 87' lang='lat' dir='ltr'><strong>l0.</strong></span> 
     </span>
    </p>
   </div>
   <div class='ocr_carea' id='block_1_105' title="bbox 1310 5693 1777 5763">
    <p class='ocr_par' dir='ltr' id='par_1_105' title="bbox 1310 5693 1777 5763">
     <span class='ocr_line' id='line_1_106' title="bbox 1310 5693 1777 5763; baseline 0.013 -15"><span class='ocrx_word' id='word_1_735' title='bbox 1310 5693 1354 5725; x_wconf 70' lang='lat'>&quot;</span> <span class='ocrx_word' id='word_1_736' title='bbox 1379 5694 1573 5762; x_wconf 73' lang='lat' dir='ltr'><strong>Ephes.</strong></span> <span class='ocrx_word' id='word_1_737' title='bbox 1607 5714 1679 5763; x_wconf 67' lang='grc' dir='ltr'><strong>ιν,</strong></span> <span class='ocrx_word' id='word_1_738' title='bbox 1709 5699 1777 5754; x_wconf 68' lang='lat'><strong>‘16</strong></span> 
     </span>
    </p>
   </div>
   <div class='ocr_carea' id='block_1_106' title="bbox 644 5759 827 5826">
    <p class='ocr_par' dir='ltr' id='par_1_106' title="bbox 644 5759 827 5826">
     <span class='ocr_line' id='line_1_107' title="bbox 644 5759 827 5826; baseline 0.005 -13"><span class='ocrx_word' id='word_1_739' title='bbox 644 5773 746 5826; x_wconf 85' lang='lat' dir='ltr'><strong>vn,</strong></span> <span class='ocrx_word' id='word_1_740' title='bbox 773 5759 827 5817; x_wconf 88' lang='lat'><strong>6.</strong></span> 
     </span>
    </p>
   </div>
   <div class='ocr_carea' id='block_1_107' title="bbox 907 5761 1434 5833">
    <p class='ocr_par' dir='ltr' id='par_1_107' title="bbox 907 5761 1434 5833">
     <span class='ocr_line' id='line_1_108' title="bbox 907 5761 1434 5833; baseline 0.006 -20"><span class='ocrx_word' id='word_1_741' title='bbox 907 5761 949 5792; x_wconf 82' lang='lat'><strong>”</strong></span> <span class='ocrx_word' id='word_1_742' title='bbox 977 5763 1096 5817; x_wconf 81' lang='lat' dir='ltr'><strong>Act.</strong></span> <span class='ocrx_word' id='word_1_743' title='bbox 1131 5776 1192 5822; x_wconf 89' lang='lat' dir='ltr'><strong>tt.</strong></span> <span class='ocrx_word' id='word_1_744' title='bbox 1229 5763 1248 5816; x_wconf 82' lang='lat' dir='ltr'><strong>l</strong></span> <span class='ocrx_word' id='word_1_745' title='bbox 1283 5761 1434 5833; x_wconf 77' lang='lat' dir='ltr'><strong>seqq.</strong></span> 
     </span>
    </p>
   </div>
   <div class='ocr_carea' id='block_1_108' title="bbox 1902 5699 2384 5768">
    <p class='ocr_par' dir='ltr' id='par_1_108' title="bbox 1902 5699 2384 5768">
     <span class='ocr_line' id='line_1_109' title="bbox 1902 5699 2384 5768; baseline 0.002 -14"><span class='ocrx_word' id='word_1_746' title='bbox 1902 5701 1945 5732; x_wconf 84' lang='grc'>³⁵</span> <span class='ocrx_word' id='word_1_747' title='bbox 1974 5699 1990 5753; x_wconf 82' lang='lat' dir='ltr'><strong>l</strong></span> <span class='ocrx_word' id='word_1_748' title='bbox 2021 5699 2146 5754; x_wconf 86' lang='lat' dir='ltr'><strong>Cor.</strong></span> <span class='ocrx_word' id='word_1_749' title='bbox 2185 5715 2260 5768; x_wconf 73' lang='lat' dir='ltr'><strong>tu,</strong></span> <span class='ocrx_word' id='word_1_750' title='bbox 2294 5699 2384 5756; x_wconf 74' lang='lat'><strong>‘26.</strong></span> 
     </span>
    </p>
   </div>
   <div class='ocr_carea' id='block_1_109' title="bbox 2309 4581 3878 4655">
    <p class='ocr_par' dir='ltr' id='par_1_109' title="bbox 2309 4581 3878 4655">
     <span class='ocr_line' id='line_1_110' title="bbox 2309 4581 3878 4655; baseline -0.004 -16"><span class='ocrx_word' id='word_1_751' title='bbox 2309 4594 2662 4655; x_wconf 87' lang='lat' dir='ltr'><strong>spargantur,</strong></span> <span class='ocrx_word' id='word_1_752' title='bbox 2723 4585 2870 4637; x_wconf 87' lang='lat' dir='ltr'><strong>velut</strong></span> <span class='ocrx_word' id='word_1_753' title='bbox 2925 4583 3016 4636; x_wconf 88' lang='lat' dir='ltr'><strong>ille</strong></span> <span class='ocrx_word' id='word_1_754' title='bbox 3068 4582 3276 4635; x_wconf 87' lang='lat' dir='ltr'><strong>vitulus</strong></span> <span class='ocrx_word' id='word_1_755' title='bbox 3317 4595 3521 4634; x_wconf 87' lang='lat' dir='ltr'><strong>aureus</strong></span> <span class='ocrx_word' id='word_1_756' title='bbox 3569 4581 3878 4637; x_wconf 84' lang='lat' dir='ltr'><strong>conﬂatilis,</strong></span> 
     </span>
    </p>
   </div>
   <div class='ocr_carea' id='block_1_110' title="bbox 2311 4669 3880 4745">
    <p class='ocr_par' dir='ltr' id='par_1_110' title="bbox 2311 4669 3880 4745">
     <span class='ocr_line' id='line_1_111' title="bbox 2311 4669 3880 4745; baseline -0.006 -14"><span class='ocrx_word' id='word_1_757' title='bbox 2311 4676 2404 4745; x_wconf 88' lang='lat' dir='ltr'><strong>qui</strong></span> <span class='ocrx_word' id='word_1_758' title='bbox 2437 4687 2638 4729; x_wconf 83' lang='lat' dir='ltr'><strong>temere</strong></span> <span class='ocrx_word' id='word_1_759' title='bbox 2669 4684 2721 4727; x_wconf 91' lang='lat' dir='ltr'><strong>ct</strong></span> <span class='ocrx_word' id='word_1_760' title='bbox 2757 4672 2984 4726; x_wconf 76' lang='lat' dir='ltr'><strong>fortuito</strong></span> <span class='ocrx_word' id='word_1_761' title='bbox 3019 4672 3072 4725; x_wconf 93' lang='lat' dir='ltr'><strong>in</strong></span> <span class='ocrx_word' id='word_1_762' title='bbox 3109 4669 3420 4740; x_wconf 86' lang='lat' dir='ltr'><strong>hujusmodi</strong></span> <span class='ocrx_word' id='word_1_763' title='bbox 3445 4671 3694 4738; x_wconf 78' lang='lat' dir='ltr'><strong>speciem</strong></span> <span class='ocrx_word' id='word_1_764' title='bbox 3724 4671 3880 4722; x_wconf 74' lang='lat' dir='ltr'><strong>iutur-</strong></span> 
     </span>
    </p>
   </div>
   <div class='ocr_carea' id='block_1_111' title="bbox 2312 4758 3882 4828">
    <p class='ocr_par' dir='ltr' id='par_1_111' title="bbox 2312 4758 3882 4828">
     <span class='ocr_line' id='line_1_112' title="bbox 2312 4758 3882 4828; baseline -0.006 -9"><span class='ocrx_word' id='word_1_765' title='bbox 2312 4775 2493 4820; x_wconf 88' lang='lat' dir='ltr'><strong>matus</strong></span> <span class='ocrx_word' id='word_1_766' title='bbox 2520 4773 2626 4827; x_wconf 88' lang='lat' dir='ltr'><strong>est,</strong></span> <span class='ocrx_word' id='word_1_767' title='bbox 2659 4773 2720 4818; x_wconf 91' lang='lat' dir='ltr'><strong>ut</strong></span> <span class='ocrx_word' id='word_1_768' title='bbox 2741 4761 3057 4817; x_wconf 72' lang='lat' dir='ltr'><strong>Judasorum</strong></span> <span class='ocrx_word' id='word_1_769' title='bbox 3083 4759 3488 4816; x_wconf 87' lang='lat' dir='ltr'><strong>contumaciam</strong></span> <span class='ocrx_word' id='word_1_770' title='bbox 3517 4758 3882 4828; x_wconf 84' lang='lat' dir='ltr'><strong>duritiamque</strong></span> 
     </span>
    </p>
   </div>
   <div class='ocr_carea' id='block_1_112' title="bbox 2311 4845 3882 4922">
    <p class='ocr_par' dir='ltr' id='par_1_112' title="bbox 2311 4845 3882 4922">
     <span class='ocr_line' id='line_1_113' title="bbox 2311 4845 3882 4922; baseline -0.006 -13"><span class='ocrx_word' id='word_1_771' title='bbox 2311 4862 2651 4922; x_wconf 84' lang='lat' dir='ltr'><strong>coargueret.</strong></span> <span class='ocrx_word' id='word_1_772' title='bbox 2697 4851 2779 4905; x_wconf 89' lang='lat' dir='ltr'><strong>0b</strong></span> <span class='ocrx_word' id='word_1_773' title='bbox 2811 4851 2953 4905; x_wconf 88' lang='lat' dir='ltr'><strong>hanc</strong></span> <span class='ocrx_word' id='word_1_774' title='bbox 2995 4849 3138 4903; x_wconf 89' lang='lat' dir='ltr'><strong>enim</strong></span> <span class='ocrx_word' id='word_1_775' title='bbox 3194 4862 3416 4901; x_wconf 82' lang='lat' dir='ltr'><strong>causam</strong></span> <span class='ocrx_word' id='word_1_776' title='bbox 3448 4845 3633 4911; x_wconf 89' lang='lat' dir='ltr'><strong>bovis,</strong></span> <span class='ocrx_word' id='word_1_777' title='bbox 3683 4856 3738 4900; x_wconf 79' lang='lat' dir='ltr'><strong>cl</strong></span> <span class='ocrx_word' id='word_1_778' title='bbox 3788 4864 3882 4900; x_wconf 84' lang='lat' dir='ltr'><strong>non</strong></span> 
     </span>
    </p>
   </div>
   <div class='ocr_carea' id='block_1_113' title="bbox 2312 4937 3882 5012">
    <p class='ocr_par' dir='ltr' id='par_1_113' title="bbox 2312 4937 3882 5012">
     <span class='ocr_line' id='line_1_114' title="bbox 2312 4937 3882 5012; baseline -0.003 -14"><span class='ocrx_word' id='word_1_779' title='bbox 2312 4945 2454 4998; x_wconf 85' lang='lat' dir='ltr'><strong>alius</strong></span> <span class='ocrx_word' id='word_1_780' title='bbox 2495 4943 2782 5012; x_wconf 87' lang='lat' dir='ltr'><strong>cujusdam</strong></span> <span class='ocrx_word' id='word_1_781' title='bbox 2831 4941 3086 4996; x_wconf 88' lang='lat' dir='ltr'><strong>animalis</strong></span> <span class='ocrx_word' id='word_1_782' title='bbox 3118 4940 3294 4994; x_wconf 79' lang='lat' dir='ltr'><strong>forma</strong></span> <span class='ocrx_word' id='word_1_783' title='bbox 3333 4941 3456 5010; x_wconf 73' lang='lat' dir='ltr'><strong>igne</strong></span> <span class='ocrx_word' id='word_1_784' title='bbox 3492 4937 3737 4992; x_wconf 58' lang='lat' dir='ltr'><strong>conﬂata</strong></span> <span class='ocrx_word' id='word_1_785' title='bbox 3788 4951 3882 5000; x_wconf 83' lang='lat' dir='ltr'><strong>cst.</strong></span> 
     </span>
    </p>
   </div>
   <div class='ocr_carea' id='block_1_114' title="bbox 2315 5028 3886 5103">
    <p class='ocr_par' dir='ltr' id='par_1_114' title="bbox 2315 5028 3886 5103">
     <span class='ocr_line' id='line_1_115' title="bbox 2315 5028 3886 5103; baseline -0.004 -16"><span class='ocrx_word' id='word_1_786' title='bbox 2315 5034 2574 5103; x_wconf 89' lang='lat' dir='ltr'><strong>quoniam</strong></span> <span class='ocrx_word' id='word_1_787' title='bbox 2611 5032 2716 5086; x_wconf 91' lang='lat' dir='ltr'><strong>hoc</strong></span> <span class='ocrx_word' id='word_1_788' title='bbox 2763 5030 2965 5084; x_wconf 89' lang='lat' dir='ltr'><strong>animal</strong></span> <span class='ocrx_word' id='word_1_789' title='bbox 2996 5039 3050 5084; x_wconf 91' lang='lat' dir='ltr'><strong>ct</strong></span> <span class='ocrx_word' id='word_1_790' title='bbox 3100 5030 3238 5082; x_wconf 88' lang='lat' dir='ltr'><strong>dura</strong></span> <span class='ocrx_word' id='word_1_791' title='bbox 3270 5042 3437 5081; x_wconf 85' lang='lat' dir='ltr'><strong>carne</strong></span> <span class='ocrx_word' id='word_1_792' title='bbox 3484 5035 3592 5087; x_wconf 88' lang='lat' dir='ltr'><strong>cst,</strong></span> <span class='ocrx_word' id='word_1_793' title='bbox 3627 5036 3688 5079; x_wconf 87' lang='lat' dir='ltr'><strong>et</strong></span> <span class='ocrx_word' id='word_1_794' title='bbox 3717 5028 3886 5081; x_wconf 79' lang='lat' dir='ltr'><strong>nervis</strong></span> 
     </span>
    </p>
   </div>
   <div class='ocr_carea' id='block_1_115' title="bbox 2313 5116 3884 5192">
    <p class='ocr_par' dir='ltr' id='par_1_115' title="bbox 2313 5116 3884 5192">
     <span class='ocr_line' id='line_1_116' title="bbox 2313 5116 3884 5192; baseline -0.004 -13"><span class='ocrx_word' id='word_1_795' title='bbox 2313 5136 2370 5179; x_wconf 86' lang='lat' dir='ltr'><strong>et</strong></span> <span class='ocrx_word' id='word_1_796' title='bbox 2405 5126 2649 5186; x_wconf 84' lang='lat' dir='ltr'><strong>ossibus,</strong></span> <span class='ocrx_word' id='word_1_797' title='bbox 2679 5121 3140 5192; x_wconf 88' lang='lat' dir='ltr'><strong>quemadmodum</strong></span> <span class='ocrx_word' id='word_1_798' title='bbox 3168 5130 3223 5172; x_wconf 86' lang='lat' dir='ltr'><strong>et</strong></span> <span class='ocrx_word' id='word_1_799' title='bbox 3257 5117 3465 5173; x_wconf 63' lang='lat' dir='ltr'><strong>Hebraei</strong></span> <span class='ocrx_word' id='word_1_800' title='bbox 3507 5116 3703 5170; x_wconf 90' lang='lat' dir='ltr'><strong>animo</strong></span> <span class='ocrx_word' id='word_1_801' title='bbox 3747 5117 3884 5172; x_wconf 82' lang='lat' dir='ltr'><strong>dun.</strong></span> 
     </span>
    </p>
   </div>
   <div class='ocr_carea' id='block_1_116' title="bbox 2319 5211 3886 5285">
    <p class='ocr_par' dir='ltr' id='par_1_116' title="bbox 2319 5211 3886 5285">
     <span class='ocr_line' id='line_1_117' title="bbox 2319 5211 3886 5285; baseline -0.007 -13"><span class='ocrx_word' id='word_1_802' title='bbox 2319 5216 2518 5272; x_wconf 82' lang='lat' dir='ltr'><strong>Verum</strong></span> <span class='ocrx_word' id='word_1_803' title='bbox 2549 5216 2712 5285; x_wconf 89' lang='lat' dir='ltr'><strong>hujus</strong></span> <span class='ocrx_word' id='word_1_804' title='bbox 2743 5213 2897 5268; x_wconf 86' lang='lat' dir='ltr'><strong>vituli</strong></span> <span class='ocrx_word' id='word_1_805' title='bbox 2930 5212 3222 5266; x_wconf 86' lang='lat' dir='ltr'><strong>historiam</strong></span> <span class='ocrx_word' id='word_1_806' title='bbox 3255 5211 3491 5264; x_wconf 88' lang='lat' dir='ltr'><strong>breviter</strong></span> <span class='ocrx_word' id='word_1_807' title='bbox 3523 5223 3886 5276; x_wconf 79' lang='lat' dir='ltr'><strong>exponamus.</strong></span> 
     </span>
    </p>
   </div>
   <div class='ocr_carea' id='block_1_117' title="bbox 2316 5299 3887 5373">
    <p class='ocr_par' dir='ltr' id='par_1_117' title="bbox 2316 5299 3887 5373">
     <span class='ocr_line' id='line_1_118' title="bbox 2316 5299 3887 5373; baseline -0.008 -8"><span class='ocrx_word' id='word_1_808' title='bbox 2316 5311 2460 5366; x_wconf 80' lang='lat' dir='ltr'><strong>Cum</strong></span> <span class='ocrx_word' id='word_1_809' title='bbox 2499 5307 2680 5364; x_wconf 69' lang='lat' dir='ltr'><strong>Moses</strong></span> <span class='ocrx_word' id='word_1_810' title='bbox 2725 5306 2790 5360; x_wconf 88' lang='lat' dir='ltr'><strong>ad</strong></span> <span class='ocrx_word' id='word_1_811' title='bbox 2826 5302 3170 5373; x_wconf 85' lang='lat' dir='ltr'><strong>accipiendas</strong></span> <span class='ocrx_word' id='word_1_812' title='bbox 3206 5301 3339 5370; x_wconf 88' lang='lat' dir='ltr'><strong>legis</strong></span> <span class='ocrx_word' id='word_1_813' title='bbox 3372 5299 3588 5354; x_wconf 88' lang='lat' dir='ltr'><strong>tabulas</strong></span> <span class='ocrx_word' id='word_1_814' title='bbox 3636 5301 3694 5352; x_wconf 90' lang='lat' dir='ltr'><strong>in</strong></span> <span class='ocrx_word' id='word_1_815' title='bbox 3735 5315 3887 5352; x_wconf 50' lang='lat' dir='ltr'><strong>mon.</strong></span> 
     </span>
    </p>
   </div>
   <div class='ocr_carea' id='block_1_118' title="bbox 2319 5390 3888 5466">
    <p class='ocr_par' dir='ltr' id='par_1_118' title="bbox 2319 5390 3888 5466">
     <span class='ocr_line' id='line_1_119' title="bbox 2319 5390 3888 5466; baseline -0.008 -12"><span class='ocrx_word' id='word_1_816' title='bbox 2319 5411 2427 5456; x_wconf 89' lang='lat' dir='ltr'><strong>tem</strong></span> <span class='ocrx_word' id='word_1_817' title='bbox 2489 5398 2864 5460; x_wconf 86' lang='lat' dir='ltr'><strong>ascendisset,</strong></span> <span class='ocrx_word' id='word_1_818' title='bbox 2917 5393 3279 5466; x_wconf 86' lang='lat' dir='ltr'><strong>quadraginta</strong></span> <span class='ocrx_word' id='word_1_819' title='bbox 3317 5392 3451 5446; x_wconf 48' lang='lat' dir='ltr'><strong>’dies</strong></span> <span class='ocrx_word' id='word_1_820' title='bbox 3516 5390 3631 5444; x_wconf 88' lang='lat' dir='ltr'><strong>illic</strong></span> <span class='ocrx_word' id='word_1_821' title='bbox 3691 5393 3888 5464; x_wconf 73' lang='lat' dir='ltr'><strong>exegit.</strong></span> 
     </span>
    </p>
   </div>
   <div class='ocr_carea' id='block_1_119' title="bbox 2319 5483 3985 5558">
    <p class='ocr_par' dir='ltr' id='par_1_119' title="bbox 2319 5483 3985 5558">
     <span class='ocr_line' id='line_1_120' title="bbox 2319 5483 3985 5558; baseline -0.007 -13"><span class='ocrx_word' id='word_1_822' title='bbox 2319 5491 2522 5546; x_wconf 87' lang='lat' dir='ltr'><strong>Interea</strong></span> <span class='ocrx_word' id='word_1_823' title='bbox 2569 5489 2775 5546; x_wconf 62' lang='lat' dir='ltr'><strong>Hebraei</strong></span> <span class='ocrx_word' id='word_1_824' title='bbox 2832 5486 3237 5558; x_wconf 84' lang='lat' dir='ltr'><strong>conspiratione</strong></span> <span class='ocrx_word' id='word_1_825' title='bbox 3290 5484 3558 5538; x_wconf 86' lang='lat' dir='ltr'><strong>adversus</strong></span> <span class='ocrx_word' id='word_1_826' title='bbox 3617 5483 3886 5539; x_wconf 77' lang='lat' dir='ltr'><strong>Aaroncm</strong></span> <span class='ocrx_word' id='word_1_827' title='bbox 3981 5483 3985 5512; x_wconf 64' lang='grc' dir='ltr'><strong>τ</strong></span> 
     </span>
    </p>
   </div>
   <div class='ocr_carea' id='block_1_120' title="bbox 3063 5686 3884 5755">
    <p class='ocr_par' dir='ltr' id='par_1_120' title="bbox 3063 5686 3884 5755">
     <span class='ocr_line' id='line_1_121' title="bbox 3063 5686 3884 5755; baseline -0.005 -8"><span class='ocrx_word' id='word_1_828' title='bbox 3063 5696 3105 5727; x_wconf 80' lang='grc'>³⁷</span> <span class='ocrx_word' id='word_1_829' title='bbox 3132 5692 3299 5749; x_wconf 87' lang='lat' dir='ltr'><strong>Eccli.</strong></span> <span class='ocrx_word' id='word_1_830' title='bbox 3336 5705 3416 5755; x_wconf 83' lang='lat' dir='ltr'><strong>nl,</strong></span> <span class='ocrx_word' id='word_1_831' title='bbox 3457 5686 3550 5742; x_wconf 69' lang='lat'><strong>23.</strong></span> <span class='ocrx_word' id='word_1_832' title='bbox 3632 5686 3679 5719; x_wconf 83' lang='grc'><strong>³⁸</strong></span> <span class='ocrx_word' id='word_1_833' title='bbox 3703 5687 3884 5749; x_wconf 70' lang='lat' dir='ltr'><strong>Matth.</strong></span> 
     </span>
    </p>
   </div>
   <div class='ocr_carea' id='block_1_121' title="bbox 2489 5698 2958 5760">
    <p class='ocr_par' dir='ltr' id='par_1_121' title="bbox 2489 5698 2958 5760">
     <span class='ocr_line' id='line_1_122' title="bbox 2489 5698 2958 5760; baseline -0.002 -7"><span class='ocrx_word' id='word_1_834' title='bbox 2489 5700 2580 5753; x_wconf 79' lang='grc'><strong>³⁸1</strong></span> <span class='ocrx_word' id='word_1_835' title='bbox 2615 5698 2744 5754; x_wconf 90' lang='lat' dir='ltr'><strong>Cor.</strong></span> <span class='ocrx_word' id='word_1_836' title='bbox 2778 5714 2838 5760; x_wconf 86' lang='lat' dir='ltr'><strong>ll,</strong></span> <span class='ocrx_word' id='word_1_837' title='bbox 2876 5699 2958 5754; x_wconf 72' lang='lat'><strong>10.</strong></span> 
     </span>
    </p>
   </div>
  </div>
