4024 6292
217 336 361 405 ἶ377

1177 326 1505 390 NICETAS
1545 324 1628 387 IN
1665 325 1896 389 ORAT.
1933 328 2103 391 XLII
2142 331 2202 392 S.
2243 329 2469 394 GREG.

3358 328 3496 397 1373

224 449 362 503 inita
394 446 526 501 deos
557 441 660 497 sibi
700 440 980 512 petebant,
1009 439 1103 510 qui
1141 440 1196 492 in
1223 437 1422 493 itinere
1465 453 1562 493 eos
1598 451 1807 508 praecc-
1838 448 1880 503 Α
1914 456 2014 497 nec
2055 443 2108 497 in
2138 443 2437 498 virtutibus
2488 440 2776 496 remissum
2825 455 2891 495 ac
2935 441 3272 513 languidum,
3307 457 3497 498 verum

213 541 438 594 derent.
479 536 584 601 Qui
623 535 730 589 vim
777 540 946 603 atque
992 532 1280 586 audaciam
1317 531 1500 601 populi
1535 530 1802 600 pertimeo

215 646 410 695 acetis,
463 642 628 682 aurea
681 627 972 680 mulierum
1027 633 1349 679 ornamenta
1402 623 1468 677 ad
1520 637 1579 678 se
1629 621 1808 676 aﬂ‘erri

223 723 412 794 jussit.
439 720 572 785 Quae
609 734 734 772 cum
765 717 930 771 allata
954 725 1161 778 essent,
1187 716 1242 768 in
1284 714 1462 784 ignem
1495 727 1559 769 ea
1597 712 1806 782 injecit,

229 828 297 867 ac
349 810 532 864 statim
583 823 650 862 ex
705 809 772 862 iis
818 806 972 860 vituli
1013 805 1188 858 forma
1228 803 1462 858 conﬂata
1513 811 1598 856 est
1646 809 1813 872 atque

235 903 383 956 hunc
416 900 646 954 vitulum
699 897 961 952 vecordes
1007 894 1219 949 Hebraei
1269 894 1472 948 divinis
1511 891 1813 947 honoribus

223 992 510 1064 prosecuti
555 999 706 1043 sunt.
749 989 1096 1043 Descendens
1127 996 1312 1040 autem
1342 983 1521 1040 Moses
1546 993 1712 1054 atque
1741 983 1813 1036 ob

239 1089 381 1138 hanc
411 1083 570 1136 vituli
615 1080 1012 1135 coniectionem
1048 1081 1130 1132 ira
1160 1077 1556 1142 inﬂammatus,
1592 1074 1810 1130 tabulas

237 1176 397 1238 illas,
457 1189 594 1242 quas
655 1173 710 1224 in
776 1179 961 1225 tuente
1013 1179 1334 1240 acceperat,
1385 1167 1686 1237 confregit,
1749 1181 1814 1221 ac

235 1267 507 1329 vitulum,
564 1279 724 1333 quem
787 1262 1047 1326 fecerant,
1083 1262 1205 1332 igne
1263 1261 1600 1326 combussit,
1644 1267 1700 1314 et
1755 1260 1809 1312 in

241 1360 487 1411 minutas
537 1365 723 1426 partes
753 1356 1034 1419 contrivit,
1089 1363 1143 1408 et
1195 1354 1247 1407 in
1281 1368 1478 1422 aquam
1529 1351 1809 1420 dispersit.

239 1451 417 1516 Atque
454 1448 568 1500 haec
601 1446 776 1498 obiter
825 1446 878 1498 iu
929 1453 1164 1498 mentem
1220 1442 1496 1512 Theologo
1526 1448 1814 1503 venerunt,

239 1542 531 1596 occasione
581 1546 805 1608 accepta
848 1553 911 1592 ex
949 1552 1062 1592 uno
1106 1538 1212 1592 boc
1256 1538 1576 1592 attenuandi
1623 1534 1810 1589 verbo.

247 1634 440 1705 Igitur,
493 1641 551 1686 ut
602 1633 670 1686 ad
722 1645 838 1686 rem
882 1632 1190 1695 redeamus,
1239 1631 1364 1700 agni
1416 1643 1541 1684 ossa
1592 1637 1815 1699 propter

246 1726 387 1779 hanc
418 1738 666 1786 causam,
699 1735 864 1792 quam
913 1721 1360 1788 commemoravi,
1411 1737 1519 1777 non
1567 1720 1814 1775 conlrino

1913 532 1987 588 ita
2022 534 2209 589 animo
2260 535 2539 599 allectum,
2603 543 2663 588 ut
2717 541 2967 604 prompte
3016 544 3071 588 et
3124 534 3378 588 alacriter
3431 534 3498 587 ad

1915 624 2008 680 Dei
2045 627 2310 696 promissa
2339 634 2548 693 currat,
2582 635 2747 696 atque
2773 641 2963 680 eorum
2998 641 3119 696 qua:
3149 635 3296 680 retro
3326 634 3496 690 sunt,

1915 717 2119 772 oblitus
2157 717 2222 771 ad
2259 732 2320 772 ea
2355 731 2477 787 qua:
2522 732 2552 770 a
2598 718 2780 770 fronte
2824 727 2976 783 sunt,
3023 717 3262 785 seipsmn
3305 720 3501 768 extet-

1915 807 2008 863 dat
2039 807 2110 873 “,
2144 808 2446 879 omniaque
2497 807 2663 878 hujus
2697 809 2821 861 vitae
2867 808 3155 862 con'nnoda
3216 822 3312 875 pro
3347 806 3501 861 falsis

1915 901 2146 966 ducens,
2182 899 2420 954 futuram
2454 915 2638 954 rerum
2671 899 2956 954 veritatem
2985 899 3240 968 exquirat
3264 912 3330 952 ne
3363 898 3411 952 id
3443 899 3497 951 in

1916 991 2078 1047 nobis
2111 993 2413 1061 contingat,
2444 993 2590 1062 quod
2625 991 2805 1045 facere
2828 991 3030 1046 vetitus
3051 1000 3133 1044 est
3167 989 3270 1044 Lot
3302 1005 3328 1043 a
3362 992 3502 1043 duo-

1917 1085 2021 1140 bus
2057 1083 2164 1139 illis
2199 1084 2430 1154 angelis,
2492 1097 2629 1153 quos
2665 1083 2906 1152 hospitio
2946 1091 3292 1152 susceperat.
3347 1081 3503 1134 llunc

1914 1178 2058 1231 enim
2091 1177 2163 1230 ita
2214 1175 2469 1230 Sodomis
2500 1174 2684 1245 fugere
2711 1173 3016 1244 jusserunt,
3052 1185 3111 1227 ut
3145 1189 3174 1226 a
3211 1183 3360 1241 tergo
3395 1187 3501 1226 non

1921 1267 2241 1336 respiceret,
2281 1281 2378 1320 nec
2411 1265 2462 1318 in
2495 1265 2644 1318 omni
2689 1263 3112 1332 circumjacente
3139 1263 3361 1332 regione
3391 1272 3503 1316 sta-

1916 1368 2019 1420 ret,
2057 1358 2150 1412 sed
2191 1359 2242 1411 in
2283 1365 2524 1412 montem
2579 1357 2774 1409 salutis
2805 1371 2970 1409 causa
3019 1371 3076 1409 se
3126 1352 3403 1407 conferret
3433 1353 3500 1405 ⁸⁸.

1922 1449 2126 1504 Eodem
2181 1451 2345 1518 igitur
2393 1466 2494 1504 nos
2526 1449 2688 1503 modo
2719 1448 3008 1502 faciamus.
3066 1446 3142 1500 Ne
3169 1446 3504 1514 circumspi-

1918 1543 2130 1598 ciamus
2162 1542 2440 1610 (curiosus
2473 1543 2616 1596 enim
2661 1542 2726 1594 ad
2771 1541 3106 1610 voluptatem
3139 1548 3192 1593 et
3239 1539 3502 1608 concupi-

1923 1634 2189 1689 scentiam
2251 1641 2509 1701 aspectus
2560 1613 2735 1684 'nobis
2797 1630 3091 1699 perniciem
3160 1626 3338 1694 all‘ert)
3406 1642 3506 1678 nec

1917 1725 2085 1780 semel
2109 1724 2175 1779 ad
2199 1725 2454 1778 virtutem
2474 1739 2696 1778 currere
2715 1722 2977 1792 aggressi,
2999 1721 3050 1775 in
3072 1721 3277 1790 peccati
3302 1719 3505 1775 ﬁnibus

243 1826 459 1886 gentur.
499 1815 688 1869 Dicere
739 1814 885 1868 enim
921 1815 1300 1883 praetermitto,
1350 1814 1494 1884 quod
1543 1828 1612 1867 ne
1643 1813 1814 1866 histo-
1843 1786 1890 1846 Β
1917 1816 2311 1879 consistamus,
2343 1830 2528 1869 verum
2562 1815 2628 1870 ad
2659 1786 2922 1879 moniem,
2955 1786 3186 1877 hec-est,
3222 1816 3288 1866 ad
3329 1811 3506 1866 virtu-

239 1908 360 1962 rico
419 1907 635 1977 quidem
693 1919 859 1961 sensu
927 1919 1090 1960 crura
1119 1905 1246 1960 Jesu
1312 1905 1589 1960 confracta
1645 1913 1816 1970 sunt,

241 2003 457 2057 etiamsi
517 2001 691 2056 Judaai
761 2000 937 2071 ipsius
993 2009 1226 2054 mortem
1289 1999 1637 2068 adurgerent.
1708 1997 1818 2051 Lex

245 2092 392 2146 enim
435 2091 649 2145 dicebat
679 2105 696 2142 :
726 2087 785 2144 Si
817 2090 976 2158 fuerit
998 2090 1056 2142 in
1083 2088 1308 2159 quodam
1334 2088 1542 2141 homine
1557 2087 1819 2154 judicium

245 2184 456 2246 mortis,
486 2199 548 2236 ac
583 2183 964 2252 suspenderitis
985 2197 1101 2235 eum
1131 2183 1186 2235 in
1211 2181 1377 2250 ligno,
1407 2195 1510 2233 non
1543 2188 1822 2247 pernocta-

246 2277 324 2331 bit
355 2293 542 2347 corpus
589 2277 701 2345 ejus
736 2277 791 2330 in
840 2277 1004 2347 ligno,
1050 2275 1142 2328 sed
1191 2275 1374 2328 eadem
1425 2276 1510 2327 die
1559 2271 1818 2342 sepelietis

241 2373 455 2426 sunt“.
511 2371 677 2442 Judaei
715 2372 918 2441 itaque,
971 2385 1038 2424 ne
1066 2371 1119 2424 in
1153 2383 1315 2424 cruce
1361 2382 1590 2436 corpora
1639 2379 1820 2421 rema—

249 2473 466 2529 nerent,
523 2471 640 2520 tum"
682 2465 818 2535 legis
860 2463 1040 2518 edicto
1093 2463 1350 2532 permoti,
1405 2471 1517 2514 tum
1568 2459 1712 2529 quod
1755 2472 1819 2511 ea

247 2556 572 2611 Parascevas
602 2570 830 2626 vespera
857 2562 1023 2618 esset,
1053 2569 1115 2609 ac
1144 2554 1442 2609 Sahbatum
1487 2551 1643 2616 illud,
1673 2549 1818 2619 quod

242 2646 317 2700 ab
371 2647 441 2701 iis
490 2647 742 2713 religiose
774 2645 1084 2710 colebatur,
1139 2645 1390 2709 instaret,
1439 2657 1469 2696 a
1519 2642 1695 2696 Pilato
1724 2653 1820 2710 po-

246 2738 528 2793 stularunt
551 2745 610 2791 ut
631 2753 821 2793 eorum
852 2737 946 2810 qui
980 2738 1036 2792 in
1075 2751 1292 2791 crucem
1325 2734 1520 2789 sublati
1555 2733 1816 2795 fuerant,

247 2842 414 2883 crura
477 2827 892 2899 frangerentur,
949 2844 1013 2884 ac
1059 2828 1401 2884 tollerentur.
1464 2825 1660 2880 Milites
1721 2839 1822 2878 au-

250 2929 360 2975 tem
416 2921 684 2975 latronum
744 2921 1001 2989 quidem,
1064 2919 1325 2990 quoniam
1388 2931 1483 2972 eos
1550 2916 1822 2986 spirantes

247 3014 430 3067 adhuc
473 3013 835 3080 offenderant,
883 3029 1044 3068 crura
1093 3013 1392 3080 fregerunt.
1449 3009 1584 3064 Cum
1637 3019 1818 3063 autem

1921 1908 1992 1962 tis
2021 1923 2282 1962 cacumen
2310 1923 2692 1974 excurramus,
2723 1922 2790 1961 ne
2827 1905 2965 1960 forte
2991 1921 3090 1960 nos
3111 1905 3251 1976 ignis
3273 1905 3499 1968 vindex,

1919 2007 1975 2054 et
2015 2014 2046 2053 a
2083 2007 2272 2053 nostro
2325 1998 2450 2066 igne
2492 2000 2746 2059 alienus,
2792 1998 3056 2052 inusitato
3094 2007 3150 2051 et
3183 1996 3504 2049 admirando

1921 2094 2121 2164 impetu
2154 2109 2316 2148 ruens
2352 2093 2598 2164 arripiat.
2640 2092 2774 2148 Nam
2812 2108 2935 2148 cum
2999 2092 3180 2146 onmis
3214 2091 3357 2161 ignis
3406 2105 3510 2144 na-

1922 2195 2043 2241 tura
2073 2200 2293 2240 sursnm
2331 2184 2573 2250 feratur,
2611 2185 2752 2255 ignis
2789 2193 2974 2240 tamen
3018 2184 3128 2249 ille,
3160 2198 3270 2252 quo
3324 2180 3510 2237 Sodo«

1922 2293 2141 2332 morum
2214 2278 2346 2332 urbs
2410 2276 2793 2347 conflagravit,
2844 2277 3040 2345 pluvia:
3096 2276 3328 2330 instare
3362 2271 3505 2329 coelo

1919 2368 2173 2423 deorsum
2200 2366 2495 2423 ferebatur.
2518 2367 2634 2422 Nec
2663 2368 2721 2420 in
2753 2372 2990 2421 statuam
3021 2367 3151 2422 salis
3172 2378 3504 2421 concresca-

1920 2474 2067 2527 mus,
2110 2460 2214 2513 hoc
2270 2467 2375 2524 est,
2434 2459 2566 2514 salis
2615 2458 2671 2512 in
2734 2457 2898 2512 modo
2940 2457 3296 2521 intatuemur,
3353 2456 3505 2510 aliis-

1919 2567 2027 2622 que
2077 2552 2134 2604 in
2188 2559 2424 2606 statuam
2499 2552 2553 2603 in
2600 2549 3013 2619 coargutioncm
3084 2558 3138 2603 ct
3194 2549 3505 2604 accusatio-

1923 2659 2044 2698 nem
2113 2657 2176 2696 ae
2233 2642 2572 2712 triumphum
2633 2655 3030 2711 proponamur.
3087 2639 3242 2695 Tunc
3315 2648 3499 2694 autent

1922 2737 2055 2792 salis
2108 2745 2288 2789 statua
2341 2735 2618 2804 quispiam
2667 2734 2916 2799 cilicitur,
2959 2748 3085 2788 cum
3129 2735 3194 2786 ad
3231 2732 3507 2788 deteriora

1925 2828 2241 2892 revertitur,
2276 2839 2438 2897 atque
2468 2827 2536 2882 ad
2581 2838 2889 2897 peccatum,
2926 2827 3070 2896 quod
3105 2841 3202 2895 pro
3243 2825 3508 2881 derelicto

1924 2921 2184 2975 habuisse
2209 2919 2518 2985 videbatur,
2541 2919 2908 2987 perniciosam
2943 2919 3088 2972 enim
3115 2919 3258 2972 hanc
3275 2933 3375 2973 con
3387 2933 3511 2972 ver-

1920 3014 2130 3069 sionem
2149 3013 2426 3067 cunctatio
2445 3011 2605 3079 parit.
2625 3009 2758 3065 Nam
2779 3025 2904 3064 cum
2927 3011 3074 3064 circa
3105 3011 3359 3064 virtutem
3387 3025 3510 3079 pro-

245 3105 316 3160 ad
343 3105 530 3161 Jesum
587 3107 889 3172 venissent,
943 3117 1004 3160 ut
1065 3105 1317 3160 viderunt
1348 3118 1471 3158 eum
1515 3103 1624 3173 jam
1672 3117 1818 3156 mor-
1844 3131 1888 3189 α
1923 3104 2312 3168 crastinamus,
2347 3102 2400 3156 in
2420 3101 2611 3156 vitium
2652 3115 2750 3154 nos
2776 3099 3006 3170 prolabi,
3032 3107 3194 3169 atque
3226 3100 3291 3152 ad
3317 3100 3509 3168 pristi-

251 3204 430 3262 tuum,
485 3196 606 3267 ejus
659 3210 821 3252 crura
882 3209 989 3250 non
1053 3194 1352 3266 fregerunt.
1407 3202 1468 3248 ut
1532 3193 1818 3264 Scriptura

252 3289 609 3358 impleretur:
643 3288 716 3344 Os
757 3305 858 3344 non
886 3289 1250 3343 comminuelt's
1281 3305 1345 3342 ea:
1373 3303 1431 3342 eo
1452 3286 1522 3341 “.
1548 3286 1658 3342 Nec
1692 3297 1822 3340 vero

247 3392 510 3449 corporea
561 3388 769 3436 tantum
833 3381 1045 3435 ratione
1091 3380 1292 3435 Christi
1349 3395 1476 3434 ossa
1537 3377 1819 3434 confracta

253 3485 366 3523 non
397 3479 544 3538 sunt,
571 3472 665 3526 sed
699 3486 766 3527 ne
796 3472 1154 3542 spiritualiter
1188 3471 1407 3541 quidem
1452 3480 1506 3526 et
1529 3471 1820 3543 allegorice

254 3558 703 3631 perfringentur:
745 3563 1005 3632 quoniam
1055 3563 1226 3619 robur
1274 3562 1426 3628 illud,
1481 3563 1625 3632 quod
1663 3563 1716 3617 in
1754 3578 1820 3618 eo

246 3658 393 3716 erat,
419 3651 682 3707 invictum
717 3653 1038 3723 permansit,
1067 3655 1401 3723 minimeque
1433 3655 1498 3708 ad
1537 3662 1819 3723 peccatum

246 3741 462 3796 cessit:
499 3743 611 3799 imo
664 3760 764 3801 nec
807 3745 984 3814 ipsius
1037 3760 1189 3813 caro,
1251 3749 1378 3817 quia
1427 3762 1536 3802 non
1589 3747 1821 3812 carnali,

247 3832 347 3887 sed
405 3833 590 3888 divino
651 3835 854 3902 modo,
941 3847 1127 3893 creata
1177 3849 1352 3904 esset,
1412 3839 1821 3908 corruptionem

247 3923 388 3980 vidit
407 3923 477 3978 “.

323 4016 443 4069 Col.
471 4015 576 4071 656
598 4015 659 4072 C.
694 4015 780 4072 Ne
805 4019 990 4072 modus
1006 4019 1215 4089 quidem
1243 4020 1694 4088 manducationis,
1717 4034 1824 4081 etc.

240 4106 332 4162 Ne
376 4108 594 4162 modum
645 4109 891 4178 quidem,
944 4109 1142 4178 inquit,
1203 4111 1636 4168 manducationls
1700 4115 1822 4183 agni

250 4206 645 4268 praetereamus
676 4217 689 4253 :
720 4200 1163 4270 quandoquidem
1198 4217 1297 4256 nec
1325 4204 1405 4256 lex
1439 4219 1562 4256 eum
1595 4215 1824 4273 prmter-

254 4290 579 4342 mittendum
609 4291 846 4355 censuit,
877 4306 1066 4344 verum
1089 4292 1279 4358 etiam,
1307 4295 1568 4363 usque-ad
1602 4297 1822 4350 modum

251 4379 456 4446 ipsum,
511 4381 903 4446 narrationem,
968 4397 1090 4452 quas
1144 4384 1198 4437 in
1256 4385 1435 4439 littera
1492 4388 1822 4454 continetur,

1925 3205 2312 3252 numnostrum
2341 3195 2605 3249 vomitum
2639 3209 2855 3247 l‘llf'Sllill
2894 3192 3374 3246 εοιιγυιειίιιθορεεε
3397 3200 3508 3249 est.-

2001 3289 2135 3343 lbid.
2201 3287 2333 3343 Cum
2369 3287 2595 3340 lactucis
2628 3294 2803 3339 autem
2844 3284 3164 3355 agrestibus,
3196 3294 3302 3338 etc.
3349 3283 3507 3349 Quod

1923 3393 2134 3452 septem
2184 3380 2378 3435 diebus
2409 3393 2604 3448 panem
2634 3378 2888 3431 fermenti
2917 3384 3196 3446 expertem
3227 3375 3388 3429 edere
3413 3375 3499 3428 lex

1920 3476 2098 3547 jubet,
2137 3474 2190 3529 id
2225 3474 2387 3529 nobis
2431 3471 2765 3526 documento
2818 3479 2921 3536 est,
2957 3478 3017 3523 ut
3060 3470 3210 3523 omni
3243 3467 3364 3522 vitae
3403 3481 3505 3520 no-

1925 3578 2054 3624 stra:
2087 3577 2335 3635 tempore
2374 3567 2426 3618 in
2459 3564 2812 3633 simplicitate
2846 3575 2911 3615 ac
2963 3565 3198 3631 puritate
3231 3561 3502 3613 vivamus.

1928 3660 2029 3716 Per
2069 3669 2318 3728 agrestes
2345 3666 2528 3711 autem
2564 3657 2831 3719 lactucas,
2873 3654 2982 3707 vita
3010 3653 3146 3707 dura
3179 3662 3232 3707 et
3259 3652 3508 3718 volupta-

1928 3763 2041 3805 tum
2082 3748 2364 3812 domitrix,
2399 3756 2562 3816 atque
2606 3745 2945 3814 huiusmodi,
2984 3753 3043 3798 ut
3074 3742 3327 3798 sensibus
3369 3739 3507 3795 dim-

1925 3840 2108 3895 culter
2143 3839 2264 3908 capi
2303 3838 2496 3908 possit,
2547 3836 2706 3891 nobis
2757 3837 3117 3904 signiﬁcatur.
3151 3831 3507 3899 Quandoqui-

1926 3937 2048 3989 dem
2075 3935 2257 3989 omnis
2288 3933 2580 4001 disciplina
2609 3931 2664 3986 in
2700 3932 2957 4001 praesenti
2990 3944 3096 3982 non
3140 3929 3353 3982 videtur
3381 3938 3505 3980 esse

1928 4027 2136 4095 gaudii,
2167 4025 2258 4080 sed
2293 4023 2567 4078 niteret-is.
2597 4024 2803 4077 Acerba
2851 4035 3072 4092 quoque
3114 4017 3504 4089 incipientibus

1929 4133 1994 4174 ea
2023 4118 2146 4171 vitae
2183 4117 2323 4171 ratio
2370 4126 2474 4182 est,
2507 4129 2628 4183 qua:
2684 4114 2751 4168 ad
2808 4113 3010 4168 divinae
3069 4112 3206 4182 legis
3238 4112 3505 4165 anmssim

1929 4209 2186 4280 exigitur.
2221 4207 2547 4277 Quanquam
2579 4207 2723 4260 enim
2758 4207 3034 4263 Christum
3088 4208 3367 4261 dicentem
3405 4222 3506 4258 an-

1929 4299 2016 4355 dis
2053 4315 2068 4352 :
2097 4298 2290 4369 Jugum
2319 4313 2491 4351 meum
2524 4281 2688 4349 suave.
2713 4307 2814 4362 est,
2837 4305 2886 4349 et
2913 4312 3045 4348 onus
3079 4311 3251 4348 meum
3283 4296 3388 4347 leve
3417 4293 3462 4324 “
3489 4310 3506 4360 ;

1935 4391 1989 4445 id
2025 4399 2208 4444 tamen
2235 4405 2345 4443 non
2371 4403 2438 4443 eo
2460 4388 2681 4453 dicitur,
2703 4390 2847 4457 quod
2867 4389 3000 4443 levis
3027 4389 3100 4441 sit
3121 4387 3236 4441 haec
3261 4387 3506 4450 sarcina,

250 4479 509 4524 accurate
560 4480 616 4524 et
657 4471 947 4542 diligenter
1000 4475 1275 4543 exposuit,
1327 4484 1513 4546 utpote
1565 4479 1824 4546 quiddam
1862 4491 1904 4545 ι)
1936 4481 2031 4535 sed
2067 4478 2276 4549 praemii
2311 4492 2376 4530 ac
2421 4477 2693 4531 mercedis
2722 4475 2931 4528 ratione
2961 4475 3084 4529 talis
3112 4472 3359 4527 eilicitur.
3397 4469 3508 4525 Nec

252 4559 420 4614 etiam
445 4561 778 4630 profundius
804 4565 1279 4635 complectentem,
1316 4581 1481 4638 quam
1511 4569 1682 4639 ipsius
1709 4585 1829 4624 eor-

251 4661 344 4706 tex
373 4669 482 4722 prae
515 4671 574 4710 se
608 4653 768 4710 lerat.
805 4655 932 4711 Haec
973 4659 1117 4712 enim
1149 4661 1283 4729 legis
1335 4663 1495 4714 verba
1526 4671 1654 4716 sunt
1686 4677 1700 4714 :
1738 4659 1828 4714 Sic

249 4746 535 4799 comedetis
573 4761 691 4799 eum
722 4760 741 4800 :
772 4744 890 4801 Sint
922 4747 1086 4802 lumbi
1121 4751 1279 4804 vestri
1308 4751 1581 4818 succincti,
1631 4759 1680 4804 et
1712 4752 1825 4804 cal-

249 4844 522 4889 ceamenta
549 4838 602 4890 in
644 4837 866 4907 pedibus
888 4879 904 4905 ,
941 4849 990 4892 et
1025 4840 1200 4894 baculi
1233 4843 1289 4894 in
1333 4843 1575 4895 manibus
1617 4841 1820 4896 vestris.

251 4925 548 4980 Comedetis
575 4945 694 4982 eam
722 4947 840 4983 cum
861 4931 1217 5000 festinatione,
1243 4949 1432 5002 azyma
1459 4948 1576 4986 cum
1605 4931 1821 4988 lactucis

251 5021 548 5086 agrestibus
563 5023 862 5075 comedetis.
878 5019 1086 5076 Pascha
1108 5023 1337 5078 Domino
1359 5033 1434 5077 est
1451 5023 1826 5095 “.Atquehzec

253 5108 390 5177 legis
419 5111 581 5164 verba
613 5123 761 5174 sunt,
815 5112 1281 5180 manducationis,
1318 5115 1538 5170 modum
1573 5118 1829 5185 praescri-

253 5200 452 5254 bentis.
487 5199 775 5258 Videamus
821 5203 934 5273 jam
988 5206 1118 5275 quid
1152 5209 1584 5276 unumquodque
1625 5209 1820 5261 horum

250 5291 536 5361 significet.
557 5293 712 5359 Quod
747 5296 914 5366 igitur
939 5296 1260 5353 festinanter
1277 5314 1400 5355 esse
1420 5301 1820 5354 comedendum

250 5382 351 5446 ait,
387 5384 492 5438 hoc
542 5385 704 5439 nobis
755 5385 961 5441 indicat
1009 5403 1155 5454 eum,
1207 5390 1300 5459 qui
1359 5390 1484 5459 agni
1547 5389 1819 5459 particeps

253 5472 470 5531 futurus
497 5476 592 5543 sit,
623 5491 842 5548 segnem
872 5495 937 5535 ac
965 5481 1248 5536 socordem
1291 5496 1413 5536 esse
1457 5496 1565 5535 nou
1597 5481 1817 5546 debere,

346 5655 391 5687 ⁸³
422 5655 574 5711 Deut.
609 5674 721 5722 χχι,
754 5659 840 5712 ‘23.

256 5727 385 5795 lipp.
435 5743 515 5793 Ill,
551 5728 636 5782 l5.
713 5729 758 5760 ⁸⁸
785 5729 1046 5795 Gemuit,
1080 5733 1102 5784 l
1136 5747 1292 5800 seqq.

947 5661 987 5691 "
1011 5659 1169 5715 Joan.
1203 5676 1314 5726 ιιι,
1345 5661 1544 5725 Eii-'55;
1574 5659 1742 5715 Evod.
1776 5675 1874 5724 xu,
1903 5660 1993 5715 46.

1369 5732 1415 5763 ⁸⁸
1445 5730 1636 5785 Matth.
1684 5747 1758 5796 ιι,
1797 5733 1886 5787 30.

1931 4573 2076 4627 enim
2108 4571 2380 4640 condigna:
2409 4578 2528 4622 sunt
2562 4568 2832 4635 passiones
2861 4566 3018 4634 hujus
3051 4563 3234 4618 δαπαιὶ
3265 4563 3334 4616 ad
3360 4564 3509 4634 futu-

1931 4677 2047 4715 ram
2080 4661 2328 4732 gloriam,
2368 4676 2484 4729 qua:
2519 4657 2836 4712 revelabitur
2879 4659 2931 4710 in
2967 4657 3141 4718 nobis,
3182 4665 3240 4710 ut
3272 4658 3506 4724 aitApo-

1929 4754 2104 4808 stolus
2135 4752 2207 4806 ⁸⁷.
2241 4749 2307 4805 Et
2339 4751 2447 4804 alio
2477 4750 2596 4804 loco
2621 4767 2634 4802 :
2659 4749 2724 4802 Id
2755 4751 2892 4819 quod
2918 4750 2971 4801 in
3007 4747 3507 4816 praesentimomen-

1925 4855 2136 4900 tancutn
2151 4854 2228 4900 est
2243 4843 2602 4898 tribulationis
2617 4850 2834 4906 nostrar,
2848 4856 3012 4910 supra
3028 4838 3238 4892 modum
3253 4849 3508 4894 aeternum

1934 4937 2116 5006 gloria:
2133 4937 2335 5005 pondus
2361 4943 2611 5004 operatur
2627 4936 2680 4987 in
2703 4933 2872 4998 nobis,
2895 4947 2998 4984 non
3028 4929 3385 4999 spectantibus
3408 4944 3506 4982 no-

1935 5025 2013 5078 bis
2035 5042 2118 5090 ea,
2137 5041 2254 5095 quae
2273 5025 2537 5089 videntur,
2571 5025 2660 5078 sed
2676 5039 2793 5093 quae
2809 5039 2912 5075 non
2931 5021 3196 5076 videntur.
3219 5019 3351 5086 Quae
3364 5019 3503 5073 enim

1933 5119 2197 5182 videntur,
2241 5117 2557 5185 temporaria
2587 5126 2741 5168 sunt:
2770 5130 2888 5184 qua:
2913 5124 3088 5167 autem
3122 5129 3222 5166 non
3241 5112 3501 5176 videntur,

1927 5205 2493 5276 videntur,‘a'terna".
2514 5204 2624 5260 Hac
2647 5207 2859 5258 ratione
2894 5204 3070 5260 facilia
3095 5213 3216 5259 sunt
3235 5208 3502 5272 pra-cepta

1922 5298 2492 5369 evangelica.Alioqui
2551 5299 2925 5368 evangelicum
2973 5296 3235 5368 legalibus
3291 5293 3489 5348 edie'is

1923 5391 2288 5444 atrumnosius
2306 5390 2806 5460 atquelaboriosius
2823 5401 2924 5445 ost.
2945 5388 3000 5442 Si
3019 5387 3109 5458 qui
3133 5389 3235 5439 lcm
3254 5384 3339 5438 lex
3366 5389 3506 5435 ιᾷιιιι-

1925 5490 2076 5536 taxat
2098 5491 2440 5552 peccatorum
2476 5481 2610 5538 ﬁnes
2629 5483 2884 5547 prohibet
2911 5498 2926 5547 ;
2966 5489 3020 5534 at
3051 5478 3304 5532 Christus
3333 5474 3390 5530 in
3429 5472 3501 5527 E—

2109 5661 2154 5692 "
2184 5661 2324 5718 Psal.
2360 5680 2449 5728 xv,
2481 5663 2570 5718 10.

2001 5730 2045 5764 ’⁵⁷
2086 5731 2243 5787 Rom.
2275 5749 2406 5803 χιιι,
2450 5737 2536 5791 18.

2651 5663 2696 5694 ⁸³
2728 5662 2899 5716 Exod.
2929 5675 3027 5722 xu,
3053 5657 3202 5725 8,”.
3279 5657 3324 5689 ⁸⁸
3361 5658 3492 5720 Ρῖιξ-

2645 5733 2691 5766 σε
2723 5733 2766 5785 ιι
2806 5733 2930 5785 αυτ.
2964 5747 3037 5797 ιγ,
3076 5730 3162 5797 ιι,
3195 5730 3279 5785 ιε.
