4076 6292
659 300 794 366 1379

2076 295 2453 358 ADDENDA.

3763 305 3882 370 1330

653 419 904 489 vangelio
933 430 1130 472 causas
1160 431 1380 486 quoque
1411 415 1559 484 ipsas
1589 412 1746 483 quasi
1785 411 1918 466 ﬁnes
1941 411 2234 466 interdicit.
2263 417 2311 476 Α
2340 419 2542 475 serunt,
2573 413 2933 483 unusquisque
2958 416 3028 470 ad
3061 431 3276 471 uxorem
3303 418 3530 484 proximi
3566 418 3656 473 sui
3702 420 3878 477 hirudo

656 505 719 560 Et
753 521 906 568 sane,
931 505 1024 574 qui
1049 503 1098 556 id
1126 504 1268 573 quod
1294 505 1526 572 primum
1547 508 1630 556 est
1651 499 2226 570 prohibet,sccundum

654 608 758 645 non
792 590 1026 658 reliquit;
1051 593 1140 655 qui
1176 589 1320 642 enim
1346 603 1530 641 semen
1563 588 1704 642 tollit
1729 596 1890 656 atque
1909 586 2232 653 evellitpro-

655 679 801 732 hibet
818 692 1036 747 quoque
1065 691 1128 729 ne
1147 691 1301 744 seges
1325 677 1532 729 oriatur
1556 693 1569 728 :
1596 676 1827 731 sublatis
1852 673 2051 727 etenim
2080 673 2231 741 prin-

653 769 811 838 cipiis
833 768 964 821 nihil
983 766 1107 819 mali
1139 766 1383 821 exsistet.
1407 767 1482 819 Ac
1509 766 1737 836 proinde
1765 765 1855 835 qui
1880 780 1940 818 ea
1970 778 2075 817 non
2109 779 2230 832 per-

655 862 841 924 mittit,
866 860 958 913 sed
979 875 1199 913 causam
1221 859 1272 911 in
1298 859 1486 912 eodem
1510 859 1619 913 fere
1641 858 1890 912 criminis
1904 857 2096 927 gradu,
2119 868 2228 924 quo

655 945 1329 1010 ﬁneni,constituit,multo
1363 947 1548 1012 utique
1579 944 1750 1012 magis
1776 959 1960 997 earum
1997 942 2224 996 effectus

655 1033 895 1085 sustulit.
929 1030 1046 1084 Non
1077 1032 1401 1086 adulterium
1423 1032 1935 1101 connnittes,inquit
1963 1030 2095 1084 lex"
2128 1045 2228 1084 :ac

653 1129 708 1171 Ill
757 1134 823 1171 ne
865 1120 1218 1187 concupisces
1271 1119 1514 1187 quidem,
1573 1134 1673 1172 nec
1726 1119 1867 1186 turpi
1921 1127 2084 1186 atque
2130 1117 2228 1171 ob-

646 1223 811 1261 sceno
864 1218 1089 1276 aspectu
1143 1209 1427 1262 mulierem
1482 1209 1802 1277 perspicies,
1857 1222 1958 1261 nec
2033 1207 2226 1260 alienae

648 1294 838 1347 forma:
872 1294 1340 1362 pulchritudinem
1393 1295 1634 1348 curiosis
1689 1294 1863 1348 oculis
1900 1292 2223 1355 intueberis,

645 1392 705 1435 ut
763 1383 950 1435 sedulo
997 1391 1160 1450 atque
1196 1382 1357 1435 anxio
1399 1393 1624 1449 aspectu
1685 1382 1891 1436 amoris
1947 1379 2222 1432 flammam

646 1472 932 1525 arcendas.
974 1469 1097 1523 ΙΙωο
1147 1471 1292 1522 enim
1327 1471 1582 1522 adulterii
1622 1485 1787 1523 causa
1821 1477 1923 1523 est.
1960 1465 2173 1522 Rursus
2206 1483 2222 1522 :

649 1560 766 1614 Non
788 1562 988 1613 caulem
1016 1558 1375 1628 perpetrahis,
1412 1562 1485 1614 ait
1512 1565 1593 1614 lex
1620 1561 1686 1625 3°;
1724 1569 1777 1614 at
1805 1560 2055 1615 Christus
2085 1559 2221 1613 iram

651 1668 872 1721 quoque
910 1653 1104 1722 ipsum,
1148 1669 1212 1706 ex
1243 1669 1348 1720 qua
1387 1654 1562 1708 caedes
1595 1655 1856 1718 nascitur,
1898 1653 2218 1708 interdixit:

649 1740 760 1811 Ego
789 1743 926 1794 enim
952 1743 1068 1795 dico
1111 1743 1273 1807 vobis,
1307 1746 1502 1812 inquit,
1538 1752 1594 1795 ut
1627 1759 1726 1794 non
1758 1741 2021 1794 resistatis
2056 1742 2220 1803 malo,
2257 1751 2299 1806 Β

648 1835 856 1886 homini
911 1835 1154 1898 scilicet;
1198 1833 1287 1887 sed
1331 1836 1376 1888 si
1417 1835 1532 1903 quis
1573 1835 1624 1886 in
1667 1835 1908 1886 dextram
1943 1833 2222 1886 maxillam

648 1925 925 1993 colaphum
964 1925 1058 1977 tibi
1087 1925 1379 1993 impegerit,
1417 1933 1655 1976 converte
1701 1919 1784 1976 illi
1817 1933 1864 1977 et
1895 1924 2119 1977 alterum
2154 1922 2219 1975 ⁵¹.

647 2014 861 2068 Rursus
901 2032 914 2067 :
951 2013 1158 2065 Dictum
1193 2025 1267 2066 est
1305 2014 1576 2082 antiquis:
1614 2011 1732 2064 Non
1763 2013 2045 2080 pejerribis.
2111 2011 2221 2080 Ego

648 2116 824 2158 autem
855 2105 973 2156 dico
1007 2105 1167 2169 vobis,
1207 2121 1269 2158 ne
1300 2122 1330 2158 a
1357 2105 1620 2173 principio
1648 2105 1856 2174 quidem
1887 2106 2100 2158 omnino
2140 2102 2224 2165 iu-

648 2193 774 2246 reli's
806 2192 874 2244 ".
911 2190 985 2244 Ex
1018 2191 1211 2245 crebro
1242 2191 1388 2244 enim
1421 2199 1474 2245 et
1504 2191 1764 2244 familiari
1793 2190 2088 2260 jt’iranienti
2119 2205 2221 2243 usu

649 2283 946 2351 perjuriuin
967 2283 1160 2337 mitur.
1188 2283 1397 2336 Dictum
1421 2292 1504 2337 est
1533 2297 1727 2337 rursus
1744 2299 1835 2352 per
1858 2283 2050 2336 Isaiam
2079 2280 2218 2343 εγω,

645 2375 740 2442 qui
768 2374 1090 2444 conjungunt
1122 2375 1334 2426 domum
1392 2391 1507 2426 cum
1551 2375 1729 2438 demo,
1790 2386 1838 2428 et
1880 2390 2061 2442 agrum
2103 2387 2220 2424 cum

646 2482 796 2534 agro,
849 2477 905 2517 ut
949 2468 1189 2532 proximo
1231 2467 1432 2536 aliquid
1477 2468 1705 2536 eripiant
1752 2467 1819 2520 ⁸³.
1859 2467 1925 2516 At
1961 2467 2012 2517 in
2047 2465 2222 2517 diter-

652 2574 771 2612 sum
818 2557 1072 2612 Christus
1135 2561 1276 2626 apud
1324 2561 1566 2612 Mart-uni
1619 2559 1690 2610 ita
1747 2556 2025 2624 loquitur:
2057 2555 2216 2619 Vade,

644 2646 803 2698 vende
837 2660 1155 2714 quaecunque
1184 2645 1362 2707 habes,
1406 2655 1456 2697 et
1492 2646 1559 2696 da
1592 2643 1932 2710 pauperibus,
1976 2652 2025 2696 et
2065 2643 2220 2696 habe-

642 2735 722 2787 bis
749 2735 1054 2787 thesaurum
1081 2735 1132 2787 in
1163 2736 1325 2800 caelis,
1350 2745 1398 2788 et
1423 2736 1557 2797 veni,
1577 2744 1626 2785 et
1661 2732 1785 2786 tolle
1808 2747 2012 2784 crucem
2048 2741 2214 2796 tuam,

642 2834 690 2874 et
721 2839 931 2893 sequere
964 2839 1043 2876 me
1097 2823 1165 2877 “.
1213 2824 1329 2888 Que
1379 2823 1498 2876 loco
1533 2837 1665 2875 crux
1713 2821 1951 2874 carnalis
1991 2819 2215 2874 allectus

643 2919 1078 2988 Oppressioneiu,
1121 2917 1389 2985 fiedaeque
1421 2917 1712 2984 voluptatis
1745 2914 2130 2984 abjectionent,
2157 2925 2214 2970 et

640 3011 847 3064 doloris
891 3025 1016 3064 cum
1049 3012 1248 3062 virtute
1280 3009 1560 3078 conjuncti
1597 3025 1842 3075 sensum,
1877 3008 2156 3078 animique
2180 3023 2210 3063 a

2331 502 2422 556 bat
2451 503 2518 558 ⁵³.
2551 504 2766 560 Etenim
2801 509 2872 562 ita
2896 509 3112 563 demum
3139 511 3344 565 Pascha
3379 512 3540 582 digne
3570 515 3884 582 comederis,

2329 597 2376 651 si
2424 597 2822 667 voluptuariam
2869 616 3058 654 earum
3118 618 3326 666 rerum,
3387 621 3505 674 qua:
3554 607 3610 660 in
3662 608 3766 663 hac
3790 612 3882 664 vita

2329 688 2570 744 studiose
2584 693 3282 759 expetuntur,latitudinem
3307 697 3463 764 quasi
3485 709 3690 753 vestem
3716 717 3883 771 quani-

2327 778 2452 832 dam
2484 779 2551 833 ad
2589 781 2754 849 pedes
2786 783 3078 839 demissam
3107 795 3160 840 et
3187 786 3602 854 circumfusam,
3644 808 3743 860 per
3771 805 3883 847 tem-

2331 871 2630 938 perantiam
2662 874 3004 928 contraxeris
3049 890 3113 930 ac
3165 881 3535 934 restrinxeris.
3589 881 3731 936 Nam
3763 886 3883 952 quod

2328 975 2464 1015 zona
2496 965 2907 1029 temperantiam
2936 964 3209 1035 designet,
3263 969 3416 1025 locus
3451 973 3560 1035 ille,
3613 978 3707 1028 cui
3740 992 3885 1044 appo-

2329 1051 2496 1116 nitur,
2527 1055 2662 1108 satis
2687 1054 2998 1109 conﬁrmat.
3029 1055 3164 1110 Tum
3213 1059 3287 1123 si,
3340 1061 3494 1128 juxta
3529 1061 3689 1117 Pauli
3727 1068 3885 1119 consi-

2328 1143 2460 1196 lium
2497 1143 2567 1209 ⁵⁷,
2596 1147 2866 1212 membra,
2898 1164 3020 1218 qum
3049 1161 3179 1205 sunt
3213 1167 3378 1222 super
3408 1163 3635 1218 terram,
3677 1159 3883 1210 mortiﬁ-

2328 1236 2561 1290 caveris.
2592 1233 2709 1288 Non
2739 1236 2897 1303 dixit,
2931 1244 3180 1308 corporis
3233 1243 3420 1311 (hujus
3468 1248 3622 1299 enim
3667 1249 3883 1300 membra

2327 1329 2456 1374 sunt
2486 1333 2671 1391 caput,
2725 1340 2942 1392 manus,
2987 1330 3174 1397 pedes,
3231 1342 3288 1386 et
3349 1333 3452 1386 alia
3537 1335 3882 1404 hujusmodii.

2327 1427 2514 1467 verum
2548 1429 2611 1468 ea
2665 1431 2782 1485 quae
2830 1429 2950 1471 sunt
3005 1435 3162 1487 super
3206 1429 3422 1486 terram,
3455 1424 3506 1477 id
3543 1435 3652 1489 est,
3709 1430 3882 1479 terreni

2324 1505 2551 1560 allectus
2583 1508 2847 1575 membra,
2908 1509 3166 1564 nimirum
3207 1515 3630 1579 scortationem,
3669 1518 3884 1571 immun-

2323 1597 2537 1662 ditiam,
2575 1598 2878 1665 libidinem,
2917 1603 3416 1672 concupiscentiam
3472 1610 3710 1662 malam.
3751 1611 3885 1664 Deni-

2325 1703 2430 1758 que
2459 1690 2504 1744 si
2533 1689 2761 1745 Joannis
2793 1708 2986 1746 zonam
3020 1695 3273 1752 imiteris.
3315 1697 3467 1753 Hanc
3497 1711 3688 1754 autem
3728 1705 3883 1756 imita-

2328 1787 2434 1842 tur,
2462 1781 2708 1848 quisquis
2741 1782 3090 1838 continentiae
3127 1800 3227 1855 ope
3262 1803 3328 1842 ac
3354 1790 3566 1844 viribus
3603 1794 3881 1862 genitali-ni

2325 1871 2520 1924 animae
2547 1870 2858 1928 facultatem
2885 1874 3064 1943 reipsa
3099 1892 3193 1945 per
3221 1880 3592 1948 cognitionem
3631 1886 3881 1938 constrin-

2323 1962 2400 2031 git
2447 1972 2610 2032 atque
2660 1964 2733 2018 ita
2789 1969 3051 2031 custodit,
3111 1978 3172 2023 ut
3226 1971 3293 2025 ad
3339 1981 3691 2029 terrenarum
3725 1993 3881 2030 reruni

2322 2069 2678 2123 congressum
2727 2057 2959 2112 dill'uudi
2991 2070 3229 2130 nequeat
3267 2101 3282 2126 ,
3316 2064 3369 2117 id
3398 2074 3500 2130 est,
3535 2069 3637 2135 qui
3671 2071 3879 2138 turpium

2322 2145 2660 2214 voluptatum
2699 2149 3055 2218 cupiditatem
3092 2155 3377 2211 exstinxit.
3435 2156 3557 2211 Hoc
3619 2160 3877 2230 genitalem

2321 2237 2519 2290 anima:
2551 2237 2657 2291 vim
2698 2251 2751 2292 et
2788 2242 3099 2296 facultatem
3149 2254 3324 2310 vocat,
3375 2262 3539 2316 quam
3577 2251 3719 2306 ratio
3748 2253 3877 2306 nobis

2323 2326 2505 2386 insita.
2541 2327 2594 2381 id
2629 2336 2734 2394 est,
2769 2331 2850 2385 vis
2881 2331 3188 2398 rationalis,
3223 2339 3558 2409 constringit
3588 2357 3606 2394 :
3631 2352 3787 2411 atque
3809 2344 3875 2396 in-

2321 2419 2723 2488 dissolubilem,
2761 2423 2865 2478 hoc
2895 2437 3000 2490 est,
3033 2427 3098 2480 ad
3140 2443 3320 2482 rerum
3370 2436 3606 2486 materia
3649 2444 3873 2490 constan-

2323 2513 2455 2564 tiunt
2489 2527 2731 2568 amorem
2779 2517 3005 2572 minime
3038 2533 3262 2586 pronam
3298 2531 3353 2576 et
3394 2525 3699 2591 proclivem
3723 2537 3872 2579 custo-

2317 2602 2415 2656 dit.
2447 2601 2691 2659 Joannes
2720 2607 2865 2660 eniin
2904 2609 3060 2676 .circa
3109 2609 3326 2666 lumbos
3376 2615 3670 2681 pelliceam
3704 2632 3864 2671 zonam

2320 2695 2572 2751 habebat.
2605 2697 2766 2752 Pellis
2797 2715 2961 2768 porro
2983 2711 3196 2756 mortua
3223 2714 3326 2768 est,
3358 2719 3424 2759 ac
3450 2722 3569 2761 rem
3593 2721 3862 2763 emortuam

2318 2789 2589 2858 designat.
2656 2790 2774 2845 Jam
2839 2808 2970 2848 vero
3019 2795 3300 2852 solitarius
3359 2799 3468 2854 dici
3540 2804 3749 2870 possit,
3793 2803 3867 2873 qui

2317 2881 2486 2934 animi
2534 2881 2780 2937 habitum
2830 2886 2900 2939 ab
2936 2887 3084 2941 omni
3135 2889 3451 2944 turbulento
3507 2905 3660 2948 motu
3701 2911 3867 2965 purum

2316 2975 2676 3041 comparavit.
2703 2973 3018 3031 Pratcursor
3035 2989 3240 3043 autem,
3265 2982 3360 3050 qui
3385 2996 3482 3049 per
3498 2998 3685 3039 veram
3703 2995 3755 3041 et
3773 2986 3869 3041 sin-

647 3100 879 3154 terrenis
914 3101 1077 3154 rebus
1109 3099 1443 3154 evectionem
1481 3099 1771 3168 signilicat.
1809 3097 2001 3154 Totius
2035 3109 2216 3154 autem

2321 3075 2502 3117 ceram
2541 3073 2946 3132 paenitentiam;
2974 3073 3242 3137 justitiam
3287 3073 3464 3141 ipsius
3497 3078 3778 3142 asseclam,
3815 3093 3866 3132 ac

643 3189 805 3256 hujus
835 3187 964 3241 dicti
1013 3187 1130 3241 haec
1170 3189 1442 3242 sententia
1478 3198 1564 3244 est
1600 3203 1614 3240 :
1650 3186 1884 3241 Tantum
1931 3188 2108 3254 absit,
2155 3196 2214 3241 ut

643 3279 838 3333 alienis
893 3282 1056 3333 rebus
1106 3295 1325 3333 manuni
1384 3279 1617 3347 injicias,
1676 3288 1820 3332 utea
1875 3280 2039 3333 etiam
2091 3295 2215 3349 quas

645 3370 890 3422 honestis
915 3370 1217 3424 rationibus
1253 3370 1579 3438 qmesivisti,
1621 3370 1952 3438 pauperibus
1969 3370 2214 3427 eﬁ‘undas

645 3439 811 3529 atque
829 3463 1132 3532 dispergas,
1152 3473 1207 3515 ut
1229 3476 1444 3516 crucem
1469 3459 1623 3512 facile
1639 3462 1883 3530 perferas
1898 3462 2214 3532 (paupertas

641 3554 787 3603 enim
817 3551 1003 3612 ellicit,
1032 3559 1092 3602 ut
1123 3550 1431 3603 alliictionis
1463 3563 1602 3602 onus
1623 3548 1812 3601 leviter
1839 3549 2121 3618 feramus),
2151 3565 2213 3605 ac

639 3658 738 3712 pro
789 3642 951 3694 rebus
1007 3640 1230 3694 caducis
1285 3647 1338 3692 et
1388 3639 1490 3692 sub
1545 3651 1827 3707 aspectum
1892 3640 2213 3696 cadentibus

639 3727 1073 3795 incorruptibilia
1105 3735 1159 3780 et
1187 3726 1520 3794 sempiterna
1555 3728 1696 3780 bona
1726 3729 2113 3796 consequaris.

709 3816 829 3870 Col.
872 3816 973 3870 647
1005 3814 1068 3870 C.
1111 3814 1238 3868 Jam
1268 3815 1455 3881 lumbi,
1488 3815 1646 3869 mulis
1669 3817 1878 3885 quidem
1919 3818 2212 3870 animanti-

642 3904 760 3966 bus,
794 3913 898 3956 etc.
924 3901 1080 3955 Nunc
1104 3901 1233 3954 illud
1268 3905 1657 3970 interpretatur
1683 3920 1698 3956 :
1724 3901 1840 3957 Sint
1867 3903 2030 3956 lumbi
2055 3906 2212 3959 vestri

640 3989 917 4056 prxcincti
969 3989 1038 4053 ³⁵,
1065 3990 1247 4056 aitque
1283 4005 1294 4039 :
1337 3987 1519 4044 Brutis
1567 3990 1785 4058 quidem
1843 3995 2210 4048 animantibus

639 4080 834 4144 lumbi,
860 4082 961 4133 hoc
985 4090 1088 4143 est,
1115 4096 1239 4149 pars
1260 4096 1323 4135 ea
1372 4097 1490 4149 quin
1527 4083 1806 4152 voluptate
1834 4085 2018 4150 alitur,
2045 4087 2210 4142 soluti

643 4169 753 4222 sint
789 4170 1124 4240 minimeque
1153 4175 1454 4242 compressi
1483 4189 1547 4229 ac
1573 4174 1801 4229 frenati:
1823 4177 2082 4244 quoniam
2121 4192 2211 4232 ra-

643 4263 828 4327 tionis,
861 4277 980 4330 quce
1011 4263 1271 4318 adversus
1324 4265 1536 4319 brutam
1574 4267 1907 4334 voluptatem
1950 4277 2004 4321 et
2055 4284 2084 4322 a
2119 4285 2210 4324 ra-

643 4353 788 4406 tione
823 4368 1068 4406 aversam
1103 4355 1387 4422 imperiuni
1423 4355 1605 4422 habet,
1647 4360 1889 4426 expertia
1931 4367 2078 4426 sunt,
2112 4375 2212 4416 nec

640 4446 848 4512 judicio
872 4446 1343 4514 perturbationum
1364 4448 1529 4501 animi
1550 4449 1792 4518 principe
1813 4451 2208 4521 gubernantur.

643 4532 751 4588 Nec
779 4535 923 4587 enim
971 4535 1178 4588 arbitrii
1228 4536 1480 4590 libertate
1512 4530 1712 4592 donata
1761 4548 1912 4602 sunt,
1949 4541 2055 4594 nisi
2089 4541 2210 4609 quis

642 4625 862 4689 diserit,
893 4640 1081 4678 eorum
1113 4642 1330 4695 quoque
1361 4627 1626 4695 permulta
1659 4629 1928 4682 naturalis
1951 4631 2017 4683 ad
2055 4645 2213 4684 vene-

644 4727 795 4765 reum
851 4728 1202 4780 congressum
1262 4726 1441 4768 motus
1492 4726 1654 4785 atque
1725 4718 1958 4785 impetus
1988 4719 2208 4774 modum

643 4813 824 4851 nosse.
891 4800 1132 4854 Lunibus
1187 4803 1330 4855 enim
1381 4804 1764 4872 appetitionem
1811 4821 1934 4861 cuni
2005 4804 2207 4863 femina

643 4890 875 4944 coeundi
931 4892 1222 4958 signiﬁcat.
1262 4891 1382 4946 Tibi
1439 4905 1644 4956 autem,
1685 4898 1776 4964 qui
1833 4905 2024 4964 praeter
2059 4900 2206 4952 arbi-

648 4983 733 5037 trii
769 4983 1070 5036 libertatem
1113 4983 1340 5037 rationis
1373 5000 1589 5052 quoque
1621 5003 1774 5040 usum
1813 4990 2090 5057 accepisti,
2125 4991 2207 5045 fa-

645 5073 896 5127 cnendum
939 5078 1046 5133 est,
1087 5079 1144 5122 ut
1179 5073 1558 5140 temperantia,
1591 5073 1754 5125 veluti
1787 5089 1918 5126 zona
1949 5078 2203 5145 quadam,

643 5173 854 5231 turpem
897 5173 949 5216 et
985 5175 1236 5215 vesanam
1269 5163 1618 5232 cupiditatem
1658 5177 1722 5217 ac
1755 5165 2054 5232 libidinem,
2093 5182 2215 5235 quae

643 5267 738 5322 per
781 5250 995 5307 lumbos
1054 5251 1413 5323 signiﬁcatur,
1475 5255 1843 5325 constringas.
1894 5259 2068 5322 Quam
2127 5262 2214 5311 in~

641 5350 858 5395 sectans
887 5350 1053 5409 atque
1076 5343 1434 5409 proscindens
1483 5341 1776 5410 Jcremias,
1811 5346 2082 5398 hinnitum
2116 5362 2212 5414 ap-

643 5427 822 5494 pellat,
853 5428 1042 5482 dicens
1071 5445 1084 5480 :
1113 5425 1470 5495 Equi.insano
1498 5429 1817 5496 featinarum
1848 5447 2025 5485 amore
2053 5448 2212 5485 exar-

2321 3167 2416 3220 per
2445 3153 2699 3207 virtutem
2731 3156 2783 3208 in
2809 3158 3058 3211 omnium
3109 3161 3283 3216 oculis
3332 3163 3642 3234 lucentem,
3671 3171 3868 3238 propin-2

2316 3261 2482 3314 quum
2501 3246 2739 3306 scientia:
2758 3249 3046 3304 adventum
3072 3253 3422 3321 praanuntiat.
3443 3255 3663 3326 Magnus
3677 3270 3866 3328 postre-

2316 3349 2404 3388 mo
2438 3337 2686 3392 veritatis
2715 3354 2914 3408 praeco,
2966 3342 3059 3410 qui
3104 3345 3352 3400 veritatis
3403 3347 3689 3414 doctrinm,
3718 3363 3862 3417 quam

2318 3441 2450 3480 voce
2480 3429 2740 3495 prandii-at
2796 3446 2894 3500 per
2942 3433 3067 3487 vitae
3100 3435 3391 3502 puritatem
3425 3439 3583 3493 ﬁdem
3620 3441 3821 3496 astruit.

2385 3514 2506 3569 Col.
2540 3518 2642 3570 (547
2679 3518 2740 3574 C.
2776 3521 2882 3575 Sed
2911 3532 2961 3577 et
3001 3523 3167 3576 aliam
3214 3543 3404 3580 zonam
3450 3531 3588 3595 noui,
3621 3541 3721 3587 etc.
3768 3530 3860 3584 Duo

2314 3608 2460 3676 plex,
2501 3610 2698 3680 inquit,
2731 3629 2886 3668 zona:
2924 3631 3096 3685 genus
3125 3619 3275 3684 novi,
3305 3621 3526 3675 alterum
3556 3639 3669 3691 quo
3698 3626 3860 3677 tunica

2319 3701 2612 3758 immodice
2649 3720 2890 3774 expansa
2930 3709 3306 3781 restiingitur,
3342 3728 3439 3782 qua
3482 3714 3861 3783 significatione

2313 3794 2405 3864 qui
2453 3793 2662 3850 Pascha
2695 3799 3011 3866 comedunt,
3044 3802 3256 3858 lumbos
3293 3807 3596 3875 accingunt,
3644 3809 3745 3862 hoc
3769 3819 3857 3872 est,

2313 3886 2623 3955 superfluas
2659 3892 2985 3958 cupiditates
3043 3897 3399 3952 centrahunt.
3448 3901 3692 3954 Alterum
3739 3899 3857 3954 mil.-

2314 3988 2450 4045 tare,
2484 3995 2515 4034 a
2557 3996 2667 4052 quo
2727 3984 2782 4037 in
2832 3983 2973 4040 libro
3009 3985 3216 4058 Regum
3249 3993 3515 4060 quosdam
3553 3995 3750 4048 milites
3777 3995 3850 4047 in-

2314 4073 2470 4125 venio
2495 4087 2738 4128 euzonos
2762 4088 2815 4130 et
2847 4093 3184 4136 monozonos
3213 4093 3471 4152 vocatos;
3501 4103 3736 4142 euzonos
3760 4085 3856 4153 qui-

2312 4161 2460 4226 dem,
2495 4165 2643 4232 quod
2679 4165 2838 4245 leves,
2861 4169 2973 4222 sint
3001 4180 3055 4223 et
3091 4174 3350 4240 expediti.
3385 4171 3546 4230 Tales
3594 4179 3732 4232 enim
3759 4189 3854 4245 pm-

2312 4253 2399 4306 cul
2457 4253 2626 4310 dubio
2665 4268 2796 4312 sunt
2835 4244 3068 4314 Imilites
3118 4263 3211 4330 qui
3260 4263 3452 4320 leviter
3507 4244 3852 4338 accinguntur,

2313 4350 2478 4411 atque
2504 4346 2723 4400 unicam
2752 4357 2953 4403 vestem
2985 4351 3386 4422 substringunt,
3415 4370 3480 4410 ac
3513 4358 3739 4425 proinde
3764 4371 3856 4410 Ino-

2310 4437 2505 4488 nozoni
2540 4436 2877 4506 frequentius
2915 4442 3276 4510 appellantur,
3328 4455 3388 4499 ut
3440 4457 3664 4516 propter
3715 4461 3849 4500 tinam

2312 4535 2513 4578 vestem
2591 4543 2730 4582 zona
2780 4546 2886 4585 una
2949 4543 3182 4588 utentes.
3239 4537 3419 4604 Atque
3469 4539 3637 4592 etiam
3687 4536 3852 4590 Jobqu

2307 4615 2484 4683 ipsum
2541 4618 2684 4674 Deus
2720 4621 3023 4692 alloquens,
3075 4627 3292 4681 dicebat
3323 4645 3338 4679 :
3371 4628 3470 4694 Ne,
3527 4633 3636 4685 hoc
3665 4642 3776 4692 est,
3805 4642 3856 4680 ne

2311 4707 2582 4761 silentium
2641 4720 2851 4777 teneas,
2903 4730 3090 4769 verum
3141 4717 3492 4785 conﬁrmare,
3543 4736 3614 4776 ac
3663 4732 3856 4776 strenue

2316 4801 2607 4869 responde.
2641 4801 2758 4858 Hoc
2786 4805 2931 4859 enim
2969 4809 3236 4877 signiﬁcat
3257 4813 3402 4877 quod
3433 4813 3510 4865 ait
3536 4830 3550 4864 :
3580 4813 3793 4881 Act-iuge
3813 4818 3858 4861 at

2315 4891 2394 4943 vir
2433 4892 2640 4947 lumbos
2674 4905 2792 4950 tuos
2818 4897 2885 4951 ⁵⁸.
2917 4899 3057 4968 Ergo
3077 4901 3228 4966 juxta
3251 4902 3707 4968 signiﬁcationem
3734 4914 3857 4953 zonis:

2315 4981 2569 5036 militaris
2617 4982 2783 5038 David
2826 5002 3046 5055 quoque
3100 4989 3167 5041 ad
3219 4989 3388 5042 Deum
3443 4992 3561 5043 ait:
3595 4987 3858 5044 Accinmti

2315 5089 2394 5124 me
2416 5073 2607 5127 virtute
2660 5077 2728 5128 ad
2782 5079 2975 5130 bellum
3000 5081 3067 5133 δ’.
3108 5080 3171 5134 Et
3199 5083 3266 5134 de
3291 5083 3400 5135 Deo
3437 5086 3594 5138 verba
3634 5084 3855 5138 faciens:

2313 5161 2543 5218 Iudutus
2597 5179 2672 5220 est
2723 5167 2981 5223 Dominus
3040 5171 3405 5239 fortitudinem
3492 5192 3554 5226 ac
3603 5171 3858 5243 prwciuxit

2313 5272 2366 5309 se
2421 5257 2492 5323 σο,
2535 5262 2799 5314 adversus
2853 5262 3051 5331 impios
3105 5263 3310 5318 scilicet
3370 5265 3612 5330 seipsum
3661 5277 3857 5319 armatis

2312 5347 2427 5402 Nisi
2460 5351 2596 5404 forte
2623 5352 2892 5420 quispiam
2944 5353 3092 5408 dicat
3138 5353 3223 5409 bis
3253 5357 3436 5409 verbis
3466 5357 3740 5410 :Acrinrit
3769 5356 3857 5408 nir-

2314 5446 2498 5499 tutem,
2557 5441 2657 5492 hoc
2727 5443 3046 5509 signiﬁcari,
3112 5442 3278 5498 Deum
3336 5461 3678 5516 nequaquam
3727 5441 3856 5498 enni

707 5602 754 5635 ⁵³
782 5604 1077 5687 ξξοά..ξξ,
1103 5607 1189 5661 14.
1265 5607 1310 5639 ⁵⁸
1338 5609 1583 5687 ibid._i:'_).
1621 5612 1912 5687 _“l\lattli__.
1953 5630 2005 5677 v,
2040 5615 2132 5687 ὃν.
2209 5617 2218 5646 ³

2319 5619 2419 5672 bid.
2445 5619 2533 5684 55,
2561 5620 2650 5673 54.
2733 5621 2779 5652 ⁸³
2821 5620 2929 5676 lsa.
2965 5638 3016 5684 v_.
3039 5623 3092 5676 8.
3157 5625 3200 5655 ⁵⁵
3224 5622 3388 5676 Mare.
3420 5639 3473 5687 Χ,
3507 5623 3593 5678 2!.
3670 5625 3715 5655 ⁵⁸
3741 5623 3852 5674 Luc.

640 5681 740 5738 XII,
795 5675 864 5726 5‘3
959 5675 1226 5732 "Jercni.
1265 5696 1315 5744 v,
1342 5682 1395 5731 8.
1470 5679 1512 5710 ⁵⁷
1538 5679 1851 5751 Ο(›ιοεδ.ιιι,
1878 5685 1928 5737 5.

2008 5686 2052 5716 ⁵⁸
2077 5685 2178 5740 Job
2236 5701 2466 5744 xxxviii.

2579 5693 2624 5722 ⁸ν
2654 5689 2802 5745 Psai.
2835 5709 2964 5757 sui,
2999 5694 3088 5746 40.
3183 5693 3234 5728 εο-
3260 5694 3402 5747 l’sal.
3464 5711 3587 5759 acii,
3625 5694 3672 5746 l.
