4076 6292
427 323 521 382 R31

1337 322 1654 384 NICETAS
1695 322 1775 382 ΙΝ
1816 323 2038 384 ΟΒΑΤ.
2091 323 2256 383 XLII
2292 324 2351 383 S.
2397 323 2624 383 GllEG.

3503 324 3639 388 1382

385 428 632 501 potentia
666 441 760 481 sua
787 431 1051 485 adversus
1081 431 1277 502 impios
1312 447 1468 489 usum
1501 449 1622 490 esse
1649 434 1797 507 (quis
1821 435 1963 490 enim
1995 444 2042 498 Α
2074 435 2216 504 puli,
2248 435 2362 489 hinc
2391 437 2471 491 eis
2500 436 2746 489 doctrina
2778 435 3171 505 praescribitur,
3211 446 3270 489 ut
3326 436 3463 491 nihil
3491 453 3639 491 mor-

382 533 508 574 eam
549 516 820 570 sustinuere
857 519 1080 587 queat?)
1132 535 1320 574 verum
1353 521 1523 590 ipsius
1573 524 1963 576 esuberantcm

383 624 453 662 ac
506 607 900 661 redundantem
949 611 1160 677 cupiam
1225 613 1645 678 compressisse.
1707 613 1961 680 Ejusdem

381 713 608 771 quoque
639 699 858 766 generis
895 711 976 754 est
1003 701 1136 755 illud
1169 702 1392 759 Davidis
1447 723 1460 758 :
1489 706 1729 760 Amictus
1768 706 1963 760 lumine

381 793 522 843 sicut
558 792 871 844 vestimento
907 793 973 857 ⁶¹,
1025 793 1076 846 id
1109 803 1194 849 cst
1241 795 1470 851 indecus
1519 813 1582 851 ac
1628 799 1962 866 restringens

384 884 612 938 luminis
640 884 1033 938 cxuberantem
1061 886 1300 955 cepiam,
1339 903 1446 942 non
1479 903 1636 943 secus
1669 903 1732 944 ac
1755 899 1960 944 vestem

384 974 682 1043 quamdam
706 977 772 1027 ad
800 975 938 1029 talcs
957 990 1131 1044 usque
1150 977 1463 1032 demissam.
1485 978 1696 1034 Etenim
1719 981 1960 1050 potentia

382 1067 475 1121 Dei
507 1078 561 1120 et
609 1065 824 1132 lumen,
883 1067 987 1121 nisi
1030 1069 1448 1136 contrahantur,
1503 1087 1658 1141 teque
1704 1073 1959 1127 omnibus

379 1161 750 1213 intolerabilia
786 1169 937 1213 sunt.

453 1255 570 1308 Col.
634 1255 739 1308 630
780 1257 843 1310 Α.
887 1254 1081 1319 Qutcro
1120 1259 1246 1326 quid
1321 1259 1512 1314 lumbis
1566 1278 1685 1314 cum
1741 1265 1960 1318 veritate

377 1362 655 1400 commune
685 1350 790 1413 sit,
822 1359 929 1402 etc.
967 1349 1297 1406 Lumborum
1321 1354 1740 1423 explicationem
1769 1373 1957 1426 prose-

375 1435 568 1505 quitur
608 1436 938 1504 Theologns,
990 1454 1056 1492 ac
1102 1441 1358 1508 quoniam
1410 1443 1637 1498 Paulum
1671 1447 1823 1499 audit
1879 1448 1958 1499 sic

380 1527 633 1596 Ephesiis
666 1530 996 1584 scribentem
1026 1547 1041 1584 :
1077 1530 1230 1586 State
1266 1535 1430 1604 igitur
1457 1538 1714 1591 succincti
1750 1538 1956 1591 luntbos

377 1632 575 1673 uestros
607 1621 661 1674 in
693 1622 917 1674 ueritate
971 1623 1038 1686 “,
1080 1627 1273 1692 quaerit
1298 1627 1427 1694 quid
1463 1628 1681 1684 lumbus
1715 1645 1836 1683 cum
1870 1647 1958 1684 vc-

378 1712 541 1766 ritate
568 1728 858 1768 commune
883 1716 1100 1776 habeat.
1141 1726 1306 1786 atque
1334 1719 1386 1771 id
1421 1721 1647 1774 invenit.
1678 1722 1949 1786 Quoniam

2069 536 2222 580 tuum
2253 526 2429 580 ferant
2463 544 2478 579 :
2510 536 2570 580 ut
2618 526 2908 596 impleatur
2953 527 3084 580 illud
3144 528 3317 596 Isaiae,
3363 530 3634 583 dicentis:

2067 617 2240 680 Quam
2287 617 2494 684 pulchri
2549 627 2670 670 sunt
2707 619 2860 685 pedes
2909 619 3342 670 annuntiantium
3375 633 3555 686 pacem
3586 629 3638 673 et

2065 711 2203 763 bona
2245 710 2316 774 °°,
2343 708 2395 763 id
2425 720 2528 774 est,
2551 721 2608 763 ut
2651 726 2870 780 gressus
2921 727 3109 764 eorum
3143 710 3235 780 qui
3283 714 3432 779 pae;s
3461 711 3641 764 Evan-

2063 801 2262 869 gelium
2304 803 2655 864 annuntiant,
2713 803 2832 871 puri
2893 803 2962 856 ab
3016 803 3168 856 omni
3219 803 3638 871 reprehensione

2062 902 2381 962 appareant.
2415 892 2588 946 Moses
2611 894 2794 962 igitur,
2817 893 3058 948 divinam
3083 904 3284 949 terram
3309 894 3547 959 calcans,
3575 909 3638 947 ac

2060 985 2393 1055 discipulus,
2423 984 2515 1054 qui
2542 985 2608 1038 ad
2640 985 2969 1053 praedicandi
3004 985 3342 1054 provinciam
3381 985 3634 1047 mittitur,

2059 1079 2319 1134 vitiosum
2345 1093 2415 1132 ac
2441 1088 2718 1131 mortuum
2749 1078 3181 1132 calceamentum
3211 1076 3409 1131 solvat.
3451 1076 3518 1130 At
3543 1080 3636 1145 qni

2061 1169 2353 1240 Egyptum
2382 1180 2437 1223 et.
2466 1169 2686 1240 Egypti
2724 1185 2809 1222 res
2857 1168 3018 1238 fugit,
3057 1169 3108 1221 id
3139 1177 3242 1233 cst,
3271 1175 3551 1236 peccatum
3583 1176 3638 1220 ct

2059 1263 2181 1330 ejus
2214 1262 2378 1325 fetus,
2416 1278 2484 1316 ne
2519 1264 2682 1331 hujus
2709 1263 2830 1316 vita:
2856 1262 3040 1332 [apinis
3090 1261 3215 1330 (hoc
3260 1271 3363 1326 est,
3398 1262 3634 1329 peccatis

2059 1369 2181 1422 quae
2228 1355 2390 1409 nudis
2443 1365 2500 1408 et
2557 1353 2862 1407 imminutis
2912 1363 3078 1422 atque
3119 1353 3353 1408 incautis
3404 1353 3632 1421 pedibus

2058 1446 2343 1514 spinarum
2381 1445 2502 1497 loco
2532 1460 2654 1498 esse
2682 1445 2910 1513 queant)
2938 1444 3266 1508 oliendatur,
3299 1446 3634 1499 calceamen-

2060 1546 2240 1588 torum
2274 1535 2533 1588 lirmitate
2566 1537 2731 1604 pedes
2770 1537 3126 1589 communiat.
3159 1534 3283 1590 Haec
3317 1547 3495 1588 autem
3525 1535 3635 1589 cal-

2057 1610 2341 1682 ceamenta
2384 1627 2520 1680 nihil
2552 1627 2700 1681 aliud
2729 1636 2880 1694 sunt,
2913 1643 3076 1697 quam
3109 1626 3217 1680 vita
3265 1627 3550 1681 continens
3581 1636 3636 1678 et

2056 1735 2277 1790 aspera,
2310 1735 2432 1789 quae
2464 1720 2747 1788 spinarum
2781 1720 3061 1788 cuspidem
3097 1718 3384 1787 perfringit
3409 1731 3473 1770 ac
3501 1731 3635 1770 con-

378 1805 528 1858 enim
560 1804 613 1858 in
641 1805 841 1861 lumbis
873 1822 1031 1862 renes
1059 1818 1209 1873 sunt,
1244 1811 1294 1865 id
1326 1820 1430 1877 est,
1468 1823 1616 1868 retro
1646 1814 1860 1870 lumbos
1885 1818 1950 1869 ad
1988 1782 2027 1836 Β
2057 1814 2204 1878 terit,
2236 1823 2402 1882 atque
2431 1811 2680 1880 impedit,
2716 1826 2784 1865 ne
2837 1782 3120 1880 peccatum
3154 1825 3221 1865 ex
3251 1782 3402 1864 tenui
3453 1819 3507 1862 et
3534 1811 3634 1863 obs

384 1899 600 1966 spinam
657 1899 828 1965 dorsi,
865 1901 1010 1955 circa
1041 1917 1198 1956 renes
1239 1913 1416 1958 autem
1449 1920 1574 1973 pars
1607 1909 1951 1977 concupiscio

378 1990 506 2044 bilis
530 1992 633 2044 sita
659 1999 766 2058 est,
805 1993 1008 2048 idcirco
1040 2009 1068 2046 a
1112 1995 1233 2050 loco
1273 1999 1776 2067 concupiscentiam
1811 2003 1953 2054 lum-3

376 2080 569 2133 borum
604 2082 824 2136 nomine
881 2084 1174 2152 appellavit
1209 2085 1522 2154 Apostolus.
1579 2086 1789 2144 Rursus
1823 2091 1948 2159 quia

378 2173 610 2228 facultas
633 2190 696 2228 ea
725 2190 832 2244 qua
856 2178 1321 2247 contemplamur,
1353 2178 1499 2233 circa
1529 2182 1807 2235 veritatem
1834 2199 1950 2235 ver-

376 2273 558 2325 satur,
589 2279 652 2317 ea
709 2281 831 2334 qua:
872 2281 999 2320 vere
1027 2275 1155 2320 sunt
1209 2267 1572 2336 investigatis,
1629 2268 1748 2322 ideo
1779 2271 1846 2324 ab
1886 2284 1951 2323 eo

375 2355 525 2423 quod
571 2357 856 2424 quaeritur,
908 2356 1257 2426 Speculatriei
1299 2355 1540 2411 facultati
1578 2359 1819 2412 veritatis
1845 2372 1950 2410 no-

377 2460 504 2498 men
542 2446 825 2514 imposuit.
855 2445 967 2501 lioe
993 2463 1117 2502 cum
1141 2462 1172 2500 a
1199 2445 1478 2518 Theologo
1508 2449 1948 2504 animadversum

374 2547 544 2602 esset,
613 2539 696 2593 sic
754 2541 1142 2608 interpretatur
1210 2541 1389 2594 locum
1447 2541 1591 2595 hunc
1629 2561 1642 2594 :
1684 2541 1950 2596 Succincti

373 2629 582 2682 lumbos
630 2631 686 2681 in
717 2632 956 2696 ueritate,
996 2631 1102 2685 hoc
1153 2641 1255 2696 est,
1303 2631 1507 2685 Christi
1566 2635 1951 2702 contemplatio

377 2719 621 2772 lumbum
684 2730 934 2774 nostrum
973 2727 1028 2774 ct
1061 2721 1559 2790 concupiscentiam
1586 2722 1947 2791 constringit,

373 2823 605 2877 eamque
632 2816 799 2862 totam
825 2810 892 2864 ad
925 2824 1107 2864 rerum
1143 2809 1451 2863 divinarum
1483 2824 1726 2863 amorem
1767 2819 1950 2866 trans-

375 2899 552 2954 fusam
591 2910 646 2953 et
689 2900 988 2955 derivatum
1036 2901 1266 2956 diﬂundi
1297 2918 1360 2956 ac
1389 2901 1622 2970 dispergi
1657 2917 1762 2956 non
1796 2904 1948 2959 sinit.

373 2988 489 3044 Nec
518 2992 663 3044 enim
696 2992 788 3060 qui
846 2991 1081 3061 alicujus
1126 2991 1203 3045 rei
1243 3005 1431 3045 amore
1478 2989 1799 3057 inardescit,
1823 3005 1950 3061 erga

381 3083 490 3136 alia
525 3081 716 3136 eodem
749 3083 912 3137 modo
947 3082 1084 3137 allici
1121 3090 1320 3152 potest.

449 3175 588 3228 Ibid.
619 3174 674 3226 li.
699 3172 824 3226 Jam
854 3175 944 3244 qui
981 3183 1177 3228 terram
1217 3183 1456 3228 sanctam
1490 3192 1554 3229 ac
1580 3176 1769 3230 divinis
1801 3176 1952 3229 vesti-

367 3267 470 3335 giis
496 3267 828 3334 impressam,
853 3277 959 3322 etc.
985 3267 1364 3321 Calceamenta
1425 3282 1818 3335 nonnunquam
1853 3282 1950 3334 pro

367 3360 565 3412 vitiosa
598 3360 1018 3414 mortilicatione
1069 3359 1406 3428 accipiuntur
1436 3364 1585 3428 (nam
1634 3375 1697 3412 ex
1730 3369 1949 3412 mortua

366 3469 593 3523 quoque
630 3453 769 3522 pelle
805 3467 866 3507 ea
904 3453 1290 3522 coniiciuntur)
1348 3453 1620 3506 interdum
1658 3452 1822 3505 etiam
1851 3466 1949 3519 pro

365 3543 626 3598 cautione
653 3557 718 3597 ac
743 3543 928 3596 tutela.
953 3540 1089 3596 Nam
1122 3545 1235 3596 haec
1264 3542 1425 3596 etiam
1455 3539 1714 3611 injuriam
1740 3555 1770 3594 a
1799 3540 1948 3610 pedi-

364 3639 470 3689 bus
504 3643 719 3689 arcent.
750 3637 826 3688 Ac
862 3634 1039 3688 Moses
1072 3634 1291 3703 quidem
1323 3635 1374 3685 in
1427 3644 1610 3686 monte
1636 3634 1825 3686 audit:
1863 3631 1946 3686 Ne

363 3727 470 3780 huc
505 3727 808 3789 accesseris,
857 3725 1001 3779 solue
1060 3725 1419 3778 calceamenta
1462 3724 1526 3777 de
1570 3725 1787 3792 pedibus
1816 3725 1943 3778 tuis.

361 3821 538 3874 Locus
566 3823 728 3884 enim,
763 3819 819 3872 in
847 3835 948 3888 quo
987 3829 1122 3878 stas,
1164 3829 1309 3871 terra
1356 3830 1540 3869 saneta
1572 3828 1648 3869 est
1693 3817 1758 3869 “.
1815 3816 1946 3881 Quae

361 3915 527 3967 lverba
565 3915 666 3966 hoc
725 3911 881 3964 nobis
927 3909 1260 3978 significant,
1302 3923 1455 3972 eum,
1482 3908 1575 3975 qui
1606 3906 1844 3958 animam
1875 3905 1945 3958 ad

360 4000 889 4070 contemplationem
921 3997 1148 4066 adjiciat
1187 3999 1325 4063 (haec
1358 3997 1526 4058 cnlttt,
1563 3993 1727 4047 Terra
1759 4004 1945 4046 sancta

364 4106 468 4157 est,
509 4096 561 4146 in
594 4106 700 4161 qua
738 4090 881 4144 Deus
911 4103 1007 4159 per
1037 4087 1330 4157 imaginem
1357 4087 1604 4155 apparet)
1637 4085 1946 4137 mundanas

368 4201 556 4251 curas,
589 4192 651 4238 ut
685 4194 946 4246 mortuas,
985 4189 1038 4236 et
1089 4178 1462 4249 inl‘rugiferas,
1513 4187 1678 4245 atque
1735 4175 1943 4228 aditum

365 4279 436 4332 ad
473 4278 638 4332 Deum
674 4273 1110 4343 intersepieutes,
1138 4269 1377 4336 abjicere
1401 4268 1621 4323 debere.
1661 4264 1942 4320 Consinnli

364 4371 531 4424 tiiedo
565 4371 612 4423 is
649 4381 886 4438 quoque,
918 4364 1014 4435 qui
1041 4363 1112 4417 ad
1139 4361 1546 4433 praedicandum
1593 4357 1942 4426 Evangelium

2055 1922 2220 1961 scuro
2247 1905 2516 1974 principio
2546 1905 2612 1958 ad
2666 1903 2927 1957 interiora
2961 1902 3164 1957 sensim
3208 1902 3482 1955 illabatur.
3522 1898 3633 1955 Nec

2056 2012 2184 2050 vero
2211 2005 2431 2065 prOpter
2462 1995 2649 2064 spinas
2677 1995 2944 2048 duntaxat
2977 1994 3174 2047 calceis
3206 2003 3412 2059 utatur,
3449 1993 3542 2048 sed
3577 2002 3631 2045 ct

2054 2098 2276 2158 propter
2324 2089 2623 2156 damones,
2655 2087 2748 2158 qui
2802 2087 3000 2141 callide
3042 2096 3097 2141 et
3152 2087 3411 2141 scelerate
3470 2094 3633 2154 atque

2053 2182 2269 2236 occulte
2299 2181 2526 2237 insidias
2557 2189 2800 2244 struunt,
2841 2194 2982 2250 quos
3034 2195 3234 2250 magno
3267 2194 3340 2233 nu
3368 2193 3498 2244 κει-ρ
3529 2179 3628 2231 alit

2055 2282 2359 2342 peccatum.
2407 2273 2482 2329 De
2511 2275 2714 2344 quibus
2763 2274 2820 2327 in
2858 2271 3157 2341 Evangelio
3201 2273 3277 2326 ait
3313 2271 3577 2325 Dominus
3613 2289 3626 2323 :

2055 2365 2189 2418 Ecce
2215 2365 2356 2427 dedi,
2382 2365 2523 2418 vobis
2553 2375 2864 2435 potestatem
2894 2363 3136 2418 calcandi
3179 2379 3335 2432 super
3366 2369 3626 2430 serpentes

2051 2468 2102 2512 et
2137 2457 2435 2524 scorpiones
2468 2459 2538 2510 "'.
2599 2456 2719 2522 Quo
2746 2457 2866 2510 loco
2903 2464 3182 2524 serpentes
3231 2453 3463 2507 fortasse
3497 2469 3626 2520 pec-

2053 2556 2172 2600 cata
2210 2561 2274 2600 ea
2305 2547 2588 2610 dicuntur,
2613 2562 2734 2614 quae
2763 2545 3047 2614 perspicue
3070 2544 3256 2614 gravia
3291 2553 3455 2612 atque
3479 2551 3623 2595 atro-

2053 2637 2137 2691 cia
2162 2645 2293 2690 sunt
2331 2653 2345 2689 :
2377 2637 2699 2704 scorpiones
2750 2644 2933 2690 autem
2985 2650 3048 2689 ea
3083 2635 3232 2698 vitia,
3294 2650 3415 2704 qua:
3456 2647 3630 2702 quan-

2051 2740 2217 2796 quam
2262 2727 2544 2780 hominum
2577 2728 2838 2795 opinione
2875 2742 3039 2796 parva
3085 2728 3394 2790 videantur,
3437 2726 3628 2779 mortis

2052 2827 2235 2872 tamen
2267 2819 2459 2873 aculeo
2483 2819 2722 2872 animam
2748 2819 3147 2873 convulnerant
3183 2829 3346 2886 atque
3375 2827 3626 2871 enecant.

2054 2909 2357 2979 Separatim
2385 2920 2564 2964 autem
2600 2911 2653 2962 in
2705 2909 2975 2977 principio
2999 2909 3230 2964 Genesis
3261 2910 3328 2963 de
3375 2917 3628 2976 serpente

2052 3005 2314 3063 scriptum
2347 3013 2433 3055 est
2463 3017 2476 3050 :
2501 2999 2623 3066 Ipse
2654 3001 2948 3053 observabit
2979 3010 3134 3066 caput
3169 3009 3340 3064 tuum,
3374 3007 3423 3052 et
3444 3007 3500 3050 tu
3532 2997 3627 3050 ob-

2054 3092 2284 3146 seruabis
2311 3092 2424 3160 ejus
2463 3091 2769 3144 calcaneum
2818 3091 2884 3143 ⁸⁸.
2931 3091 3105 3145 llomo
3133 3091 3334 3146 etenim
3387 3092 3624 3160 primum

2053 3184 2350 3254 Spil'llllatlis
2379 3184 2650 3254 serpentis
2704 3184 2965 3254 impetum
3020 3199 3084 3238 ac
3133 3183 3259 3236 mali
3296 3182 3626 3253 principium

2052 3276 2179 3344 (hoc
2207 3277 2351 3327 enim
2380 3271 2661 3342 Scriptura
2691 3283 2853 3341 caput
2896 3273 3073 3340 vocat)
3117 3287 3310 3326 cavere
3341 3285 3506 3340 atque
3530 3276 3628 3324 ot.-

2050 3377 2271 3418 scrvare
2315 3363 2513 3418 debet:
2548 3377 2615 3415 ne
2660 3361 2801 3416 forte
2852 3361 3100 3431 reliquus
3135 3363 3383 3429 corporis
3419 3371 3627 3414 tractus

2048 3465 2212 3526 caput
2232 3464 2602 3526 consequatur
2622 3473 2634 3508 :
2652 3453 2885 3523 Serpens
2901 3464 3102 3514 autem,
3119 3454 3348 3507 actionis
3375 3451 3621 3506 hominis

2050 3550 2235 3615 ﬁnem,
2273 3549 2422 3603 velut
2451 3547 2802 3606 calcaneum,
2835 3547 3111 3612 observat,
3146 3546 3229 3600 vel
3259 3546 3420 3600 etiam
3465 3543 3625 3598 linem

2047 3641 2404 3711 profectionis
2429 3642 2603 3708 ipsius
2627 3652 2679 3694 et
2704 3640 2844 3693 vitat.

2116 3731 2236 3785 Col.
2256 3730 2361 3785 650
2387 3731 2447 3784 Ο.
2469 3731 2674 3798 ,Ιαηιζιίε
2699 3731 2887 3783 baculo
2910 3740 3064 3800 atque
3085 3731 3198 3800 ejus
3222 3728 3624 3796 signiﬁcatione,

2047 3833 2154 3878 etc.
2205 3821 2411 3892 Duplex
2446 3837 2662 3892 quoque
2690 3833 2792 3884 est,
2828 3822 3022 3890 inquit,
3061 3823 3289 3875 baculus
3319 3839 3330 3873 :
3358 3823 3492 3873 alter
3527 3835 3626 3889 pe-

2047 3910 2216 3964 cudes
2247 3909 2458 3960 ratione
2481 3917 2694 3961 utentes
2719 3915 2992 3975 pastorum
3019 3906 3122 3959 ritu
3149 3907 3446 3972 castigans,
3469 3906 3626 3972 juxta

2048 3997 2174 4049 illud
2211 4013 2224 4048 :
2263 3993 2460 4047 Pasres
2485 4010 2572 4047 eos
2609 3995 2663 4046 in
2707 3995 2852 4062 rirga
2885 3993 3056 4061 ferrea
3071 3993 3148 4059 ";
3193 3991 3330 4045 alter
3381 3993 3628 4045 infirmos

2048 4085 2492 4154 l'ulciens,§juxta
2545 4084 2598 4138 id
2645 4085 2790 4153 quod
2835 4099 2866 4138 tt
2915 4083 3175 4139 Zacharia
3229 4083 3438 4137 dictum
3499 4093 3624 4137 est:

2048 4177 2234 4230 Adhuc
2284 4177 2536 4230 sedebant
2566 4192 2710 4230 senes
2761 4177 2817 4228 in
2850 4176 3041 4244 plateis
3078 4175 3401 4236 Jerusalem,
3466 4189 3631 4226 unus-

2047 4268 2264 4337 quisque
2303 4265 2548 4320 baculum
2580 4267 2774 4320 Itabens
2815 4267 2872 4319 in
2902 4282 3062 4320 manu
3090 4283 3210 4330 sua,
3238 4282 3348 4333 pra:
3383 4265 3629 4316 multitu-

2047 4359 2168 4412 dine
2205 4359 2412 4410 dierum
2435 4357 2505 4411 ’°.
2539 4357 2717 4425 Atque
2755 4358 2881 4410 hinc
2905 4393 2921 4418 ,
2973 4367 3033 4410 ut
3066 4358 3260 4425 opinor
3283 4393 3298 4420 ,
3344 4362 3628 4407 mutuatus

368 4461 622 4526 mittitur,
661 4470 715 4511 et
747 4475 839 4523 tes,
870 4466 928 4512 et
983 4456 1261 4520 baculum,
1294 4464 1348 4508 et
1403 4454 1541 4508 duas
1598 4452 1849 4516 tunicas,
1890 4457 1944 4502 ct
1975 4471 2020 4526 ι)
2049 4451 2380 4520 Theologus,
2437 4449 2688 4518 superius
2741 4449 2876 4503 dixit
2913 4461 2932 4502 :
2979 4446 3144 4501 Senili
3191 4462 3341 4502 more
3371 4445 3628 4509 baculum

362 4553 736 4604 calceamenta
782 4550 980 4602 habere
1030 4548 1351 4616 prohibetur
1391 4544 1459 4597 δ”.
1512 4543 1566 4596 In
1606 4559 1714 4611 quo
1759 4556 1854 4610 per
1891 4539 1946 4596 id

367 4639 609 4711 quidem,
640 4639 784 4707 quod
812 4638 937 4692 teris
952 4651 1147 4705 expers
1171 4651 1290 4689 esse
1311 4634 1556 4703 jubetur,
1582 4634 1944 4702 pecuniarum

365 4739 718 4798 contemptus
744 4730 972 4782 docetur
1001 4743 1016 4780 :
1052 4742 1148 4795 per
1177 4726 1231 4778 id
1265 4734 1477 4787 autem,
1513 4723 1661 4792 quod
1691 4721 1946 4776 baculum

369 4833 587 4894 gestare
615 4829 870 4885 velatur,
909 4818 1124 4887 placido
1171 4825 1332 4884 atque
1373 4817 1442 4868 ab
1472 4815 1554 4867 ira
1603 4811 1781 4866 alieno
1824 4824 1948 4865 esse

366 4913 558 4969 animo
609 4907 898 4965 condiscit.
961 4906 1197 4962 Baculus
1251 4905 1397 4959 enim
1453 4905 1622 4957 animi
1680 4899 1943 4956 commoti

367 5015 535 5073 atque
562 5004 685 5056 irati
717 5002 960 5070 speciem
995 5000 1221 5069 praebet.
1260 4995 1416 5050 Unde
1455 5005 1510 5050 et
1553 4994 1845 5064 Apostolus
1873 4993 1943 5048 ad

368 5095 686 5149 Corinthios
718 5094 990 5155 scribens,
1023 5090 1240 5145 diccbat
1272 5103 1286 5140 :
1317 5088 1457 5153 Quid
1481 5086 1638 5139 vultis
1658 5087 1684 5140 ?
1706 5084 1772 5138 In
1794 5085 1942 5154 virga

366 5191 576 5244 veniam
609 5191 676 5240 ad
702 5203 814 5253 vos,
839 5202 909 5239 an
931 5186 986 5239 in
1018 5185 1281 5237 charitate
1305 5195 1354 5237 et
1389 5183 1579 5251 spiritu
1613 5178 1848 5232 lenitatis
1871 5177 1945 5232 ⁸⁸2

367 5281 490 5336 1am
522 5297 616 5351 per
648 5282 884 5334 tunicam
919 5281 1027 5331 vita
1076 5277 1310 5345 simplex
1353 5285 1516 5344 atque
1546 5273 1616 5327 ab
1642 5269 1798 5327 omni
1823 5283 1946 5324 ver-

367 5376 515 5429 sutia
553 5384 608 5429 et
658 5371 1005 5442 improbitate
1051 5370 1218 5424 libera
1282 5368 1623 5438 designatur.
1653 5365 1942 5421 Postremo

365 5481 466 5538 per
494 5469 546 5522 id
567 5469 713 5538 quod
743 5468 904 5522 nudis
931 5465 1160 5535 pedibus
1206 5461 1458 5516 incedere
1477 5459 1738 5531 jubentur
1768 5459 1942 5518 disci:-

451 5655 491 5689 "
531 5657 673 5712 Psal.
707 5672 826 5721 cu,
861 5656 918 5709 2.
995 5658 1038 5688 ⁶²
1073 5655 1269 5723 Ephes.
1317 5669 1392 5714 vi,
1427 5651 1513 5704 li.

369 5745 468 5792 ιιι,
502 5729 551 5781 7.
633 5727 842 5799 ετιυυ.
877 5743 928 5792 ιι,
968 5727 1052 5780 l9.
1120 5721 1173 5756 -θθ
1217 5726 1348 5778 Gen.
1389 5739 1471 5787 ιιι,
1506 5721 1592 5775 if}.

1594 5651 1636 5681 "
1672 5652 1842 5703 lixml.
1895 5664 1979 5713 ιιι,
2015 5647 2068 5700 5.

1672 5722 1714 5752 ⁶⁹
1746 5721 1891 5775 Ρδέιι.
1929 5734 1963 5772 lt
1987 5758 2000 5782 ,
2039 5720 2091 5771 υ.

2048 4552 2346 4613 gestantes.
2377 4541 2446 4595 At
2475 4542 2568 4595 tibi
2602 4555 2768 4605 nunc,
2804 4555 3000 4608 agnum
3030 4539 3358 4602 comedenti,
3393 4537 3626 4592 lulciens

2043 4650 2108 4688 ac
2137 4635 2415 4690 sustinens
2439 4635 2492 4686 in
2529 4632 2781 4689 manibus
2806 4632 2898 4694 sit,
2931 4641 2990 4685 ut
3017 4632 3231 4686 etiamsi
3266 4631 3358 4685 Dei
3392 4630 3626 4700 sangui-

2045 4742 2169 4781 nem
2220 4736 2275 4780 et
2301 4727 2610 4796 passionem
2664 4739 2729 4780 ac
2781 4735 3009 4778 mortem
3058 4724 3322 4787 audieris,
3361 4723 3623 4776 nimirum

2049 4815 2230 4872 Verbo
2261 4831 2356 4886 per
2389 4816 2942 4871 communicationem
2966 4814 3282 4870 idiomatum
3309 4813 3488 4868 carnis
3517 4829 3633 4868 suae

2047 4912 2403 4980 proprietates
2430 4910 2532 4966 sibi
2566 4910 2875 4965 vindicante
2895 4947 2913 4973 ,
2970 4923 3038 4963 ne
3068 4917 3246 4963 mente
3295 4909 3536 4974 vacilles,
3565 4920 3634 4980 ne

2050 4978 2216 5067 impie
2270 5017 2302 5056 a
2360 5011 2522 5058 recta:
2559 5001 2680 5056 fidei
2717 5000 2964 5056 doctrina
2991 5000 3234 5065 decidas,
3283 5000 3420 5054 adeo
3451 5006 3510 5052 ut
3547 4978 3632 5052 vel

2049 5095 2336 5164 impatibili
2363 5095 2632 5149 divinitati
2671 5097 2979 5164 passionem
3008 5094 3238 5156 tribuas,
3268 5093 3347 5147 vel
3371 5094 3495 5146 dum
3529 5093 3634 5144 hu-

2043 5189 2138 5259 jus
2168 5185 2536 5257 patrocinium
2566 5187 2822 5254 suscipis,
2857 5201 3008 5248 eum,
3043 5186 3137 5255 qui
3175 5187 3398 5255 patitur,
3435 5197 3632 5252 purum

2054 5276 2333 5330 hominem
2371 5287 2528 5338 esse,
2588 5287 2688 5328 nec
2735 5276 2966 5328 salutem
3010 5276 3169 5330 nobis
3227 5274 3422 5328 all'erre
3473 5287 3635 5341 posse

2045 5365 2352 5422 existimes.
2375 5362 2506 5428 Qua:
2527 5362 2670 5417 enim
2695 5378 2726 5416 a
2751 5377 2888 5432 puro
2911 5372 2964 5416 et
2985 5362 3216 5431 simplici
3243 5363 3459 5414 homine
3481 5359 3633 5413 salus

2045 5458 2321 5530 proﬁcisci
2347 5455 2546 5527 queat?
2567 5454 2755 5510 Nonne
2784 5456 2943 5510 audis
2966 5455 3299 5509 Salvatorem
3324 5451 3632 5505 dicentem:

2145 5647 2190 5678 “
2223 5646 2412 5700 Matth.
2469 5661 2520 5707 ιι,
2558 5645 2625 5698 10
2659 5659 2813 5714 θρίω,
2893 5645 2936 5676 ⁸⁸
2977 5643 2994 5696 l
3027 5643 3152 5696 (lor.
3193 5656 3264 5705 Iv,
3297 5638 3389 5695 Ἢ.
3448 5636 3492 5666 "'
3524 5637 3637 5692 Isa.

2171 5717 2216 5748 ⁷⁸
2244 5718 2467 5771 Zachar.
2509 5731 2622 5782 vm,
2657 5718 2706 5767 4.
