4024 6292
570 288 710 352 tam

1997 291 2379 352 ADDENDA.

3706 289 3842 354 πει

569 405 694 459 Nisi
729 403 1174 458 manducareritis
1209 418 1420 455 carnem
1455 401 1584 456 Filii
1632 401 1861 455 hominis
1883 442 1898 468 ,
1928 413 1976 457 et
2009 403 2148 458 bibe-
2173 409 2225 469 Α
2255 403 2450 458 Mosem
2478 418 2498 459 :
2529 403 2766 475 Loquere
2821 403 2960 456 ctam
2999 399 3067 454 ad
3099 415 3253 454 aures
3289 364 3494 468 populi.
3525 411 3576 452 et
3609 405 3838 461 ραειιια

563 499 685 552 ritis
711 498 822 567 ejus
850 500 1176 566 sanguinem,
1203 511 1306 548 non
1337 495 1592 549 habebitis
1618 498 1780 550 vitam
1810 497 1864 549 in
1898 496 2042 550 vobis
2061 497 2148 550 7“!

569 591 771 655 Quare,
809 588 855 643 si
906 588 1025 640 vita:
1075 586 1374 654 cupiditate
1428 586 1686 653 afliceris,
1741 589 1956 642 sublata
1997 595 2146 648 omni

564 682 905 737 dubitatione
935 680 1047 732 veri
1086 679 1207 748 agni
1240 687 1292 732 et
1323 678 1411 732 Dei
1445 694 1644 748 corpus
1678 681 1904 734 comede
1938 689 1991 733 et
2019 696 2147 732 san-

569 773 787 841 guiuem
823 772 965 824 bibe.
1019 770 1246 824 Omnem
1297 770 1442 824 enim
1488 770 1652 824 vitam
1685 780 1878 841 suapte
1908 771 1958 825 vi
1995 770 2150 825 aﬂ‘ert

573 860 805 914 Verbum
831 903 846 926 ,
893 870 1055 930 atque
1081 861 1210 915 illud
1243 877 1306 914 ex
1345 859 1569 930 Virgine
1603 861 1810 916 editum
1843 863 2102 929 templum
2131 901 2147 926 ,

570 955 804 1009 Verbum
839 969 1026 1008 verum
1081 955 1134 1007 in
1178 953 1359 1022 seipso
1407 953 1632 1008 habens.
1665 953 1949 1023 Proprium
2002 954 2148 1008 enim

567 1048 739 1114 ipsius
769 1057 884 1101 erat
919 1063 1117 1114 corpus
1144 1085 1161 1107 ,
1203 1063 1266 1102 ac
1298 1062 1406 1100 non
1458 1047 1614 1114 quasi
1656 1047 1892 1100 alienum
1926 1063 2065 1101 onus
2098 1057 2152 1102 et

567 1140 810 1194 sarcina.
855 1139 1035 1202 Quare
1083 1139 1128 1190 si
1166 1139 1280 1207 ipsa
1329 1152 1460 1192 caro
1490 1147 1769 1207 assumpta
1804 1136 1894 1190 Dei
1925 1136 2147 1202 dicitur,

565 1233 755 1300 utique
804 1241 856 1283 et
889 1230 1074 1285 carnis
1105 1231 1469 1298 proprietates
1507 1228 1597 1282 Dei
1628 1245 1849 1298 quoque
1875 1228 2146 1284 dicentur.

563 1325 639 1377 Ac
676 1323 904 1391 proinde
955 1338 1054 1376 nec
1092 1323 1159 1375 iis
1194 1338 1314 1388 quae
1343 1323 1410 1374 de
1457 1337 1622 1375 carne
1669 1321 1948 1389 dicuntur,
1990 1321 2146 1376 fidem

562 1418 789 1486 abi-oga,
832 1431 954 1468 cum
981 1414 1222 1468 audit-ris
1255 1412 1453 1467 Filium
1486 1413 1579 1468 Dei
1613 1430 1731 1468 eam
1759 1415 2146 1484 assumpsisse,

562 1507 774 1573 sibique
809 1503 1074 1568 unirisse,
1104 1511 1274 1572 atque
1325 1503 1380 1556 in
1428 1503 1660 1556 sublime
1703 1512 1944 1558 avectam
1993 1505 2150 1557 deifi-

563 1615 720 1654 casse
746 1617 760 1652 :
795 1615 894 1652 nec
920 1613 1112 1651 rursus
1133 1597 1433 1662 committe,
1463 1607 1521 1649 ut
1549 1597 1636 1662 iis,
1660 1612 1780 1664 quae
1801 1597 1868 1650 de
1892 1599 2150 1667 passione

561 1691 841 1750 dicuntur,
897 1687 1214 1753 olfendaris,
1249 1701 1374 1742 cum
1433 1686 1670 1742 dicimus
1708 1687 1874 1741 Deum
1925 1703 2146 1756 passum

2252 499 2610 568 unusquisque
2635 515 2667 551 a
2693 498 2885 560 vicino,
2918 503 2968 548 et
2997 493 3184 546 mulier
3219 508 3250 545 a
3275 492 3447 545 vicina
3467 531 3482 556 ,
3509 505 3644 544 uasat
3682 506 3841 546 aurea

2249 601 2296 644 et
2337 599 2585 660 argentea
2615 599 2665 642 et
2699 588 3020 642 restimenta.
3057 584 3311 660 Dominus
3332 594 3513 637 autem
3536 584 3695 638 dedit
3729 595 3845 652 gm-

2251 652 2606 750 tiantpopulo
2645 695 2741 735 suo
2792 693 2971 732 coram
3017 652 3288 746 Egyptiis
3335 685 3384 730 et
3431 676 3840 731 commodarent

2252 772 2459 842 ipsis",
2490 775 2592 826 hoc
2611 781 2716 838 est,
2731 772 2798 826 ad
2821 785 2976 826 usum
2998 769 3366 824 crediderunt.
3391 769 3666 824 Dixerunt
3683 769 3843 823 enim:

2252 861 2429 918 Simul
2463 872 2626 932 atque
2655 864 2710 917 in
2753 870 2940 917 monte
2969 861 3459 916 sacrificaverimus
3481 901 3496 926 ,
3528 863 3731 916 statim
3765 880 3848 918 re-

2249 964 2547 1009 vertemur.
2589 953 2700 1008 Nec
2750 968 2880 1009 vero
2911 952 3081 1022 iniqui
3131 952 3324 1022 judicii
3377 962 3514 1019 erat,
3569 969 3648 1009 ne
3696 955 3846 1024 juxta

2257 1047 2539 1102 historiam
2577 1047 2792 1117 quidem
2847 1045 3119 1113 imperare
3157 1045 3224 1098 iis
3261 1045 3351 1112 qui
3379 1044 3668 1100 diuturnis
3693 1048 3852 1114 ,labo-

2259 1137 2414 1191 ribus
2447 1136 2630 1190 afflicti
2679 1136 2920 1195 fuerant,
2964 1144 3022 1187 ut
3048 1132 3332 1202 Egyptios
3379 1135 3716 1203 spoliarent,
3763 1137 3864 1200 sed,

2253 1229 2546 1283 admodum
2600 1229 2762 1282 etiam
2823 1225 3017 1295 integri
3062 1232 3225 1294 atque
3260 1227 3562 1295 incorrupti
3621 1227 3850 1295 jndicis,

2250 1333 2468 1387 aequum
2500 1331 2620 1371 esse
2670 1314 3088 1386 pcrnuntiautis.
3144 1323 3202 1365 ut
3251 1314 3533 1380 onerarias
3582 1314 3850 1369 alimequ

2253 1410 2487 1464 fruatur.
2533 1408 2840 1477 Allegorico
2867 1415 3050 1460 autem
3081 1420 3242 1460 sensu
3277 1419 3372 1474 per
3407 1403 3719 1474 Egyptios
3749 1406 3852 1458 dae-

2252 1515 2443 1554 mones
2481 1499 2709 1568 intelligi
2769 1505 3030 1567 possunt,
3065 1510 3159 1565 per
3192 1511 3317 1548 vasa
3352 1504 3532 1548 autem
3593 1510 3774 1548 aurea
3807 1507 3853 1549 et

2249 1603 2504 1662 argentea
2554 1590 2760 1646 divitia:
2815 1599 3054 1652 nostrai,
3106 1601 3228 1656 quae
3255 1601 3323 1641 ex
3378 1586 3544 1640 variis
3603 1588 3852 1640 materiis

2252 1681 2584 1747 conﬂantur,
2606 1696 2838 1752 quarum
2864 1680 2969 1749 ipsi
2987 1679 3194 1734 domini
3217 1685 3366 1744 sunt,
3392 1677 3548 1731 nobis
3576 1677 3853 1746 imposui-

562 1795 706 1835 esse.
761 1778 896 1833 Nam
947 1793 1070 1833 eum
1121 1779 1420 1834 secundum
1475 1793 1696 1832 carnem
1754 1793 1974 1848 passum
2026 1793 2150 1833 esse
2183 1767 2326 1830 Brae
2370 1790 2558 1830 earum
2610 1773 3082 1844 dispensatoribus
3117 1779 3364 1834 utentes,
3404 1785 3617 1838 easque
3645 1784 3853 1838 expen-

559 1871 921 1932 aflirmanius,
955 1883 1143 1922 verum
1174 1877 1234 1922 ut
1259 1868 1310 1922 in
1349 1867 1565 1936 proprio
1590 1882 1846 1936 corpore.
1881 1867 2148 1922 Caeterum

563 1963 654 2018 hic
676 1977 895 2032 quoque
914 1975 1128 2026 eorum,
1151 1961 1245 2030 qui
1276 1973 1474 2028 agnqu
1498 1959 1878 2022 comedebant,
1903 1957 2148 2011 habitum

559 2071 740 2112 serva.
765 2053 900 2107 Nam
927 2053 1386 2123 quemadmodum
1414 2052 1488 2106 illi
1513 2059 1722 2106 stantes
1747 2049 2106 2106 comedebant
2131 2067 2146 2106 :

562 2148 646 2204 sic
679 2157 732 2221 tu
766 2162 988 2218 quoque
1018 2148 1161 2202 fixus
1195 2157 1248 2200 et
1282 2145 1492 2198 stabilis
1523 2147 1576 2198 in
1619 2147 1844 2198 veritate
1875 2153 1956 2197 sta
1979 2183 1994 2203 ,
2027 2142 2150 2196 lidci

561 2244 756 2298 baculo
791 2243 1011 2297 innixus
1036 2281 1052 2306 ,
1086 2255 1186 2295 nec
1216 2241 1364 2294 omni
1397 2249 1561 2294 vento
1605 2238 1870 2292 doctrinae
1905 2251 2152 2292 comnio-

559 2347 710 2388 vere.
744 2332 800 2386 In
831 2331 1046 2400 fastigio
1075 2340 1168 2384 tuo
1191 2341 1298 2396 sta,
1330 2345 1433 2384 nec
1456 2329 1510 2382 in
1534 2329 1894 2398 cogitationes
1921 2326 2152 2381 humiles

565 2435 729 2494 atque
774 2423 1020 2490 abiectas
1073 2420 1410 2490 praacipitcm
1445 2429 1497 2473 te
1531 2419 1662 2473 ferri
1696 2421 1834 2473 sine.
1891 2416 1986 2470 Dic
2026 2431 2150 2470 cum

571 2517 816 2571 Davide:
851 2516 1063 2570 Stantes
1116 2520 1268 2566 erant
1324 2512 1477 2580 pedes
1535 2511 1704 2564 nostri
1736 2509 1790 2562 in
1839 2508 1994 2562 atriis
2021 2508 2150 2574 tuis,

561 2604 863 2659 Jerusalem
885 2603 952 2667 ",
989 2602 1092 2654 hoc
1121 2611 1224 2662 est,
1250 2602 1306 2654 in
1334 2598 1593 2653 Ecclesia:
1619 2599 1863 2652 doctrina
1903 2599 2154 2652 ambula-

564 2707 688 2747 tuus
715 2701 768 2746 et
801 2703 1230 2752 commoramur,
1261 2702 1360 2742 nec
1391 2687 1685 2756 quidquam
1709 2702 1739 2741 a
1771 2697 1956 2741 nostra
1985 2701 2152 2742 causa

562 2785 800 2837 alienum
821 2782 1092 2836 credimus
1113 2795 1177 2835 ac
1190 2782 1525 2849 proliteninr.
1549 2781 1600 2832 In
1622 2789 1770 2848 petra
1791 2780 1953 2848 pedes
1977 2780 2155 2840 tirma.

567 2871 729 2927 Petra
763 2881 944 2926 autem
990 2870 1241 2926 Christus
1281 2879 1403 2937 est,
1440 2884 1504 2924 ac
1536 2880 1723 2924 nostra
1761 2871 1814 2924 in
1845 2884 1970 2924 eum
2021 2870 2154 2926 ﬁdes

577 2974 632 3019 et
663 2962 940 3018 confessio
972 2980 986 3016 :
1018 2961 1174 3031 cujus
1201 2961 1467 3016 beneﬁcio
1499 2963 1706 3014 utinam
1761 2962 1814 3014 id
1850 2977 2154 3030 consequa-

564 3057 664 3122 ris,
698 3064 758 3110 ut
809 3053 944 3109 recti
1006 3067 1070 3108 ac
1121 3053 1231 3108 Deo
1277 3054 1415 3124 grati
1449 3053 1526 3107 tui
1586 3068 1809 3122 gressus
1869 3069 1978 3108 non
2039 3069 2155 3110 ino-

567 3164 663 3202 vea
673 3165 703 3202 Il
713 3158 821 3202 lﬂl‘.

636 3239 774 3294 lbid.
837 3239 896 3293 D.
933 3238 1075 3306 Quid
1136 3239 1256 3295 ais?
1312 3237 1467 3292 Itane
1534 3238 1701 3306 ﬁxum
1771 3255 1834 3293 ac
1891 3237 2152 3293 decretum

566 3338 665 3395 est,
714 3341 824 3385 etc.
881 3328 1039 3384 Nunc
1091 3328 1400 3398 Theologus
1469 3328 1775 3382 auditorem
1836 3330 2156 3397 iiiterrOgat,

569 3422 753 3490 aitque
805 3422 872 3474 ad
910 3436 1035 3474 eum
1089 3439 1102 3474 :
1158 3419 1294 3486 Quid
1335 3420 1511 3474 dicis?
1542 3429 1620 3482 tu,
1672 3422 1916 3490 inquam,
1965 3423 2059 3490 qui
2096 3436 2160 3475 ea

572 3527 696 3581 qua:
727 3528 758 3566 a
807 3511 1013 3567 Judaeis
1065 3513 1116 3564 in
1168 3513 1338 3580 figura
1395 3511 1830 3575 celebrabantur,
1885 3515 2161 3582 spirituali

572 3605 735 3658 modo
761 3603 940 3658 facere
963 3603 1198 3672 jubcris.
1226 3603 1504 3670 Cugnosce
1531 3605 1643 3656 haec
1665 3604 1737 3656 ita
1764 3603 1985 3658 decreta
2012 3619 2159 3672 esse,

573 3709 634 3754 ut
687 3697 843 3766 juxta
899 3697 949 3750 id
1001 3696 1147 3764 quod
1203 3696 1256 3749 in
1323 3695 1749 3750 Deuteronomio
1809 3696 2041 3750 habetur
2095 3712 2161 3750 cx

573 3792 798 3844 fornace
825 3789 1002 3842 ferrea
1030 3788 1102 3852 ⁷³,
1141 3787 1248 3842 huc
1277 3797 1382 3850 est,
1414 3803 1474 3840 ex
1507 3785 1744 3856 IEgypto
1785 3787 2008 3856 migras.
2032 3786 2164 3840 For—

575 3897 678 3936 nas
727 3896 891 3951 porro
936 3881 1113 3935 ferrea
1161 3890 1245 3933 est
1271 3881 1414 3933 acris
1455 3889 1510 3934 et
1540 3882 1835 3934 vehemens
1861 3881 2158 3935 affectuum

578 3973 816 4027 flamina.
848 3973 1038 4026 Plures
1067 3981 1246 4025 autem
1294 3971 1424 4025 deos
1452 3971 1602 4037 colit,
1639 3987 1748 4024 non
1795 3971 1970 4025 solum
2009 3972 2100 4042 qui
2133 3988 2164 4027 a

579 4071 727 4118 recta
772 4063 878 4118 fide
921 4078 1146 4118 aversus
1180 4071 1300 4128 est,
1337 4064 1430 4117 sed
1464 4065 1628 4117 etiam
1660 4064 1753 4133 qui
1805 4063 1966 4120 fmdis
2013 4067 2166 4120 volu-

578 4156 818 4225 ptatibus
853 4157 1040 4212 servit.
1068 4155 1310 4227 Singulis
1341 4159 1483 4211 enim
1513 4157 1710 4228 singuli
1731 4157 2006 4212 daemones
2023 4173 2161 4228 pra:-

577 4256 748 4313 sunt,
781 4264 847 4303 ac
897 4264 991 4317 per
1021 4265 1115 4302 eas
1159 4249 1436 4303 coluntur.
1489 4247 1607 4301 Jam
1664 4247 1844 4304 Moses
1879 4250 2165 4320 allegorice

576 4339 826 4395 Christus
885 4350 1006 4405 est,
1069 4341 1226 4410 cujus
1274 4343 1356 4394 lex
1404 4339 1790 4409 Evangelinm,
1829 4349 1884 4394 ct
1930 4343 2163 4397 militare

2253 1867 2459 1922 dendas
2491 1865 2894 1921 committentes
2921 1905 2938 1929 ,
2981 1864 3034 1916 in
3067 1876 3208 1932 quos
3259 1877 3391 1917 usus
3423 1861 3849 1931 imperaverint.

2253 1957 2396 2027 Ergo
2424 1971 2547 2010 cum
2575 1971 2607 2008 a
2649 1953 2921 2024 ﬂagitiosa
2969 1952 3077 2006 vita
3109 1951 3331 2006 excedis
3373 1949 3450 2020 (id
3494 1951 3657 2005 enim
3690 1947 3853 2020 Egy-

2253 2060 2404 2121 ptum
2467 2047 2776 2117 signiﬁcare
2808 2044 3233 2100 existimandum
3285 2041 3412 2112 est),
3467 2056 3565 2097 eas
3621 2042 3852 2096 utendas

2255 2159 2410 2213 roga,
2459 2143 2668 2198 alienas
2695 2141 2917 2212 quidem
2966 2149 3152 2209 utpote
3182 2139 3480 2194 secundum
3527 2137 3847 2192 demouqu

2253 2236 2542 2292 consilium
2601 2234 3015 2290 administratas
3053 2250 3067 2286 :
3112 2241 3232 2287 tuas
3282 2241 3466 2287 autem
3494 2270 3510 2296 ,
3555 2242 3630 2286 ut
3667 2231 3847 2284 diriuo

2255 2344 2482 2385 munere
2506 2329 2599 2384 tibi
2627 2341 2939 2390 concessas,
2967 2335 3026 2380 ut
3050 2340 3166 2390 eas,
3191 2323 3664 2394 quemadmodum
3691 2336 3847 2392 opor-

2255 2429 2352 2487 tet,
2408 2420 2712 2489 dispenses.
2774 2418 3196 2474 Comitabuntur
3253 2428 3307 2470 te
3354 2429 3520 2483 porro
3574 2415 3842 2484 pecunia;

2253 2527 2380 2566 cum
2403 2509 2513 2564 Deo
2532 2526 2628 2579 per
2648 2525 2946 2581 pauperum
2969 2523 3168 2564 manus
3184 2505 3503 2562 afferentur.
3523 2505 3842 2576 Exemplum

2255 2599 2626 2656 lsraelitarum
2677 2615 2938 2671 sequere,
2971 2608 3026 2655 ct
3067 2598 3526 2670 quemadmodum
3595 2599 3681 2653 illi
3727 2613 3839 2652 cu

2256 2695 2457 2752 multos
2505 2711 2679 2750 annos
2731 2694 3000 2766 :Egyptiis
3020 2693 3358 2758 scrviissent,
3411 2707 3514 2747 nec
3557 2691 3838 2748 servitutis

2256 2790 2564 2844 mercedem
2619 2798 2807 2858 aperte
2863 2789 3104 2858 flagitare
3159 2794 3404 2856 possent,
3450 2794 3568 2840 arte
3625 2795 3688 2839 at
3731 2787 3840 2837 (usto

2261 2879 2578 2948 petitionem
2614 2893 2769 2933 suam
2802 2875 3073 2948 prosecuti
3103 2885 3253 2938 sunt,
3301 2873 3414 2930 Deo
3445 2876 3715 2927 nimirum
3749 2875 3842 2926 hoc

2257 2973 2520 3026 suadente
2549 2989 2563 3026 :
2595 2972 2786 3025 eodem
2819 2970 2982 3023 modo
3028 2979 3084 3022 tu
3114 2981 3333 3037 quoque
3382 2966 3668 3034 Spirituali
3712 2964 3844 3018 Pha-

2259 3063 2415 3118 raoni
2447 3063 2704 3126 serviisti,
2752 3063 2895 3116 circa
2937 3070 3138 3115 terram
3168 3071 3638 3130 terretur-unique
3669 3072 3841 3111 rerum

2264 3155 2505 3210 studium
2537 3156 2772 3224 teipsum
2809 3168 3089 3224 occupans
3117 3154 3262 3223 (quae
3304 3168 3414 3206 non
3447 3151 3546 3204 abs
3573 3166 3637 3204 re
3668 3151 3846 3204 lateri-

2267 3247 2341 3300 tia
2381 3259 2546 3314 opera
2603 3246 2979 3312 nominantur)
3033 3256 3098 3296 ac
3143 3252 3430 3312 propterea
3477 3240 3572 3294 tibi
3639 3255 3845 3295 intercus

2265 3338 2514 3392 debetur.
2539 3334 2808 3402 Quocirca
2834 3333 3118 3405 Egyptios
3143 3334 3420 3387 daemones
3449 3331 3654 3400 spolia,
3707 3343 3844 3386 recte

2265 3444 2528 3500 spargens
2551 3465 2569 3493 ,
2600 3443 2722 3497 qua:
2768 3427 2909 3481 male
2947 3427 3328 3482 accumulasti.
3363 3425 3490 3478 Esto
3514 3440 3654 3479 sane
3682 3463 3699 3488 ,
3733 3426 3842 3493 ipse

2260 3536 2483 3591 quoque
2542 3519 2757 3587 fateor,
2814 3533 3006 3588 graves
3065 3531 3338 3572 erumnas
3385 3516 3662 3586 pertulisti
3721 3529 3839 3568 cum

2267 3614 2368 3667 hoc
2393 3614 2536 3668 luteo
2586 3627 2818 3682 corpore
2845 3612 3172 3677 colluctatis,
3205 3619 3368 3680 atque
3412 3612 3558 3663 edes
3607 3614 3836 3678 erigens.

2267 3705 2475 3760 alienas
2507 3703 2727 3774 quidem
2755 3743 2770 3768 ,
2813 3703 2940 3774 quia
2973 3713 3026 3757 te
3051 3703 3318 3756 exstincto
3347 3702 3439 3754 alii
3477 3716 3572 3756 eas
3605 3701 3839 3770 posside-

2267 3797 2424 3858 bunt,
2457 3794 2695 3849 caducas
2729 3805 2906 3848 autem
2928 3835 2943 3859 ,
2978 3795 3236 3863 quoniam
3269 3807 3335 3846 ex
3371 3793 3599 3845 materia
3639 3792 3834 3845 caduca

2264 3897 2321 3942 ot
2381 3887 2559 3958 fragili
2611 3895 2904 3941 exstructa:
2950 3894 3079 3939 sunt
3134 3901 3148 3938 :
3196 3885 3396 3954 quibus
3461 3886 3836 3938 conuentibus

2268 3979 2532 4033 memoria
2578 3993 2794 4048 quoque
2846 3992 2954 4031 una
2983 3992 3108 4031 cum
3141 3991 3204 4028 ea
3255 3975 3434 4034 fama.
3466 3991 3592 4042 qua:
3626 3991 3693 4027 ex
3739 3975 3834 4028 illis

2265 4071 2627 4132 excitabatur,
2659 4071 2819 4138 perit.
2845 4069 2901 4122 ld
2937 4067 3081 4137 quod
3113 4069 3178 4122 de
3204 4067 3524 4120 civitatibus
3558 4066 3833 4135 Scriptura

2265 4163 2438 4226 dicit,
2471 4165 2572 4216 hoc
2608 4172 2691 4217 est
2721 4161 2788 4216 de
2817 4161 3072 4216 domibus
3100 4175 3236 4228 quas
3272 4159 3493 4226 quidam
3527 4165 3828 4211 exstruunt.

2265 4255 2449 4311 Sonus
2479 4256 2621 4310 enim
2643 4263 2727 4311 est
2746 4261 3144 4309 exstructorum
3167 4252 3309 4305 fama
3328 4260 3383 4304 et
3399 4250 3689 4303 memoria.
3711 4247 3832 4301 Nam

2268 4365 2392 4402 cum
2439 4350 2582 4402 aedes
2601 4347 2974 4410 collabantur,
3009 4343 3216 4400 domini
3245 4356 3464 4412 quoque
3511 4355 3709 4394 nomen
3737 4351 3834 4392 una

579 4429 868 4498 imperium
924 4430 1184 4483 instructa
1234 4429 1324 4482 illa
1365 4429 1624 4484 adversus
1676 4429 1951 4485 daunones
1986 4431 2153 4487 acies.
2187 4449 2234 4507 ο
2262 4440 2596 4496 obruitur".
2627 4437 2741 4492 Hoc
2773 4439 2918 4491 enim
2941 4436 3132 4506 opinor
3159 4433 3454 4504 signiﬁcat,
3482 4447 3607 4484 cum
3641 4431 3831 4485 Sonitu-

581 4519 864 4574 Postremo
895 4521 1196 4574 auditorem
1229 4520 1451 4588 quidem
1487 4519 1553 4571 ad
1582 4517 1878 4573 fallendum
1913 4521 2170 4578 inducere
2267 4529 2713 4601 Quandoquidem
2746 4531 2911 4599 igitur
2944 4529 3140 4583 misera
3175 4529 3436 4580 servitute
3480 4521 3721 4577 afﬂictus
3752 4535 3834 4582 es.

584 4614 700 4666 vult
727 4613 1063 4681 Gregorius;
1099 4628 1286 4665 verum
1321 4613 1446 4679 quia
1481 4610 1666 4666 fallere
1697 4612 2010 4666 Christiano
2042 4629 2167 4681 pro-

584 4704 816 4757 hibitum
848 4714 951 4767 est,
981 4705 1180 4758 idcirco
1209 4703 1498 4773 praemollit
1523 4705 1598 4771 id,
1619 4704 1764 4774 quod
1787 4705 2036 4760 dicturus
2058 4717 2164 4772 est,

585 4796 771 4864 aitque
805 4813 818 4849 :
851 4797 1151 4851 Consilium
1195 4798 1470 4866 quoddam
1521 4799 1616 4852 tibi
1651 4798 1922 4866 porrigam
1957 4814 2163 4868 nequa-

581 4901 748 4955 quam
782 4901 984 4950 meum,
1037 4902 1137 4942 nec
1163 4890 1306 4942 enim
1345 4899 1592 4943 nostrum
1619 4899 1708 4944 est
1736 4891 1992 4959 cuiquam
2027 4906 2162 4946 sua-

585 4979 714 5032 dere
744 4988 806 5030 ut
834 4977 985 5031 fallat
1012 4994 1028 5031 :
1057 4979 1103 5033 si
1131 4989 1311 5032 autem
1343 4980 1611 5048 spirituali
1641 4997 1806 5036 sensu
1841 4983 1983 5038 hanc
2009 4984 2162 5038 frau-

587 5071 708 5124 dem
758 5069 1113 5135 intellexeris,
1161 5071 1450 5125 admodum
1507 5073 1671 5126 etiam
1709 5088 1808 5128 nos
1858 5073 2008 5130 decet
2058 5076 2162 5131 ista

586 5162 806 5217 fallendi
847 5162 1011 5216 ratio.
1067 5161 1204 5218 Nam
1239 5165 1512 5219 daemones
1541 5167 1792 5236 decipere
1815 5207 1832 5232 ,
1860 5169 2165 5240 callideque

588 5253 982 5309 circumvenire
1009 5295 1025 5320 ,
1057 5256 1210 5309 valde
1243 5257 1448 5324 justum
1489 5267 1591 5324 est,
1620 5275 1687 5314 ac
1713 5260 2063 5316 laudandum.
2097 5264 2166 5315 At

587 5361 716 5401 vero
745 5347 917 5400 Exodi
952 5348 1234 5402 historiam
1287 5349 1519 5416 primum
1553 5351 1852 5417 videamus,
1883 5369 1948 5408 ac
1974 5355 2168 5408 deinde

589 5437 655 5490 ad
683 5438 996 5507 allegoriam
1021 5453 1124 5492 nos
1153 5436 1518 5493 conferemus:
1559 5439 1623 5494 Et
1658 5443 1793 5495 dixit
1815 5441 2071 5496 Dominus
2099 5443 2168 5498 ad

659 5616 704 5646 η
729 5613 888 5670 Joan.
923 5634 996 5681 ri,
1027 5617 1114 5673 54.
1193 5617 1237 5649 ⁷⁸
1263 5616 1408 5672 Psal.
1447 5631 1593 5680 cxxl,
1625 5620 1680 5675 2.

683 5687 731 5715 τις
772 5691 876 5715 At...
935 5703 969 5715 η
1021 5690 1054 5715 ﬂ
1191 5688 1234 5715 ΊΊ
1272 5687 1380 5715 I\....
1441 5703 1492 5715 ιιι
1546 5688 1606 5715 ιι

712 5689 731 5716 ⁸⁸
764 5691 896 5753 Agg.
935 5703 994 5752 ll,
1021 5690 1076 5744 9.
1191 5688 1234 5720 ⁷⁷
1269 5687 1404 5743 Dan.
1440 5703 1514 5754 iv,
1546 5688 1634 5743 M.

1758 5623 1804 5654 7’
1834 5621 1986 5678 Deut.
2021 5640 2095 5690 tv,
2118 5625 2209 5680 20.

2273 4642 2372 4680 cur
2397 4626 2563 4694 gratis
2595 4634 2649 4679 et
2678 4625 2796 4678 sine
2839 4632 3048 4692 quaestu
3085 4618 3394 4691 egrederis?
3440 4618 3552 4670 (Zur
3582 4615 3836 4670 damoni-

2265 4719 2368 4773 hus
2393 4735 2454 4772 ea
2487 4718 2769 4786 relinquis,
2807 4717 2859 4770 in
2886 4716 3085 4785 quibus
3108 4715 3237 4768 nihil
3279 4713 3387 4766 illis
3419 4711 3563 4781 juris
3592 4709 3718 4764 est?
3753 4707 3834 4760 Dei

2263 4813 2409 4864 enim
2447 4819 2573 4863 sunt
2599 4809 2804 4873 omnia,
2834 4808 3066 4862 dicentis
3096 4821 3191 4876 per
3223 4807 3481 4874 Agga-um
3510 4818 3525 4855 :
3555 4801 3729 4856 Meum
3762 4806 3832 4852 est

2268 4915 2455 4952 aurum
2489 4909 2539 4951 et
2567 4910 2842 4968 argentum
2870 4898 2918 4929 "
2941 4937 2956 4962 ,
2989 4912 3052 4951 ac
3073 4912 3166 4966 per
3193 4895 3468 4948 Danielem
3497 4892 3833 4961 adjicientis:

2267 4989 2336 5044 Et
2359 4991 2444 5043 cui
2473 4989 2606 5056 uolo,
2629 4991 2696 5043 do
2721 5006 2781 5044 ea
2803 4990 2867 5042 ".
2896 4987 3020 5042 Heri
3049 4989 3356 5041 daemonum
3383 4997 3538 5039 crant
3559 4983 3835 5054 (nimirum

2269 5097 2393 5135 cum
2451 5083 2588 5135 male
2634 5082 3189 5143 administrarentur),
3221 5075 3329 5132 Deo
3358 5078 3430 5129 ita
3481 5074 3834 5144 permittente.

2267 5171 2544 5229 Hodierno
2577 5175 2661 5227 die
2696 5189 2761 5226 ea
2810 5170 3071 5226 Dominus
3109 5171 3202 5224 tibi
3251 5170 3512 5239 porrigit,
3553 5177 3609 5220 ut
3653 5165 3737 5218 his
3771 5163 3833 5216 ad

2262 5264 2494 5317 salutem
2539 5264 2728 5329 utaris,
2779 5263 3126 5318 reconciliata
3175 5262 3272 5315 tibi
3322 5260 3579 5314 nimirum
3635 5272 3836 5327 paupr-

2269 5371 2390 5409 rum
2433 5355 2670 5410 amicitia
2721 5372 2788 5410 ex
2821 5370 3130 5410 mammona
3183 5354 3506 5423 iniquitatis.
3537 5349 3836 5405 Mammoaa

2271 5458 2454 5502 autem
2492 5463 2624 5518 opes
2670 5460 2797 5504 sunt
2847 5449 3050 5519 iniquis
3101 5447 3402 5504 rationibus
3435 5443 3694 5514 quesita.
3723 5441 3836 5507 Qua

2288 5625 2524 5682 "Exod.
2555 5641 2636 5693 nt,
2662 5627 2734 5680 22
2757 5644 2854 5694 με,
2883 5628 2950 5693 ‘2;
2996 5641 3092 5694 xu,
3133 5625 3223 5690 35,
3258 5623 3347 5679 56.
3425 5622 3471 5654 ⁷⁸
3503 5621 3646 5676 Psal.
3682 5638 3750 5686 ix,
3787 5623 3832 5674 7.
