4076 6292
335 288 482 354 1385

1272 287 1616 349 NICETAS
1651 283 1743 356 ¹ΙΝ
1785 283 2010 342 ORAT.
2053 279 2217 340 XLII
2261 282 2322 339 S.
2363 275 2591 339 GREG.

3450 281 3587 342 13311

335 407 391 459 in
429 418 655 458 "umero
697 419 760 458 ea
786 418 1005 474 quoque
1043 405 1293 474 ponenda
1342 413 1491 467 sum,
1520 416 1640 473 qua:
1667 415 1824 456 usum
1855 414 1919 453 ac
1947 406 1993 458 Α
2025 405 2232 464 patrem
2273 395 2497 459 amavit,
2525 408 2589 449 ac
2618 394 2812 448 deinde
2849 408 2943 460 per
2971 391 3240 448 actionem
3272 402 3324 446 et
3353 403 3595 447 contem-

335 496 713 551 necessitatem
745 499 1034 551 excedunt.
1066 496 1354 567 Superllua
1376 497 1522 552 enim
1557 503 1684 549 sunt
1713 507 1916 563 paupe-

339 602 485 641 rum.
517 586 656 652 Quin
681 602 774 655 per
794 585 1075 657 [Egyptias
1097 589 1259 642 etiam
1277 603 1405 656 opes
1433 585 1654 640 moralis
1677 592 1731 636 et
1752 591 1918 636 natu-

335 678 491 741 ralis,
517 685 570 730 et
606 692 667 731 ea
700 692 819 746 qua:
853 679 903 730 in
933 678 1250 732 disserendo
1275 686 1546 740 versatur,
1573 674 1917 744 philosophia

332 770 608 838 designari
659 779 856 838 potest,
910 778 1072 838 atque
1118 784 1308 823 omnes
1342 769 1446 822 illae
1491 767 1812 836 disciplina,
1863 765 1918 818 in

330 877 562 930 quarum
593 863 836 916 studium
879 860 1208 915 incumbunt
1239 860 1334 928 qui
1384 859 1453 912 ab
1482 857 1724 912 Ecclesia
1757 855 1916 909 alieni

329 962 476 1006 sunt.
505 951 610 1006 Eos
629 952 812 1020 igitur,
830 956 921 1020 qui
946 952 1168 1006 liberam
1190 951 1354 1004 vitam
1376 965 1470 1018 per
1494 950 1748 1002 virtutem
1786 961 1919 1000 con-

271 1069 286 1080 -
328 1057 630 1109 sectantur,
677 1057 929 1102 externas
969 1061 1187 1116 quoque
1224 1045 1482 1100 doctrinae
1499 1058 1630 1112 opes
1651 1042 1752 1096 sibi
1772 1055 1920 1095 corn-

328 1153 524 1208 parare
536 1139 686 1204 jubet
702 1138 1028 1204 Theologus,
1045 1147 1206 1206 atque
1222 1136 1288 1190 ab
1303 1135 1640 1205 alienigenis,
1656 1143 1916 1202 quantum

326 1231 392 1284 ad
417 1231 577 1284 linem
607 1231 824 1294 attinet,
848 1231 1018 1284 mutui
1037 1231 1520 1297 nomineacceptas
1537 1226 1836 1296 possidere,
1862 1235 1919 1278 ut

326 1320 386 1375 in
440 1330 684 1388 tempore
737 1317 1069 1388 profuturas,
1125 1333 1321 1388 nempe
1374 1332 1499 1372 cum
1533 1331 1626 1371 res
1661 1316 1738 1368 ita
1791 1325 1919 1368 nata

327 1411 537 1473 fuerit,
578 1419 638 1465 ut
675 1411 1048 1481 spiritualibus
1082 1410 1232 1466 hisce
1263 1411 1458 1480 apibus
1506 1408 1762 1464 Ecclesiae
1793 1421 1920 1460 arca

326 1503 648 1556 exornamla
707 1503 800 1558 sit.
848 1502 968 1558 Jam
1017 1518 1146 1558 vero
1196 1518 1294 1573 per
1343 1510 1455 1556 tres
1501 1501 1622 1554 illas
1673 1498 1918 1553 civitates

327 1591 551 1660 Pbiton,
614 1592 942 1650 Rhamesses
986 1605 1039 1649 et
1069 1593 1174 1660 On,
1229 1609 1366 1662 quas
1408 1591 1618 1646 llebraei
1649 1588 1918 1643 Pharaoni

326 1685 674 1740 aediﬁcarunt
701 1725 717 1753 ,
757 1686 1008 1740 nonnulli
1041 1694 1152 1742 tres
1193 1686 1292 1740 has
1319 1685 1675 1755 cogitationes
1705 1682 1916 1752 signiti-

325 1776 862 1842 cariexistimarunt,
884 1779 1144 1832 nimirum
1168 1778 1433 1844 libidinis,
1481 1778 1720 1832 avaritia:
1755 1785 1920 1846 atque

335 1865 659 1921 ambitionis
705 1885 722 1925 ε
767 1883 838 1922 ex
865 1870 1068 1938 quibus
1111 1876 1389 1936 peccatum
1429 1882 1592 1922 omne
1629 1865 1915 1920 conflatur.

331 1954 545 2010 I-Iarum
565 1958 843 2012 civitatum
869 1961 1128 2014 memoria
1151 1959 1450 2013 eversionis
1470 1972 1578 2011 non
1605 1958 1659 2010 in
1683 1956 1918 2011 abscon-

332 2049 455 2103 dito
497 2057 662 2118 atque
709 2050 929 2104 occulto
957 2048 1141 2104 futura
1173 2060 1279 2114 est,
1318 2049 1414 2103 sed
1451 2063 1575 2104 cum
1610 2048 1787 2104 sonitu
1816 2086 1830 2110 ,
1862 2045 1918 2098 id

335 2148 449 2204 cst,
479 2140 826 2207 exaudibilis,
858 2157 922 2196 ac
970 2155 1193 2210 quaquo
1233 2141 1468 2212 gentium
1510 2139 1916 2209 pervagabitur.

409 2233 528 2288 Col.
564 2233 661 2286 651
701 2234 761 2287 Β.
813 2234 873 2289 Si
901 2233 1090 2288 Rachel
1122 2237 1364 2304 quaedam
1401 2249 1454 2286 es
1478 2271 1494 2297 ,
1523 2241 1630 2286 etc.
1657 2231 1860 2285 Rachel
1887 2246 1918 2284 a

338 2337 498 2398 patre
553 2338 655 2377 suo
713 2322 895 2376 Lahan
942 2323 1254 2388 discedens,
1309 2323 1452 2376 idola
1504 2323 1678 2390 ipsius
1736 2321 1917 2375 furata

329 2417 506 2474 est".
539 2415 674 2472 Cum
707 2427 888 2470 autem
936 2417 1120 2469 Laban
1156 2414 1424 2484 fugientes
1472 2423 1787 2484 persecutus
1809 2453 1825 2478 ,
1853 2428 1919 2467 ac

328 2509 487 2563 Liam
537 2518 591 2562 et
644 2505 813 2562 Jacob
865 2513 921 2560 et
965 2505 1316 2575 pedissequas
1373 2513 1684 2567 scrutatus,
1739 2504 1918 2572 ipsam

328 2613 580 2668 quoque,
605 2614 726 2668 quas
761 2613 824 2651 ea
870 2598 925 2650 in
958 2607 1259 2651 stramenta
1296 2598 1488 2650 cameli
1541 2597 1832 2666 injeccrat,
1865 2603 1920 2650 et

329 2700 500 2752 super
545 2699 610 2739 ea
640 2685 883 2739 sedebat.
916 2683 1152 2738 scrutari
1191 2693 1448 2751 pararet,
1482 2683 1619 2736 dixit
1667 2682 1870 2738 Rachel
1898 2700 1914 2737 ε

333 2773 424 2830 Ne
446 2775 656 2827 moleste
696 2772 1108 2843 feras,domine,
1161 2787 1260 2826 non
1285 2771 1920 2845 possumtibiassurgere,

334 2867 592 2938 quoniam
623 2867 788 2937 juxta
815 2865 1246 2919 consuetudinem
1278 2864 1556 2917 mulierum
1591 2874 1669 2918 est
1696 2866 1822 2919 milii
1845 2865 1917 2919 ⁷⁸.

332 2961 649 3032 Theologus
707 2969 890 3039 autem
954 2958 1108 3014 Liam
1167 2968 1228 3014 ut
1288 2957 1416 3014 furti
1460 2959 1734 3014 consciam
1790 2975 1916 3016 cum

2020 488 2312 556 platiouem
2341 487 2557 541 Christo
2581 485 2872 556 adjunctus
2899 525 2912 548 ,
2943 485 3206 539 mundum
3235 498 3451 554 propter
3472 489 3596 542 vita:

2018 579 2468 634 consuetudinem
2519 594 2641 632 cum
2690 578 2908 631 Christo
2941 578 3127 630 initam
3161 572 3416 647 abjurare
3445 580 3597 644 velit,

2020 669 2111 724 ille
2151 671 2319 740 patris
2341 670 2486 724 idola
2525 669 2820 738 surripiat,
2850 669 2904 722 id
2940 677 3043 734 est,
3084 679 3266 738 torpes
3298 679 3352 724 et
3383 685 3599 726 crassas

2022 776 2202 816 rerum
2257 762 2508 830 species,
2565 777 2700 830 quas
2749 761 2988 816 mundus
3037 760 3245 829 objicit,
3301 762 3369 816 ab
3416 763 3598 817 anima

2019 854 2275 922 expellat,
2307 868 2372 907 ac
2403 854 2637 922 primum
2667 853 2886 922 quidem
2921 853 3135 907 virtutis
3167 853 3486 909 fecunditati
3506 871 3598 910 eas

2019 947 2229 1015 injiciat
2288 945 2752 1017 (quandoquidem
2811 953 2865 999 et
2895 944 3097 999 Rachel
3137 947 3283 1000 sella:
3334 947 3423 1002 cui
3462 947 3600 1003 insi-

2022 1037 2200 1100 debat,
2221 1035 2364 1090 idola
2385 1036 2714 1104 supposuit),
2735 1043 3020 1104 postquam
3041 1043 3216 1088 autem
3242 1050 3308 1088 ex
3337 1035 3600 1091 diuturno

2021 1127 2207 1182 labore
2225 1129 2277 1181 in
2300 1127 2720 1196 comprimendis
2739 1126 3023 1181 atlectibus
3041 1127 3324 1193 exhausto,
3348 1130 3413 1182 ad
3429 1131 3596 1184 animi

2021 1219 2470 1289 tranquillitatem
2499 1257 2514 1283 ,
2551 1226 2646 1272 aut
2697 1219 3061 1288 cognitionem
3097 1221 3426 1288 pervenerit,
3484 1231 3598 1275 tum

2021 1311 2240 1365 demum
2314 1311 2542 1366 vitiosas
2593 1311 3017 1380 impressiones,
3059 1313 3182 1367 hoc
3229 1323 3333 1378 est,
3392 1317 3602 1385 cogita-

2023 1403 2197 1455 tiones
2230 1416 2458 1471 prorsus
2484 1402 2679 1455 evellat
2719 1416 2783 1456 ac
2807 1403 2873 1456 de
2920 1403 3107 1461 medio
3128 1403 3303 1458 tollat.
3331 1403 3601 1460 Laborem

2022 1503 2203 1547 autem
2243 1495 2346 1548 hoc
2376 1494 2494 1547 loco
2526 1493 2767 1546 studium
2799 1493 2930 1546 illud
2967 1505 3131 1563 atque
3159 1509 3377 1563 operam
3419 1510 3600 1561 vocat,

2022 1601 2144 1655 quas
2171 1586 2224 1638 in
2250 1583 2538 1639 abolendis
2559 1585 2741 1639 carnis
2772 1583 3053 1638 aﬂ‘ectihus
3076 1585 3392 1653 suscipitur,
3425 1603 3601 1656 quau-

2023 1679 2316 1748 doquidem
2355 1677 2470 1743 ipsa
2504 1692 2722 1746 quoque
2755 1676 2981 1742 Rachel,
3031 1674 3289 1733 Sichimis
3336 1681 3388 1732 in
3421 1679 3601 1736 Bethel

1952 1759 1995 1812 Β
2025 1781 2368 1840 perrecwra,
2401 1769 2575 1836 patris
2603 1767 2748 1819 idola
2783 1767 2836 1818 in
2865 1777 3062 1822 t‘erram
3099 1767 3325 1822 defodit.
3359 1767 3600 1824 Sichima

2022 1873 2186 1928 porro
2249 1859 2597 1913 Hebraeorum
2630 1857 2812 1926 lingua
2851 1862 3126 1912 humerum
3166 1869 3326 1913 sonat
3359 1862 3488 1930 (qua
3518 1865 3601 1916 (ιὶ-

2020 1949 2202 2002 ctione
2223 1949 2376 2002 labor
2397 1948 2483 2002 ille
2513 1947 2849 2017 designatur,
2883 1951 2975 2016 qui
3005 1949 3060 2001 in
3081 1948 3368 2004 domandis
3392 1951 3601 2006 allecti-

1975 2080 1981 2090 .
2020 2039 2123 2094 bus
2153 2043 2463 2094 exantlatur
2491 2054 2504 2090 :
2542 2041 2798 2094 humerus
2824 2040 2992 2105 enim,
3019 2037 3356 2096 fortitudinis
3375 2053 3427 2096 et
3450 2043 3602 2098 laho~

2020 2137 2095 2188 ris
2116 2142 2198 2188 est
2238 2132 2592 2202 symbolum),
2622 2132 2808 2187 Bethel
2824 2133 3037 2185 domum
3064 2133 3194 2198 Dei;
3225 2135 3364 2189 Dcus
3380 2135 3526 2190 enim
3545 2138 3600 2191 in

2023 2227 2416 2296 tranquillitate
2441 2234 2495 2280 et
2527 2226 2800 2280 vacuitate
2831 2227 2901 2280 ab
2933 2227 3239 2294 aﬂectibus,
3273 2246 3337 2284 ac
3367 2233 3598 2288 scientia

2021 2319 2251 2374 habitat.
2281 2317 2482 2374 Verum
2512 2319 2584 2373 ita
2611 2321 2883 2389 quispiam
2915 2336 3132 2376 crassas
3163 2333 3216 2375 et
3252 2328 3600 2392 perturbatas

2021 2413 2182 2481 hujus
2210 2413 2393 2467 saaculi
2411 2413 2768 2482 cogitationes
2785 2413 3028 2481 surripit,
3061 2430 3169 2469 non
3197 2416 3340 2470 utiis
3364 2417 3600 2484 fruatur,

2021 2503 2116 2556 sed
2155 2511 2214 2556 ut
2272 2517 2365 2556 eas
2417 2502 2608 2571 perdat
2661 2517 2727 2557 ac
2782 2503 2981 2565 deleat,
3030 2508 3493 2574 quemadmodum
3547 2520 3601 2565 et

2021 2593 2227 2648 Rachel
2255 2593 2423 2662 patris
2449 2593 2592 2648 idola
2618 2594 2795 2648 furata
2821 2604 2928 2662 est,
2953 2611 3061 2649 non
3090 2609 3147 2649 ut
3171 2614 3232 2652 ca
3257 2599 3483 2664 coleret,
3505 2603 3602 2656 sed

2021 2691 2083 2737 ut
2114 2681 2168 2735 in
2201 2693 2363 2748 terra,
2392 2684 2535 2737 velut
2582 2683 2822 2739 obscena
2871 2694 2928 2738 et
2976 2686 3226 2754 pudenda
3269 2697 3434 2758 atque
3467 2691 3601 2745 obli-

2022 2773 2184 2828 vione
2226 2770 2386 2841 digna
2414 2811 2429 2838 ,
2488 2775 2808 2831 occultaret.
2870 2776 3101 2847 Sapiens
3147 2781 3309 2835 etiam
3347 2781 3604 2838 lsraelitis

2020 2865 2129 2921 dici
2181 2866 2392 2935 possit,
2430 2867 2521 2934 qui
2569 2881 2790 2922 omnem
2845 2869 3229 2940 cogitationem
3271 2873 3492 2931 Christo
3548 2879 3601 2931 in

2021 2960 2390 3028 captivitatem
2417 2959 2612 3027 redigit
2633 2974 2698 3014 ac
2721 2961 3005 3030 profanam
3031 2966 3414 3033 eruditionem,
3445 2971 3602 3039 quasi

333 3053 581 3107 Rachele
631 3051 936 3108 collocavit.
979 3048 1287 3106 Verisimile
1338 3050 1482 3104 enim
1515 3058 1600 3105 est
1635 3065 1755 3104 eam
1789 3051 1917 3106 furti
1946 3084 1990 3140 ε
2022 3048 2342 3119 praeclarum
2390 3049 2662 3117 quoddam
2700 3052 2956 3107 viaticum
2979 3092 2995 3119 ,
3027 3071 3211 3110 secum
3243 3058 3418 3125 etiert,
3451 3078 3603 3116 eam-

331 3143 546 3200 sororis
563 3150 837 3212 expertem
860 3152 1021 3211 atque
1046 3139 1288 3210 ignaram
1312 3153 1419 3194 non
1443 3137 1631 3205 fuisse,
1657 3138 1708 3192 id
1737 3149 1917 3195 tamen

334 3244 542 3290 tectum
585 3233 864 3289 habuisse.
903 3233 1072 3287 Porro
1125 3232 1223 3287 Lia
1258 3233 1498 3288 Hebraeis
1548 3231 1781 3286 laborent
1828 3242 1921 3286 aut

342 3328 678 3381 laborantem
707 3333 884 3391 sonat,
909 3341 972 3380 ac
994 3326 1220 3396 proinde
1241 3325 1309 3381 ad
1336 3325 1604 3380 actionem
1630 3327 1916 3396 accipitur,

336 3419 600 3488 priorque
647 3432 770 3473 cum
801 3417 973 3474 Jacob
1022 3419 1374 3474 matrimonio
1406 3419 1674 3490 jungitur.
1713 3419 1919 3476 Rachel

333 3520 519 3568 autem
572 3512 712 3566 idem
745 3521 829 3568 est
880 3515 1023 3582 quod
1079 3529 1296 3581 pascens
1320 3552 1334 3578 ,
1375 3522 1470 3567 aut
1508 3530 1624 3584 qum
1655 3517 1915 3584 pascitur,

333 3619 406 3658 ac
463 3605 959 3673 contemplationem
1003 3605 1283 3673 designat;
1352 3615 1513 3674 atque
1564 3605 1707 3661 hanc
1748 3605 1919 3662 Jacob

334 3702 465 3764 post
504 3692 655 3747 Liam
687 3695 739 3747 in
775 3709 996 3748 uxorem
1029 3694 1246 3764 accipit.
1291 3694 1448 3749 Actio
1484 3696 1627 3749 enim
1664 3707 1915 3751 contem-

335 3784 596 3855 plationis
661 3794 746 3840 cst
822 3787 1250 3841 l'umlamentutn.
1314 3786 1519 3841 Rachel
1575 3790 1736 3858 igitur
1791 3799 1914 3855 est,

339 3874 524 3927 omnis
549 3874 730 3927 anima
779 3873 1250 3941 contemplationis
1302 3877 1570 3940 studiosa,
1626 3893 1748 3946 qua:
1801 3879 1916 3946 lege

337 3962 479 4025 Dei,
540 3962 680 4015 velut
738 3977 920 4031 agna,
955 3963 1233 4030 pascitur,
1291 3973 1343 4016 et
1419 3964 1720 4017 secundum
1784 3966 1917 4034 legis

337 4052 539 4108 divina:
578 4053 952 4122 praescriptum
1003 4068 1131 4107 suos
1173 4061 1355 4108 motus
1404 4057 1558 4122 regit,
1626 4057 1917 4124 carnisque

338 4145 694 4215 c0gitationes
743 4156 796 4199 et
827 4145 1053 4200 aﬂeetus
1108 4145 1325 4200 virtutis
1378 4147 1741 4214 procreationi
1800 4149 1914 4216 pri-

343 4254 492 4291 mum
526 4236 767 4306 subjicit,
813 4247 976 4306 atque
1037 4237 1111 4290 ita
1160 4247 1283 4306 post
1311 4238 1590 4292 introitum
1625 4240 1690 4292 ad
1727 4241 1913 4307 cogni-

341 4330 542 4383 tionem
601 4329 822 4382 omniuo
877 4329 1076 4384 abolet.
1129 4327 1225 4382 Lia
1294 4344 1420 4382 vero
1484 4329 1664 4382 anima
1734 4331 1915 4383 omnis

2024 3154 2132 3211 que
2187 3141 2252 3193 ad
2305 3139 2721 3194 aedificationem
2791 3143 3048 3200 Ecclesia:
3095 3148 3186 3202 Dei
3259 3154 3596 3219 transvehit,

2023 3235 2431 3304 maximumque
2484 3234 2702 3290 diabolo
2732 3236 2972 3292 dolorem
2995 3254 3062 3294 ex
3112 3257 3177 3296 eo
3214 3242 3400 3311 inurit,
3455 3249 3598 3316 quod

2019 3334 2274 3382 externas
2311 3327 2628 3398 disciplinas
2653 3366 2670 3392 ,
2717 3330 2918 3400 quibus
2959 3331 3310 3402 alienigenas,
3349 3336 3452 3392 hoc
3489 3349 3596 3408 est,

2019 3434 2050 3473 a
2081 3428 2226 3473 recta
2255 3419 2361 3474 fide
2383 3420 2561 3474 aversi
2588 3420 2860 3487 homines,
2885 3422 3113 3478 miriﬁce
3137 3424 3456 3494 gloriantur,
3483 3430 3600 3498 ipse

2022 3513 2132 3566 Deo
2189 3513 2564 3580 consecrarit,
2621 3512 3029 3584 Ecclesiamque
3083 3517 3374 3587 decorarit,
3433 3534 3598 3594 atque

2021 3602 2197 3672 ipsum
2232 3607 2452 3658 malitiae
2483 3605 2750 3659 artificem
2795 3617 2912 3660 arte
2940 3607 3206 3664 deluserit
3227 3650 3244 3674 ,
3278 3614 3477 3682 quippe
3502 3617 3598 3685 qui

2023 3694 2076 3745 in
2103 3695 2385 3762 gentilium
2415 3695 2616 3749 studiis
2642 3709 2695 3751 et
2718 3697 3023 3766 disciplinis
3053 3716 3251 3772 magno
3272 3719 3394 3758 cum
3417 3705 3600 3762 labore

2020 3797 2289 3851 versatus,
2327 3801 2446 3839 cum
2484 3786 2690 3843 idcirco
2740 3789 3010 3859 impurtuu
3044 3793 3195 3847 illum
3243 3797 3493 3864 spiritum
3542 3800 3596 3854 in

2017 3892 2137 3929 eam
2173 3877 2484 3944 opinionem
2521 3879 2858 3949 adduxisset,
2910 3894 2970 3938 ut
2998 3899 3093 3953 per
3122 3900 3215 3941 eas
3250 3891 3425 3956 ipsum
3456 3891 3600 3960 juris

2018 3966 2104 4019 sui
2152 3967 2516 4036 mancipiique
2567 3970 2768 4024 factum
2796 3986 2918 4025 esse
2961 3973 3330 4040 existimaret,
3369 3993 3477 4030 non
3513 3989 3596 4032 ta-

2020 4070 2140 4107 men
2188 4056 2257 4107 ah
2306 4057 2371 4108 iis
2417 4057 2727 4113 detrimenti
2768 4061 3064 4132 quidquam
3111 4068 3421 4134 acceperit,
3459 4070 3590 4137 quin

2018 4145 2199 4213 potius
2248 4147 2563 4216 hujusmodi
2631 4152 2983 4218 eruditione,
3048 4164 3305 4226 tanquam
3365 4162 3596 4216 materia

2015 4235 2270 4304 quadam,
2300 4239 2366 4292 ad
2399 4239 2634 4307 optimas
2664 4256 2752 4294 res
2777 4258 2908 4297 usus
2934 4244 3025 4307 sit,
3057 4247 3387 4316 tyrannique
3408 4249 3595 4304 stulti-

2017 4331 2145 4382 tiam
2178 4343 2339 4399 atque
2375 4333 2562 4388 inanes
2596 4349 2722 4403 spes
2755 4335 3072 4404 prodiderit,
3097 4341 3189 4406 qui
3221 4339 3474 4396 homines
3505 4359 3599 4396 ar-

343 4421 617 4474 actionem
655 4422 1013 4489 amplectens,
1039 4436 1161 4489 qua:
1193 4421 1408 4474 virtutis
1433 4435 1599 4475 causa
1636 4421 1913 4474 laboribus
1950 4420 1990 4472 D
2023 4425 2164 4477 tibus
2214 4424 2384 4492 ipsius
2424 4438 2488 4479 ac
2540 4426 2749 4480 teclmis
2799 4425 3110 4494 superiores
3143 4438 3198 4484 et
3245 4430 3602 4488 sublimiores

340 4512 607 4574 premitur
629 4549 644 4574 ,
674 4525 839 4578 quam
867 4550 883 4575 ,
919 4510 1169 4578 quisquis
1200 4511 1268 4564 ad
1316 4510 1514 4566 divina:
1558 4510 1911 4580 philosOphiae

339 4598 580 4652 studium
627 4602 868 4654 animum
912 4601 1132 4670 adjicit,
1165 4602 1394 4670 primam
1441 4602 1554 4658 fere
1586 4603 1686 4658 sibi
1718 4615 1914 4657 contu-

337 4686 616 4742 bernalem
640 4691 878 4744 asciscit.
899 4691 968 4743 At
1008 4705 1102 4758 per
1126 4691 1421 4759 sapientem
1439 4692 1732 4748 lsraelitam
1759 4695 1915 4746 nobis

334 4791 496 4833 mens
535 4779 979 4848 contemplationi
1014 4781 1192 4835 dedita
1237 4782 1510 4837 indicatur
1534 4825 1549 4848 ,
1578 4799 1698 4853 quae
1726 4786 1911 4838 saeculi

333 4868 504 4939 hujus
551 4871 906 4940 cogitationes
935 4880 1097 4940 atque
1120 4871 1462 4928 inventiones
1492 4877 1559 4929 ad
1587 4875 1912 4946 cognitionis

331 4969 539 5016 terram
578 4963 898 5027 transvehit,
933 4977 1042 5017 non
1071 4976 1230 5016 secus
1261 4972 1424 5032 atque
1465 4962 1723 5020 Israelita:
1750 4981 1910 5021 aurea

328 5063 392 5106 et
413 5064 664 5122 argentea
679 5052 1058 5124 [Egyptiorum
1082 5069 1206 5109 vasa
1231 5053 1654 5124 Hierosolymam
1679 5066 1914 5112 transtu-

332 5144 540 5202 lerunt.
573 5145 870 5202 Jerusalem
906 5163 1032 5202 vero
1052 5187 1069 5212 ,
1102 5148 1147 5202 si
1177 5147 1300 5218 quis
1334 5147 1735 5216 interpretetur,
1765 5152 1912 5218 pacis

333 5238 588 5291 visionem
611 5277 627 5302 ,
656 5246 752 5292 aut
791 5241 978 5309 gratia;
1005 5241 1252 5308 spiritum
1277 5239 1564 5309 significat.
1597 5238 1779 5294 Lahan
1809 5242 1912 5295 ita-

337 5343 445 5398 que
473 5331 710 5386 mundus
739 5331 829 5386 hic
857 5332 1142 5386 commode
1173 5332 1282 5386 dici
1313 5341 1515 5402 queat,
1546 5333 1687 5388 idola
1730 5343 1909 5388 autem

336 5421 457 5491 ejus
502 5420 659 5477 [ωᾱεε
708 5433 763 5478 ει
807 5425 1132 5492 perturbatae
1171 5425 1531 5494 cogitationes
1553 5441 1617 5480 ac
1685 5419 1915 5481 terrente

337 5529 521 5569 rerum
562 5515 848 5585 imagines.
905 5515 1085 5583 Quare
1135 5517 1179 5572 si
1211 5518 1335 5586 quis
1365 5519 1508 5573 hunc
1539 5521 1801 5574 mundum
1856 5531 1908 5574 ut

405 5676 454 5708 ⁷³
481 5673 617 5729 Gen.
654 5690 804 5742 xm,
841 5674 929 5736 I9.
1004 5673 1051 5706 "
1085 5673 1221 5730 Ibid.
1257 5673 1345 5731 35.

579 5772 848 5832 ΡΑΤιιοι..
884 5775 998 5832 Gn.
1034 5773 1332 5833 CXXVII.

2021 4515 2282 4569 servitute
2324 4531 2688 4584 oppressurus
2719 4517 2822 4571 sibi
2861 4517 3166 4573 videbatur.
3202 4519 3442 4576 Possunt
3485 4523 3600 4578 hinc

2020 4608 2184 4661 etiam
2208 4607 2274 4661 de
2301 4608 2504 4662 divitiis
2528 4609 2580 4661 in
2607 4624 2830 4663 sensum
2858 4613 3178 4668 cadentibus
3206 4614 3426 4681 exponi.
3454 4613 3591 4671 Nam

2023 4698 2116 4768 qui
2150 4715 2215 4752 ex
2245 4696 2498 4768 Egypto,
2539 4699 2587 4752 id
2619 4708 2724 4765 est,
2755 4716 2822 4754 ex
2858 4702 2960 4754 hoc
2987 4703 3189 4758 mundo
3212 4704 3439 4760 divitias
3464 4721 3594 4763 suas

2021 4807 2114 4857 per
2149 4806 2344 4845 manus
2374 4806 2668 4859 pauperum
2716 4793 2782 4845 ad
2819 4803 3018 4847 terram
3050 4796 3453 4864 promissionis,
3492 4799 3596 4854 hoc

2018 4893 2099 4937 est
2157 4885 2210 4936 in
2239 4889 2434 4938 coelum
2459 4922 2474 4948 ,
2537 4887 2934 4948 transvexerit,
2971 4888 3016 4940 is
3067 4889 3257 4956 procul
3292 4890 3460 4946 dubio
3495 4908 3590 4946 sa-

2021 4977 2175 5042 piens
2198 4977 2443 5032 lsraelita
2469 4991 2549 5032 est
2581 4997 2594 5033 :
2625 4994 2689 5033 ac
2710 4979 2962 5034 diabolus
2983 4984 3353 5048 excruciatur,
3380 4985 3595 5043 videns.

2024 5067 2112 5118 ubi
2145 5067 2432 5122 thesaurus
2456 5068 2708 5123 conditus
2739 5079 2844 5134 est,
2874 5070 2982 5124 illic
3013 5087 3234 5142 quoque
3265 5084 3318 5128 et
3350 5088 3445 5128 cor
3473 5075 3594 5142 ejus

2019 5171 2158 5215 esse,
2187 5159 2277 5225 qui
2313 5159 2574 5212 condidit.

2084 5248 2204 5303 Col.
2251 5249 2349 5303 651
2409 5250 2470 5304 C.
2531 5249 2647 5305 Iloc
2693 5253 2738 5306 si
2780 5252 2985 5322 feceris,
3017 5267 3173 5325 atque
3229 5256 3304 5308 ita
3334 5272 3397 5308 ea:
3427 5255 3590 5324 Αἰξίν-

2011 5349 2121 5410 pto,
2179 5351 2286 5394 etc.
2341 5340 2576 5396 Ilistoria
2622 5343 2691 5398 de
2747 5345 2934 5408 lluvro,
2968 5354 3019 5399 et
3073 5346 3207 5410 sole,
3245 5361 3308 5398 ac
3361 5346 3589 5408 luna,0t

2013 5432 2280 5498 muris,iu
2305 5433 2442 5486 libro
2474 5429 2627 5489 Iosue
2651 5436 2962 5490 continetur
2991 5451 3006 5489 :
3036 5437 3260 5504 reliqua:
3294 5435 3347 5488 in
3379 5436 3588 5492 Exodo.

2015 5522 2293 5593 Scriptum
2352 5536 2436 5581 est
2489 5529 2631 5582 enim
2662 5528 2828 5597 quod,
2889 5543 3014 5582 cum
3055 5526 3225 5581 Judaei
3257 5541 3321 5581 ex
3354 5527 3591 5599 [Egypto

3147 5780 3220 5844 44
