4076 6292
574 284 707 349 1387

2009 277 2386 339 ΛυΟΕΝΒΛ.

3688 282 3803 349 1398

573 400 780 471 egressi
837 398 1089 460 fuissent,
1130 393 1272 449 Deus
1329 407 1422 448 eos
1481 391 1854 461 praecedebat,
1908 392 2143 446 interdiu
2176 402 2220 455 Α
2252 394 2413 461 hujus
2448 393 2571 446 vita:
2599 392 2797 461 spatio,
2823 407 2945 445 eum
2990 391 3041 443 in
3074 393 3255 461 seipse
3294 408 3641 464 nequaquam
3669 413 3803 451 ocu-

576 492 795 562 quidem
817 490 871 543 in
900 488 1156 543 columna
1182 486 1342 540 nubis
1363 486 1501 538 viam
1538 485 1671 553 ipsis
1688 495 2149 548 commonstrans,

586 590 750 636 noctu
788 588 965 633 autem
999 577 1052 629 in
1079 575 1330 629 columna
1351 574 1493 642 ignis
1515 590 1528 626 :
1552 588 1652 626 nec
1667 572 1873 627 destitit
1896 573 2151 627 columna

576 670 740 727 nubis
753 669 807 722 in
822 668 927 730 die,
944 681 1043 719 nec
1063 665 1316 719 columna
1337 664 1478 733 ignis
1494 664 1546 716 in
1564 672 1718 718 nocte
1734 663 1874 732 plebi
1888 664 2156 717 universae.

523 764 542 779 ‘
578 762 895 831 praelucere;
937 758 1211 811 desertum
1243 765 1425 809 autem
1459 764 1579 807 erat
1624 755 1676 807 in
1710 755 1977 807 Anathom
2008 755 2149 807 haud

579 856 737 923 longe
781 851 849 905 ab
884 848 1142 919 Egypto,
1178 862 1272 915 per
1315 846 1458 913 quod
1506 843 1821 898 Judzeorum
1852 845 2020 914 copiae
2050 846 2154 899 iter

578 944 846 998 fecerunt.
872 943 1143 993 Anathom
1178 944 1359 990 autem
1407 945 1594 989 nostra
1630 935 1815 1005 lingua
1846 952 2151 1005 responsum

518 1038 537 1063 '
577 1035 867 1104 significat.
898 1031 1068 1085 Judzri
1109 1031 1255 1083 enim
1301 1030 1373 1083 ita
1415 1030 1718 1097 prOpinqua
1755 1027 1987 1097 IEgypto
2057 1043 2152 1082 en-

585 1136 700 1181 stra
761 1125 1095 1181 habuerunt,
1131 1127 1189 1174 ut
1216 1120 1458 1188 ipsorum
1498 1133 1716 1187 quoque
1755 1133 1917 1172 voces
1962 1133 2157 1187 prope-

583 1220 803 1270 modum
833 1213 1107 1276 exaudiri,
1137 1220 1299 1279 atque
1334 1224 1364 1262 e
1396 1208 1705 1278 propinquo
1750 1223 2009 1277 responsa
2034 1209 2151 1261 dari

580 1314 823 1376 possent.
847 1304 1058 1356 llnrsus
1081 1315 1279 1370 aquam
1298 1298 1485 1353 divisit
1508 1298 1771 1352 Dominus
1800 1318 1812 1352 :
1840 1309 1895 1352 et
1922 1299 2153 1367 ingressi

582 1407 711 1451 sunt
745 1395 838 1448 lilii
892 1392 1058 1448 lsrael
1091 1406 1187 1460 per
1223 1388 1464 1443 medium
1486 1389 1656 1442 maris
1691 1387 1860 1441 Rubri
1894 1406 1908 1442 :
1941 1386 2153 1443 Pharao

583 1498 759 1541 autent
793 1484 1028 1540 reversis
1057 1482 1217 1552 aquis
1244 1495 1365 1534 cum
1395 1488 1509 1534 toto
1551 1495 1654 1534 suo
1700 1482 1945 1534 exercitu
1983 1480 2153 1534 obru—

583 1587 672 1632 tus
704 1586 810 1631 est.
845 1575 1105 1644 Sequitur
1149 1571 1378 1626 historia
1410 1571 1477 1626 de
1505 1586 1705 1624 manna
1726 1611 1740 1633 ,
1761 1580 1816 1625 et
1849 1581 2001 1638 petra
2030 1585 2154 1639 per-

583 1683 767 1732 cussa,
800 1678 854 1721 et
893 1670 962 1721 de
999 1681 1125 1735 rege
1170 1663 1620 1728 Amalecitarum,
1654 1663 1749 1732 qui
1790 1663 1919 1717 dum
1953 1662 2153 1716 transi-

2251 485 2465 537 dentem
2497 486 2713 551 retinet,
2755 498 2855 538 nec
2878 485 2999 538 vitii
3033 495 3195 554 atque
3241 486 3570 555 ignorantia:
3600 504 3804 557 vesper:

2251 575 2754 645 circumscriptum,
2783 576 3102 644 utimpuros
3129 586 3183 631 et
3215 578 3511 634 sceleratos
3547 580 3805 637 daemones

2252 661 2513 731 impetum
2564 665 2618 717 in
2665 679 2724 718 se
2768 664 3031 720 facientes
3074 666 3312 734 legitime
3350 667 3627 737 frangere,
3661 680 3807 740 atque

2254 754 2308 807 in
2372 754 2553 822 fugam
2619 764 2945 811 convertere
3022 767 3209 825 queat.
3267 757 3417 811 Ltma
3502 777 3629 829 quae
3696 764 3810 814 reti-

2252 854 2444 908 netur,
2512 845 2788 899 mutabilis
2862 853 3047 899 nostra
3118 859 3310 899 natura
3379 856 3502 908 est.
3580 865 3699 917 quae
3762 852 3808 905 in

2253 938 2458 991 sanctis
2493 936 2628 991 viris
2654 938 2757 991 fixa
2794 946 2850 991 et
2872 938 3092 992 immota
3124 949 3423 1007 permanet.
3459 953 3687 1010 propter
3714 944 3807 995 vir.

2254 1030 2387 1085 tutis
2424 1029 2667 1083 habitum
2702 1031 3058 1085 mutationem
3085 1030 3193 1084 nbn
3232 1031 3644 1086 admittentem.
3686 1033 3812 1089 Ilun'
3837 1036 3849 1052 ‘

2252 1122 2346 1191 qui
2366 1121 2721 1191 dejiciuntur,
2750 1122 2972 1174 malitiae
3001 1122 3252 1190 praesidia
3274 1131 3425 1189 sunt,
3453 1131 3627 1192 atque
3651 1126 3812 1179 omnis

2253 1211 2503 1274 altitudo,
2538 1225 2660 1280 quae
2688 1201 2948 1266 adversus
2981 1210 3147 1265 Deum
3181 1212 3483 1265 extollitur.
3516 1212 3813 1269 Crabroues

2254 1313 2673 1372 praecurrentes,
2701 1303 2900 1358 divinat
2922 1304 3167 1374 quatdam
3202 1304 3457 1372 potentiae
3487 1313 3646 1371 sunt,
3673 1308 3813 1361 nobis

2254 1406 2658 1458 succurrentes,
2708 1406 2874 1465 atque
2927 1398 2981 1450 in
3030 1397 3308 1452 daemones
3361 1397 3559 1454 hostes
3613 1408 3814 1454 nostros

2255 1488 2618 1543 incursantes.
2650 1490 2727 1544 Ac
2772 1504 2839 1542 ne
2882 1489 3097 1558 longius
3143 1505 3454 1543 sermonem
3486 1494 3811 1560 protraham,

2256 1593 2365 1632 non
2398 1594 2461 1633 ea
2485 1582 2681 1645 solum,
2704 1595 2825 1647 qua:
2851 1578 3288 1640 commemoravi.
3319 1595 3387 1635 ex
3415 1581 3657 1650 Egypto
3677 1598 3813 1653 egre-

2257 1669 2434 1735 diens,
2468 1670 2654 1725 divino
2682 1670 2945 1724 benelicio
2981 1672 3353 1741 consequeris,
3374 1673 3474 1726 sed
3505 1673 3670 1726 etiam
3700 1674 3811 1734 alia.

584 1770 696 1813 tum
751 1758 993 1812 llebmis
1030 1756 1360 1826 praecludere
1414 1754 1627 1818 nititur,
1662 1753 1814 1809 [usus
1859 1768 1923 1808 ac
1973 1754 2155 1823 profli-
2186 1742 2229 1801 Β
2256 1777 2380 1833 qua:
2408 1763 2665 1829 posthaec,
2713 1762 2764 1815 id
2799 1770 2883 1815 est
2914 1762 3191 1830 deinceps,
3221 1762 3467 1816 historiae
3503 1778 3671 1818 sacra:
3695 1780 3812 1833 pro-

589 1862 748 1918 gatus
789 1858 891 1910 est,
926 1846 1092 1902 Josue
1122 1847 1343 1916 quidem
1377 1848 1676 1901 exercitum
1711 1848 1961 1908 ducente,
2005 1846 2159 1900 Mose

592 1955 773 1996 autem
826 1955 1017 2011 preces
1068 1943 1332 1995 fundente
1365 1953 1430 1994 ac
1464 1955 1562 2011 per
1601 1954 1861 1995 manuum
1885 1938 2161 1993 extensio-

593 2050 737 2093 nem,
767 2048 904 2102 quas
925 2031 1039 2087 Hur
1052 2040 1106 2087 et
1130 2032 1312 2086 Aaron
1343 2033 1596 2101 utrinque
1621 2030 2018 2096 sulfulciebant,
2035 2045 2160 2084 cru.

592 2144 608 2177 ι
623 2140 707 2179 em
735 2128 1016 2194 tigurante.
1042 2125 1115 2178 De
1137 2123 1299 2177 ﬂuvio
1317 2122 1549 2178 Iordane
1572 2124 1744 2178 habes
1758 2122 1922 2178 Josue
1947 2137 2028 2189 Ill;
2046 2121 2159 2193 (22)

586 2222 657 2274 de
717 2219 888 2273 muris
947 2217 1098 2272 urbis
1152 2216 1389 2279 Jericho,
1422 2231 1544 2285 cap.
1568 2231 1655 2280 v1;
1698 2217 1764 2269 de
1818 2229 1979 2269 cursu
2027 2214 2160 2268 solis

585 2324 654 2365 ac
700 2309 840 2364 luna:
894 2309 1150 2373 inhibito,
1185 2321 1307 2376 cap.
1352 2322 1407 2359 ι.
1468 2307 1585 2361 Jam
1620 2305 2062 2360 decrabronibus
2086 2306 2158 2358 ita

586 2402 850 2469 scriptum
889 2401 1114 2454 habetur
1138 2399 1309 2452 Exod.
1342 2412 1497 2459 χχιιι,
1517 2397 1620 2449 28;
1646 2396 1854 2449 Mittunt
1875 2397 2156 2447 crabrones

586 2500 707 2545 ante
728 2505 798 2555 te,
817 2500 921 2545 etc.
943 2491 1007 2542 Et
1027 2490 1079 2542 in
1098 2490 1237 2542 libro
1257 2488 1545 2557 Sapientia:
1565 2505 1579 2539 :
1599 2486 1788 2540 Misisti
1808 2500 2158 2553 prwcursores

585 2586 849 2639 exercitus
882 2586 960 2637 tui
988 2587 1289 2646 crabrones,
1327 2593 1382 2634 ut
1434 2583 1621 2648 impios
1673 2580 1935 2648 paulatim
1979 2591 2153 2634 exter-

586 2677 851 2733 minareut
900 2674 967 2726 "’.
1005 2675 1109 2726 Sed
1161 2674 1273 2741 jam
1307 2687 1499 2725 omnes
1533 2672 1631 2724 has
1664 2670 1922 2724 historias
1953 2673 2157 2740 allego-

587 2769 699 2821 rice
745 2779 1105 2834 exponamus.
1158 2763 1428 2817 Columna
1464 2763 1630 2833 igitur
1663 2762 1850 2826 nubis,
1881 2772 1940 2817 ut
1987 2762 2156 2817 Paulo

584 2871 806 2928 quaque
828 2856 1091 2926 placet",
1118 2854 1614 2923 Spiritussanctus
1645 2862 1751 2917 est,
1780 2853 1874 2923 qui
1908 2852 2157 2908 homines

586 2950 643 3004 in
676 2949 909 3004 turbidis
931 2946 1098 3001 animi
1129 2947 1369 3000 motibus
1387 2944 1815 3014 comprimendis
1844 2944 2156 3000 laborantes

2259 1854 2370 1908 dita
2393 1860 2521 1908 sunt
2550 1869 2565 1905 :
2595 1861 2650 1906 et
2677 1868 2799 1906 cum
2832 1852 2937 1905 his.
2981 1852 3100 1907 Uno
3125 1854 3273 1906 enim
3302 1854 3554 1908 historia:
3577 1864 3807 1909 contextu

2260 1947 2376 2002 haec
2406 1954 2461 2000 et
2490 1944 2578 1998 illa
2606 1945 2978 1999 continentur.

2327 2036 2445 2092 Col.
2476 2035 2573 2089 651
2624 2035 2692 2089 D.
2726 2040 2802 2089 Ac
2849 2036 2956 2088 tale
2991 2046 3067 2090 es!
3097 2035 3309 2104 festum,
3344 2044 3455 2090 etc.
3488 2035 3804 2102 Huiusmodi,

2262 2127 2461 2197 inquit,
2501 2125 2699 2181 festum
2750 2126 3021 2189 celebras,
3080 2142 3185 2180 non
3240 2128 3557 2181 secundum
3610 2140 3803 2195 corpus.

2262 2219 2364 2273 hoc
2407 2227 2493 2274 est
2550 2218 2712 2272 futilis
2746 2218 3118 2286 voluptatibus
3154 2218 3469 2286 indulgens,
3492 2229 3554 2272 ut
3587 2218 3803 2287 gentiles,

2261 2324 2362 2364 nec
2420 2310 2720 2364 secundum
2767 2308 3001 2362 litteram
3051 2320 3102 2362 et
3141 2309 3495 2377 simpliciter,
3526 2321 3586 2363 ut
3608 2308 3802 2362 Judaei:

2261 2400 2356 2453 sed
2409 2401 2711 2469 perfectum
2750 2412 2815 2450 ac
2849 2399 3134 2466 spirituale
3162 2376 3381 2467 Deoque
3413 2410 3656 2469 gratum.
3685 2376 3802 2453 Talis

2262 2491 2358 2545 tibi
2408 2504 2595 2545 mensa
2657 2489 2977 2558 proponitur
3026 2490 3250 2557 antiqua
3301 2499 3356 2543 et
3404 2492 3567 2544 varia
3609 2492 3802 2546 historia

2260 2580 2485 2646 referta,
2542 2592 2887 2649 mentemque
2931 2580 3234 2637 obiectans.
3270 2580 3402 2636 Tale
3436 2584 3678 2639 comedis
3729 2592 3799 2636 tua

2252 2686 2427 2727 causa
2458 2673 2833 2740 dispensatum
2862 2670 3064 2725 Christi
3114 2672 3329 2739 Natale,
3364 2676 3480 2728 tale
3535 2676 3673 2729 enim
3712 2675 3802 2741 cpio

2260 2763 2531 2832 taphium.
2587 2761 2718 2817 Tale
2759 2777 2789 2816 a
2840 2771 2891 2817 te
2920 2763 3255 2831 intelligatur
3301 2764 3594 2820 Paschatis
3628 2776 3798 2836 myste-

2252 2852 2426 2919 rium,
2456 2852 2620 2921 quale
2657 2854 2838 2906 oratio
2869 2861 3054 2907 nostra
3085 2854 3157 2907 ob
3193 2853 3382 2909 oculos
3418 2854 3631 2922 posuit,
3662 2856 3799 2907 uimi-

2258 2960 2381 3000 rum
2434 2944 2587 3015 quod
2628 2954 2688 3000 et
2712 2960 2886 3015 agnus
2919 2953 3005 2999 est
3032 2946 3310 3010 Christus,
3342 2952 3404 2999 ut
3447 2946 3728 3009 innocens;
3752 2952 3798 2997 et

586 3043 863 3097 inumbrat
910 3056 975 3094 ac
1014 3038 1322 3107 refrigerat,
1355 3052 1420 3091 ac
1447 3039 1584 3093 solis
1614 3038 1669 3090 in
1698 3036 1894 3120 malam
1944 3042 2151 3104 partem
2178 3072 2228 3129 α
2263 3038 2470 3104 hircus,
2502 3048 2563 3092 ut
2593 3046 2814 3107 prepter
2843 3046 3065 3108 peccata
3090 3045 3285 3092 nostra
3326 3038 3601 3105 traditus;
3632 3036 3796 3092 deinde

586 3135 794 3203 accepti
822 3141 1015 3187 aestum
1056 3140 1219 3199 atque
1255 3131 1507 3184 ardorem
1535 3144 1565 3182 a
1601 3128 1758 3182 nobis
1785 3135 1957 3189 arcet,
1986 3142 2019 3180 a
2047 3142 2157 3197 quo

585 3228 747 3282 etiam
797 3224 1006 3279 semina
1032 3223 1126 3277 illa
1160 3221 1332 3292 petris
1379 3220 1633 3274 mandata
1675 3219 2048 3273 cxsiccautur.
2079 3220 2158 3274 De

585 3331 697 3385 quo
727 3316 784 3369 in
822 3313 1054 3369 Psalmis
1085 3328 1304 3383 quoque
1344 3312 1545 3366 dicitur
1581 3327 1596 3363 :
1629 3306 1737 3362 Per
1776 3309 1920 3361 diem
1946 3309 2027 3362 sol
2056 3324 2159 3361 non

584 3415 701 3460 uret
728 3414 800 3473 te,
824 3420 987 3476 neque
1034 3403 1164 3458 [una
1208 3418 1303 3472 per
1353 3400 1639 3453 noctem".
1690 3397 1960 3452 Columna
2016 3398 2158 3468 ignis

585 3512 802 3562 rursus,
838 3496 923 3552 rel
952 3493 1196 3564 Spiritus
1230 3500 1453 3547 sanctus
1497 3500 1604 3553 est,
1637 3489 1731 3559 qui
1766 3490 1833 3542 ad
1876 3490 2156 3558 apostolos

585 3588 642 3642 in
678 3587 820 3656 ignis
856 3586 1034 3639 forma
1070 3581 1388 3645 accessit",
1421 3580 1503 3635 vel
1540 3582 1705 3634 etiam
1730 3581 1846 3648 ipse
1879 3579 2154 3648 Christus,

585 3679 681 3747 qui
696 3677 951 3732 columna
969 3675 1189 3745 quidem
1214 3674 1285 3727 ob
1312 3671 1635 3741 tripertitam
1667 3673 1915 3741 corporis
1941 3672 2155 3727 dimen-

585 3770 799 3823 sionent
826 3768 1028 3825 dicitur
1060 3782 1076 3820 :
1106 3766 1248 3835 ignis
1276 3775 1483 3827 autem,
1512 3771 1731 3831 propter
1774 3762 2153 3818 divinitatem:

583 3860 728 3916 Deus
763 3862 911 3916 enim
950 3867 1131 3914 uoster
1176 3857 1312 3927 ignis
1342 3868 1654 3909 consumens
1680 3865 1758 3909 est
1792 3855 1859 3910 ⁷⁸.
1890 3853 2026 3910 ιιωο
2053 3856 2159 3909 ita-

585 3968 694 4024 que
746 3954 889 4023 ignis
937 3953 1194 4006 columna
1241 3949 1294 4002 in
1338 3948 1545 4001 erroris
1602 3955 1764 4002 nocte
1794 3959 2053 4016 vagantes
2087 3947 2156 4001 ad

584 4043 869 4099 veritatem
890 4042 1043 4097 ducit
1072 4041 1314 4095 scientiae
1335 4038 1595 4092 nimirum
1614 4036 1799 4094 facem
1834 4039 2153 4107 praferens.

583 4133 872 4191 Desertum
921 4144 1103 4197 autem
1159 4131 1457 4187 mitescens
1489 4131 1674 4185 anima
1695 4142 1800 4197 est,
1851 4148 1975 4201 qua:
2003 4134 2157 4201 prius

576 4226 807 4296 quidem
872 4224 1139 4279 silvestris
1200 4232 1315 4277 erat
1360 4232 1524 4292 atque
1559 4222 1725 4289 invia,
1758 4236 1861 4277 nec
1915 4216 2154 4277 fructum

587 4319 756 4373 ullum
810 4316 965 4386 probi
1004 4314 1247 4371 alimenti
1278 4313 1506 4378 ferebat,
1557 4325 1745 4383 postea
1793 4329 1921 4370 vero
1958 4316 2155 4384 spiritu

2259 3130 2405 3201 quod
2439 3130 2491 3183 in
2527 3130 2815 3198 praesentia
2869 3129 3075 3184 Christi
3106 3128 3426 3200 mysterium
3487 3131 3721 3201 positum,
3743 3141 3798 3181 ac

2254 3224 2406 3277 velut
2458 3223 2873 3292 przesignatum,
2908 3229 3074 3290 atque
3129 3229 3257 3275 ante
3302 3224 3520 3277 saecula
3559 3225 3792 3277 decretum

2250 3322 2425 3368 esset.
2467 3312 2605 3366 Tum
2645 3313 2793 3382 quod
2856 3311 3063 3366 idcirco
3115 3312 3326 3367 decima
3359 3312 3453 3368 die
3482 3328 3643 3385 agnus
3664 3324 3792 3365 acce-

2258 3417 2403 3473 ptus,
2430 3415 2592 3473 atque
2621 3404 2770 3474 quod
2796 3403 2865 3458 ad
2906 3417 3191 3471 vesperam
3224 3412 3502 3461 mactatus
3524 3419 3635 3460 esse
3667 3403 3789 3456 dicae

2252 3505 2366 3559 tur,
2400 3497 2529 3564 quia
2560 3495 2614 3548 in
2646 3495 2756 3549 (ine
2775 3496 3102 3550 saeculorum
3132 3493 3352 3553 Christo
3382 3510 3535 3550 mors
3561 3492 3789 3560 contigit:

2252 3587 2516 3657 quodque
2571 3586 2695 3641 ideo
2723 3595 2886 3641 nocte
2917 3600 3025 3640 una
3056 3599 3250 3640 carnes
3275 3586 3642 3647 absumantur,
3680 3584 3792 3651 quia

2258 3682 2451 3732 mortis
2488 3677 2699 3732 Christi
2734 3687 2947 3746 tempus
2984 3677 3207 3735 unicum
3244 3685 3349 3741 est,
3382 3690 3443 3731 ac
3467 3674 3625 3731 semel
3656 3687 3791 3725 mor-

2254 3777 2410 3833 tuus,
2446 3785 2556 3823 non
2593 3770 2731 3823 ultra
2772 3770 3025 3823 moritur.
3057 3766 3190 3822 Item
3225 3769 3375 3837 quod
3403 3781 3519 3831 eos.
3550 3765 3636 3835 qui
3677 3759 3792 3829 agni

2256 3861 2550 3931 participes
2598 3862 2758 3926 iiunt,
2807 3860 2878 3915 ab
2908 3859 3056 3915 omni
3110 3860 3247 3915 vitio
3277 3870 3337 3913 et
3367 3860 3497 3913 dolo
3527 3858 3661 3912 velut
3698 3854 3793 3908 ler-

2257 3960 2441 4005 mento
2486 3950 2721 4020 quodam
2746 3950 2959 4005 alienos
3003 3964 3150 4015 esse,
3194 3964 3259 4007 ac
3290 3964 3389 4018 pro
3412 3949 3609 4003 Christi
3636 3958 3790 4000 amare

2257 4042 2611 4097 afﬂictionum
2664 4040 2991 4096 acerbitates
3044 4050 3103 4095 et
3155 4039 3557 4098 amaritudines
3587 4034 3791 4105 perferre

2254 4145 2504 4202 oportet,
2546 4142 2602 4188 et
2656 4133 2940 4203 expeditos
2987 4147 3109 4187 esse
3162 4142 3325 4200 atque
3394 4133 3790 4190 succinetos,ac

2254 4225 2509 4277 morienti
2562 4223 2787 4277 Christo
2820 4224 2968 4277 velut
3026 4224 3253 4277 comites
3301 4236 3362 4276 se
3404 4223 3711 4292 adiungere,
3746 4226 3789 4267 el

2254 4330 2384 4370 cum
2403 4332 2468 4370 eo
2491 4331 2555 4371 ex
2582 4317 2685 4369 hac
2719 4316 2828 4369 vita
2856 4314 3254 4385 mtmdanisque
3278 4315 3520 4384 negetiis
3546 4312 3790 4371 excedere.

588 4409 832 4465 lenitatis
880 4406 1281 4471 mansuefacta,
1326 4420 1393 4460 ac
1442 4420 1538 4475 per
1571 4407 1816 4460 divinum
1874 4421 2154 4462 accessum
2189 4400 2424 4474 Datque
2464 4420 2642 4475 usque
2670 4404 2737 4459 ad
2761 4414 3033 4475 posteram
3084 4418 3338 4459 auroram
3384 4402 3540 4459 domi
3588 4410 3787 4457 manere.

585 4501 836 4567 exculta,
885 4499 1098 4556 fructus
1149 4499 1408 4570 protulit.
1466 4496 1589 4552 iam
1631 4513 1783 4553 mare
1813 4500 1958 4569 quod
2006 4503 2157 4553 scin-

587 4592 734 4647 ditur
758 4631 773 4657 ,
809 4591 1102 4647 affectuum
1154 4598 1448 4659 tempestas
1499 4600 1605 4654 est,
1637 4604 1702 4644 ac
1735 4587 2052 4644 ﬂuctuantis
2101 4599 2159 4644 et

587 4682 905 4752 procellosa:
951 4681 1114 4751 hujus
1158 4680 1279 4734 vita:
1315 4679 1701 4735 amaruleutia.
1730 4678 1946 4735 Pharao
1973 4687 2154 4743 autem

587 4774 934 4836 submersus,
959 4785 1120 4840 atque
1148 4772 1372 4825 Amalec
1420 4771 1563 4826 bello
1609 4785 1927 4843 oppressus,
1966 4772 2156 4825 diabo-

584 4865 675 4921 lus
695 4872 799 4920 est.
822 4863 1010 4927 Arma,
1041 4863 1288 4917 divinum
1319 4862 1613 4929 auxilium;
1640 4877 1857 4929 manus,
1886 4865 2157 4931 actiones;

587 4956 766 5024 panis.
814 4952 1119 5022 ‘spiritualis
1173 4964 1322 5005 esca.
1379 4952 1562 5018 Petra,
1607 4951 1882 5020 Christus,
1929 4968 1996 5007 ex
2049 4970 2156 5023 quo

585 5061 727 5116 aqua
759 5046 885 5099 vita:
920 5052 1123 5101 tttauat.
1165 5041 1393 5097 Fluvius
1425 5042 1521 5111 qui
1552 5042 1853 5111 inhibetur,
1909 5044 2155 5103 libidinis

586 5134 933 5206 proﬂuvium.
970 5133 1063 5188 Sol
1120 5143 1295 5196 stans,
1367 5131 1462 5187 Sol
1517 5143 1600 5189 est
1647 5134 1896 5204 iustitia}.
1979 5139 2154 5208 Atque

584 5245 619 5283 o
647 5229 865 5282 beatum
895 5226 1298 5293 hontiuem,qm
1320 5234 1435 5280 toto
1460 5226 1569 5289 die,
1596 5228 1707 5281 hoc
1745 5238 1830 5282 est
1856 5232 2144 5298 praesentis

652 5426 700 5459 "
734 5427 864 5499 Sap.
896 5442 1000 5493 xu,
1037 5426 1093 5482 8.
1169 5426 1216 5458 '°
1255 5424 1428 5482 lCor.
1464 5426 1574 5492 1,1
1613 5441 1769 5496 seqq.

654 5607 768 5679 (22)
804 5606 976 5662 (labes
1003 5605 1186 5664 Iosue.
1220 5605 1329 5661 llas
1362 5621 1555 5679 omnes
1595 5607 2147 5679 historiasinterpres

588 5674 805 5735 Griecus
845 5679 964 5733 fuse
994 5686 1318 5746 prosecutus
1365 5684 1470 5733 est.
1503 5674 1674 5733 Nobis
1703 5678 1820 5733 loca
1853 5674 2150 5747 Scriptura:

1845 5426 1890 5459 ""
1920 5427 2045 5482 Psal
2070 5444 2197 5494 cxx,
2235 5428 2290 5484 6.
2369 5429 2414 5461 ⁷⁸
2465 5431 2586 5485 Act.
2614 5447 2671 5494 ll,
2715 5430 2738 5483 1
2775 5445 2932 5499 seqq.

2258 4497 2366 4552 hoc
2415 4504 2521 4562 est,
2552 4496 2757 4551 virtute
2798 4510 2909 4550 non
2938 4495 3247 4560 discedere,
3284 4495 3473 4564 quoad
3498 4493 3674 4548 futura
3698 4488 3791 4543 dies

2259 4588 2563 4660 praesentia:
2615 4587 2824 4649 Christi
2881 4588 3182 4645 illucescat.
3216 4585 3335 4641 Nox
3380 4586 3533 4640 enim
3569 4591 3672 4639 tota
3699 4580 3791 4632 hac

2259 4683 2372 4735 vita
2398 4689 2506 4736 est.
2559 4680 2706 4743 Haec,
2737 4687 2903 4749 atque
2948 4677 3285 4748 huiusmodi,
3334 4675 3545 4732 Pascha
3599 4667 3793 4743 mysticc

2258 4771 2534 4843 designat,
2586 4785 2710 4841 quat
2738 4770 2825 4825 lex
2871 4770 3094 4841 quidem
3146 4768 3533 4834 adumhravit,
3574 4764 3793 4821 Christus

2263 4872 2448 4920 autent
2482 4862 2737 4919 absolvit.
2764 4860 2891 4932 ipse
2929 4862 3075 4916 enim
3128 4859 3178 4921 ia
3208 4869 3352 4925 erat,
3382 4873 3549 4929 quem
3595 4858 3700 4913 haec
3738 4846 3792 4902 ιδ

2262 4969 2519 5011 verorum
2576 4955 2826 5010 colorum
2875 4952 3283 5022 expressionem
3338 4948 3722 5007 desiderabant.
3746 4946 3792 4994 Ill

2261 5060 2385 5117 qua:
2408 5045 2544 5099 nihil
2574 5045 2721 5099 aliud
2748 5053 2956 5111 essent,
2978 5058 3143 5113 quam
3164 5043 3372 5101 umbm
3398 5055 3585 5097 earum
3612 5046 3791 5093 rem.

2258 5152 2392 5208 qua:
2423 5136 2491 5191 ab
2522 5136 2643 5205 ipso
2677 5134 2930 5205 gerenda:
2957 5142 3136 5189 erant.
3166 5132 3416 5199 Quonam
3455 5142 3631 5187 autem
3657 5122 3792 5179 ωοαο

2260 5228 2337 5281 iis
2368 5235 2666 5281 extremam
2704 5240 2928 5279 manum
2992 5225 3244 5283 addidit?
3285 5223 3552 5290 Quoniam
3592 5210 3792 5274 sublati!

3012 5432 3057 5463 ⁷³
3098 5430 3251 5483 Deut.
3303 5443 3379 5492 tv,
3423 5425 3512 5480 ει.

2254 5608 2546 5689 adnotasse
2574 5607 2710 5663 satis
2741 5605 2863 5662 fuit.
2887 5604 3195 5669 Notissima:
3212 5607 3356 5661 enim
3392 5612 3514 5660 sunt
3538 5601 3619 5655 hac
3640 5597 3764 5652 ltisto

2256 5693 2372 5732 1⁵Ιὲ12.
