4076 6292
237 371 392 435 1389

1175 360 1496 420 NICETAS
1538 359 1620 418 IN
1663 357 1889 416 ORAT.
1931 359 2097 418 XIIII
2143 361 2201 418 S.
2243 358 2477 419 GREG.

3343 355 3482 419 1390

236 502 415 559 atque
449 483 746 552 antiquatis
799 477 1114 534 liberalibus
1149 473 1455 539 sacrillciis,
1508 473 1811 542 spiritualia
1843 480 1885 536 Α
1916 475 2008 528 hic
2054 485 2230 528 tamen
2259 473 2404 542 juris
2453 471 2895 542 prtecellentiam,
2928 467 3086 523 Pater
3116 470 3262 524 enim
3297 471 3485 526 diabo-

239 576 522 636 sacrilicia
571 572 815 628 numeris
856 570 1109 625 omnibus
1157 567 1407 622 absoluta
1442 565 1686 627 tradidit,
1727 565 1816 618 ni-

236 673 449 726 mirum
501 681 625 721 cum
671 678 823 716 nova:
851 676 1022 716 etente
1051 660 1313 729 mysterio
1371 671 1504 710 suos
1558 655 1814 718 initiavit,

238 760 494 826 dixitque
522 777 533 808 ;
571 753 685 807 Hoc
713 751 872 820 facile
903 752 958 803 in
989 766 1158 803 meam
1185 746 1731 801 commemorationem
1746 744 1810 794 ⁸ο.

236 851 357 905 Nec
387 851 528 903 enim
557 851 666 915 jam
697 859 894 913 agnum
926 843 1209 904 habemus,
1235 855 1334 893 nec
1369 838 1596 893 acerbas
1635 837 1817 890 lactu-

239 960 367 1004 cas,
406 954 710 1010 panemque
739 933 989 989 tormenti
1021 942 1322 1002 expertem,
1347 944 1534 985 verum
1559 942 1655 998 pro
1678 941 1818 995 agno

240 1035 428 1102 ipsum
483 1031 784 1090 Christum,
834 1026 1010 1084 illum.
1046 1015 1287 1092 inq‘uant,
1323 1022 1534 1091 Agnum
1569 1019 1686 1083 Dei,
1717 1019 1818 1072 tol-

237 1127 447 1179 lentem
491 1129 708 1191 pet-cata
753 1116 966 1180 mundi,
999 1116 1279 1191 qneanex
1302 1113 1616 1176 delineavit,
1647 1112 1818 1166 Isaias

238 1216 378 1267 indit
399 1188 531 1273 avit,
561 1208 799 1263 Joannes
827 1188 1257 1261 demonstravit:
1293 1219 1389 1273 pro
1413 1217 1605 1274 azyiuo
1633 1214 1815 1256 autem

236 1321 407 1375 pane,
443 1315 495 1355 et
547 1301 769 1354 lactucis
799 1299 1032 1361 acerbis,
1077 1296 1426 1366 purissimam
1493 1294 1543 1345 in
1601 1292 1819 1346 Christo

236 1397 442 1454 vitam,
477 1409 598 1460 qua:
661 1406 766 1442 non
815 1390 932 1441 sine
979 1388 1273 1440 acerbitate
1319 1383 1820 1449 al'llictionibnsqtte

235 1489 546 1541 obtinetur.
577 1481 660 1537 Ob
699 1496 818 1534 eam
865 1480 1010 1533 enim
1041 1493 1264 1532 causam
1299 1476 1552 1530 Christus
1585 1490 1652 1526 ex
1692 1488 1818 1542 pas-

237 1580 402 1633 sione
439 1577 505 1628 ad
543 1573 769 1642 gloriam
804 1571 1068 1640 pervenit,
1112 1578 1171 1622 ut
1219 1585 1281 1621 ex
1314 1583 1379 1621 eo
1406 1568 1647 1636 quidem,
1675 1565 1821 1632 quod

236 1680 445 1735 passus
481 1671 582 1727 est,
618 1678 717 1716 nos
745 1675 964 1728 quoque
997 1659 1208 1722 doceat,
1247 1657 1463 1710 dolores
1497 1667 1656 1723 atque
1685 1653 1821 1706 afﬂi-

235 1759 462 1810 ctiones
507 1753 722 1822 pictatis
755 1765 923 1804 causa
957 1749 1272 1804 subeundas
1323 1762 1442 1800 esse
1477 1764 1491 1798 :
1527 1761 1587 1799 ex
1625 1759 1690 1798 eo
1720 1758 1818 1796 au-

238 1856 381 1908 tem,
407 1815 552 1912 quod
593 1843 818 1907 gloriam
847 1839 1078 1907 adeptus
1107 1846 1210 1901 est,
1249 1837 1300 1889 id
1340 1835 1495 1890 nobis
1523 1834 1732 1893 allerat,
1763 1841 1821 1887 ut
1853 1815 1894 1872 Β

238 1935 296 1988 in
315 1935 511 1988 eadem
537 1946 660 1985 cum
681 1944 747 1984 eo
767 1929 936 1996 gloria
962 1927 1156 1980 simus.
1185 1925 1242 1978 Si
1272 1927 1414 1978 enim
1446 1925 1817 1992 compatimur,

239 2025 426 2094 inquit
458 2023 681 2086 Paulus,
712 2031 761 2074 et
794 2018 1395 2088 congiori/icabimur“.

315 2115 440 2168 Col.
475 2113 578 2165 654
607 2117 671 2167 Δ.
703 2109 981 2164 Enimvero
1012 2107 1244 2164 alienum
1274 2122 1377 2161 non
1433 2105 1594 2174 fuerit
1629 2121 1732 2158 rem
1761 2119 1822 2158 ac

237 2206 546 2262 doctrinam
584 2202 869 2270 inquirere,
918 2208 1026 2254 etc.
1054 2197 1173 2254 Hoc
1203 2199 1319 2252 loco
1347 2211 1604 2266 magnum
1657 2196 1820 2265 quid-

240 2297 394 2364 piam
440 2293 826 2361 inquisiturtun
862 2306 922 2346 se
953 2290 1263 2360 proﬁtetur,
1293 2288 1457 2357 idque
1497 2303 1610 2340 rem
1644 2296 1817 2347 vocat.

244 2393 444 2452 utpote
485 2393 713 2451 gestam,
763 2382 1066 2438 doctrinam
1123 2388 1328 2442 autem,
1360 2389 1420 2432 ut
1471 2379 1820 2447 opinabilem,

239 2473 356 2526 hoc
397 2480 501 2535 est,
535 2471 848 2539 Opinionem
899 2469 1190 2538 quamdam
1220 2479 1276 2522 et
1310 2471 1640 2532 sententiam
1672 2468 1738 2520 de
1766 2482 1824 2520 se

235 2562 412 2626 nobis
468 2561 805 2616 alierentcm.
877 2561 1194 2616 Exhaustus
1239 2561 1422 2626 enim,
1476 2561 1671 2630 inquit,
1729 2573 1824 2628 pro

243 2651 418 2706 nobis
460 2650 548 2702 ille
594 2650 819 2715 sanguis
852 2648 1055 2702 Christi
1086 2647 1201 2717 (qui
1235 2656 1289 2700 et
1325 2648 1574 2701 Pontifex
1603 2649 1822 2704 dicitur.

247 2749 310 2793 ut
343 2753 446 2790 nos
476 2738 584 2788 Deo
621 2738 820 2789 sistens
851 2748 1016 2803 atque
1039 2736 1362 2798 concilians,
1387 2748 1440 2788 et
1466 2717 1821 2802 saerilieium,

245 2827 383 2898 quia
432 2826 647 2878 oblatus
701 2825 804 2893 est)
838 2826 924 2879 cui
959 2826 1176 2878 tandem
1227 2826 1386 2894 datus
1435 2836 1539 2888 est,
1574 2834 1627 2877 et
1659 2841 1821 2894 quam

247 2921 322 2973 ob
369 2917 633 2972 causam?
676 2915 862 2984 Neque
906 2916 1051 2970 enim
1085 2915 1216 2968 illud
1269 2915 1495 2970 dttbium
1549 2923 1658 2982 cst,
1691 2918 1824 2985 quin

250 3027 358 3066 nos
419 3008 614 3077 captivi
659 3024 689 3062 a
737 3007 952 3062 diabolo
1011 3015 1340 3070 teneremur,
1374 3007 1666 3060 venundati
1724 3009 1826 3061 sub

1919 567 2030 620 lum
2065 563 2466 628 condemnavit,
2506 570 2564 618 ut
2593 563 2686 632 qui
2717 560 2855 617 Filio
2894 577 2997 616 suo
3024 561 3224 630 injuste
3255 574 3483 616 mortem

1918 666 2284 727 procurasset.
2309 655 2453 710 Mors
2483 654 2626 710 enim
2653 654 2856 722 peccati
2891 668 3050 722 pinna
3081 661 3202 716 est;
3229 654 3485 708 Christus

1921 758 2102 802 autem
2151 761 2430 816 nunquam
2480 746 2746 815 peccavit.
2811 746 2887 798 Ac
2947 745 3167 812 proinde
3223 745 3294 798 ita
3355 760 3488 798 coti-

1919 842 2176 894 demnato
2203 848 2436 909 tyranno
2459 839 2616 892 Pater
2650 853 2750 890 nos
2783 837 3053 901 liberavit,
3079 845 3238 905 atque
3259 837 3330 890 ad
3361 853 3483 891 cum

1921 947 2015 1001 per
2063 931 2259 985 Filium
2293 931 2539 985 subvecti
2575 943 2792 984 sumus.
2820 925 2954 982 Nam
2987 931 3033 984 is
3067 929 3284 984 medius
3324 929 3490 982 inter-

1920 1022 2130 1092 positus
2164 1022 2303 1074 viam
2335 1020 2496 1074 nobis
2535 1021 2903 1088 complanavit
2932 1028 2996 1084 et,
3017 1021 3490 1081 commonstravit,

1921 1123 2082 1182 atque
2127 1113 2179 1166 in
2215 1112 2392 1166 Patris
2454 1112 2717 1165 honorem
2765 1111 2868 1166 hoc
2912 1111 3270 1178 dispensavit.
3302 1109 3486 1163 Homo

1921 1204 2064 1255 enim
2116 1203 2293 1257 factus
2324 1211 2428 1264 cst,
2464 1214 2518 1257 et
2548 1217 2744 1272 passus
2778 1211 2884 1266 est,
2915 1209 2967 1256 et
2996 1204 3314 1271 sanguinem
3341 1202 3488 1256 Patri

1919 1292 2139 1355 obtulit,
2191 1301 2250 1346 ut
2302 1293 2462 1346 Pater
2507 1293 2720 1346 hostem
2756 1292 3162 1355 condemnaret,
3202 1292 3492 1360 nostrique

1928 1384 2144 1449 generis
2176 1384 2437 1437 liberator
2466 1383 2641 1452 magis
2679 1392 2988 1450 appareret,
3019 1385 3120 1437 etsi
3151 1381 3324 1436 Filius
3354 1397 3492 1450 prae-

1921 1475 2132 1528 clarum
2171 1473 2276 1528 hoc
2301 1473 2516 1528 facinus
2545 1474 2798 1541 patravit.
2834 1473 3042 1526 Passim
3071 1474 3215 1526 enim
3239 1475 3292 1526 in
3317 1473 3494 1527 Evan-

1923 1566 2061 1635 gelio
2091 1567 2310 1619 Patrem
2343 1565 2645 1628 honorans,
2676 1563 2893 1634 egregia
2938 1579 3038 1620 sua
3065 1564 3206 1618 facta
3237 1565 3286 1618 ei
3318 1564 3492 1618 ascri-

1923 1657 2020 1710 bit.
2065 1656 2199 1710 Illnd
2248 1663 2431 1712 autem
2465 1656 2768 1709 nomadum
2794 1654 2965 1723 quod,
2993 1669 3120 1708 cum
3157 1653 3272 1707 haec
3303 1653 3490 1715 dictio,

1925 1747 2138 1818 λύτρον,
2159 1748 2295 1802 duas
2327 1747 2688 1816 proprietates
2725 1745 3184 1809 habeat,alteram
3217 1744 3346 1809 quia
3372 1757 3490 1807 eos,

1923 1839 2012 1908 qui
2047 1838 2243 1905 captivi
2289 1849 2568 1900 tenentur,
2595 1838 2648 1890 in
2677 1837 2985 1891 libertatem
3015 1837 3236 1899 asserit,
3263 1836 3490 1890 alteram

1922 1931 2047 1998 quia
2082 1933 2154 1989 ei.
2195 1945 2224 1982 a
2259 1944 2368 1998 quo
2402 1937 2678 1995 tenentur,
2710 1928 2946 1996 pretium
2982 1927 3222 1998 persolvi
3269 1942 3494 1981 necesse

1921 2032 2024 2084 est,
2064 2023 2168 2075 hoc
2203 2022 2318 2073 loco
2341 2021 2516 2089 pretio
2550 2021 2700 2082 huic,
2730 2020 2875 2087 quod
2908 2019 3170 2073 Dominus
3193 2018 3496 2074 redimendi

1923 2113 2094 2168 nostri
2140 2127 2304 2167 causa
2367 2111 2665 2180 persoliit,
2717 2112 2883 2164 altera
2959 2111 3264 2179 preprietas
3323 2110 3498 2164 adfuit

1923 2203 2192 2273 (captivos
2221 2204 2366 2256 enim
2423 2203 2719 2270 liberavit),
2751 2203 2918 2256 altera
2971 2201 3162 2255 deluit.
3195 2197 3305 2254 Nec
3348 2201 3493 2254 enim

1923 2295 2172 2350 diabolus
2211 2294 2522 2362 hujusmodi
2568 2293 2798 2360 pretium
2828 2292 3061 2360 accepit,
3089 2291 3232 2346 absit
3261 2308 3276 2344 :
3306 2305 3495 2345 verum

1928 2383 2106 2448 Pater,
2155 2395 2379 2452 propter
2431 2382 2552 2436 Filii
2583 2382 3046 2436 concertationem
3077 2390 3279 2440 nostra:
3303 2379 3498 2434 salutis
3579 2365 3598 2411 θ

1925 2490 2090 2530 causa
2141 2475 2448 2530 voluntarie
2497 2485 2832 2542 susceptam.
2883 2472 3016 2526 Illud
3045 2472 3266 2539 quidem
3297 2484 3498 2538 pravus

1924 2567 2150 2634 spiritus
2206 2565 2260 2617 in
2318 2579 2413 2632 spe
2460 2565 2667 2627 habuit,
2705 2564 2798 2617 sed
2829 2578 2926 2628 pro
2958 2577 3022 2615 ea
3053 2576 3149 2630 spe
3190 2560 3357 2616 totius
3397 2561 3500 2612 im-

1923 2656 2064 2724 perii
2101 2654 2439 2728 eversionem
2470 2657 2699 2723 accepit.

1995 2744 2126 2798 Ibid.
2160 2745 2422 2801 PsELLus.
2465 2747 2602 2801 Rem
2653 2755 2704 2798 et
2771 2745 3072 2807 doctrinam
3118 2742 3237 2812 (Gr.
3263 2742 3497 2812 πρᾶγμα

1928 2837 2023 2890 καὶ
2047 2837 2264 2907 δόγμα).
2297 2837 2392 2890 Res
2428 2849 2531 2895 est,
2567 2853 2684 2906 qua:
2719 2853 2781 2889 cn
2805 2855 2835 2886 n
2871 2837 3099 2905 geritur,
3133 2834 3337 2898 nullam
3371 2851 3501 2889 con-

1928 2929 2297 2987 tradictionem
2332 2929 2716 2997 spectatoribus
2763 2927 2980 2992 praebet.
3035 2927 3177 2978 Nam
3221 2925 3358 2994 quod
3392 2926 3501 2979 dei-

1925 3021 2118 3089 phinus
2144 3036 2236 3087 per
2271 3034 2436 3087 aquas
2467 3017 2696 3081 labatur,
2727 3033 2805 3070 res
2835 3028 2912 3071 est
2943 3017 2997 3070 in
3028 3017 3296 3084 opinionis
3329 3018 3501 3077 vorie-
3589 3030 3597 3036 '

250 3108 501 3172 peccato,
533 3099 990 3168 quemadmodum
1028 3099 1098 3152 ad
1148 3095 1430 3151 Romanos
1455 3097 1646 3151 scribit
1680 3100 1824 3166 Apo-

1932 3121 2095 3165 tatem
2128 3111 2343 3163 minime
2373 3109 2586 3162 cadens.
2609 3108 2786 3177 Neque
2815 3109 2957 3162 enim
2988 3109 3110 3162 aliis
3136 3118 3324 3164 natare
3355 3109 3502 3166 vide-

249 3193 524 3253 stolus‘“.
556 3194 624 3247 ab
677 3189 819 3245 Isaia
862 3198 1140 3248 mutuatus
1158 3189 1227 3244 ⁸⁸.
1265 3188 1438 3244 Simul
1489 3187 1634 3243 enim
1665 3203 1827 3258 atque

253 3286 353 3339 Dei
405 3285 577 3352 legem
634 3284 804 3336 libera
835 3283 1114 3335 voluntate
1165 3280 1508 3346 violavimus,
1534 3289 1695 3350 atque
1721 3282 1825 3334 itu-

253 3387 443 3446 petum
493 3374 694 3430 diaboli
743 3373 1090 3438 admisimus,
1152 3372 1404 3443 protinus
1458 3372 1669 3440 aditum
1724 3374 1824 3442 ipsi

253 3467 592 3537 aperuimus,
621 3474 900 3536 peccaturo
923 3465 1174 3520 videlicet
1205 3480 1272 3520 ex
1303 3466 1460 3520 nobis
1485 3465 1826 3534 adjicicntes,

251 3575 321 3615 ac
346 3558 534 3613 vitium
559 3571 682 3611 cum
715 3557 992 3626 voluptate
1015 3555 1659 3626 permutantes;jucunda
1683 3557 1828 3611 enim

254 3651 435 3720 ipsius
490 3649 815 3718 perpetratio
864 3663 986 3704 esse
1041 3648 1276 3702 videtur.
1325 3648 1480 3715 Quod
1533 3650 1577 3702 si
1622 3648 1690 3712 is,
1735 3648 1831 3717 qui

256 3742 514 3812 captivos
571 3741 805 3805 detinet,
853 3738 1243 3808 redemptionis
1300 3753 1524 3808 quoque
1593 3739 1831 3807 pretium

257 3837 508 3902 accipere
534 3836 712 3900 debet,
741 3849 928 3904 quaero
949 3835 1166 3890 cuinam
1201 3835 1427 3904 sanguis
1451 3835 1654 3890 Christi
1681 3835 1834 3888 obla-

259 3938 352 3984 tus
385 3927 458 3981 sit
507 3925 756 3980 diabolo?
805 3925 966 3993 Atqui
1017 3927 1119 3980 hoc
1176 3935 1432 3980 extremae
1490 3925 1834 3980 contumelia}

258 4020 448 4083 fuerit,
478 4018 524 4072 si
549 4017 800 4072 diabolus
829 4015 934 4071 tale
964 4017 1196 4086 pretium
1231 4017 1502 4087 talemque
1528 4019 1830 4072 mercedem

257 4106 558 4176 acceperit,
589 4121 787 4175 nempe
845 4105 1020 4160 Deum
1052 4105 1257 4175 ipsum,
1289 4106 1359 4161 ob
1412 4121 1571 4176 quem
1609 4106 1834 4162 omnino

259 4214 363 4268 par
409 4208 550 4262 erat,
597 4208 654 4252 ut
685 4198 824 4253 latro
857 4197 947 4253 ille
995 4197 1154 4253 nobis
1198 4212 1421 4268 quoque
1454 4207 1721 4268 parceret.
1750 4201 1832 4254 An

257 4289 414 4344 Patri
464 4289 622 4345 datus
652 4289 772 4344 est?
799 4289 964 4359 Atqui
1017 4303 1364 4361 nequaquam
1399 4289 1470 4345 ab
1511 4305 1577 4345 eo
1608 4291 1834 4344 teneba-

260 4397 410 4436 mur.
442 4381 656 4451 Alioqui
691 4382 856 4434 etiam
887 4395 1009 4450 quae
1031 4389 1114 4435 est
1149 4381 1264 4436 haec
1297 4381 1437 4435 ratio
1467 4391 1632 4450 atque
1662 4381 1834 4449 expli-

1931 3209 2039 3264 tur,
2072 3201 2195 3254 aliis
2222 3217 2389 3255 secus.
2417 3203 2479 3255 At
2506 3201 2646 3270 quod
2675 3201 2753 3253 ita
2779 3201 3005 3269 geritur,
3027 3209 3082 3252 ut
3105 3201 3316 3258 interim
3337 3201 3502 3258 variis

1930 3294 2280 3362 spectantium
2297 3303 2389 3347 aut
2421 3293 2822 3362 intelligentiam
2853 3291 3183 3359 opinionibus
3209 3291 3501 3360 dividatur,

1931 3389 2027 3441 hoc
2043 3395 2399 3456 praeterquam
2429 3383 2570 3455 quod
2593 3383 2818 3454 geritur,
2843 3383 3005 3436 etiam
3033 3382 3353 3439 decernitur.
3395 3383 3505 3438 Do-

1933 3495 2052 3548 gma
2079 3477 2215 3532 enim
2245 3486 2321 3532 est
2355 3478 2430 3530 rei
2459 3475 2635 3530 dubia:
2674 3483 2724 3528 et
2749 3485 3096 3529 controversae
3134 3486 3249 3544 post
3276 3489 3504 3528 accuro.

1935 3580 2045 3624 tam
2073 3569 2466 3638 inquisitionem
2495 3567 2845 3635 pronuntiata
2895 3566 3180 3621 sententia.
3235 3565 3505 3632 Quomodo

1934 3661 2146 3714 modum
2186 3659 2468 3716 Platonem
2513 3659 2746 3714 animam
2777 3659 3132 3714 immortalem
3169 3671 3406 3714 astruere
3439 3674 3504 3714 ac

1933 3751 2206 3808 decernere
2221 3751 2449 3804 dicimus
2480 3765 2500 3802 :
2529 3751 2948 3820 quandoquidem
2965 3750 3219 3805 Simmias
3252 3759 3302 3804 et
3339 3749 3503 3806 Lebes

1933 3843 2093 3898 aliter
2128 3843 2192 3896 de
2223 3857 2286 3896 ea
2316 3839 2629 3908 sentiebant,
2666 3841 2919 3895 nimirum
2945 3841 3281 3895 harmoniam
3317 3858 3505 3911 quam-

1935 3935 2059 3989 dam
2075 3949 2187 3988 esse
2213 3943 2529 3998 asserentes,
2557 3948 2666 3986 una
2687 3948 2801 3986 cum
2827 3932 3133 4000 corporibus
3153 3931 3468 3986 dilabentem
3485 3947 3505 3986 :

1936 4026 2034 4079 alii
2065 4025 2224 4078 etiam
2247 4025 2312 4078 de
2342 4039 2404 4077 ea
2440 4023 2601 4076 aliter
2627 4023 2832 4091 opinati
2858 4033 3003 4076 sunt.

2009 4113 2146 4168 Ibid.
2182 4112 2243 4169 Β.
2283 4114 2357 4166 Ac
2400 4113 2462 4167 de
2491 4111 2700 4168 Christo
2737 4112 2844 4167 lucc
2877 4113 3197 4181 nobis,dictu
3241 4114 3370 4177 sint,
3398 4121 3503 4168 etc.

1937 4205 2084 4270 Hac,
2121 4205 2320 4274 inquit,
2375 4204 2442 4258 de
2475 4202 2715 4269 Christo,
2747 4214 2802 4258 et
2840 4207 3007 4258 rebus
3051 4204 3121 4257 ab
3153 4218 3218 4257 eo
3249 4205 3508 4271 praeclare

1935 4298 2106 4366 gestis
2133 4297 2339 4351 dixisse
2362 4294 2596 4350 suiliciat
2627 4312 2642 4349 :
2677 4309 2842 4365 atque
2870 4296 2936 4348 iis
2963 4295 3129 4354 etiam
3163 4294 3315 4362 plura
3341 4295 3508 4349 silen-

1939 4390 1996 4442 tii
2027 4388 2234 4442 honore
2261 4401 2684 4457 prosequemur,
2715 4396 3079 4454 praetereunte
3115 4384 3366 4440 videlicet
3385 4400 3510 4440 ora-

260 4475 430 4537 οιιιίο»
479 4483 536 4526 ut
570 4474 814 4528 dicamus
858 4471 1076 4526 Patrem
1122 4471 1246 4527 Filii
1280 4473 1366 4528 sui
1397 4474 1659 4543 sanguine
1687 4471 1832 4526 delc-
1859 4479 1912 4539 D
1941 4481 2117 4544 tione,
2159 4486 2273 4532 tum
2319 4493 2388 4534 ne
2421 4477 2586 4530 nimia
2623 4477 2936 4546 prolixitate
2973 4475 3319 4531 audientibus
3356 4475 3510 4532 fasti-

262 4562 424 4622 ctari,
461 4565 553 4633 qui
584 4579 648 4617 ne
674 4565 876 4618 caedem
916 4564 1137 4632 quidem
1173 4564 1328 4618 Isaac
1379 4565 1581 4632 patrari
1631 4563 1834 4633 permi-

262 4653 422 4712 serit,
449 4655 542 4708 sed
571 4670 667 4722 pro
700 4668 765 4707 eo
797 4654 1021 4707 arietem
1066 4655 1410 4707 mactandum
1452 4655 1837 4708 sobstituerit?

261 4745 397 4808 Qua:
445 4743 607 4812 igitur
658 4743 976 4813 quwstionis
1035 4743 1197 4813 hujus
1241 4745 1485 4798 solutio?
1535 4744 1833 4797 Dicendum

262 4837 485 4890 Patrem
511 4837 731 4906 quidem
759 4835 1056 4904 accepisse,
1090 4850 1198 4889 non
1227 4844 1405 4890 tamen
1429 4838 1574 4906 quod
1599 4836 1833 4906 petierit,

263 4936 359 4981 aut
408 4941 546 4996 Opus
602 4927 874 4992 habuerit,
921 4929 1021 4982 sed
1078 4936 1296 4997 propter
1348 4928 1830 4998 dispensationem.

261 5017 638 5071 Constitutum
695 5015 842 5070 enim
877 5013 1075 5080 fuerat,
1107 5025 1165 5070 ut
1221 5031 1319 5085 pro
1373 5019 1531 5074 nobis
1582 5020 1834 5075 Christus

263 5117 596 5170 moreretur.
647 5115 706 5162 ut
765 5122 860 5177 per
913 5109 1094 5163 carnis
1153 5119 1446 5179 assumpta:
1511 5113 1829 5182 sanguinem

267 5197 396 5264 (hoc
449 5199 596 5254 enim
663 5198 1057 5252 humanitatem
1096 5200 1278 5268 vocat)
1335 5201 1550 5268 generis
1612 5200 1836 5255 humani

269 5292 468 5337 natura
512 5285 857 5340 sanctitatem
903 5295 1346 5355 consequeretur,
1399 5299 1558 5356 atque
1590 5300 1648 5342 ut
1677 5287 1836 5344 I-‘ater

267 5388 370 5428 nos
408 5375 718 5441 redimeret,
745 5383 974 5445 tyranno
993 5390 1087 5445 per
1115 5377 1219 5430 vim
1239 5377 1616 5446 superato.Vis
1635 5389 1838 5448 autem,

269 5470 490 5536 proprie
544 5467 763 5538 quidem
797 5469 1052 5538 potentia:
1084 5471 1495 5527 exuberantiam
1527 5472 1835 5543 significat:

373 5645 420 5678 ⁸ο
462 5644 594 5698 Luc.
639 5661 776 5718 tum,
813 5649 910 5718 I9;
951 5647 967 5702 I
1025 5647 1150 5705 Cor.
1186 5662 1262 5714 in,
1293 5647 1382 5702 24.
1425 5648 1470 5682 ⁸¹
1502 5651 1660 5704 Itoni.
1718 5663 1826 5716 vtnl

1939 5646 1990 5702 7.
2047 5643 2093 5680 ⁸³
2132 5645 2292 5700 Rom.
2317 5659 2416 5713 vn,
2447 5645 2536 5702 I4.
2607 5647 2653 5680 ⁸³
2688 5647 2794 5703 Isa.
2834 5660 2926 5712 LII,
2970 5645 2995 5700 I
3031 5659 3182 5717 seqq.

272 5731 387 5780 χιι,
438 5718 491 5784 8,
547 5719 600 5771 9.

1941 4570 2092 4624 dium
2152 4567 2453 4638 pariamus,
2492 4577 2606 4622 tum
2641 4566 2770 4636 quia
2801 4567 3063 4635 temporis
3107 4567 3358 4635 angustia
3388 4582 3511 4636 pre-

1943 4662 2170 4726 mimur,
2209 4667 2324 4714 tum
2356 4661 2519 4714 etiam
2547 4667 2766 4728 pr0pter
2801 4656 3072 4711 dillicilem
3123 4672 3186 4720 ac
3215 4658 3513 4724 perobscuo

1941 4763 2057 4802 ram
2100 4757 2376 4802 tantorum
2427 4745 2812 4816 mysteriorum
2867 4743 3302 4812 explicationem.
3346 4743 3510 4798 Ainci

1947 4848 2130 4892 autem
2157 4836 2429 4906 serpentis
2452 4835 2684 4890 historia
2713 4835 2914 4902 scripta
2949 4844 3031 4888 est
3061 4835 3113 4888 in
3145 4836 3282 4890 libro
3309 4833 3511 4889 Nume-

1940 4945 2149 4984 rorum.
2181 4927 2316 4984 Nam
2347 4944 2468 4984 cum
2528 4927 2684 4983 multi
2737 4943 2802 4982 ex
2839 4928 2962 4982 llliis
2998 4926 3209 4984 Israelis
3248 4929 3319 4983 ob
3368 4945 3515 4982 mur-

1941 5021 2298 5076 murationem
2375 5035 2404 5073 a
2481 5020 2826 5091 serpentibus
2901 5017 2992 5071 icti
3055 5018 3328 5089 perirent,
3390 5028 3514 5074 tan-

1943 5109 2067 5163 dem
2118 5107 2262 5163 Deus
2294 5107 2462 5166 Mosis
2493 5110 2744 5179 precibus
2771 5109 3070 5180 mitigatus,
3097 5110 3163 5162 ad
3186 5124 3310 5163 eum
3337 5109 3471 5163 dixit
3497 5127 3511 5162 :

1947 5200 2061 5254 Fac
2134 5201 2226 5254 tibi
2276 5201 2379 5271 ipsi
2434 5210 2746 5270 serpentem,
2783 5210 2831 5255 et
2879 5217 3013 5270 pone
3079 5218 3197 5256 eum
3240 5201 3296 5254 in
3340 5201 3511 5270 signa,

1949 5293 2054 5348 hoc
2115 5301 2200 5348 est
2261 5292 2314 5346 in
2386 5291 2556 5361 ligno.
2620 5291 2688 5345 Et
2749 5293 2985 5362 quisquis
3047 5308 3323 5362 percussus
3394 5306 3510 5344 eum

1952 5385 2240 5453 aspexerit,
2290 5385 2421 5438 vivet
2451 5383 2519 5438 ⁸⁸.
2567 5384 2695 5438 Illud
2743 5400 2904 5455 porro
2957 5382 3068 5437 Fac
3115 5383 3210 5436 tibi
3249 5382 3372 5446 ipsi,
3409 5381 3512 5433 hoc

1951 5475 2210 5540 ostendit,
2255 5475 2400 5545 quod
2452 5476 2709 5544 quoniam
2751 5476 2912 5530 exiis
2965 5491 3084 5543 qum
3133 5473 3352 5537 lie-bunt,
3405 5472 3513 5526 alia

3260 5645 3306 5678 ⁸³
3343 5642 3508 5704 Num.
