4024 6292
579 329 714 396 tan

1991 325 2372 388 ADDENDA.

3691 330 3825 396 i392

575 448 670 504 Dei
705 445 936 500 'ratione
991 443 1210 508 ﬁebant,
1264 441 1368 496 alia
1423 443 1637 497 ratione
1683 442 1992 508 hominum,
2051 443 2155 497 hoc
2186 452 2230 506 Α
2262 458 2388 497 cum
2447 443 2856 509 contrarietate,
2917 453 2977 499 ut
3028 445 3279 514 superius
3343 445 3682 502 declaratum
3724 461 3828 504 est.

573 539 700 596 loco
754 554 769 592 :
827 536 944 591 Tibi
977 536 1103 606 ipsi,
1144 536 1352 590 ratione
1385 534 1573 599 Mosis,
1611 542 1668 589 et
1703 536 1873 590 totius
1903 535 2151 590 multitu-

564 631 722 687 dinis
755 629 947 684 eodem
982 642 1178 697 genere
1221 627 1466 686 oriunda:
1495 626 1703 681 dictum
1732 636 1836 683 est.
1873 628 2008 696 Age,
2037 628 2146 696 jam

573 721 732 792 quasi
788 735 854 775 ex
915 719 1085 788 ﬁgura
1133 719 1199 772 ad
1261 733 1361 772 nos
1426 719 1732 774 veniamus.
1790 719 2149 782 Deum'Zenim

575 829 675 868 nos
706 826 924 883 quoque
959 810 1307 872 oﬁenditnus,
1333 817 1495 879 atque
1528 810 1664 864 adeo
1690 811 1746 864 in
1779 809 2147 880 spiritualium

573 913 886 973 serpentum
949 914 1193 954 morsum
1262 898 1599 963 incidimus,
1661 899 1754 969 qui
1822 915 1920 969 per
1987 915 2151 954 ontne

564 995 777 1066 peccati
846 1008 1018 1063 genus
1088 1005 1187 1046 nos
1258 990 1518 1046 ferientes
1587 1002 1764 1046 morte
1820 990 2149 1046 adiciebant.

575 1091 826 1153 Quonam
872 1093 1054 1140 autem
1099 1084 1263 1138 modo
1315 1083 1544 1137 salutem
1590 1084 1872 1139 consecuti
1925 1084 2154 1138 sumus?

568 1178 903 1246 ,Aspeximus
941 1175 1104 1229 etiam
1157 1173 1261 1243 ipsi
1290 1181 1600 1241 serpentem
1639 1174 1691 1226 iu
1724 1173 1894 1243 ligno,
1938 1173 2040 1226 hoc
2067 1181 2151 1227 est

567 1268 898 1332 Christum,
967 1267 1256 1335 ipsumque
1324 1265 1599 1319 intuentes
1665 1276 1830 1334 atque
1901 1264 1957 1318 in
2027 1281 2149 1318 eum

571 1360 904 1423 credentes,
960 1357 1196 1412 salutem
1278 1356 1673 1410 nanciscimur.
1774 1354 1975 1410 Verum
2046 1372 2153 1426 qua

567 1450 784 1503 ratione
812 1448 977 1511 Deus,
1010 1445 1102 1516 qui
1144 1455 1341 1499 natura
1377 1446 1556 1500 bonus
1584 1453 1688 1511 est,
1739 1460 1968 1515 serpens
2011 1446 2152 1500 dici-

576 1543 701 1597 tur?
747 1542 1021 1608 Quoniam
1060 1540 1215 1609 juxta
1268 1553 1391 1603 nos,
1433 1538 1606 1591 libera
1637 1537 1918 1590 voluntate
1951 1537 2150 1602 malos,

569 1652 671 1705 per
717 1633 1130 1690 similitudinem
1188 1629 1369 1683 carnis
1411 1639 1695 1698 peccatum
1747 1627 1925 1684 factus
1968 1637 2069 1692 est,
2100 1635 2154 1682 et

573 1741 698 1780 cum
737 1724 940 1792 iniquis
971 1729 1253 1794 reputatus
1299 1729 1382 1774 est
1413 1720 1480 1773 ⁸⁸.
1529 1720 1765 1789 Serpens
1800 1722 1963 1791 igitur
1993 1720 2152 1775 Chri-

2258 531 2528 598 Quoniam
2598 532 2764 602 igitur
2831 549 3036 604 pravus
3087 536 3311 604 spiritus
3361 539 3672 592 exstinctus
3727 549 3829 603 est,
3873 581 3883 604 ε

2258 636 2358 691 age
2437 623 2487 677 ei
2549 637 2850 692 congruum
2905 625 3242 694 epitaphium
3307 639 3710 693 contexamus,
3768 645 3872 684 ac~

2255 731 2378 770 cum
2425 713 2564 768 Osca
2597 715 2876 779 dicamus,
2918 714 3018 769 Ubi
3066 727 3168 780 est,
3196 733 3356 783 mors,
3387 719 3636 772 stimulus
3672 723 3838 775 tuus?

2258 808 2347 860 ubi
2395 816 2494 871 est,
2549 807 2777 874 inferne,
2824 808 3046 861 victoria
3101 820 3192 861 tua
3231 809 3314 860 ³τῖ
3372 808 3633 865 Diabolus
3689 811 3836 866 enim

2258 898 2455 952 mortis
2490 899 2740 952 minister
2783 909 2866 951 est
2919 916 2932 952 :
2985 914 3133 953 mors
3168 909 3350 953 autem
3391 897 3517 955 Orci
3558 901 3837 956 ministra.

2257 987 2514 1043 Diabolus
2551 988 2820 1058 siquidem
2877 1005 2973 1058 per
3032 999 3312 1058 peccatqu
3349 993 3628 1046 sauciatos
3675 996 3842 1046 morti

2256 1081 2503 1134 tradebat
2555 1098 2569 1132 :
2641 1095 2792 1134 mors
2857 1089 3042 1133 autem
3104 1081 3432 1135 interfectos
3498 1082 3569 1136 ad
3631 1080 3842 1136 Orcum

2256 1172 2673 1226 transmittebat.
2709 1175 2776 1225 At
2806 1188 2954 1226 nunc
2976 1173 3284 1242 Theologus
3312 1173 3511 1227 inferni
3546 1183 3603 1229 et
3637 1176 3843 1228 mortis

2256 1265 2479 1318 nomine
2527 1265 2806 1319 diabolum
2865 1275 3066 1330 vocat,
3129 1273 3190 1318 ut
3236 1266 3524 1335 utriusque
3588 1282 3845 1322 causam.

2255 1355 2494 1410 Aculeus
2545 1364 2727 1410 autem
2779 1355 2943 1422 illius,
2977 1365 3257 1426 peccatum
3309 1367 3412 1422 est,
3444 1373 3508 1412 ac
3542 1359 3848 1429 voluptatis

2255 1455 2487 1501 oestrum
2537 1465 2550 1500 :
2606 1445 2859 1511 victoria,
2913 1447 3102 1512 fraus;
3145 1449 3346 1516 quibus
3385 1450 3550 1503 rebus
3593 1465 3704 1503 nos
3742 1451 3845 1503 sub

2255 1533 2543 1603 imperium
2621 1551 2780 1589 suum
2847 1552 2911 1591 ac
2965 1547 3289 1606 potestatem
3354 1541 3602 1610 redigere
3671 1541 3851 1596 Beliai

2254 1627 2638 1682 contendebat.
2704 1628 2900 1682 Verutn
2955 1639 3244 1698 utrumque
3295 1646 3391 1700 per
3423 1631 3718 1686 Christum
3762 1634 3852 1687 de-

2256 1716 2422 1770 letum
2479 1727 2581 1773 est.
2632 1717 2925 1772 Peccatum
2978 1719 3122 1772 enim
3179 1736 3288 1772 non
3328 1719 3474 1786 fecit,
3533 1737 3702 1778 neca
3739 1732 3854 1777 ten-

571 1829 690 1873 stus
719 1827 824 1883 est,
855 1815 999 1871 velut
1026 1815 1081 1869 in
1113 1814 1530 1870 similitudinem
1557 1814 1788 1883 peccati,
1821 1815 1952 1884 quia
1984 1814 2150 1869 homo
2184 1818 2225 1874 Β
2255 1818 2430 1863 tatore
2487 1811 2708 1864 delusus
2766 1825 2832 1864 ac
2876 1811 3287 1867 circumventus
3316 1822 3418 1867 est.
3475 1812 3622 1879 Quin
3657 1816 3854 1884 potius

575 1911 753 1965 factus
810 1918 915 1964 est.
973 1912 1150 1979 Atque
1193 1907 1266 1962 ob
1314 1922 1434 1961 eam
1488 1920 1710 1962 causam
1763 1906 1832 1960 ad
1872 1922 2022 1972 eum,
2054 1906 2151 1976 qui

574 2017 775 2071 purum
806 2000 1084 2054 hominem
1127 2013 1252 2053 eum
1295 2013 1419 2054 esse
1457 1998 1851 2065 arbitrabatur,
1884 2001 2102 2055 dicebat
2136 2015 2150 2053 :

574 2095 714 2162 Quid
768 2110 848 2148 me
899 2093 1035 2147 dicis
1092 2093 1283 2146 bonum
1326 2091 1407 2143 tm?
1449 2092 1740 2148 Enimvero
1789 2109 2013 2163 serpens
2065 2093 2156 2148 ille

575 2203 760 2242 :cneus
806 2201 933 2241 vere
966 2200 1191 2254 serpens
1230 2200 1338 2238 non
1370 2193 1508 2248 erat,
1541 2184 1634 2238 sed
1665 2183 1894 2253 ﬁguram
1931 2184 2152 2254 quidem

573 2278 842 2348 serpentis
895 2277 1164 2340 habebat,
1206 2291 1472 2330 venenum
1499 2285 1680 2329 autem
1739 2292 1845 2330 non
1901 2277 2152 2331 habebat.

576 2371 774 2428 Eodem
810 2371 973 2428 modo
999 2370 1274 2435 Christus,
1310 2379 1584 2437 quatenus
1633 2370 1841 2440 peccati
1883 2384 2154 2423 venenum

574 2481 684 2518 nott
718 2465 973 2529 habebat,
1006 2479 1115 2517 non
1150 2470 1267 2516 erat
1301 2477 1440 2516 unus
1475 2476 1505 2516 e
1533 2461 1714 2526 nobis,
1743 2461 1839 2529 qui
1881 2461 2155 2530 serpentis

577 2556 804 2610 formam
839 2554 1132 2610 subiimus.
1176 2556 1347 2608 Omne
1380 2554 1578 2607 etenim
1609 2562 1894 2622 peceatum
1927 2568 2154 2622 serpens

573 2663 702 2703 vere
739 2657 844 2710 est,
898 2656 952 2699 et
1009 2646 1102 2713 qui
1141 2645 1318 2712 ipsum
1370 2643 1629 2710 admittit,
1665 2657 1890 2712 serpens
1938 2659 2157 2715 quoque

578 2744 695 2809 ipse
755 2736 1008 2793 ellicitur.
1067 2737 1210 2801 Quin
1267 2735 1368 2790 hac
1413 2750 1631 2804 quoque
1677 2750 1845 2790 causa
1901 2752 2153 2806 serpens,

577 2843 741 2900 quem
790 2828 847 2882 in
901 2843 1121 2882 crucctn
1157 2825 1333 2882 Moses
1383 2827 1628 2894 sustulit,
1685 2826 1915 2898 ﬁguram
1948 2827 2155 2884 Christi

577 2921 741 2992 gerit,
777 2920 1040 2990 quoniam
1085 2920 1546 2990 quemadmodum
1587 2935 1881 2990 corporeus
1911 2935 2155 2989 serpens,

578 3024 689 3065 non
724 3009 902 3064 solum
945 3021 1216 3064 venenum
1268 3008 1450 3074 habet,
1497 3025 1592 3079 per
1629 3011 1799 3079 quod,
1837 3011 1931 3081 qui
1975 3012 2044 3064 ab
2090 3025 2157 3066 eo

580 3102 673 3156 icti
705 3100 929 3166 fuerint,
973 3104 1421 3171 exstinguuntur,
1477 3102 1571 3156 sed
1617 3097 1958 3156 etiam’vita:
1992 3102 2158 3172 phar—

2258 1911 2498 1956 tentator
2522 1902 2640 1971 ipse
2673 1918 2836 1957 cruce
2856 1902 3059 1958 Christi
3093 1906 3519 1960 convulneratus
3541 1917 3648 1969 est,
3681 1917 3856 1977 atque

2255 1994 2598 2062 interfectus,
2658 2006 2926 2065 quantum
2985 1997 3052 2052 ad
3105 1997 3452 2068 tyrannidem
3499 2001 3730 2064 attinet,
3791 2014 3855 2053 ac

2255 2102 2354 2156 per
2414 2102 2626 2141 actieum
2692 2097 2750 2141 et
2812 2087 3117 2142 inanimum
3165 2098 3472 2158 serpentem
3534 2091 3852 2159 ignominia

2256 2187 2498 2234 notatur.
2530 2179 2624 2234 Ille
2652 2179 2796 2234 enim
2834 2180 2890 2234 in
2918 2180 3062 2249 ligno
3087 2183 3338 2236 conﬁxus
3373 2197 3436 2236 ac
3466 2183 3853 2250 triumphatos

2257 2280 2583 2325 tentatorem
2638 2271 3030 2341 praesignabat,
3087 2273 3182 2342 qui
3234 2288 3333 2342 per
3394 2273 3749 2328 salutiferum
3800 2283 3854 2328 et

2255 2363 2422 2417 vitale
2473 2362 2657 2418 crucis
2706 2363 2913 2432 lignum
2975 2363 3335 2432 interemptus
3389 2373 3494 2429 est,
3543 2375 3718 2434 atque
3770 2365 3842 2419 ita

2262 2456 2535 2525 serpentis
2584 2453 2821 2508 formam
2879 2455 3104 2518 retinet,
3140 2465 3201 2510 ut
3231 2465 3415 2509 tamen
3448 2456 3590 2509 nihil
3623 2471 3846 2520 eorum,

2256 2563 2378 2616 qua:
2403 2548 2670 2616 serpentis
2703 2557 3030 2616 sunt,agere
3061 2549 3261 2611 valeat,
3292 2549 3486 2601 saltem
3517 2548 3572 2601 in
3597 2547 3846 2603 Christo.

2257 2638 2316 2690 In
2349 2651 2415 2692 eo
2452 2637 2597 2690 enim
2629 2638 2812 2692 omnis
2856 2637 3116 2693 draconis
3141 2638 3222 2691 vis
3265 2647 3320 2692 et
3363 2636 3599 2691 facultas
3632 2635 3689 2690 in
3724 2637 3848 2690 irri-

2259 2736 2372 2782 tum
2409 2729 2596 2783 cessit.

2328 2819 2447 2876 Col.
2477 2821 2582 2874 654
2632 2821 2694 2875 C.
2741 2820 2864 2876 Iam
2912 2836 3033 2876 vero
3071 2818 3352 2873 Paschalis
3403 2820 3692 2889 participes
3743 2820 3846 2873 eri-

2259 2928 2420 2976 mus,
2471 2923 2578 2968 etc.
2635 2913 2859 2983 Triplex
2916 2913 3125 2968 Pascha
3191 2913 3245 2965 in
3300 2913 3538 2965 medium
3588 2911 3847 2980 producit

2259 3005 2592 3076 ’l‘heologus,
2642 3003 2955 3069 Judaieum,
3015 3014 3263 3058 nostrum
3333 3017 3386 3056 et
3428 3003 3703 3057 futurum.
3774 3004 3850 3055 Ae

2258 3092 2542 3149 Iudaicum
2569 3095 2787 3164 quidem
2811 3095 3040 3163 ﬁguram
3069 3093 3240 3147 nostri
3266 3108 3387 3148 esse
3414 3092 3564 3156 dicit,
3589 3103 3850 3146 nostrum

583 3208 824 3258 macum,
878 3209 989 3262 quo
1037 3203 1284 3264 accepto,
1337 3193 1431 3264 qui
1479 3195 1728 3264 percussi
1780 3194 2026 3258 fuerunt,
2087 3195 2156 3248 ad
2190 3185 2453 3248 cautem
2501 3185 2721 3239 futuri:
2765 3183 3055 3241 Judaicum
3101 3199 3266 3255 porro
3313 3194 3505 3238 nostro
3549 3182 3852 3238 obscurius

587 3285 754 3339 vitam
820 3295 1150 3339 revocantur
1207 3303 1221 3340 :
1287 3287 1368 3340 sie
1421 3299 1489 3340 ex
1545 3285 1874 3355 interempto
1953 3286 2162 3340 Adamo

583 3373 788 3426 homini
863 3374 1322 3429 medicamentum
1381 3373 1660 3428 inventum
1709 3384 1813 3440 est,
1877 3379 2022 3442 quod
2079 3382 2164 3429 est

585 3464 798 3519 Domini
857 3481 1100 3535 corpus,
1156 3466 1312 3534 cujus
1350 3465 1400 3518 vi
1453 3479 1616 3519 omne
1669 3466 1876 3534 peccati
1930 3466 2082 3520 virus
2131 3481 2164 3520 a

583 3557 938 3614 credentibus
1009 3557 1280 3612 aboletur.
1351 3557 1420 3610 At
1475 3555 1783 3624 Theologus
1853 3569 2159 3627 serpentem

587 3665 799 3705 aeneum
851 3650 1052 3704 Christi
1114 3659 1298 3718 typum
1351 3649 1769 3718 haudquaquam
1803 3665 1926 3705 esse
1975 3660 2163 3704 censet

587 3742 789 3812 (neque
818 3741 966 3794 enim
1009 3740 1090 3794 fas
1143 3755 1206 3794 ae
1241 3739 1390 3808 piutn
1445 3750 1530 3794 est
1559 3755 1877 3808 perversum
1908 3742 2161 3812 spiritum

583 3834 787 3888 Christi
847 3843 1035 3904 typum
1089 3834 1328 3900 vocare),
1363 3846 1550 3886 verum
1583 3834 1905 3902 antitypum,
1954 3835 2056 3890 hoc
2082 3845 2164 3892 est

587 3927 921 3980 contrariam
975 3924 1226 3996 ﬁguram.
1276 3924 1486 3977 Etenim
1537 3941 1765 3995 serpens
1806 3943 1834 3978 a
1888 3927 2160 3996 principio

589 4018 798 4072 homini
845 4016 1074 4070 exitium
1127 4015 1346 4080 attulit;
1411 4014 1668 4072 Christus
1733 4030 1914 4072 autem
1972 4029 2162 4087 postea

587 4109 840 4164 salutem.
878 4107 972 4162 ille
1019 4108 1075 4162 in
1127 4123 1372 4165 errorem
1410 4111 1642 4174 induxit,
1679 4112 1769 4165 hic
1817 4111 1958 4165 viam
2014 4127 2163 4166 eom-

589 4199 934 4256 monstravit.
1000 4199 1116 4255 lllic
1165 4215 1392 4271 serpens
1453 4217 1615 4256 verus
1677 4219 1785 4256 non
1839 4213 2007 4268 erat,
2069 4205 2159 4260 hic

588 4296 752 4347 homo
790 4307 975 4348 verus.
1033 4291 1234 4347 Adlme
1285 4291 1378 4347 ille
1431 4293 1620 4348 eadem
1663 4290 1840 4347 forma
1903 4295 2163 4363 praeditos

583 4394 864 4454 serpentes
890 4383 1168 4439 interemit
1212 4399 1226 4436 :
1274 4392 1327 4437 at
1362 4381 1621 4438 Christus
1653 4398 1850 4454 genere
1878 4386 1985 4441 sibi
2023 4400 2161 4440 con-

581 4475 787 4541 junctis
837 4477 1154 4530 hominibus
1220 4479 1387 4530 vitam
1441 4475 1620 4530 aﬂert.
1675 4475 1942 4531 Praaterea
2000 4477 2163 4532 Chri-

586 4577 706 4622 stus
746 4569 927 4624 salvos
975 4583 1073 4624 eos
1128 4568 1279 4633 facit,
1313 4569 1406 4638 qui
1436 4569 1671 4623 credunt
1716 4570 1894 4639 ipsum
1950 4569 2154 4634 vivere,

587 4673 651 4711 ac
699 4659 870 4712 vitam
904 4675 1027 4714 esse
1060 4661 1290 4715 credunt
1339 4677 1354 4714 :
1399 4669 1456 4714 at
1487 4659 1742 4716 diabolus
1773 4662 1966 4716 salutis
1993 4675 2159 4716 causa

589 4747 655 4803 iis
692 4757 800 4811 est,
855 4749 948 4816 qui
995 4750 1176 4818 ipsum
1232 4750 1541 4813 intuentur,
1593 4750 1638 4804 si
1691 4751 1854 4804 modo
1912 4753 2158 4806 credide-

589 4837 722 4898 rint,
756 4850 866 4890 non
917 4841 1062 4906 quod
1111 4839 1229 4907 ipse
1262 4839 1426 4906 vivat,
1477 4839 1572 4895 sed
1623 4841 1770 4908 quod
1810 4855 1907 4910 per
1941 4856 2158 4897 crucem

587 4943 882 4998 oppressus
915 4938 1079 4998 atque
1111 4931 1418 4986 exstinctus
1455 4932 1548 4998 sit,
1578 4933 1846 4987 duntaxat
1891 4943 2159 5004 quantum

586 5022 652 5076 ad
683 5021 1022 5093 tyrannidem
1071 5038 1084 5075 :
1143 5032 1309 5090 atque
1352 5023 1518 5077 etiam
1567 5024 1804 5080 subditis
1838 5025 1941 5080 sibi
1982 5025 2162 5081 rebel—

586 5113 729 5168 libus
763 5111 1125 5182 potestatibus
1157 5112 1437 5166 interitum
1466 5113 1780 5167 accersivit.
1821 5111 1959 5168 Nam
1991 5113 2158 5168 Chri-

585 5218 729 5271 stus,
793 5206 1124 5261 obtruncato
1179 5206 1339 5271 duce,
1401 5206 1548 5261 illius
1592 5221 1814 5277 quoque
1853 5209 2152 5263 exercitum

587 5301 915 5372 proﬂigavit.
969 5299 1104 5354 Illud
1153 5300 1319 5367 igitur
1357 5301 1680 5366 notandum,
1716 5301 1862 5368 quod
1918 5315 2147 5369 serpens

587 5399 846 5449 lncteuus
893 5393 1092 5448 Christi
1148 5393 1372 5462 ﬁguram
1431 5391 1672 5462 gerebat,
1712 5392 1856 5462 quod
1910 5393 1964 5447 in
2006 5392 2158 5462 ligno

585 5486 862 5552 penderet,
916 5485 1039 5541 aliis
1087 5495 1270 5540 autem
1303 5485 1562 5540 omnibus
1618 5486 1917 5540 rationibus
1969 5486 2156 5553 ﬁgurae

588 5582 924 5644 contrarius,
973 5583 1076 5637 hoc
1120 5591 1226 5646 eet,
1284 5579 1455 5650 ﬁgura
1516 5593 1621 5632 non
1672 5579 2016 5649 simpliciter,
2055 5583 2153 5635 sed

658 5737 703 5770 ⁸⁸
745 5737 848 5792 lsa.
892 5748 1009 5805 tm,
1061 5735 1115 5792 5.
1191 5735 1237 5768 "
1278 5735 1464 5792 Matth.
1510 5752 1622 5804 XIX,
1661 5735 1722 5790 l7

2193 4525 2238 4580 Ι)

1840 5738 1884 5772 ’τ
1924 5739 2062 5796 Osce
2117 5755 2235 5810 xm,
2288 5740 2390 5809 M;
2435 5738 2611 5797 lCor.
2647 5757 2737 5809 xv,
2770 5742 2858 5797 56.

2264 3293 2411 3343 esse,
2443 3289 2692 3332 nostrum
2727 3291 2878 3341 vero,
2931 3277 2976 3331 si
3022 3277 3243 3346 quidem
3291 3291 3416 3330 cum
3443 3273 3672 3330 Iudaico
3715 3291 3852 3328 con-

2265 3370 2490 3435 feratur,
2523 3368 2826 3439 perfectum
2857 3383 3000 3433 esse,
3031 3367 3076 3422 si
3111 3377 3293 3421 autem
3321 3381 3447 3421 cum
3471 3363 3658 3419 futuro
3689 3380 3850 3418 com-

2263 3472 2506 3532 paretur,
2552 3459 2953 3530 imperfectum.
3017 3459 3341 3529 Cuiusmodi
3399 3467 3583 3512 autem
3630 3457 3705 3511 sit
3762 3456 3849 3508 fu-

2267 3567 2450 3608 turum
2501 3553 2734 3618 Pascha,
2799 3553 3157 3622 sequentibus
3211 3552 3393 3606 verbis
3453 3551 3637 3605 docet.
3685 3547 3845 3614 Quod

2265 3660 2397 3700 vero
2426 3644 2544 3709 ait,
2595 3660 2707 3699 non
2751 3644 2897 3699 enim
2935 3645 3118 3698 dicere
3159 3644 3408 3710 verebor,
3451 3643 3553 3696 hoc
3591 3641 3719 3695 ideo
3746 3641 3844 3694 ad-

2264 3737 2423 3803 didit,
2461 3739 2591 3808 quia
2625 3753 2824 3792 novum
2848 3745 3012 3807 atque
3051 3737 3350 3792 absurdum
3387 3735 3555 3789 videri
3604 3743 3841 3805 poterat,

2263 3829 2474 3887 Pascha
2499 3841 2751 3886 nostrum
2778 3831 3008 3901 ﬁguram
3043 3829 3248 3884 dicere.
3294 3829 3629 3883 l’erl'ectiore
3660 3840 3839 3881 autem

2264 3927 2427 3980 modo
2465 3928 2521 3979 in
2578 3927 2745 3981 altera
2797 3928 2908 3981 vita
2961 3925 3185 3980 Pascha:
3233 3926 3530 3994 participes
3589 3927 3836 3986 erimus;

2264 4020 2392 4089 quia
2437 4033 2585 4073 nunc
2644 4020 2700 4073 in
2749 4033 2846 4088 spe
2890 4019 3309 4073 resurrectionis
3369 4028 3576 4072 nostra:
3643 4016 3837 4072 festum

2265 4111 2610 4165 celebramus
2671 4129 2683 4164 :
2746 4121 2876 4165 tunc
2935 4121 3118 4164 autem
3185 4125 3307 4164 eam
3370 4111 3546 4179 ipsam
3606 4110 3838 4165 celebra-

2265 4203 2487 4264 bimus,
2547 4219 2670 4257 cum
2727 4203 2988 4257 nimirum
3044 4205 3218 4273 ipsius
3279 4218 3503 4272 quoque
3569 4202 3835 4272 pollicita-

2266 4295 2340 4347 tio
2379 4294 2588 4362 expleta
2642 4293 2842 4358 fuerit,
2884 4309 3046 4364 quam
3099 4295 3228 4348 fecit
3293 4295 3377 4349 his
3425 4294 3616 4350 verbis
3658 4311 3673 4348 :
3720 4292 3833 4346 Non

2266 4382 2464 4436 biban
2529 4386 2719 4438 amodo
2792 4401 2856 4440 ea:
2910 4388 3007 4439 hoc
3069 4387 3332 4456 genimine
3403 4387 3524 4439 vitis
3581 4402 3746 4454 usque
3787 4388 3836 4437 in

2267 4476 2404 4528 diem
2459 4475 2652 4542 illum,
2705 4493 2824 4530 cum
2888 4479 3020 4531 itlud
3075 4479 3250 4532 bibant
3319 4496 3511 4532 norum
3573 4479 3837 4532 vobiscum

2267 4571 2320 4621 in
2353 4584 2512 4638 regno
2543 4568 2722 4623 Patris
2756 4572 2855 4623 mei
2886 4571 2952 4624 ⁸⁸.
2994 4569 3112 4635 Quo
3144 4571 3264 4624 loco
3304 4570 3553 4624 nonnulli
3593 4571 3838 4624 doctores

2270 4677 2364 4730 per
2434 4678 2661 4732 regnum
2735 4663 2940 4716 Christi
3014 4665 3477 4717 resurrectionem
3558 4665 3837 4718 intellexe-

2272 4763 2438 4816 runt,
2507 4769 2603 4822 per
2651 4769 2846 4807 novam
2899 4765 3078 4808 autem
3140 4759 3417 4823 potionem
3465 4767 3650 4808 escam
3697 4755 3837 4807 illam

2271 4860 2434 4914 quam
2483 4847 2711 4915 accepit,
2736 4860 2860 4899 cum
2893 4862 2922 4900 a
2959 4848 3189 4901 mortuis
3228 4847 3647 4901 resurrexisset.
3696 4846 3837 4899 Nova

2271 4938 2416 4989 enim
2441 4952 2502 4990 ea
2534 4946 2673 5003 erat,
2719 4939 2845 5006 quia
2880 4954 3010 5005 non,
3061 4938 3206 5008 quod
3250 4939 3373 4994 cibo
3416 4951 3552 5008 opus
3594 4939 3836 5000 haberet,

2269 5030 2611 5097 comedebat,
2655 5034 2747 5087 sed
2788 5040 2848 5085 ut
2887 5033 3136 5101 corporis
3172 5041 3423 5086 naturam
3467 5032 3836 5093 conﬁrmaret,

2266 5124 2804 5192 resurrectionisque
2839 5138 2952 5178 suae
2997 5125 3155 5177 ﬁdem
3182 5124 3467 5194 discipulis
3501 5122 3726 5178 faceret.
3773 5126 3837 5176 At

2271 5209 2583 5284 Theologus
2606 5231 2857 5286 regnum,
2885 5216 3080 5271 futura:
3105 5217 3253 5272 illius
3277 5216 3402 5272 vitae
3431 5227 3634 5271 statum
3672 5221 3838 5270 inter-

2269 5316 2554 5375 pretatur,
2606 5324 2800 5362 novatn
2849 5319 3030 5363 autem
3077 5310 3356 5378 potionem
3385 5347 3400 5371 ,
3447 5308 3835 5362 absolutiorem

2265 5398 2554 5453 erudiendi
2609 5401 2896 5455 rationem.
2924 5402 3102 5470 Atque
3149 5401 3252 5457 hoc
3287 5410 3370 5456 est
3403 5398 3639 5466 Pascha,
3680 5400 3837 5452 nimi-

2266 5503 2389 5542 rum
2448 5505 2513 5544 eo
2567 5500 2812 5559 tempore
2859 5507 3083 5557 arcana,
3135 5503 3243 5546 tam
3307 5491 3633 5557 divinitatis,
3674 5506 3832 5560 quam

2265 5581 2622 5638 humanitatis
2659 5585 2832 5652 ipsius
2869 5586 3124 5655 mysteria
3162 5583 3343 5655 dignis
3388 5582 3705 5640 hominibus
3738 5585 3835 5634 im—

2953 5740 3002 5774 "
3045 5741 3210 5798 Matth
3224 5781 3236 5798 .
3265 5758 3410 5811 sxw,
3435 5743 3528 5799 29.
