4024 6292
287 333 427 398 1393

1202 339 1524 402 NICETAS
1567 341 1650 401 ΙΝ
1687 341 1911 402 ORAT.
1950 342 2117 402 XLII
2157 344 2218 403 S.
2259 343 2491 406 GREG.

3397 351 3538 411 1394

285 446 499 516 pertiri.
549 444 658 512 lEa:
710 455 862 516 parte
913 449 1057 504 enim
1123 467 1259 506 nunc
1329 470 1736 524 coynosctmus,
1797 456 2145 513 utAverum
2203 473 2326 511 cum
2383 458 2592 528 angelis
2650 457 2987 514 incruentam
3043 458 3364 525 victimam,
3432 462 3538 517 hoc

282 539 583 604 Apostolus
618 539 790 609 inquit
819 541 886 603 θ’,
916 553 962 594 et
1016 559 1080 596 ea:
1116 553 1268 612 parte
1315 547 1635 615 percipimus
1674 561 1692 600 :
1738 555 1861 600 tunc

285 641 464 682 autem
495 630 632 697 facie
661 633 729 684 ad
755 633 966 701 facient,
1012 635 1115 688 hoc
1146 646 1230 692 est
1273 636 1421 692 clare
1453 648 1511 692 et
1548 636 1859 692 manifeste.

287 719 401 775 llac
449 736 671 791 quoque
737 723 956 778 ratione
1003 724 1210 780 Pascha
1248 729 1354 782 hoc
1391 737 1641 782 nostrum
1693 727 1861 782 futuri

285 811 509 868 Pascha:
557 814 726 883 tigura
784 814 890 870 dici
948 824 1148 885 potest,
1178 819 1308 888 quia
1345 820 1588 890 quandiu
1641 821 1697 874 in
1755 822 1862 875 hoc

286 905 493 958 mundo
541 921 847 973 versamur,
901 909 1146 964 crassius
1192 910 1373 966 adhuc
1405 911 1611 967 Christi
1638 913 1864 980 partici-

284 1013 382 1066 pes
438 1013 650 1065 sumus,
710 1015 908 1069 nempe
957 1016 1052 1070 per
1086 1011 1331 1058 sanctam
1374 1003 1548 1074 ipsius
1578 1021 1800 1060 carnem
1839 1021 1855 1059 :

285 1089 396 1143 illic
421 1097 603 1144 autem
665 1091 889 1146 uberius
949 1108 1014 1147 ac
1065 1093 1384 1164 perfectius.
1440 1097 1659 1169 Alioqui
1695 1099 1860 1154 etiam

286 1182 560 1250 passionis
611 1196 676 1237 ac
729 1185 926 1240 mortis
977 1185 1234 1243 Christus
1282 1189 1859 1244 commemorationem

286 1273 671 1341 complectitur
700 1277 885 1332 carnis
917 1277 1093 1348 ipsius
1123 1294 1189 1335 ac
1233 1281 1522 1352 sanguinis
1557 1284 1856 1352 perceptio.

285 1364 706 1436 Quotiescunque
761 1370 937 1434 enim,
999 1371 1221 1441 inquit,
1283 1374 1620 1429 manducatis
1672 1391 1861 1444 panem

283 1457 421 1510 hunc
448 1467 500 1511 et
539 1459 757 1514 calicem
801 1462 1008 1527 bibitis,
1059 1475 1288 1520 mortem
1347 1481 1522 1522 meam
1573 1471 1864 1524 annuntia-

283 1548 412 1603 hitis
441 1549 510 1603 ὀ.
535 1549 799 1615 Quocirca
831 1553 884 1606 in
916 1553 1019 1608 hoc
1049 1556 1267 1624 quidem
1294 1559 1512 1622 steculo,
1531 1575 1627 1629 per
1642 1575 1858 1627 eorum,

285 1653 408 1708 quae
432 1639 693 1704 diximus,
747 1647 1171 1713 perceptionem,
1233 1647 1407 1716 ipsius
1470 1661 1700 1706 mortem
1763 1667 1860 1706 an-

282 1729 602 1784 nuntiamus
657 1749 670 1784 :
717 1747 842 1786 cum
873 1744 1053 1789 autem
1101 1747 1289 1803 postea
1340 1738 1392 1792 in
1450 1738 1629 1796 Patris
1683 1742 1855 1810 gloria

281 1820 582 1883 advenerit,
619 1821 1039 1894 haudquaquam
1088 1839 1395 1896 opportune
1444 1829 1852 1887 confessionem

281 1911 360 1966 illi
393 1923 613 1982 propter
673 1915 982 1984 passionem
1043 1918 1359 1986 on‘eremus,
1412 1922 1505 1976 sed
1533 1937 1669 1992 pure
1703 1940 1851 1991 eum,

281 2013 342 2058 ut
379 2004 569 2071 Deum,
614 2020 974 2076 agnoscemus
1030 2009 1170 2066 facie
1224 2013 1289 2066 ad
1349 2012 1565 2080 faciem,
1606 2031 1669 2072 ac
1725 2025 1856 2074 tunc

281 2097 552 2164 potionem
590 2114 784 2152 novam
813 2099 1066 2156 Christus
1096 2104 1383 2158 nobiscum
1413 2106 1559 2162 bibet
1606 2124 1620 2162 :
1656 2124 1852 2164 novam

281 2188 528 2256 quidem,
565 2198 752 2260 utpote
781 2202 1080 2258 recentem,
1137 2211 1201 2251 ae
1239 2205 1354 2252 tum
1411 2199 1648 2268 primum
1695 2203 1856 2258 nobis

283 2275 738 2338 innotescentem.
802 2283 1101 2341 Nobiscqu
1169 2303 1348 2344 autem
1402 2291 1658 2349 Christus
1709 2295 1856 2349 bibi-

283 2377 444 2428 turus
498 2384 601 2440 est,
648 2376 776 2445 quia
811 2394 916 2433 nou
963 2381 1137 2436 solum
1191 2383 1238 2437 is
1271 2383 1363 2452 qui
1395 2386 1642 2452 docetur,
1679 2389 1773 2444 sed
1805 2389 1856 2443 is

281 2463 444 2518 etiam
489 2465 583 2534 qui
641 2467 870 2523 docendi
929 2486 1156 2527 munere
1205 2472 1472 2542 fungitur,
1526 2476 1852 2548 disciplinis,

279 2569 418 2623 quas
451 2558 636 2622 tradit,
676 2562 935 2616 nutritur.
979 2563 1137 2618 Potio
1176 2573 1356 2619 autem
1391 2565 1480 2621 illa
1511 2577 1594 2622 est
1631 2583 1696 2624 ac
1743 2585 1852 2624 non

280 2662 430 2712 esca,
459 2652 716 2718 quoniam
771 2664 832 2708 ut
861 2655 1040 2711 virtus
1083 2657 1196 2723 illa,
1231 2674 1352 2727 quae
1390 2660 1442 2713 in
1481 2661 1697 2715 actione
1735 2678 1856 2718 ver-

281 2750 452 2806 satur,
498 2758 624 2799 esca
674 2746 892 2813 dicitur,
953 2763 1063 2818 quo
1117 2751 1308 2804 durior
1350 2752 1444 2816 sit,
1491 2752 1854 2824 eoufectuque

278 2833 558 2889 difficilior
590 2854 604 2889 :
655 2836 730 2890 ita
765 2839 876 2902 illa,
911 2856 1036 2908 quae
1069 2839 1122 2894 in
1180 2843 1644 2911 contemplatione
1673 2846 1854 2902 consi-

281 2925 396 2988 stit,
452 2926 599 2994 potio
656 2930 829 2998 magis
868 2931 1129 3000 appellari
1183 2933 1344 2988 solet.
1384 2932 1520 2989 Cum
1555 2935 1718 3004 igitur
1767 2938 1856 2993 hic

278 3020 453 3072 virtus
489 3021 664 3074 activa
708 3022 869 3076 finem
927 3025 1220 3094 acceperit,
1274 3035 1388 3080 tum
1431 3042 1557 3082 vero
1604 3031 1855 3098 specula-

1962 557 2047 603 est
2108 549 2282 602 laudis
2331 557 2381 602 et
2449 549 2826 609 canticorum,
2903 560 2958 605 et
3009 550 3341 608 rationabile
3375 554 3534 608 obse-

1963 642 2152 708 quium
2228 641 2480 694 sacrificii
2557 643 2676 696 loco
2736 642 3054 697 offeramus.
3130 642 3198 697 Et
3273 645 3537 714 quemad-

1964 733 2186 787 modum
2246 735 2299 788 iu
2343 735 2509 788 veleri
2564 737 2920 790 tabernaculo
2977 737 3216 806 primum
3264 749 3385 792 erat
3459 738 3539 792 in-

1963 841 2221 897 gressuro
2309 827 2514 893 velum,
2549 843 2657 898 quo
2719 829 3159 894 distinguebatur
3218 831 3372 886 locus
3426 831 3536 892 ille,

1962 918 2055 986 qui
2089 916 2290 973 Sancta
2348 918 2633 973 dicebatur
2665 959 2680 983 ,
2735 928 2855 986 post
2910 918 3014 973 hoc
3071 934 3266 973 rursus
3305 920 3535 972 alterum

1962 1011 2142 1065 velum
2178 1022 2296 1066 erat
2353 1011 2604 1073 interius,
2653 1026 2763 1078 quo
2812 1011 2965 1064 locus
3017 1010 3107 1063 ille
3157 1010 3536 1074 dirimebatur,

1963 1120 2122 1175 quem
2189 1105 2387 1158 Sancta
2450 1113 2764 1157 sanctorum
2821 1103 3171 1172 appellabant
3225 1120 3239 1158 :
3307 1103 3390 1158 sic
3438 1117 3539 1156 nos

1962 1212 2182 1269 quoque
2227 1214 2315 1253 res
2369 1211 2564 1251 omnes
2615 1211 2910 1266 corporeas
2960 1205 3015 1250 et
3066 1196 3118 1248 in
3169 1210 3390 1250 sensum
3449 1209 3538 1249 ca-

1962 1291 2172 1352 dentes,
2213 1291 2363 1345 velut
2401 1289 2636 1356 primum
2671 1288 2948 1357 quoddam
2981 1302 3044 1341 ac
3089 1286 3332 1342 vicinum
3377 1287 3538 1341 uobis

1963 1382 2165 1444 velum,
2195 1389 2540 1449 penetremus
2583 1395 2648 1434 ae
2676 1379 3006 1440 dividamus.
3044 1389 3212 1448 atque
3240 1379 3307 1434 ad
3339 1394 3538 1434 secun-

1963 1468 2119 1533 dum,
2149 1468 2254 1522 hoc
2285 1477 2369 1522 est
2418 1467 2486 1522 ad
2532 1469 2753 1532 coelum,
2789 1468 2930 1536 quod
2961 1484 3047 1522 res
3076 1469 3362 1523 sensibiles
3396 1469 3534 1522 diri-

1962 1560 2062 1614 mit
2113 1561 2181 1615 ab
2249 1559 2758 1621 intellectualihus,
2821 1559 3170 1614 accedamus.
3237 1558 3534 1628 Propinqui

1963 1660 2146 1705 autem
2207 1651 2346 1705 ccelo
2396 1650 2550 1719 facti,
2609 1665 2705 1718 per
2761 1651 2952 1706 activae
2994 1651 3215 1707 virtutis
3253 1667 3459 1722 pennas
3505 1667 3536 1706 a

1963 1744 2129 1797 rebus
2177 1742 2412 1797 terrenis
2464 1756 2683 1797 sursum
2737 1742 2931 1806 evecti,
2983 1742 3036 1796 in
3083 1742 3262 1811 ipsum
3316 1757 3538 1812 quoque

1960 1835 2158 1888 caelum
2192 1833 2612 1903 prospiciamus,
2645 1842 2806 1903 atque
2837 1834 3240 1902 contemplandi
3273 1833 3536 1888 facultate

1959 1923 2199 1992 prmditis
2229 1923 2428 1990 oculis,
2465 1923 2742 1993 mysticas,
2779 1938 2882 1977 nec
2906 1923 2959 1976 in
2992 1921 3277 1976 oculorum
3314 1937 3534 1976 sensum

1958 2017 2217 2073 cadentes
2264 2015 2700 2086 pulchritudines
2749 2014 3206 2085 contemplemur,
3243 2015 3308 2068 ad
3361 2014 3532 2082 ipsam

1958 2107 2279 2162 Trinitatem
2332 2107 2544 2163 scilicet
2603 2106 2967 2176 spiritualitcr
3017 2106 3544 2176 appropinquantes,

1957 2207 2123 2268 atque
2169 2200 2296 2271 agni
2343 2199 2670 2256 sacrificium
2721 2200 3033 2264 offerentes,
3065 2199 3170 2252 hoc
3215 2207 3300 2253 est
3345 2213 3534 2251 saero-

1959 2305 2210 2349 sanctum
2259 2291 2390 2347 illud
2442 2291 2797 2355 sacrificium,
2845 2292 2990 2360 quod
3043 2289 3325 2346 celebrare
3377 2290 3536 2342 doce-

1958 2402 2104 2451 mur,
2167 2387 2249 2441 vel
2301 2388 2464 2442 etiam
2519 2385 2695 2456 majus
2742 2402 2756 2439 :
2816 2385 3076 2438 nimirum
3133 2393 3192 2436 ut
3242 2397 3339 2436 nos
3388 2382 3544 2450 ipsos.

1959 2477 2070 2533 Deo
2135 2487 2278 2534 totos
2335 2477 2632 2533 offeramus
2680 2485 2735 2532 et
2782 2490 3168 2532 consecremus
3207 2515 3224 2539 ,
3280 2473 3536 2528 oumihus

1959 2571 2153 2627 diebus
2193 2579 2358 2640 atque
2409 2569 2803 2640 agitationibus
2862 2568 3005 2638 (quae
3071 2566 3291 2636 quidem
3352 2564 3434 2618 vel
3481 2563 3534 2616 in

1959 2663 2313 2733 cogitatione,
2372 2663 2454 2716 vel
2487 2664 2541 2715 in
2587 2676 2862 2725 sermone,
2905 2659 2990 2713 vel
3030 2659 3085 2712 in
3139 2673 3306 2727 opere
3355 2656 3537 2711 cousi-

1959 2753 2241 2821 derantur)
2296 2761 2458 2820 atque
2525 2751 2708 2804 omnia
2766 2765 2866 2819 pro
2915 2750 3162 2810 Christo,
3232 2747 3317 2801 vel
3369 2746 3535 2801 etiam

1959 2859 2059 2914 pro
2087 2844 2302 2912 pietatis
2339 2843 2586 2897 doctrina
2637 2845 2955 2911 (utrumque
3005 2840 3150 2894 enim
3180 2840 3336 2907 λόγος
3367 2838 3538 2908 signi-

1960 2937 2106 3006 ficat)
2165 2937 2558 2997 sustineamus,
2611 2935 2678 2986 ad
2737 2932 3060 3003 martyrium
3123 2931 3371 2985 videlicet
3433 2945 3534 2984 nos

1960 3029 2327 3097 accingcutes,
2367 3027 2411 3080 si
2469 3026 2546 3079 ita
2593 3035 2810 3092 tempus
2854 3023 3060 3087 tulerit,
3101 3031 3156 3076 et
3194 3023 3373 3076 crucis
3401 3037 3534 3091 sup-

280 3111 386 3164 trix
443 3113 654 3167 coletur
701 3125 865 3184 atque
914 3119 1279 3184 exercebitur,
1338 3131 1500 3189 atque
1547 3135 1608 3175 ea
1647 3122 1925 3184 sauctisC
1959 3117 2185 3188 plicium
2243 3117 2564 3178 subeuntes.
2625 3117 2670 3170 Si
2718 3117 2791 3170 ila
2845 3129 3072 3169 necesse
3118 3115 3301 3167 Γυθτίι·
3340 3114 3535 3169 θυιεεε

279 3203 414 3257 viris
439 3205 643 3261 clarius
689 3209 1032 3277 detegantur,
1063 3225 1186 3280 qua:
1217 3225 1363 3266 nunc
1389 3211 1639 3268 Christus
1675 3215 1856 3269 minus

279 3297 438 3365 plene
474 3297 606 3365 ipsis
634 3303 868 3368 aperuit.

347 3387 466 3444 Col.
496 3389 601 3446 655
642 3393 707 3449 A.
736 3395 843 3463 Age
875 3411 1013 3459 vero,
1045 3412 1139 3451 uos
1167 3413 1366 3468 quoque
1411 3397 1534 3467 legis
1577 3400 1857 3469 participes

278 3479 602 3546 efﬁciamur,
636 3493 741 3539 etc.
774 3484 932 3554 Legis
963 3486 1260 3556 participes
1289 3505 1388 3543 nos
1423 3490 1538 3545 vult
1568 3505 1689 3546 esse
1720 3490 1856 3546 Gre-

279 3574 489 3641 gorius,
522 3588 647 3629 cum
686 3577 812 3642 alia,
850 3584 963 3633 tum
997 3578 1212 3634 Pascha
1258 3581 1420 3634 etiam
1449 3582 1767 3647 saneicntis,
1803 3589 1858 3636 et

277 3664 501 3733 quidem
565 3667 857 3736 participes
910 3683 1054 3732 esse,
1083 3682 1218 3731 non,
1247 3678 1308 3724 ut
1351 3667 1546 3735 Judaei,
1578 3674 1737 3726 nudae
1768 3674 1858 3726 lit-

278 3765 413 3810 tera:
457 3758 820 3823 adhaerentes,
863 3759 969 3814 hoc
1010 3769 1116 3823 est,
1167 3775 1368 3830 agnum
1405 3763 1652 3818 sensibili
1694 3764 1857 3818 modo

274 3853 629 3907 eomedeutes
676 3854 799 3924 (illi
845 3855 991 3909 enim
1050 3856 1368 3925 imperfecte
1424 3857 1854 3922 manducauant,

276 3944 509 4014 ﬁgurate
557 3961 620 4000 ac
662 3962 768 3999 non
814 3963 943 4001 vere
986 3945 1179 4002 festum
1203 3949 1578 4019 celebrantes)
1639 3965 1852 4014 verum,

277 4044 342 4089 ιιι
372 4035 676 4104 praescribit
702 4037 1079 4106 Evangelium,
1111 4038 1215 4094 hoc
1241 4047 1350 4104 est,
1387 4054 1590 4108 corpus
1634 4055 1698 4094 ac
1723 4055 1852 4095 san-

279 4126 498 4195 guinem
549 4126 763 4182 Domini
814 4129 1201 4197 percipieutes.
1252 4129 1610 4200 Evangelium
1669 4140 1852 4185 autem

279 4218 668 4288 perfectionem
719 4222 907 4275 tradit.
955 4223 1223 4288 Quocirca
1269 4237 1366 4292 pro
1413 4223 1596 4292 capite
1631 4238 1855 4300 aeme-

279 4314 476 4384 trOpoli
508 4316 704 4372 cmlum
734 4316 1154 4380 constituamus,
1185 4325 1246 4371 ut
1279 4315 1490 4372 Hebraei
1513 4315 1848 4372 Jerusalem.

277 4406 347 4462 ad
397 4422 560 4476 quam
614 4409 785 4462 solam
840 4407 1080 4478 undique
1139 4407 1478 4464 confluentes
1528 4407 1664 4464 festa
1701 4409 1848 4464 cele-

1963 3209 2108 3264 enim
2155 3219 2282 3262 sunt
2331 3208 2492 3274 clavi,
2537 3215 2760 3276 propter
2806 3207 3212 3260 Dontiuicorum
3252 3207 3538 3261 clavorunt

1962 3299 2362 3364 imitationem,
2409 3308 2463 3353 et
2521 3299 2940 3354 delectationem
2998 3299 3050 3352 in
3110 3314 3204 3368 spe
3273 3300 3531 3367 positam,

1961 3393 2090 3447 licet
2132 3400 2351 3460 propter
2396 3391 2645 3460 corporis
2693 3391 2935 3443 dolorem
2970 3405 3134 3444 sensu
3189 3390 3371 3444 acerbi
3400 3391 3536 3444 sint.

1958 3483 2134 3540 Porro
2176 3501 2270 3555 per
2320 3486 2608 3555 passiones
2660 3483 2868 3539 Christi
2922 3485 3234 3553 passionem
3269 3484 3357 3538 ille
3408 3484 3531 3536 imi-

1962 3585 2132 3640 tatur,
2171 3578 2262 3647 qui
2311 3586 2643 3646 spontaneos
2691 3575 2902 3630 labores
2933 3586 3097 3645 atque
3136 3575 3536 3630 iuvoluntarios

1959 3681 2124 3721 casus
2155 3666 2313 3720 firmo
2355 3675 2410 3720 et
2454 3667 2680 3721 robusto
2707 3667 2894 3720 animo
2943 3664 3167 3736 perfert.
3223 3664 3316 3718 ille
3347 3672 3538 3719 autem.

1959 3758 2228 3828 sanguine
2287 3757 2633 3813 Dominieum
2701 3759 3022 3829 sanguinem
3089 3759 3369 3825 honorat,
3423 3773 3541 3812 non

1957 3847 2124 3902 modo
2178 3848 2272 3916 qui
2322 3849 2640 3918 sanguinem
2682 3865 2841 3905 suum
2891 3865 2989 3920 per
3039 3844 3533 3920 martyrium'pro-

1958 3939 2161 4003 fundit,
2196 3940 2290 3995 sed
2336 3941 2500 3994 etiam
2527 3942 2622 4011 qui
2661 3957 2757 4010 pro
2804 3942 3006 3997 Christi
3042 3957 3229 3996 amore
3275 3956 3368 4009 per
3399 3954 3532 3995 con-
3564 3999 3572 4006 ,

1959 4034 2238 4090 tinentiam
2268 4033 2444 4103 ipsum
2487 4032 2783 4089 imminuit.
2817 4034 3064 4101 Quanam
3098 4044 3280 4088 autem
3315 4033 3530 4086 ratione

1957 4142 2068 4182 non
2098 4127 2274 4183 solum
2301 4141 2584 4196 corporeo,
2619 4127 2712 4182 sed
2735 4129 2896 4183 etiam
2915 4128 3182 4198 spirituali
3203 4125 3362 4180 tltOdO
3380 4126 3532 4194 quis-

1956 4219 2097 4289 piam
2113 4233 2329 4273 crucem
2349 4217 2665 4272 conscendlt
2681 4218 2699 4272 ἲ
2718 4219 2974 4273 nimirum
2995 4235 3114 4272 cum
3133 4233 3226 4286 per
3256 4233 3532 4272 aerumnas

1955 4319 2009 4365 et
2037 4309 2359 4365 amictioues
2382 4325 2546 4379 supra
2577 4326 2666 4365 res
2695 4319 2940 4366 terrenas
2969 4311 3228 4378 assurgit,
3257 4324 3320 4362 ac
3349 4317 3529 4362 tenta-

1957 4403 2135 4458 tiones
2199 4401 2352 4456 carni
2414 4403 2654 4456 dolorem
2717 4403 3000 4456 inurentes
3061 4401 3209 4454 velut
3261 4400 3528 4469 quosdam

278 4468 531 4553 brabant.
573 4498 728 4565 Quod
759 4509 938 4554 autem
981 4468 1195 4556 terrena
1228 4501 1530 4556 Jerusalem
1580 4501 1649 4556 ab
1686 4515 1848 4556 exer-
1878 4468 1931 4529 Β
1957 4494 2140 4549 clavos
2189 4492 2421 4548 libenter
2460 4493 2684 4562 excipit.
2718 4504 2777 4548 ut
2807 4492 2978 4547 beata:
3014 4493 3136 4545 vita:
3181 4468 3526 4545 dulcedinem

277 4591 481 4646 citibus
511 4593 769 4646 calcanda
800 4601 965 4657 esset,
1020 4592 1274 4648 Christus
1324 4594 1467 4663 apud
1516 4591 1723 4650 Lucam
1759 4593 1846 4648 his

280 4684 459 4737 verbis
519 4684 837 4753 pmdixerat
887 4700 904 4738 :
975 4686 1045 4738 Et
1099 4683 1400 4740 Jerusalem
1455 4683 1752 4738 calcabitur
1817 4701 1852 4738 a

277 4773 518 4842 gentibus
592 4774 720 4842 (hoc
778 4775 926 4829 enim
978 4775 1198 4829 nomine
1247 4775 1546 4830 exercitum
1589 4775 1740 4828 illum
1774 4775 1853 4830 si-

279 4864 522 4933 gnificat,
547 4864 640 4934 qui
672 4863 776 4920 sub
803 4861 1140 4934 Vespasiano
1170 4874 1226 4917 et
1252 4863 1378 4918 Tito
1406 4863 1846 4935 Hierosolymam

279 4953 493 5010 infestis
514 4955 684 5024 signis
711 4955 1046 5024 oppugnavit
1090 4965 1256 5024 atque
1311 4956 1663 5025 pervastavit)
1693 4956 1854 5009 donec

278 5046 603 5113 impleantur
671 5056 905 5115 tempora
977 5049 1256 5102 nationum
1313 5048 1379 5102 “.
1454 5045 1845 5103 Sacrificemus

278 5134 430 5201 Deo,
491 5153 598 5192 non
661 5153 724 5190 ea
791 5153 914 5208 quae
967 5153 1032 5192 ex
1082 5139 1216 5209 legis
1275 5139 1596 5208 prrcscripto
1655 5138 1841 5194 offerri

277 5228 548 5290 solebant.
607 5238 790 5296 utpote
835 5230 1056 5298 vitulos,
1105 5245 1381 5302 agnosque
1441 5238 1657 5286 teneros
1724 5246 1849 5286 cor-

278 5332 386 5371 nua
456 5318 814 5386 producentes
865 5330 921 5374 et
978 5322 1231 5391 ungulas,
1293 5337 1415 5392 quae
1458 5323 1592 5385 duo,
1641 5337 1848 5377 cornua

181 5398 198 5405 ”
279 5409 531 5464 videlicet
583 5421 638 5466 et
683 5414 918 5480 ungulae,
975 5429 1064 5468 res
1109 5424 1342 5469 mortua:
1397 5423 1526 5469 sunt
1574 5429 1638 5470 ac
1681 5428 1846 5470 sensu

277 5508 551 5566 carentes,
591 5516 655 5556 ac
689 5503 919 5571 proinde
955 5505 1369 5574 haudquaquam
1403 5522 1660 5576 congrua:
1685 5515 1847 5575 atque

279 5587 508 5657 idouca',
546 5609 667 5663 qua:
717 5593 827 5650 Deo
859 5596 982 5652 vivo
1012 5596 1067 5650 in
1115 5597 1446 5653 sacrificium
1496 5599 1796 5655 offerantur
1827 5617 1842 5654 :

349 5742 393 5781 "
434 5742 606 5800 lCor.
640 5760 758 5811 xm,
796 5745 878 5802 i2.

1953 4587 2262 4642 afferentes.

2020 4679 2157 4734 Ibid.
2193 4679 2255 4736 C.
2296 4678 2360 4735 Si
2403 4678 2585 4735 Simon
2628 4677 2911 4748 Cyremeus
2964 4679 3058 4740 sis,
3094 4686 3200 4730 etc.
3237 4675 3448 4742 Simon,
3478 4676 3526 4731 si

1949 4773 2074 4844 quis
2114 4773 2533 4845 interpretetur,
2568 4773 2920 4826 obedientiam
2955 4769 3267 4840 significat;
3294 4769 3525 4838 Cyrene,

1949 4875 2127 4921 autem
2175 4868 2342 4921 animi
2375 4865 2866 4936 promptitudiuem.
2919 4861 3187 4931 Quisquis
3247 4861 3411 4931 igitur
3455 4858 3525 4914 ad

1949 4955 2313 5013 obedieudum
2362 4956 2656 5028 Evangelio
2707 4963 2929 5024 paratus
2977 4964 3105 5020 est,
3159 4968 3225 5008 ac
3271 4960 3524 5023 prompto

1953 5050 2138 5103 animo
2176 5065 2271 5118 per
2299 5050 2669 5104 membrorum
2695 5089 2710 5114 ,
2749 5064 2870 5118 quas
2910 5062 3076 5116 super
3125 5056 3326 5100 terram
3375 5051 3524 5106 sunt.

1953 5140 2425 5195 mortificationem
2460 5179 2474 5204 ,
2530 5140 2888 5208 phil050phia3
2944 5139 2997 5193 in
3055 5139 3274 5192 actione
3335 5134 3526 5204 posita:
3607 5200 3612 5207 .

1951 5231 2166 5288 labores
2223 5240 2278 5288 et
2335 5231 2652 5287 afflictiones
2706 5246 2806 5300 pro
2851 5231 3053 5286 virtute
3103 5231 3274 5295 subit,
3329 5228 3526 5283 Simon

1951 5322 2244 5394 Cyrenaeus
2268 5323 2510 5389 exsistit,
2550 5324 2693 5377 ultro
2722 5323 2984 5378 nimirum
3011 5323 3265 5378 virtutem
3310 5318 3519 5383 colens,

1951 5423 2116 5484 atque
2168 5415 2413 5470 humeris
2457 5429 2678 5470 crucem
2731 5425 2977 5486 gestans,
3013 5430 3079 5468 ac
3111 5410 3390 5467 Christum
3433 5421 3522 5462 se-

1949 5521 2148 5578 quens,
2181 5507 2284 5562 hoc
2314 5515 2418 5572 est,
2446 5507 2766 5563 distractam
2793 5520 3020 5575 prorsus
3045 5519 3073 5557 a
3108 5513 3248 5556 terra
3276 5502 3375 5570 pia:
3396 5499 3522 5555 vitae

1949 5601 2218 5656 rationem
2271 5601 2582 5658 ostendens.
2627 5601 2825 5656 Eodem
2884 5597 3042 5652 modo
3086 5605 3142 5651 tu
3200 5609 3416 5666 quoque
3470 5590 3527 5650 δί

956 5749 1002 5780 ⁸ο
1039 5746 1216 5804 lCor.
1247 5765 1324 5818 xl,
1360 5751 1452 5808 26.
1527 5750 1569 5782 ⁹¹
1613 5749 1749 5805 Luc.
1782 5766 1896 5822 xxi,
1922 5751 2013 5809 24.
