4024 6292
551 368 690 430 1395

1953 366 2334 427 ADDENDA.

3667 362 3803 426 1395

550 474 719 530 animi
750 474 1057 530 obcdicntia
1093 475 1351 543 prmditus
1381 491 1462 538 es,
1515 475 1680 528 alacri
1708 475 1891 528 animo
1916 475 1989 529 ad
2005 490 2125 542 ges-
2155 482 2197 531 Α
2229 475 2559 542 cogitatione
2583 473 2678 528 tibi
2709 473 2938 541 (lugens.
2981 470 3248 526 Caeterum
3280 484 3407 525 cum
3452 471 3584 526 Iesu
3615 469 3803 538 ingre-

551 565 768 620 tandam
783 564 1328 620 carnalisvoluntatis
1359 565 1770 634 oppressionem
1803 574 1853 620 te
1879 565 2123 634 accinge.

549 655 684 712 Nam
719 657 1092 727 interemptrix
1134 671 1354 726 quoque
1395 657 1667 726 corporis,
1700 671 1836 711 crux
1868 664 2009 712 erat.
2041 655 2124 710 Ita

553 749 662 810 ﬂet,
701 756 761 802 ttt
789 747 992 803 Christi
1033 748 1288 802 mandata
1321 749 1591 818 sequaris.

620 839 738 894 Col.
773 838 879 894 655
911 840 972 894 C.
1009 838 1066 894 Si
1099 849 1156 892 ut
1205 840 1345 893 latro
1387 840 1534 893 cruci
1583 839 1742 894 simul
1782 840 1970 909 afﬁxus
2009 839 2124 908 [ue-

548 931 645 992 ris,
678 941 789 985 etc.
821 929 912 984 Ille
941 930 996 984 in
1027 943 1246 984 crucem
1280 939 1339 984 ut
1373 929 1513 985 latro
1546 931 1781 995 tollitur,
1819 931 1910 1000 qui
1947 930 2123 985 scele—

550 1036 669 1076 rum
701 1036 892 1092 pcenas
920 1022 1042 1077 lttit.
1075 1020 1177 1088 Qui
1210 1021 1257 1077 si
1287 1033 1468 1078 tamen
1495 1037 1819 1093 persuasum
1845 1023 2043 1077 habeat
2063 1037 2124 1078 se

546 1114 745 1168 merito
777 1114 1037 1181 cruciari,
1083 1130 1148 1169 ac
1189 1114 1360 1170 Deum
1415 1130 1560 1180 esse,
1595 1115 1688 1185 qui
1721 1115 1985 1169 mundum
2026 1129 2125 1184 gu-

547 1207 738 1260 bernet
790 1213 952 1275 atque
1007 1206 1264 1262 omnibus
1309 1207 1473 1262 rebus
1513 1208 1788 1272 consulat,
1823 1207 2024 1277 probus
2068 1215 2124 1260 et

545 1296 814 1353 candidus
843 1306 950 1362 est,
983 1305 1172 1368 utpote
1220 1299 1504 1354 veritatem
1552 1313 1878 1367 agnoscens.
1916 1299 2122 1365 Quam-

544 1389 756 1450 obrem,
779 1396 833 1442 et
860 1395 918 1443 ut
944 1389 1279 1459 perpetiens.
1324 1397 1378 1444 et
1413 1397 1475 1443 ut
1505 1404 1660 1459 atque
1695 1389 1880 1444 animo
1909 1387 2122 1443 crucia-

545 1490 632 1535 tus
665 1475 868 1546 l‘erens,
899 1480 955 1536 in
987 1480 1243 1550 paradiso
1263 1489 1369 1536 est.
1398 1480 1477 1536 Ac
1500 1482 1544 1536 si
1577 1481 1923 1551 impatienter
1947 1480 2117 1536 vicem

545 1585 702 1626 suam
753 1569 914 1637 ferat,
947 1571 1459 1641 providentiamque
1505 1578 1746 1636 accuset,
1802 1579 1898 1624 aut
1936 1577 2116 1639 neget,

545 1662 772 1732 iniquus
820 1661 914 1717 ille
963 1671 1065 1727 est,
1119 1670 1172 1717 et
1207 1672 1580 1718 murnturater
1613 1678 1628 1714 :
1665 1677 1728 1716 ac
1762 1662 1992 1731 proinde
2021 1676 2120 1716 nec

547 1755 602 1809 in
657 1755 974 1824 paradisum
1029 1755 1298 1821 introibit,
1335 1753 1801 1824 quemadmodum
1855 1769 1958 1809 nec
2015 1752 2120 1809 He-

2226 569 2376 634 dere,
2406 567 2597 620 ducem
2637 564 2714 618 tui
2746 563 2812 618 ad
2843 560 3359 630 contemplationem
3396 562 3661 617 introitus
3698 561 3796 616 Fi-

2226 661 2356 714 lium
2404 657 2496 712 Dei
2548 656 2794 720 faciens,
2829 669 2954 709 cum
3007 652 3127 722 ipse
3187 652 3624 722 pulchritudines
3680 653 3802 706 illas

2225 754 2561 820 inspectans.

2298 843 2433 898 Ibid.
2479 843 2542 895 C.
2596 839 2878 911 δυοδερά
2929 840 3289 895 Ar’imatlueus
3332 837 3424 900 sit,
3460 836 3524 890 ab
3573 851 3657 900 ea,
3690 845 3802 889 etc.

2223 933 2421 1000 Jeseph
2465 933 2608 988 idem
2683 939 2765 987 est
2795 931 2939 1000 quod
2993 929 3222 999 adjectio
3269 936 3324 983 et
3367 926 3752 980 incrementum
3783 939 3802 976 :

2223 1026 2590 1081 Arimathzeus
2655 1023 2796 1078 idem
2853 1022 3000 1090 quod
3051 1020 3265 1075 tollens.
3319 1017 3582 1085 Quisquis
3633 1015 3808 1082 igitur

2223 1118 2423 1174 actioni
2469 1115 2643 1172 sitnul-
2669 1127 2726 1170 et
2759 1111 3211 1182 contemplationi
3273 1109 3558 1170 incumbit.
3593 1105 3799 1175 Ioseph

2222 1211 2590 1267 Arimatbzeus
2632 1207 2742 1264 dici
2771 1213 2974 1276 potest,
3023 1205 3286 1260 nimirum
3321 1216 3414 1272 per
3456 1198 3734 1253 actionem
3771 1211 3801 1250 ιι

2223 1306 2405 1372 seipse
2440 1314 2690 1356 crassum
2734 1312 2952 1353 omnem
2986 1306 3043 1350 et
3074 1303 3360 1350 terrenum
3401 1289 3659 1344 aﬂ’ectum
3696 1285 3808 1340 tel-

2221 1397 2342 1451 lens
2376 1402 2435 1448 et
2474 1392 2732 1454 evellens,
2781 1405 2877 1459 per
2928 1384 3447 1454 contemplationem
3497 1388 3688 1434 autem
3733 1378 3801 1431 ad

2221 1486 2556 1558 spiritualem
2599 1483 2967 1554 cognitionem
2998 1479 3336 1534 increscens.
3367 1473 3606 1530 Proinde
3653 1469 3707 1525 si
3741 1478 3798 1523 tu

2221 1596 2437 1652 quoque
2486 1578 2850 1643 adiectionem
2887 1573 3080 1637 habes,
3139 1569 3194 1624 id
3236 1575 3339 1632 est,
3392 1567 3802 1652 incrementum

2221 1651 2426 1728 ameris
2452 1669 2644 1733 divini,
2672 1667 2805 1723 tolle
2835 1680 2901 1720 ac
2925 1674 3078 1735 porta
3118 1660 3376 1730 religiose
3409 1669 3612 1724 corpus
3636 1651 3798 1715 Iesu,

2223 1767 2515 1836 mysticum
2564 1759 2791 1822 scilicet,
2829 1757 2992 1827 digne
3041 1753 3220 1824 ipsum
3251 1747 3583 1820 percipiens,
3622 1752 3797 1813 atque

545 1845 697 1912 bruti,
731 1846 828 1916 qui
886 1847 942 1902 in
1003 1845 1222 1902 deserto
1271 1853 1766 1912 murmuraveraut,
1819 1847 1874 1900 in
1917 1858 2117 1900 terram
2147 1824 2194 1884 Β
2224 1824 2358 1915 ῃιῖηι
2385 1864 2531 1926 pete,
2562 1853 2617 1908 td
2663 1860 2772 1916 est,
2809 1824 2942 1919 rape
2968 1861 2999 1901 a
3025 1844 3399 1914 cruciﬁgente,
3436 1841 3545 1896 hoc
3586 1844 3677 1892 est
3709 1849 3798 1891 eo.

543 1937 953 2006 promissionis.
1011 1937 1252 1994 Proinde
1325 1937 1443 2008 ipse
1500 1951 1743 2007 quoque,
1797 1937 1843 1993 si
1900 1946 2124 2008 propter

543 2041 636 2084 tua
693 2040 912 2099 peccata
981 2029 1249 2101 supplicio
1316 2030 1548 2086 alliceris
1594 2071 1610 2097 ,
1669 2029 1900 2098 probum
1967 2029 2120 2084 illum

542 2130 600 2177 et
644 2122 939 2178 candidum
989 2123 1258 2178 latronem
1310 2122 1564 2187 imitare,
1623 2136 1689 2177 ac
1724 2123 1853 2176 dum
1908 2122 2126 2177 crucia-

545 2213 661 2278 ris,
719 2213 887 2269 Deum
963 2213 1195 2285 ejusque
1250 2214 1656 2283 providentiam;
1703 2227 1983 2284 agnosce,
2039 2215 2124 2268 nio

544 2306 742 2360 mirum
801 2306 897 2376 qui
955 2314 1012 2362 te
1060 2323 1158 2377 per
1223 2307 1384 2376 hujus
1453 2307 1578 2361 vitae
1630 2305 1850 2361 dolores
1902 2307 2124 2375 purgari

546 2396 691 2452 velit.
739 2395 798 2452 Si
827 2397 1105 2466 Christus,
1151 2406 1211 2452 ut
1249 2407 1332 2452 est
1389 2398 1534 2469 apud
1574 2397 1793 2461 Isaiam,
1826 2397 1968 2450 inter
2000 2411 2121 2451 sce-

544 2490 750 2546 leratos
801 2499 1084 2558 reputatus
1136 2500 1220 2546 est
1271 2491 1317 2523 "
1383 2491 1545 2556 (cum
1604 2489 1909 2544 latronibus
1971 2490 2117 2544 enim

542 2579 694 2634 velut
747 2579 1093 2634 facinerosus
1143 2581 1198 2633 in
1255 2595 1472 2634 crucem
1527 2579 1775 2634 sublatus
1807 2591 1907 2643 est,
1958 2579 2121 2648 idque

546 2680 606 2723 ttt
656 2679 953 2740 peccatum
1003 2681 1156 2725 tuum
1205 2671 1494 2740 expiaret;
1540 2683 1593 2724 tu
1634 2673 1779 2726 enim
1812 2686 1987 2742 ptente
2023 2673 2121 2726 ob-

542 2761 742 2815 noxius
765 2775 931 2825 eras;
963 2761 1080 2830 ipse
1119 2771 1323 2826 autem,
1357 2771 1417 2817 ut
1449 2763 1542 2832 qui
1585 2771 1866 2832 peccatum
1907 2763 2115 2817 nullum

542 2852 876 2917 admisisset,
914 2854 1190 2909 immerito
1237 2869 1431 2924 passus
1470 2864 1572 2921 est,
1615 2864 1675 2908 ut
1725 2865 1776 2909 te
1816 2870 1846 2909 a
1896 2865 2119 2922 peccato

541 2950 596 2997 et
645 2958 803 3014 poena
853 2942 1129 3012 liberaret)
1173 2962 1188 3000 :
1237 2953 1296 2998 tu
1341 2957 1562 3014 propter
1607 2945 1762 2999 illum
1793 2946 1975 3015 justus
2002 2945 2116 2999 eiii-

540 3048 702 3097 eere,
748 3035 882 3104 legis
926 3035 1255 3106 evangeliea:
1297 3038 1544 3107 vestigiis
1596 3038 1852 3106 haerens,
1901 3053 1967 3094 ac
2019 3052 2118 3108 per

539 3125 707 3179 animi
757 3129 895 3196 grati
948 3127 1186 3182 olIieium
1237 3129 1428 3194 adora,
1471 3130 1524 3183 id
1571 3137 1676 3194 est,
1721 3131 1856 3185 cede
1886 3145 1948 3185 ac
1988 3145 2114 3200 pre-

538 3219 769 3282 cuutbe;
804 3233 1112 3287 agnoscens
1143 3227 1195 3273 te
1222 3220 1432 3275 meritis
1464 3223 1643 3290 ptenis
1681 3222 1841 3287 aliici,
1876 3233 2038 3292 atque
2083 3239 2113 3278 a

547 3306 656 3359 iieo
690 3320 776 3361 res
820 3307 1091 3363 humanas
1123 3308 1324 3376 inspici
1360 3317 1525 3378 atque
1561 3298 1932 3365 administrari
1961 3330 1974 3377 ;
2009 3313 2114 3367 hoc

543 3400 692 3458 enim
725 3414 822 3469 per
856 3400 1234 3454 adorationem
1275 3400 1570 3471 significari
1597 3411 1794 3471 potest.
1833 3403 1957 3471 Ipse
1986 3421 2116 3476 quo-

538 3504 638 3555 que
667 3489 914 3556 pendens,
950 3489 1002 3542 id
1047 3497 1131 3543 est
1183 3491 1311 3543 dum
1369 3505 1400 3544 a
1447 3490 1558 3546 Deo
1602 3493 1831 3559 puniris,
1865 3494 2116 3551 utilitatis

541 3580 792 3649 lucrique
841 3580 1046 3649 aliquid
1093 3595 1158 3634 ex
1211 3581 1325 3649 ipsa
1381 3581 1734 3650 improbitate
1769 3585 1980 3656 collige.
2017 3587 2109 3640 Gr.

540 3673 761 3735 κακίας,
816 3687 937 3741 quae
977 3686 1116 3737 .vex,
1151 3674 1238 3729 vel
1280 3689 1379 3743 pro
1409 3674 1720 3743 aiﬁictione,
1753 3677 1836 3730 vel
1863 3693 1957 3746 pro
1989 3693 2114 3747 pet-.-

540 3772 662 3818 cato
686 3772 742 3818 et
771 3763 974 3823 scelem
997 3765 1170 3834 accipi
1214 3775 1415 3835 potest.
1447 3766 1691 3832 Quonam
1723 3777 1902 3823 autem
1953 3771 2114 3824 modo

541 3855 636 3912 tibi
680 3855 906 3911 utilitati
949 3859 1055 3911 erit
1101 3859 1440 3928 peceatum?
1483 3873 1676 3928 nempe
1735 3871 1790 3913 ut
1842 3860 2114 3929 intelligas

541 3955 596 4000 te
625 3955 847 4016 propter
886 3947 1068 4015 ipsum
1115 3949 1320 4016 puniri,
1351 3961 1416 4001 ac
1463 3947 1635 4003 Deum
1685 3950 1782 4004 tibi
1837 3952 2112 4019 placatum

541 4037 757 4102 reddas,
813 4052 879 4091 ac
931 4040 1160 4094 salutem
1215 4055 1387 4095 emas.
1432 4040 1564 4094 Nam
1613 4041 1656 4096 si
1693 4043 1764 4096 ita
1800 4042 2012 4110 feceris,
2045 4045 2112 4098 ad

540 4129 1001 4198 sempiternorum
1044 4131 1314 4186 bonorum
1373 4133 1780 4202 perceptionem
1843 4135 2112 4205 ingredie-

541 4223 634 4284 ris,
674 4223 949 4293 simulque
985 4239 1108 4279 cum
1150 4223 1372 4281 Christe
1423 4228 1701 4296 regnabis,
1736 4237 1898 4298 atque
1937 4231 2112 4284 haere-

539 4303 722 4371 tlitatis
751 4317 922 4386 ipsius
953 4319 1060 4372 eris
1091 4318 1384 4388 particeps.
1433 4321 1512 4374 Ac
1546 4321 1669 4375 vide
1699 4337 1859 4391 qttam
1895 4326 2112 4393 proprie

538 4416 594 4462 et
623 4419 876 4463 accurate
918 4410 1182 4480 loquatur
1214 4411 1551 4483 Theologus.
1596 4412 1713 4468 Non
1743 4416 1900 4479 dixit,
1955 4417 2114 4469 Chri-

2221 1951 2315 2024 qui
2377 1948 2600 2017 indigne
2652 1942 2921 2014 percipit,
2980 1953 3046 1994 ac
3104 1944 3388 2008 propterea
3457 1929 3797 2024 contumelia

2222 2019 2426 2106 allicit,
2486 2038 2692 2108 quique
2754 2048 2884 2090 reus
2953 2040 3039 2086 est
3091 2026 3340 2097 corporis
3401 2033 3455 2079 et
3511 2019 3797 2090 sanguinis

2221 2135 2443 2192 Christi.
2495 2131 2784 2197 Tuamque
2828 2124 2923 2180 liat
2964 2123 3018 2178 id
3046 2116 3198 2191 quod
3239 2130 3452 2180 omnes,
3506 2129 3536 2169 a
3592 2111 3798 2183 quibus

2221 2230 2385 2300 digne
2428 2223 2718 2293 accipitur,
2755 2223 2952 2288 purgat
2998 2225 3054 2269 et
3091 2209 3419 2268 sanctiﬁcat.
3473 2206 3597 2260 Alio
3631 2202 3798 2300 modo

2221 2295 2387 2378 etiam
2421 2330 2627 2383 corpus
2658 2311 2866 2368 Christi
2896 2316 3001 2374 est,
3029 2303 3284 2376 quisquis
3314 2303 3374 2355 in
3401 2313 3530 2354 eum
3563 2295 3745 2351 credit
3778 2311 3796 2348 :

2222 2413 2388 2483 hujus
2424 2410 2693 2470 membra,
2725 2412 2997 2475 praecepta
3044 2406 3176 2453 sunt
3206 2405 3259 2450 et
3289 2394 3546 2448 virtutes.
3576 2389 3647 2483 in
3667 2402 3797 2442 cru-

2221 2481 2338 2561 cem
2371 2512 2551 2558 autetn
2582 2501 2686 2554 hoc
2729 2509 2932 2564 corpus
2967 2492 3108 2546 tollit
3139 2485 3412 2548 diabolus,
3461 2497 3570 2537 non
3607 2481 3794 2534 sinetis

2222 2597 2276 2651 itt
2309 2593 2465 2648 nobis
2495 2607 2559 2647 ea
2603 2591 2847 2644 membra
2880 2582 3183 2639 secundum
3233 2586 3490 2630 naturam
3518 2571 3792 2626 actionem

2221 2702 2374 2744 suam
2423 2696 2698 2739 exercere.
2745 2681 2814 2732 At
2845 2676 2940 2747 qui
2976 2673 3410 2729 additamentum
3447 2664 3573 2719 ﬁdei
3612 2663 3791 2722 habet,

2219 2777 2420 2846 Ioseph
2451 2769 2758 2844 spiritualis
2787 2776 2896 2833 est,
2929 2765 3024 2836 qui
3057 2775 3256 2831 corpus
3307 2757 3557 2825 accipere
3588 2757 3788 2846 potest,

2220 2841 2564 2936 honesteque
2592 2859 2845 2932 sepelire,
2898 2867 3065 2926 atque
3098 2853 3152 2907 in
3180 2859 3399 2921 pectere
3436 2859 3539 2941 suo
3571 2841 3789 2941 exii-de,

2220 2959 2434 3031 quasie
2469 2933 2618 3025 petra
2668 2954 2878 3014 exciso,
2924 2949 3228 3016 imponere,
3289 2954 3353 2994 ac
3409 2933 3791 3031 spiritualibus

2221 3029 2365 3110 circa
2397 3052 2503 3105 hoc
2532 3046 2792 3103 saeculum
2823 3038 3169 3098 sermonibus
3213 3035 3360 3090 velut
3395 3029 3628 3086 sindone
3655 3037 3786 3092 quo-

2141 3161 2185 3223 C
2218 3148 2344 3204 dam
2374 3143 2467 3197 Dei
2500 3139 2698 3195 Filium
2722 3133 3035 3190 involvere.

2288 3239 2407 3295 Col.
2440 3235 2544 3290 656
2602 3235 2665 3286 Α.
2709 3231 2768 3284 Si
2795 3227 3119 3282 Nicodemus
3177 3241 3273 3286 sis,
3301 3234 3635 3282 nocuimus,
3681 3229 3790 3273 etc.

2219 3329 2549 3388 Nicedemtts
2607 3324 2695 3377 ille
2745 3331 2863 3385 est,
2925 3320 3016 3388 qtti
3074 3317 3140 3370 ad
3191 3315 3393 3370 Christi
3452 3313 3786 3384 agnitionem

2220 3422 2404 3477 animo
2447 3416 2664 3484 quidem
2723 3412 2915 3466 ﬁrmus
2973 3418 3058 3462 est
3107 3423 3171 3460 ac
3225 3405 3451 3467 solidus,
3511 3417 3784 3465 caeterum,

2221 3513 2349 3567 dum
2377 3510 2528 3565 carni
2559 3506 2918 3578 gratiﬁcatur,
2951 3504 3004 3555 itt
3036 3500 3416 3555 mandatorum
3445 3495 3786 3552 observatio-

2221 3619 2344 3659 nem
2398 3600 2509 3656 acri
2572 3596 2738 3651 animi
2813 3593 3161 3649 contentione
3222 3589 3577 3652 incumbere,
3647 3587 3788 3640 velut

2221 3693 2600 3754 meticulosus,
2665 3685 2881 3750 renuit,
2922 3691 3144 3754 propter
3199 3693 3404 3735 metum
3449 3676 3786 3737 Iudaeorum,

2219 3787 2326 3839 hoc
2376 3792 2460 3839 est
2521 3777 2998 3851 perturbationum
3059 3775 3226 3830 animi
3253 3815 3277 3838 ,.
3329 3773 3416 3827 vel
3476 3772 3786 3826 daemonum

2219 3876 2478 3945 impetus.
2549 3867 2874 3940 llujusmedi
2939 3874 3120 3920 autem
3174 3865 3295 3917 viro
3340 3863 3407 3915 ad
3469 3861 3685 3914 laudent
3739 3868 3790 3911 et

2219 3964 2749 4025 commendationem
2803 3959 3124 4030 prmclarum
3153 3957 3372 4011 videtur
3405 3964 3550 4008 recte
3597 3954 3786 4006 saltem

2219 4063 2286 4116 de
2313 4059 2532 4114 Christo
2583 4054 2808 4118 sentire,
2864 4068 2966 4109 nec
3008 4051 3403 4105 contumeliosa
3449 4047 3618 4100 verba
3664 4059 3790 4114 pre-

2222 4151 2384 4206 ferre.
2455 4146 2760 4218 Unguentis
2825 4153 3007 4198 autent
3073 4141 3417 4196 Detuiniettm
3471 4153 3674 4206 corpus
3725 4136 3789 4189 ad

2219 4243 2550 4312 sepulturam
2579 4237 2878 4307 perfundit,
2925 4235 3018 4303 qui
3073 4248 3356 4288 sermones
3383 4240 3437 4285 et
3466 4230 3792 4298 disputatio-

2219 4349 2336 4398 nes,
2367 4346 2504 4400 quas
2538 4330 2605 4384 de
2653 4343 2720 4382 ee
2751 4327 2936 4390 habet,
2971 4325 3057 4393 pie
3100 4332 3318 4384 tractat,
3371 4336 3577 4390 easque
3619 4319 3792 4373 fundit

2219 4423 2376 4479 suavi
2399 4423 2566 4474 odere
2594 4419 2864 4473 stillantes
2889 4426 2984 4471 aut
3019 4415 3179 4469 etiam
3216 4413 3546 4468 redolentes.

540 4508 658 4554 stus
717 4502 934 4572 iniquus
964 4503 1137 4559 factus
1167 4513 1268 4569 est,
1296 4505 1388 4560 sed
1422 4516 1717 4575 reputatae.
1763 4509 1976 4563 Rursus
2006 4524 2110 4562 non
2140 4503 2193 4564 D
2289 4513 2424 4567 Ibid.
2458 4510 2520 4565 D.
2565 4509 2624 4564 Si
2656 4509 2832 4562 Maria
2856 4507 3100 4578 qua'dam
3121 4506 3214 4570 sis,
3239 4507 3285 4559 si
3310 4506 3420 4558 alia
3449 4503 3655 4567 Maria,
3685 4517 3788 4558 etc.

541 4592 714 4644 dixit:
776 4593 857 4646 Tu
912 4594 1096 4663 justus
1165 4598 1456 4665 reputare?
1509 4598 1600 4653 sed
1649 4600 1880 4668 efﬁcere.
1930 4600 2116 4669 Neque

539 4681 683 4734 enim
712 4684 1068 4753 existimatio,
1119 4686 1212 4742 sed
1241 4687 1356 4757 ipsa
1395 4690 1471 4743 rei
1509 4691 1733 4756 vet-itas,
1780 4692 2111 4758 aut‘justum

543 4772 819 4826 heminetn
863 4775 1061 4839 reddit,
1111 4787 1205 4831 aut
1233 4779 1578 4835 condemnat.
1639 4779 1757 4834 Jam
1797 4783 1916 4836 haec
1947 4785 2110 4838 etiam

540 4878 663 4931 quae
719 4874 1046 4933 sequuntur,
1088 4868 1255 4922 altius
1301 4873 1595 4939 perpende.
1645 4872 1850 4938 Adero,
1912 4874 2118 4943 inquit,

541 4965 632 5012 tua
676 4971 838 5012 causa
889 4958 1233 5025 pendentem,
1294 4961 1556 5028 quoniam
1608 4961 1744 5030 ipse,
1807 4965 2118 5023 sceleratus

539 5047 782 5115 habitus,
835 5048 984 5128 cruci
1036 5049 1228 5106 afﬁxus
1258 5059 1361 5116 est,
1405 5065 1470 5106 ac
1518 5062 1738 5123 propter
1788 5066 1840 5111 te
1879 5069 2112 5114 mortem-

541 5140 762 5208 pertulit
796 5158 810 5195 :
841 5150 903 5194 ut
944 5141 1215 5212 intelligas
1264 5149 1338 5208 te,
1379 5152 1440 5198 ut
1471 5159 1596 5200 vere
1629 5145 1980 5218 sceleratum,
2012 5166 2109 5222 per

540 5231 758 5286 dolores
800 5242 856 5288 et
889 5233 1213 5289 aiilictiones
1267 5235 1541 5305 justitiam
1592 5240 1854 5310 consequi
1891 5241 2110 5296 debere.

539 5321 692 5387 Quod
733 5337 858 5378 cum
904 5335 1243 5394 perspectum
1286 5330 1521 5394 habeas,
1575 5333 1955 5399 suspendere,
2004 5334 2108 5389 hec

538 5423 619 5467 est
697 5429 726 5469 a
788 5424 1004 5472 terreno
1055 5419 1238 5474 carnis
1287 5420 1483 5477 affectu
1549 5423 1878 5490 sustollere,
1937 5441 2112 5495 eoque

539 5509 809 5563 exstincto
861 5511 1095 5564 salutem
1146 5512 1416 5578 elucrare,
1471 5529 1536 5569 ac
1583 5525 1768 5570 mente
1794 5517 2110 5586 paradisum

539 5603 842 5667 ingredere,
875 5603 1155 5660 etelcstem
1201 5606 1348 5660 illam
1395 5606 1589 5671 vitam,
1622 5621 1651 5660 a
1681 5621 1791 5676 qua
1822 5608 2110 5664 excideras

609 5758 653 5795 ⁸⁸
687 5757 768 5813 Isti
824 5763 938 5825 itit,
971 5761 1036 5812 l9.
1129 5763 1175 5792 ⁸³
1201 5761 1331 5817 Luc.
1361 5778 1474 5829 vttt,
1511 5767 1563 5816 ‘2.
1639 5765 1681 5796 9"
1708 5765 1814 5820 Isa.
1856 5784 1927 5830 χι,
1959 5767 1989 5818 2

2042 5783 2192 5836 ενίιίι-

2219 4604 2489 4672 Quoniam
2549 4601 2814 4656 Christus
2864 4614 2894 4651 a
2955 4599 3121 4653 Maria
3181 4598 3504 4666 Magdalena
3574 4607 3785 4666 septem

2218 4696 2489 4751 daemonia
2517 4694 2675 4764 ejecit
2698 4694 2766 4759 ⁸³,
2807 4693 2988 4747 anima
3013 4691 3104 4746 illa
3135 4692 3303 4746 Maria
3332 4691 3654 4760 Magdalena
3684 4689 3792 4742 diei

2218 4797 2415 4858 potest,
2456 4801 2578 4856 quae
2624 4783 2855 4854 impuris
2901 4784 3213 4852 spiritibus,
3243 4785 3334 4851 qui
3390 4792 3601 4850 septem
3635 4783 3791 4835 bonis

2217 4879 2502 4948 spiritibus
2533 4876 2600 4931 ab
2623 4874 2764 4930 Isaia
2788 4875 3128 4930 enumeratis
3151 4875 3384 4944 oppositi
3409 4884 3562 4940 sunt,
3591 4876 3790 4927 misere

2215 4976 2463 5033 vexatur,
2511 4982 2685 5036 quam,
2723 4975 2912 5036 postea
2961 4964 3242 5032 Evangelii
3288 4967 3536 5019 doctrina
3585 4981 3790 5034 purga-

2219 5061 2296 5113 vit
2319 5059 2388 5112 “.
2417 5059 2488 5114 Ut
2533 5066 2712 5113 autem
2746 5057 2993 5112 exactius
3029 5057 3344 5126 loquamur,
3369 5056 3540 5109 Maria
3573 5055 3790 5124 Magda-

2219 5152 2342 5206 lena
2372 5160 2453 5206 est
2483 5151 2666 5204 anima
2701 5150 2860 5204 omni.
2881 5151 3102 5205 actione
3128 5149 3392 5219 gaudens,
3426 5164 3453 5200 a
3490 5147 3788 5216 septenarii

2216 5243 2377 5312 hujus
2421 5243 2608 5298 saeculi
2656 5252 2866 5296 terrere
2896 5242 3047 5296 velut
3090 5242 3427 5297 diemonibus
3457 5241 3785 5309 quibusdam

2216 5350 2310 5404 per
2359 5333 2800 5403 evangelicorum
2859 5343 3254 5404 praceptorum
3303 5332 3614 5388 doctrinam
3655 5347 3787 5400 por-

2214 5435 2338 5498 gata
2376 5445 2391 5482 :
2423 5443 2451 5481 a
2475 5442 2586 5497 quo
2611 5426 2828 5481 animas
2864 5428 3061 5482 liberat
3088 5427 3314 5481 verbum
3357 5425 3474 5487 Dei,
3526 5440 3696 5494 supra
3725 5438 3786 5478 ea

2218 5533 2341 5587 qttze
2379 5518 2434 5572 in
2479 5527 2724 5587 tempore
2759 5525 2909 5580 sunt,
2953 5516 3077 5570 illas
3127 5515 3391 5570 evehens.
3437 5513 3560 5567 Alia
3607 5522 3785 5566 autem

2217 5609 2410 5675 Maria,
2435 5611 2591 5680 cujus
2637 5611 2741 5666 hoc
2786 5611 2908 5665 loco
2943 5607 3193 5664 meminit
3219 5607 3538 5677 Gregorius,
3567 5606 3783 5678 proprie
