4024 6292
313 400 451 469 1397

1232 403 1550 464 NICETAS
1592 403 1670 463 IN
1710 404 1933 465 OllAT.
1977 406 2137 465 XLII
2181 408 2241 465 S.
2279 404 2516 464 GREG.

3420 400 3560 463 1398

315 512 541 583 quidem
581 518 667 566 est
693 520 867 567 mater
896 511 1140 577 Dotuiui,
1177 514 1259 569 vel
1291 515 1474 584 potius
1495 512 1687 570 Jacobi
1716 514 1894 573 Mino-
1921 527 1967 586 Α
1993 528 2081 572 est
2111 534 2125 572 :
2159 525 2214 570 tu
2252 532 2350 587 per
2389 515 2657 586 justitiam
2704 528 2947 583 rcsurgc,
3002 528 3065 569 ac
3095 513 3306 585 primus
3355 510 3563 570 Christi

312 607 413 661 ris.
450 602 584 659 Nam
626 602 800 658 Mater
848 604 1065 661 Domini
1116 606 1175 661 in
1206 606 1384 677 prima
1433 607 1524 663 illa
1552 608 1890 680 perfectione

311 712 438 753 cum
479 696 598 751 sola
629 696 947 768 Magdalena
991 698 1059 753 ad
1093 710 1514 757 monumentum
1547 712 1888 772 perrexerat,

312 804 381 845 ac
432 790 861 845 resurrectionis
920 790 1123 846 Christi
1176 794 1381 849 certior
1422 792 1587 861 facta,
1645 795 1888 866 quietem

313 880 523 950 agebat.
567 879 874 952 Allegorice
905 891 1091 936 autem
1125 883 1295 940 altera
1330 883 1522 948 Maria,
1585 888 1770 942 anima
1805 895 1893 944 est

313 970 799 1040 contemplationi:
853 972 1120 1039 studiosa,
1179 987 1303 1044 quis
1350 988 1466 1031 non
1514 986 1744 1043 naturae,
1797 978 1893 1035 sed

314 1064 505 1131 gratim
557 1063 939 1132 cognationem
1003 1079 1131 1118 cum
1190 1065 1330 1121 Filio
1391 1062 1485 1122 Dei
1556 1080 1653 1139 per
1709 1082 1891 1124 veram

318 1153 609 1208 scientiam
630 1152 822 1222 adepta
845 1161 954 1209 est.
975 1156 1155 1224 Atque
1178 1165 1240 1210 ut
1268 1172 1381 1210 uno
1397 1158 1566 1212 verbo
1587 1160 1894 1224 absolvam,

315 1256 412 1312 per
436 1241 575 1297 duas
611 1240 811 1296 Marias
833 1242 1152 1312 designatur
1166 1244 1347 1299 anima
1372 1248 1893 1316 contemplationem

314 1332 483 1389 simul
520 1343 579 1387 et
629 1333 900 1390 actionem
952 1335 1222 1404 amplexa.
1275 1336 1495 1392 Salome
1527 1347 1709 1394 autem
1750 1340 1896 1410 (qtue

317 1437 421 1479 vox
449 1423 642 1496 lingua
682 1436 872 1480 nostra
900 1440 1085 1495 pacem
1113 1427 1406 1497 signiﬁcat)
1438 1429 1622 1485 anima
1649 1430 1751 1485 illa-
1774 1445 1898 1488 esse

317 1522 518 1586 potest,
545 1529 695 1585 qua,
720 1516 952 1572 sublatis
981 1523 1037 1572 et
1065 1519 1307 1587 expulsis
1327 1520 1496 1574 animi
1529 1522 1900 1585 perturbatius

320 1605 508 1673 nibus,
542 1607 837 1676 tranquilla
868 1620 1002 1678 pace
1035 1607 1262 1675 fruitur,
1285 1620 1457 1680 atque
1482 1610 1680 1668 aﬂ‘ectu
1714 1614 1902 1669 carnis

322 1697 539 1768 spiritui
572 1698 677 1767 legi
704 1699 951 1769 subjecto
978 1715 1079 1771 per
1102 1703 1473 1772 spiritualium
1502 1705 1672 1759 animi
1703 1719 1901 1761 conce-

1996 608 2303 663 doctrinam
2333 609 2606 677 cognitam
2637 618 2799 677 atque
2835 606 3103 661 illustrem
3134 604 3314 661 redde.
3364 605 3567 658 ’Δσπαο

1995 698 2133 768 σμὸς
2200 699 2345 751 enim
2373 698 2483 755 hoc
2515 700 2636 755 loco
2678 697 3065 753 salutationem
3095 705 3149 751 et
3181 695 3563 751 allocutionem

1993 788 2290 859 signiﬁcat.
2320 787 2457 843 Nam
2493 805 2616 842 cum
2650 788 2818 842 Maria
2850 801 3041 840 vocem
3063 790 3194 840 Jesu
3231 786 3565 855 agnovisset,

1994 881 2135 936 dixit
2186 878 2311 933 illi:
2344 878 2569 944 Rabom',
2606 877 2744 947 quod
2789 878 2989 930 dicitur
3036 874 3297 946 Magister
3323 877 3392 929 ".
3446 877 3570 931 Erae

1997 970 2164 1041 igitur
2202 983 2489 1035 succurre,
2520 967 2781 1022 nimirum
2816 966 2989 1035 ipsius
3033 965 3245 1036 culpam
3284 966 3567 1022 contraria

1997 1061 2197 1115 virtute
2223 1059 2529 1129 corrigens.
2564 1057 2657 1112 illa
2687 1057 2832 1111 enim
2863 1057 2983 1111 viro
3016 1055 3260 1110 fraudem
3288 1057 3569 1110 renuntia~

1995 1151 2097 1216 vit,
2121 1150 2295 1205 Maria
2314 1159 2496 1206 autem
2522 1148 2785 1219 apostolis
2805 1148 3059 1203 salutem.
3088 1147 3235 1201 Idem
3266 1157 3323 1200 tu
3352 1161 3570 1216 quoque

1997 1240 2248 1296 facturus
2278 1253 2360 1304 es,
2394 1238 2441 1293 si
2473 1239 2788 1307 ignorantes
2823 1238 3044 1290 doceas.

2067 1331 2184 1386 Col.
2220 1330 2324 1385 658
2357 1330 2423 1385 A.
2487 1329 2707 1383 Petrum
2762 1328 2839 1381 vel
2889 1326 3153 1380 Joannem
3202 1327 3452 1388 imitare,
3505 1326 3574 1380 ad

1997 1422 2298 1491 sepulcrum
2327 1437 2574 1490 propera,
2619 1429 2724 1476 etc.
2765 1419 3044 1488 Scriptum
3100 1430 3186 1473 est
3219 1421 3360 1489 apud
3405 1420 3577 1474 Joan-

2001 1529 2125 1571 nem
2160 1533 2175 1570 :
2205 1515 2357 1568 Exiit
2377 1515 2572 1569 Petrus
2613 1524 2665 1568 et
2701 1514 2841 1567 alius
2872 1514 2966 1567 ille
3010 1512 3309 1581 discipulus
3334 1515 3401 1567 ’⁸.
3435 1514 3577 1567 Cur-

2004 1608 2199 1663 rebant
2233 1616 2419 1662 autem
2456 1608 2567 1661 duo
2614 1607 2780 1661 simul
2812 1623 2828 1662 :
2868 1614 2925 1659 et
2979 1605 3071 1660 ille
3101 1606 3245 1659 alius
3279 1605 3578 1675 discipulus

2002 1702 2249 1756 cucurrit
2280 1699 2447 1755 citius
2496 1698 2683 1764 Petro,
2722 1708 2779 1752 et
2835 1698 2986 1752 venit
3025 1698 3236 1768 primtts
3284 1699 3349 1753 ad
3386 1712 3581 1752 monu-

321 1790 568 1857 ptionum
587 1791 1016 1860 speculationem
1040 1795 1498 1864 sempiternarum
1518 1812 1702 1852 rerum
1724 1798 1904 1853 scien-
1974 1799 2271 1863 ‘mentum.
2308 1789 2377 1846 Et
2422 1805 2549 1845 cum
2606 1805 2666 1845 se
2716 1789 3053 1854 inclinasset,
3087 1789 3225 1843 vidit
3262 1789 3579 1844 linteamina

324 1880 455 1934 tiam
482 1892 582 1950 pro
622 1882 835 1937 viribus
878 1892 1139 1939 assecuta
1198 1895 1303 1941 est.
1348 1885 1559 1941 Joann'a
1605 1896 1787 1942 autem
1832 1888 1899 1943 ad
1931 1864 2203 1954 B“posita,
2262 1900 2373 1938 non
2427 1895 2610 1939 tamen
2667 1884 2932 1938 introivit.
2985 1882 3149 1937 Venit
3199 1897 3330 1952 ergo
3387 1883 3577 1937 Simon

323 1970 551 2024 verbum
591 1967 897 2025 columbam
944 1982 1128 2039 sonat,
1179 1982 1243 2029 ac
1281 1990 1376 2044 per
1420 1990 1544 2029 eam
1579 1976 1762 2032 anitna
1810 1979 1901 2033 illa
2003 1972 2198 2029 Petrus
2222 1986 2463 2043 sequens
2500 1986 2648 2037 eum,
2681 1984 2735 2028 et
2775 1973 3022 2029 introivit
3050 1974 3104 2027 in
3138 1983 3577 2028 monumentum.

325 2061 689 2131 signiﬁcatur,
721 2075 845 2127 quae
881 2064 1131 2119 turbidos
1158 2074 1340 2122 motus
1375 2066 1810 2138 leniter‘abjecit,
1838 2084 1903 2126 ac

326 2154 963 2222 spiritualem-scieutize
1024 2166 1347 2226 proventum
1399 2167 1455 2215 et
1510 2158 1899 2218 fecunditatem

327 2246 615 2300 ardentem
640 2247 823 2311 habet,
866 2248 973 2303 hoc
1002 2257 1087 2304 est
1117 2251 1252 2305 vitio
1275 2259 1455 2317 vacat,
1491 2262 1545 2307 et
1574 2264 1904 2311 numerosos

331 2333 557 2391 virtutis
588 2333 724 2391 fetus
754 2336 982 2406 profert.
1014 2338 1382 2404 Quamobrem
1415 2342 1461 2397 si
1490 2357 1601 2411 qua
1635 2357 1694 2399 es
1721 2346 1913 2401 animai

330 2442 397 2482 ett
455 2428 560 2493 Itis,
608 2440 746 2499 quas
804 2432 1380 2498 commemoravimus,
1438 2434 1678 2491 diluculo
1730 2438 1903 2506 plora,

329 2518 603 2589 lacrym‘as
645 2520 1009 2589 adipiscendae
1057 2521 1299 2576 scientiae
1331 2522 1438 2577 vim
1479 2524 1740 2581 habentes
1781 2526 1907 2582 l‘un-

329 2612 487 2676 deus,
525 2610 629 2664 hoc
656 2623 741 2666 est
787 2610 859 2665 de
905 2612 1227 2667 orthodoxa:
1261 2614 1385 2668 ﬁdei
1421 2617 1736 2687 cognitione
1781 2632 1903 2673 cum

332 2712 534 2770 magna
584 2702 865 2757 alacritate
914 2712 969 2757 et
1006 2702 1191 2757 studio
1236 2703 1543 2773 inquirens,
1601 2710 1905 2778 etquidem

341 2802 528 2847 veram
553 2792 800 2863 mysterii
830 2792 955 2847 tidci
988 2802 1195 2849 nostra:
1215 2796 1586 2866 cognitionem
1612 2812 1641 2851 a
1671 2797 1787 2853 Deo
1812 2800 1915 2855 tibi

332 2883 450 2939 dari
485 2886 723 2954 postula.
763 2886 1069 2942 Diluculum
1118 2889 1265 2943 enim
1312 2890 1646 2945 celeritatem
1680 2892 1907 2950 iudicat.

333 2974 470 3032 Nam
506 2978 553 3034 si
578 2978 1096 3035 excellentissimam
1125 2982 1304 3036 omnis
1328 2981 1547 3037 virtutis
1579 2992 1634 3037 et
1667 2984 1911 3039 scicntia:

336 3067 643 3124 doctrinam
665 3070 740 3124 ita
774 3072 1084 3140 quaesieris,
1112 3071 1348 3140 primum
1382 3073 1527 3128 illam
1555 3075 1913 3132 obscuritatis

334 3159 600 3217 doctrinas
648 3162 949 3217 caecitatem
1000 3165 1154 3218 cordi
1184 3174 1278 3219 tuo
1331 3165 1739 3222 incumbentem
1780 3168 1912 3223 sub-

335 3251 503 3307 latam
536 3253 771 3311 videbis.
821 3253 938 3308 H‘ac
968 3263 1152 3309 autent
1203 3256 1482 3321 submota,
1513 3258 1657 3313 duos
1688 3259 1911 3329 angelos

335 3342 585 3412 profecto
610 3358 823 3411 cernes,
854 3347 1086 3401 alterum
1120 3347 1187 3401 ad
1231 3358 1420 3417 caput,
1455 3349 1557 3402 hoe
1597 3359 1683 3405 est
1710 3349 1911 3404 divini-

336 3434 470 3489 tatis
498 3434 824 3503 doctrinam,
852 3438 1084 3492 alterum
1117 3439 1183 3491 ad
1216 3437 1400 3506 pedes,
1432 3438 1691 3494 nimirum
1718 3440 1915 3495 huma-

339 3525 529 3580 nitatis
559 3536 613 3581 et
648 3526 1067 3585 incarnationis.
1101 3530 1207 3584 Aut
1240 3530 1287 3585 si
1340 3530 1534 3594 mavis,
1569 3546 1665 3600 per
1690 3532 1913 3602 angelos

339 3615 685 3679 conscientiae
718 3628 899 3673 motus
931 3619 1189 3688 intelligo,
1231 3620 1490 3674 exstincti
1526 3621 1820 3690 aliquando
1857 3622 1911 3675 in

340 3710 395 3759 t‘e
416 3709 754 3776 per-vitium,
787 3708 909 3763 Filii
942 3709 1036 3762 Dei
1073 3711 1529 3764 resurrectionem
1561 3712 1909 3780 proclaman-

341 3805 445 3852 tes.
475 3795 664 3866 Neque
704 3800 851 3853 enim
884 3800 939 3852 in
970 3800 1191 3853 obsceni
1225 3810 1278 3854 et
1317 3802 1638 3855 exsecrandi
1676 3803 1914 3855 hominis

340 3887 520 3941 anima
548 3888 800 3943 Christus
818 3889 933 3942 vim
951 3891 1357 3954 suam'cxserit,
1382 3892 1475 3944 sed
1505 3905 1598 3958 per
1617 3890 1915 3959 ﬂagitiosus

339 3986 397 4030 ct
426 3977 720 4033 sceleratas
750 3979 998 4035 actiones
1026 3980 1436 4050 quodammodo
1464 3981 1769 4037 exstinctus
1806 3991 1910 4038 est.

341 4067 628 4125 Postremo
664 4069 842 4139 ipsum
871 4071 1035 4125 etiam
1065 4070 1339 4124 Christum
1370 4071 1670 4126 intueberis
1702 4074 1913 4142 pompi-

342 4174 447 4219 cue
483 4171 857 4232 apparentem,
906 4177 971 4218 ac
1011 4164 1130 4218 sine
1186 4164 1315 4219 ullis
1369 4164 1542 4233 signis
1598 4174 1652 4219 et
1701 4164 1909 4236 ﬁguris,

343 4253 618 4324 spiritales
665 4262 786 4310 tuas
852 4257 1256 4324 conceptiones'
1317 4255 1590 4325 spirituali
1643 4258 1915 4325 voluptate

345 4351 670 4420 cupientem.
707 4349 969 4406 Nonnihil
1020 4352 1266 4420 loquere,
1322 4352 1389 4407 de
1445 4351 1662 4407 Christo
1717 4352 1915 4422 piaque

341 4443 596 4500 doctrina
650 4452 1038 4514 pereunctans.
1075 4442 1269 4499 Vocem
1324 4444 1591 4507 ausculta,
1657 4444 1762 4498 hoc
1833 4452 1925 4499 est

345 4534 649 4589 doctrinam
706 4545 764 4591 et
819 4536 1208 4591 rcvelationem
1285 4544 1507 4605 captum
1572 4545 1725 4590 tuum
1805 4551 1912 4590 non
1948 4576 1991 4632 Β

2003 2066 2202 2121 Petrus
2259 2066 2426 2136 igitur
2474 2067 2522 2121 is
2584 2076 2716 2128 cst,
2776 2065 2871 2134 qui
2924 2065 3030 2119 llde
3084 2064 3238 2119 ﬁrma
3295 2074 3351 2119 et
3405 2065 3577 2118 solida

2004 2159 2267 2228 praeditus
2312 2166 2419 2222 est,
2450 2170 2625 2226 caque
2654 2157 2820 2211 etiam
2860 2157 3081 2221 virtute,
3120 2173 3242 2227 quae
3291 2157 3345 2211 in
3374 2157 3583 2226 agendo

2007 2257 2275 2311 versatur,
2322 2257 2642 2303 exornatus.
2676 2247 2919 2303 Joannes
2967 2256 3174 2314 autem,
3220 2249 3315 2318 qui
3363 2259 3585 2317 propter

2005 2340 2289 2396 lenitatem
2323 2348 2379 2394 ct
2425 2339 2697 2410 insignem
2747 2341 2939 2395 cordis
2972 2342 3264 2411 puritatem
3306 2356 3335 2394 a
3365 2342 3584 2396 Christo

2006 2442 2240 2498 amatur,
2273 2434 2344 2486 oh
2373 2446 2607 2503 eamque
2657 2448 2882 2491 causam
2927 2437 3213 2506 sapient-iac
3243 2445 3297 2491 et
3341 2437 3585 2491 scientia:

2009 2520 2297 2575 thesauros
2346 2523 2734 2592 consequitur,
2789 2538 2854 2579 ac
2911 2538 3008 2594 per
3060 2526 3151 2588 id,
3208 2524 3356 2595 quod
3418 2540 3581 2595 supra

2008 2619 2196 2678 pectus
2266 2613 2557 2679 reculmit,
2614 2613 2907 2685 theologia!
2965 2616 3075 2668 vim
3149 2624 3209 2669 et
3266 2616 3585 2671 facultatem
3676 2602 3683 2605 ’

2014 2697 2246 2766 accepit.
2294 2699 2620 2768 Sepulcrum
2653 2711 2834 2756 autem
2885 2704 2951 2758 ad
2982 2703 3141 2772 quod'
3171 2713 3449 2774 properat,
3475 2713 3586 2758 tam

2008 2787 2111 2856 qui
2183 2791 2635 2860 centetnplationi
2697 2808 2863 2862 quam
2922 2797 3016 2864 qui
3088 2796 3291 2850 actioni
3361 2796 3585 2859 studet,

2011 2877 2348 2947 profundum
2407 2882 2543 2936 illud
2605 2894 2713 2945 est,
2764 2885 2819 2938 in
2860 2898 2971 2954 quo
3026 2885 3277 2941 doctrina
3328 2901 3415 2951 ea,
3467 2900 3590 2956 qum

2012 2971 2319 3025 cmlestium
2352 2988 2417 3027 ac
2448 2983 2794 3029 terrenarum
2840 2991 3025 3030 rerum
3057 2979 3425 3045 cognitionem
3458 2994 3595 3033 con-

2013 3061 2174 3127 tinet,
2211 3063 2483 3119 absconsa
2530 3074 2635 3120 est.
2674 3064 2875 3119 Verum
2909 3066 3046 3120 alter
3075 3066 3379 3122 secundum
3408 3068 3590 3122 virtu-

2015 3163 2124 3208 tem
2168 3153 2233 3208 in'
2275 3155 2489 3210 actione
2518 3156 2778 3225 positam,
2819 3157 2958 3210 alter
2999 3160 3302 3213 secundum
3332 3170 3586 3214 contem-

1938 3221 1982 3285 ο
2016 3244 2311 3313 platiouem
2346 3245 2397 3298 in
2436 3221 2801 3312 intelligentia
2830 3248 3017 3310 sitam,
3053 3249 3301 3302 certatim
3330 3261 3586 3305 currunt.

2013 3335 2129 3392 liae
2181 3346 2361 3394 autem
2409 3340 2622 3393 ratione
2664 3338 2861 3393 Petrus
2910 3355 3035 3394 cum
3080 3339 3293 3397 Joanne
3337 3343 3591 3397 certatim

2012 3445 2237 3486 currere
2288 3430 2535 3499 dicitur,
2581 3432 2841 3501 quoniam
2886 3432 2977 3487 ille
3041 3434 3274 3488 activam
3328 3436 3589 3488 νὶι-ιιιιιιιη

2016 3520 2464 3589 amplectebatur,
2496 3520 2586 3574 hic
2610 3520 3028 3589 speculativam,
3052 3536 3173 3591 quae
3199 3522 3420 3591 quidem
3449 3523 3590 3576 inter

2014 3625 2073 3664 se
2128 3624 2372 3679 pugnare
2438 3609 2708 3663 ridentur.
2777 3609 3022 3679 Uterque
3075 3619 3257 3665 tamen
3331 3612 3589 3665 concordi

2014 3717 2179 3757 cursu
2219 3709 2494 3770 properat,
2548 3701 2810 3771 quoniam
2852 3718 2996 3757 unus
3032 3703 3284 3772 idemque
3336 3704 3391 3758 in
3436 3713 3585 3759 utro-

2015 3807 2123 3859 que
2180 3790 2492 3847 laudandus
2553 3806 2760 3861 scopus
2824 3794 3258 3862 perspiciebatur
3307 3795 3400 3849 :id
3445 3796 3590 3849 enim

2014 3883 2273 3951 agebant,
2306 3892 2366 3937 ut
2416 3883 2624 3938 scirent
2657 3898 2727 3938 an
2777 3897 2906 3938 vere
2958 3883 3224 3938 Dominus
3280 3885 3590 3942 revixisset.

2014 3973 2367 4029 Concurrunt
2400 3976 2565 4044 igitur
2599 3978 2652 4030 hi
2685 3976 2796 4031 duo
2820 3976 2988 4030 animi
3016 3977 3302 4045 proposito
3326 3985 3383 4033 et
3412 3976 3593 4031 inten-

2016 4066 2199 4130 tione,
2247 4067 2315 4120 ad
2368 4081 2529 4120 suum
2586 4076 2819 4137 uterque
2871 4068 3154 4137 proprium
3212 4068 3414 4122 bonum
3476 4067 3595 4136 pari

2016 4172 2276 4213 successu
2314 4158 2729 4213 contendentes.
2783 4161 2961 4229 Atque
3004 4169 3065 4214 ut
3103 4160 3348 4229 apertius
3384 4159 3588 4223 dicam,

2018 4256 2236 4315 propter
2258 4247 2593 4304 laudabilem
2616 4248 3020 4304 aemulationem
3046 4250 3301 4302 certatim
3336 4256 3587 4313 currunt,

2017 4336 2146 4390 dum
2173 4343 2405 4405 uterque
2423 4336 2650 4390 alterum
2679 4351 2941 4406 superare
2967 4345 3219 4400 conatur,
3235 4336 3326 4391 ille
3350 4337 3589 4402 actione,

2019 4427 2105 4483 hic
2128 4428 2611 4497 contemplatione.
2638 4426 3018 4481 Concordibus
3039 4436 3218 4482 autem
3244 4429 3448 4482 animis
3470 4443 3598 4483 cur-

2019 4527 2168 4582 runt,
2201 4519 2462 4588 quoniam
2504 4520 2573 4573 ad
2608 4535 2776 4573 unum
2806 4519 3050 4575 scientiae
3080 4534 3305 4587 scopum
3340 4518 3595 4583 tendunt,

347 4625 723 4681 “cedentem.
762 4626 917 4693 Quod
970 4627 1017 4681 si
1045 4627 1294 4681 altiorem
1332 4627 1639 4681 docmmm
1693 4636 1749 4680 ει
1795 4642 1919 4696 spe.
1948 4609 1991 4632 ”
2019 4619 2074 4663 et
2098 4609 2192 4679 qui
2223 4609 2278 4663 in
2315 4610 2552 4672 actione,
2597 4618 2653 4664 et
2682 4609 2776 4680 qui
2823 4609 2879 4663 in
2919 4609 3294 4678 speculatione
3326 4620 3595 4667 versatur.

345 4715 679 4773 culationem
705 4718 1003 4777 audiveris.
1040 4717 1431 4787 propemodum
1461 4719 1559 4772 tibi
1596 4718 1867 4773 dicentem
1897 4735 1913 4773 :

347 4804 469 4863 Noli
498 4824 586 4864 me
620 4818 861 4880 tangere,
895 4812 1111 4866 eminus
1147 4820 1256 4875 sta,
1292 4825 1358 4865 ne
1384 4818 1670 4881 propterea
1714 4825 1919 4866 maero-

348 4913 463 4953 rem
491 4900 743 4969 concipe,
779 4910 841 4956 ut
872 4901 959 4956 cui
1002 4902 1241 4957 nondum
1291 4901 1629 4958 sublimioris
1655 4900 1921 4955 doctrina:

347 4991 675 5060 attingendae
720 5000 966 5061 potestas
1015 4994 1128 5048 ﬁat.
1176 4992 1347 5049 Novit
1393 4993 1540 5048 enim
1600 4993 1915 5062 hujusmodi

348 5081 620 5146 doctrina,
655 5084 857 5152 quibus
883 5084 1123 5153 primum
1167 5083 1478 5154 aspicienda
1511 5084 1607 5147 sit,
1644 5084 1714 5139 iis
1754 5082 1921 5137 nimi-

353 5187 499 5238 rum,
536 5174 630 5242 qui
663 5175 900 5244 majores
930 5174 997 5229 ad
1044 5174 1557 5245 contemplationem
1597 5188 1925 5243 progressus

350 5262 624 5329 fecerunt,
661 5275 723 5319 ut
765 5263 964 5321 Joanni
998 5275 1052 5321 et
1085 5265 1249 5321 Petro
1298 5265 1720 5321 resurrectionis
1749 5279 1928 5319 encae-

354 5355 503 5409 nium
537 5356 777 5420 celebra,
813 5356 866 5410 id
912 5367 1017 5423 est,
1049 5356 1246 5411 festum
1297 5358 1439 5411 diem
1489 5356 1726 5419 celebra,
1760 5365 1923 5423 atque

351 5444 423 5497 ob
461 5445 659 5500 animae
689 5453 792 5500 tuae
822 5446 891 5500 ab
921 5445 1204 5501 ali'ectibus
1238 5447 1720 5508 resurrectionem,
1748 5446 1921 5516 gaude

353 5548 417 5586 ac
449 5535 742 5606 triumpha.
781 5536 905 5590 Evaa
952 5550 1238 5591 succurre.
1284 5534 1543 5601 Quaenam
1583 5544 1763 5588 autem
1818 5534 1922 5587 erit

354 5626 473 5695 opis
505 5626 742 5683 ferenda:
770 5628 946 5682 ratio?
987 5624 1078 5681 Illa
1110 5643 1207 5697 per
1244 5638 1522 5697 peccatum
1559 5627 1731 5696 prima
1765 5627 1915 5696 lapsa

423 5781 469 5812 "
493 5778 650 5835 Joan.
688 5797 778 5846 xx,
822 5782 904 5837 lli.
981 5782 1024 5812 "‘
1058 5781 1191 5836 ibid.
1223 5782 1277 5834 3.

2022 4704 2098 4756 Ac
2141 4700 2422 4756 celeritate
2467 4701 2688 4772 quidem
2724 4705 2772 4756 is
2823 4702 2919 4771 qui
2974 4703 3427 4772 contemplationi
3475 4720 3599 4759 sese

2024 4793 2245 4859 addixit,
2269 4793 2499 4849 actionis
2534 4794 2840 4849 studiosum
2863 4795 3176 4861 antevertit,
3199 4806 3386 4864 utpote
3407 4811 3595 4851 crassa

2026 4885 2266 4955 materia
2284 4884 2467 4940 minus
2494 4893 2757 4952 gravatus
2788 4902 2802 4938 :
2834 4884 3021 4939 studio
3049 4894 3230 4940 autem
3267 4886 3596 4956 speculatio—

2026 4979 2111 5034 nis
2145 4979 2427 5034 alumnum
2456 4980 2504 5034 is
2531 4986 2779 5049 superat,
2822 4977 2917 5048 qui
2942 4979 3121 5033 activa
3162 4979 3364 5033 virtute
3393 4979 3599 5033 instru-

2021 5078 2142 5124 ctus
2176 5079 2281 5136 est,
2331 5079 2518 5140 utpote
2566 5071 2915 5126 laboriosior.
2970 5070 3177 5125 Adhaac
3209 5070 3301 5138 qui
3351 5078 3598 5124 coutcm—
3680 5128 3683 5129 γ

2022 5161 2260 5232 platione
2284 5162 2609 5226 delectatur,
2646 5162 2827 5217 solum
2859 5162 3153 5231 intelligit:
3181 5173 3238 5216 at
3264 5161 3357 5231 qui
3383 5160 3599 5215 actione

2028 5255 2248 5324 gaudet,
2287 5254 2668 5323 experimento
2698 5255 2986 5311 scientiam
3010 5256 3156 5324 capit
3187 5273 3201 5308 :
3236 5254 3609 5324 quemadmo--

2028 5348 2156 5402 dum
2195 5347 2435 5404 Joannes
2461 5347 2512 5401 iu
2545 5355 2962 5402 monumentum
2989 5349 3166 5402 solum
3203 5361 3262 5400 se
3290 5345 3595 5400 inclinavit.

2027 5438 2227 5493 Petrus
2251 5453 2383 5494 vero
2418 5439 2678 5493 introivit.

2095 5530 2228 5585 ibid.
2290 5530 2444 5596 Quod
2482 5533 2528 5585 si
2569 5530 2783 5588 Thomw
2822 5533 2994 5586 instar
3047 5547 3081 5585 a
3125 5536 3258 5583 coetu
3307 5527 3593 5597 discipulo-

2026 5640 2182 5690 rum,
2245 5632 2351 5680 etc.
2432 5623 2691 5695 Quisquis
2742 5624 2796 5677 in
2862 5621 2985 5677 ﬁdei
3034 5619 3281 5676 doctrina
3342 5619 3613 5684 dubitat.,-
