4024 6292
453 307 612 396 1399

1861 342 2244 406 ADDENDA.

3559 352 3703 417 1400

452 449 692 504 Thomas
737 457 840 514 est,
881 464 945 503 ac
976 449 1163 505 eodem
1210 450 1373 505 modo
1416 451 1699 521 Didymus,
1739 453 1834 522 qui
1875 470 2020 524 mgre
2047 462 2095 515 Α
2123 472 2151 510 a
2197 461 2432 529 quodam
2481 460 2792 517 Christiano
2842 464 3149 522 maledictis
3189 466 3585 536 conviciisque,
3640 478 3702 521 ut

450 541 762 604 adducitur,
811 548 871 594 ut
905 541 1122 595 virtutis
1169 549 1224 594 et
1269 541 1511 597 scientiae
1556 543 1660 612 ipsi
1716 543 1916 609 insitae,
1952 560 2019 600 ac

448 649 544 702 per
591 632 890 687 admissum
931 641 1214 701 peccatum
1259 643 1512 697 mortuae,
1553 637 2016 691 resurrectionem

449 729 569 781 fore
625 726 837 781 credat.
871 723 1131 794 Discipuli
1171 736 1352 779 autent
1404 736 1555 791 sunt,
1587 727 1681 796 qui
1731 737 1883 783 certa
1913 728 2018 782 [ide

448 823 547 875 sibi
579 821 913 890 persuadent
935 819 1236 883 Christum,
1264 820 1369 874 hoc
1397 829 1504 884 est,
1533 830 1838 874 emortuam
1861 822 2017 891 prius

449 913 729 971 virtutem,
756 927 852 981 per
883 910 1122 965 divinam
1152 911 1449 978 potentiam
1474 911 1528 964 in
1556 913 1688 981 ipsis
1713 913 1976 967 revixisse
2001 932 2014 967 :

445 1005 649 1072 quique
676 1011 736 1056 ut
767 1003 970 1056 Christi
1004 1002 1258 1071 discipuli
1298 1004 1440 1066 loco,
1476 1004 1557 1058 sic
1581 1004 1684 1073 ipsi
1724 1006 2019 1060 concordia

445 1098 837 1165 sententiaeque
861 1097 1119 1152 firmitate
1137 1109 1190 1151 et
1211 1103 1525 1153 constantia
1557 1099 1839 1168 conjuncti
1865 1111 2015 1165 sunt,

458 1187 524 1239 ad
571 1202 712 1254 quos
737 1188 902 1240 etiam
927 1185 1129 1241 Christi
1164 1188 1340 1256 gratia
1371 1189 1616 1244 immeat.
1641 1189 1698 1244 Si
1735 1190 1898 1261 igitur
1920 1190 2016 1245 tibi

447 1277 760 1343 contigerit,
788 1285 849 1330 ut
875 1276 944 1352 ah
974 1291 1164 1332 eorum
1199 1287 1341 1332 cmtn
1388 1279 1651 1341 abfueris,
1689 1280 1791 1336 hoc
1819 1290 1924 1343 est,
1959 1289 2017 1334 ut

449 1381 543 1433 per
588 1377 642 1420 te
687 1367 872 1422 minus
915 1369 1129 1430 credas,
1183 1369 1374 1423 saltem
1420 1371 1504 1426 his
1558 1372 1651 1439 qui
1703 1371 2018 1441 hujusmodi

447 1460 865 1514 resurrectionis
911 1461 1212 1529 periculum
1269 1461 1538 1528 fecerunt,
1582 1479 1647 1518 ac
1687 1479 1802 1518 rem
1843 1465 1917 1519 ita
1959 1479 2019 1520 se

447 1551 647 1605 habere
669 1552 1021 1621 conﬁrmant,
1050 1554 1208 1608 [idem
1233 1569 1453 1626 arroga.
1481 1554 1536 1609 Si
1572 1571 1640 1610 ne
1669 1555 1752 1611 his
1774 1555 2016 1623 quidem,

446 1654 502 1694 at
537 1655 684 1698 certe
728 1654 970 1699 veterum
1021 1657 1365 1715 peccatorum
1409 1649 1692 1710 memoria,
1741 1649 1795 1701 in
1835 1656 2018 1702 mente

444 1735 579 1788 citra
623 1738 939 1805 passionem
983 1741 1277 1808 impressa,
1317 1739 1414 1793 tibi
1443 1740 1603 1793 iidem
1647 1739 1831 1794 faciat.
1883 1738 2019 1794 Pas-

446 1824 619 1879 sionis
674 1835 856 1882 autem
905 1841 1099 1896 expers
1145 1829 1450 1893 memoria,
1499 1828 1634 1882 nihil
1683 1839 1770 1882 est
1824 1828 2016 1894 aliud,
2047 1799 2097 1859 B

443 1932 608 1985 quam
667 1919 1063 1987 praeteritarum
1136 1935 1320 1974 rerum
1377 1922 1582 1990 absque
1633 1921 1913 1991 voluptate
1967 1931 2023 1976 et

445 2022 685 2063 maerore
723 2011 1035 2077 impressio,
1065 2011 1245 2066 nullas
1278 2012 1486 2067 habens
1514 2013 1805 2066 vulnerum
1841 2012 2023 2082 perfo-

445 2102 735 2168 rationes,
788 2114 1014 2172 propter
1070 2119 1191 2159 eam
1239 2119 1362 2174 quae
1401 2115 1590 2173 postea
1648 2115 1835 2160 secuta
1902 2113 2016 2168 est,

447 2193 963 2261 tranquillissimam
1007 2196 1174 2249 animi
1215 2195 1693 2262 constitutionem,
1727 2213 1892 2267 quam
1928 2195 2021 2267 Qui

443 2298 553 2338 non
584 2287 838 2350 senserit,
875 2303 944 2341 ne
975 2286 1069 2340 alii
1122 2287 1347 2356 quidem
1397 2288 1716 2352 crediderit,
1757 2290 2022 2356 quemad-

444 2376 673 2430 modum
713 2379 940 2432 Thomas
972 2379 1196 2433 accidit.
1240 2377 1502 2434 Memoria
1533 2380 1734 2449 itaque,
1769 2389 2023 2448 peccato-

442 2482 567 2522 rum
597 2468 890 2538 vestigium
928 2477 1094 2537 atque
1144 2469 1437 2538 impressio
1468 2479 1554 2524 est
1583 2487 1598 2524 :
1628 2471 1765 2523 clavi
1811 2478 2020 2536 autem,

445 2557 562 2626 ipsa
621 2569 862 2626 peccata,
910 2559 1258 2628 prolabentes
1313 2560 1564 2614 homines
1620 2561 2018 2633 transiigentia.

444 2646 715 2712 Quocirca
761 2660 884 2700 cum
917 2660 1038 2700 eam
1088 2649 1198 2702 vim
1248 2647 1531 2714 habueris,
1567 2658 1628 2703 ut
1664 2663 1726 2705 ea
1757 2650 1878 2706 sine
1911 2652 2022 2706 ullo

444 2737 612 2792 animi
639 2736 832 2790 atiectu
864 2736 1128 2792 memoria
1153 2738 1393 2794 recolere
1423 2753 1617 2809 queas,
1653 2748 1768 2796 tum
1798 2742 2018 2797 demum

444 2828 543 2882 tibi
601 2827 919 2898 hujusmodi
973 2829 1231 2886 virtutem
1283 2831 1655 2888 resnrrexisse
1695 2847 2019 2902 persuasum

447 2923 605 2978 habe.

525 3012 662 3067 Ibid.
752 3010 814 3068 Si
879 3011 938 3066 in
995 3011 1264 3080 infernum
1335 3013 1658 3078 descendat,
1718 3017 1878 3070 sintut
1931 3017 2022 3072 de-

445 3108 673 3171 scende,
729 3116 838 3161 etc.
894 3105 1270 3162 Descendente
1322 3107 1541 3164 Christo
1599 3111 1652 3163 itt
1705 3111 2022 3178 infernum,
2051 3155 2094 3212 ο

448 3201 626 3270 ipsum
664 3216 885 3270 quoque
921 3215 1018 3270 per
1061 3201 1581 3270 contemplationem
1615 3218 1864 3272 sequere,
1912 3219 2020 3258 non

447 3294 518 3347 ob
559 3295 784 3357 malum,
839 3294 934 3348 sed
983 3301 1042 3347 ut
1093 3293 1446 3348 excellentem
1498 3308 1691 3348 eorum
1739 3311 1861 3364 qua!
1914 3297 2023 3351 illic

447 3395 808 3455 peraguntur,
860 3385 1126 3438 rationein
1181 3383 1457 3438 addiscas.
1518 3384 1597 3439 Ac
1643 3401 1848 3454 quaere,
1901 3403 2024 3457 quae

447 3480 688 3548 duplicis
739 3478 942 3533 Christi
988 3477 1294 3532 descensus
1331 3491 1498 3531 causa
1552 3477 1738 3541 fuerit,
1797 3480 2023 3536 alterius

448 3573 706 3625 nimirum
773 3587 803 3624 a
853 3570 993 3625 cosio
1043 3569 1096 3623 in
1147 3579 1374 3631 terram,
1419 3570 1645 3626 alterius
1698 3586 1726 3624 a
1781 3581 1922 3626 terra
1965 3573 2020 3626 in

448 3665 722 3717 infernum
759 3679 772 3716 :
803 3677 872 3715 an
927 3659 1184 3726 ἴοι-1³550,
1244 3671 1304 3714 ιιι
1351 3662 1404 3714 itt
1458 3670 1599 3716 terra
1657 3664 1876 3731 quidem
1929 3680 2023 3733 per

449 3761 645 3822 Iidem,
701 3769 766 3809 ac
822 3771 1014 3824 puram
1075 3763 1131 3810 et
1180 3755 1524 3810 innocentem
1587 3757 1712 3808 vitae
1768 3757 2024 3826 degendae

449 3849 743 3912 rationem,
779 3847 995 3900 animas
1024 3862 1146 3900 cum
1185 3847 1521 3916 corporibus
1559 3848 1742 3902 salt-as
1775 3848 1973 3902 laceret
2004 3866 2019 3902 :

450 3941 504 3992 in
537 3939 752 3992 inferno
779 3951 960 3992 autem
990 3939 1205 3993 animas
1238 3938 1357 3994 sine
1390 3940 1714 4005 corporibus
1742 3957 1837 4007 per
1860 3941 2020 3995 Iidem

446 4027 662 4083 solam?
689 4027 928 4082 Proinde
955 4029 1210 4098 quisquis
1237 4029 1304 4083 de
1335 4031 1532 4084 animae
1577 4031 1796 4084 interitu
1831 4048 1859 4084 a
1894 4047 2021 4100 pec-

452 4130 576 4175 oato
605 4130 992 4189 promanante,
1041 4135 1107 4175 ac
1157 4135 1352 4176 rursus
1399 4121 1465 4176 de
1497 4123 1899 4177 resurrectione
1927 4139 2022 4192 per

446 4212 723 4267 Christum
774 4213 1162 4281 contingente,
1213 4213 1638 4282 disputationem
1691 4215 1878 4280 habet,
1934 4217 2024 4272 ille

347 4327 350 4330 ’
447 4308 611 4361 etiam
669 4307 724 4360 in
773 4305 1045 4361 infernum
1081 4305 1384 4371 descendit,
1447 4317 1508 4361 ιιι
1558 4309 1669 4362 vitii
1703 4309 1921 4365 habitus
1969 4320 2023 4365 et

452 4407 632 4459 actus,
677 4396 854 4466 quiin
884 4397 1068 4466 aliquo
1112 4395 1236 4460 fuit,
1278 4395 1512 4451 reditum
1551 4398 1615 4452 ad
1663 4399 1918 4452 virtutem
1957 4415 2023 4454 ac

2124 552 2408 620 improbus
2438 562 2494 608 et
2516 555 2716 624 impius
2741 556 3012 612 laceratus
3043 567 3212 622 esset,
3248 569 3409 614 noctu
3439 561 3506 614 ad
3545 575 3702 614 con-

2119 645 2437 699 viciatorem
2472 661 2628 700 suum
2656 647 2828 712 venit,
2871 648 3257 718 hominemque
3284 651 3590 715 accusavit,
3647 660 3708 704 ut

2121 737 2307 805 inique
2352 739 2531 808 ipsum
2585 741 2888 796 maledictis
2926 743 3308 796 insectantem.
3358 742 3468 810 Ego
3515 743 3697 798 enim.

2123 828 2319 897 inquit,
2351 845 2436 884 me
2467 841 2806 899 peccatorem
2837 847 2962 887 esse
3005 832 3433 902 haudquaquam
3484 833 3707 886 inﬁcias

2122 918 2271 974 ivero
2300 938 2314 974 :
2347 935 2534 975 verum
2565 937 2690 976 cum
2714 921 2976 978 Christus
2998 923 3052 975 in
3083 921 3362 976 infernum
3394 923 3703 983 deseendit,

2120 1026 2284 1066 nemo
2315 1025 2443 1068 ante
2485 1027 2573 1068 me
2603 1014 2671 1068 ad
2704 1014 2865 1069 fidem
2916 1016 3173 1069 accessit.
3229 1013 3346 1069 Hoc
3373 1014 3440 1068 de
3472 1013 3708 1068 Platone

2119 1111 2582 1155 commemoratur
2613 1119 2629 1156 :
2662 1101 2804 1170 quod
2860 1102 3190 1156 credendum
3244 1103 3339 1167 sit,
3376 1118 3571 1166 necne,
3606 1119 3701 1155 au-

2121 1191 2395 1248 ditoribus
2423 1192 2784 1260 judicandum
2819 1194 3091 1263 relinquo.

2189 1279 2249 1336 Si
2316 1283 2370 1336 in
2429 1283 2586 1336 oculos
2661 1285 2964 1346 ascendat,
3036 1284 3197 1339 simul
3267 1286 3492 1340 ascende
3525 1325 3540 1347 ,
3595 1296 3709 1340 etc.

2119 1371 2327 1437 David,
2385 1371 2530 1428 Psal.
2586 1389 2762 1440 mn,
2817 1374 3040 1444 angelos
3110 1376 3446 1439 introducit,
3499 1377 3706 1446 partim

2119 1464 2448 1519 comitantes
2486 1463 2792 1530 Christum,
2832 1478 2898 1520 ac
2941 1465 3319 1533 superioribus
3365 1466 3577 1536 angelis
3623 1467 3712 1519 di-

2119 1563 2348 1612 centes:
2380 1555 2623 1610 Attollite
2663 1565 2871 1626 portas,
2911 1556 3174 1623 principes
3206 1558 3396 1618 nostri,
3440 1567 3490 1610 et
3531 1557 3711 1610 elei-ao

2121 1647 2250 1700 mini
2267 1653 2434 1714 porta:
2459 1645 2756 1711 aaternales,
2779 1656 2828 1700 et
2852 1646 3089 1699 introibit
3113 1644 3222 1698 Rea:
3251 1645 3473 1718 gloriae;
3505 1648 3709 1713 partim

2122 1739 2284 1792 etiam
2341 1736 2775 1806 interrogantes,
2843 1736 2974 1802 Quis
3018 1739 3097 1791 est
3147 1738 3248 1790 iste
3303 1735 3418 1790 Rex
3469 1736 3712 1804 glorise?

2128 1839 2293 1899 atque
2326 1828 2446 1882 illos
2475 1843 2668 1884 rursus
2700 1828 3091 1898 respondentes
3121 1846 3136 1881 :
3171 1826 3428 1880 Dominus
3464 1826 3625 1895 fortis
3656 1837 3709 1879 et

2127 1933 2346 1987 potens,
2397 1918 2654 1974 Dominus
2707 1920 2866 1990 fartis
2921 1920 2978 1972 in
3029 1918 3214 1988 prtelio
3240 1918 3332 1974 “‘.
3384 1918 3463 1972 Ac
3513 1932 3709 1972 rursus

2127 2013 2318 2068 eadem
2362 2011 2739 2083 interrogatio,
2771 2021 2828 2068 et
2857 2025 3183 2082 responsum
3221 2009 3353 2065 huic
3396 2022 3710 2078 congruens

2127 2108 2444 2177 angelorum
2493 2105 2561 2160 ad
2611 2105 2749 2161 alios
2802 2104 3026 2174 angelos
3079 2103 3378 2158 inducitur.
3437 2101 3708 2155 Hortatur

2128 2199 2315 2270 itaque
2346 2197 2662 2267 Theologus
2695 2195 3002 2250 auditorem
3037 2202 3098 2248 ut
3125 2194 3408 2250 Christum
3445 2192 3500 2246 in
3533 2191 3708 2245 ccelos

2129 2290 2513 2347 ascendentem
2553 2288 2870 2352 comitetur,
2920 2296 3104 2341 mente
3149 2285 3360 2341 scilicet
3406 2293 3461 2338 et
3491 2285 3710 2353 cogita-

2129 2383 2299 2443 tione,
2347 2395 2516 2452 seque
2555 2380 2641 2435 vel
2691 2395 2815 2435 cum
2861 2377 3260 2434 deducentibus
3293 2391 3420 2430 eum
3466 2375 3704 2441 angelis,

2126 2474 2210 2528 vel
2254 2487 2381 2527 cum
2431 2469 2832 2540 excipientibus
2875 2470 3087 2539 jungat.
3136 2467 3190 2524 is
3227 2477 3409 2523 autem
3455 2468 3708 2534 seipsum

2129 2565 2237 2620 illis
2280 2562 2548 2634 adjungit,
2590 2562 2684 2630 qui
2735 2575 3018 2617 sermones
3056 2561 3311 2630 utrinque
3360 2559 3579 2612 habitos
3611 2572 3709 2611 ex-

2126 2657 2355 2730 pendit,
2397 2664 2562 2725 atque
2601 2653 3056 2724 interrogationes
3091 2666 3282 2707 eorum
3320 2661 3377 2705 et
3413 2663 3707 2720 responsa,

2127 2762 2433 2819 eorumque
2473 2760 2670 2803 causas
2727 2745 3024 2800 examinat.
3065 2740 3209 2798 idem
3267 2742 3442 2813 portis
3480 2752 3712 2810 quoque

2127 2843 2359 2912 imperat
2393 2839 2607 2909 (sedulo
2640 2852 2839 2907 nempe
2872 2833 3199 2906 inquirens),
3230 2832 3361 2904 quid
3390 2832 3464 2886 sit
3522 2844 3709 2885 causa

2128 2950 2301 3005 quare
2358 2932 2538 3003 angeli
2599 2931 2822 2996 dicant,
2881 2929 3124 2983 Attotlite
3193 2936 3398 2997 portas.
3461 2923 3703 2980 Causam

2128 3035 2310 3082 autem
2349 3024 2512 3093 hujus
2561 3021 2814 3078 elationis
2851 3019 3156 3089 Theologus
3207 3019 3324 3084 ipse
3371 3013 3572 3077 aﬂert,
3614 3013 3705 3066 ni-

2128 3117 2330 3171 mirum
2379 3114 2581 3169 idcirco
2621 3119 2806 3182 portas
2857 3108 3070 3171 attolli,
3113 3117 3174 3162 ut
3209 3105 3487 3162 Christum
3529 3103 3706 3159 subli-

2127 3210 2356 3264 miorem
2389 3221 2455 3262 ex
2491 3205 2746 3275 passione
2785 3201 2986 3258 factum
3027 3199 3354 3270 suscipiant.
3394 3195 3510 3251 Non
3550 3194 3700 3249 enim

2124 3300 2332 3362 dicunt,
2386 3297 2622 3366 Aperite,
2679 3293 2796 3359 sed,
2851 3291 3118 3356 Attotlite,
3173 3290 3279 3345 hoc
3328 3297 3416 3343 est
3469 3284 3700 3354 Erigite.

2124 3393 2302 3461 Atque
2353 3391 2458 3445 hoc
2496 3388 2614 3443 loco
2651 3387 2784 3443 illud
2829 3385 3106 3455 explicat,
3146 3383 3294 3453 quod
3331 3381 3402 3437 ab
3440 3377 3701 3448 Apostolo

2125 3489 2191 3540 ad
2223 3484 2598 3552 Philippenses
2632 3480 2700 3535 de
2731 3479 2950 3534 Christo
2971 3477 3174 3532 dictum
3213 3481 3298 3528 est
3328 3489 3344 3528 :
3382 3469 3702 3524 (lautitias-it

2124 3577 2481 3646 semetipsum,
2520 3575 2693 3639 factus
2726 3569 2965 3625 obediens
2992 3583 3154 3638 usque
3179 3567 3248 3620 ad
3285 3575 3525 3627 mortem,
3561 3577 3704 3614 mor-

2127 3684 2230 3727 tem
2263 3681 2438 3724 antem
2484 3667 2679 3722 crucis.
2713 3665 2936 3732 Propter
2980 3661 3118 3732 quod
3162 3668 3212 3714 et
3255 3659 3397 3714 Deus
3443 3653 3703 3709 mttovit

2123 3781 2241 3818 eum
2269 3763 2336 3824 ",
2371 3771 2478 3816 etc.
2525 3761 2600 3813 Ac
2643 3757 2871 3827 proinde
2904 3754 2959 3808 in
2996 3764 3268 3808 summam
3303 3748 3701 3803 sublimitatem

2123 3859 2366 3914 evectus,
2399 3846 2748 3903 sublimiores
2783 3857 3004 3914 quoque
3045 3852 3233 3910 portas
3269 3837 3385 3892 ﬁeri
3432 3836 3703 3906 postulat,

2124 3943 2190 3996 ad
2224 3942 2398 4012 ipsius
2429 3938 2825 4008 exceptionem.
2859 3935 3015 4003 Quod
3043 3933 3090 3988 si
3123 3930 3301 4002 angeli
3333 3926 3702 3997 suscipientes

2125 4044 2305 4088 mente
2357 4033 2622 4094 haereant,
2673 4029 2918 4084 videntes
2963 4024 3240 4082 Christum
3291 4036 3418 4076 cum
3469 4031 3708 4088 corpore

2125 4125 2505 4180 ascendentem
2531 4162 2548 4190 ,
2596 4136 2662 4176 ac
2704 4119 2976 4190 passionis
3019 4117 3174 4186 signa
3223 4114 3524 4177 ferentem,
3575 4125 3706 4180 quae

2125 4217 2368 4288 quidem,
2400 4231 2526 4272 cum
2569 4215 2637 4269 de
2671 4213 2814 4268 ctelo
2861 4211 3239 4272 descenderet,
3285 4222 3391 4262 non
3436 4203 3702 4268 habebat,

2125 4319 2290 4379 atque
2322 4309 2446 4362 ideo
2475 4305 2884 4362 sciscitarentur
2913 4321 2927 4357 :
2957 4302 3222 4368 Quisnam
3252 4300 3342 4354 hic
3366 4298 3490 4354 est?
3524 4298 3578 4352 is
3603 4297 3704 4366 qui

2125 4403 2194 4455 de
2223 4400 2440 4454 Christo
2475 4399 2570 4462 ita,
2613 4405 2673 4450 ut
2718 4411 2932 4465 aequum
2967 4403 3070 4459 est,
3099 4393 3284 4458 sentit,
3319 4391 3428 4446 illis
3471 4405 3707 4458 respon-

451 4488 738 4542 seientiam
785 4486 939 4540 verbi
981 4487 1244 4542 benetieio
1283 4498 1671 4556 consequatur.
1732 4488 2020 4542 Enimvero
2052 4499 2096 4554 ι)
2125 4490 2272 4546 debit
2301 4507 2315 4543 :
2345 4488 2448 4543 llic
2474 4497 2557 4542 est
2587 4487 2675 4542 ille
2703 4497 2918 4556 potens,
2950 4499 3078 4539 cum
3107 4486 3162 4538 in
3194 4484 3407 4538 caeteris
3438 4481 3704 4537 omnibus

450 4578 726 4643 Christus,
781 4579 835 4633 in
893 4579 1170 4635 infernum
1213 4581 1575 4646 descendens,
1639 4597 1744 4637 non
1804 4597 2019 4648 omnes,

452 4683 640 4722 verum
675 4683 773 4724 eos
799 4671 948 4726 solos
976 4672 1070 4739 qui
1104 4672 1480 4736 crediderunt,
1507 4673 1690 4727 salvos
1727 4673 1856 4726 fecit
1879 4673 2019 4744 (25).

450 4759 879 4829 Chrysostomus
907 4763 1024 4831 ipse
1069 4763 1304 4820 aii‘trmat
1336 4766 1610 4819 neminem
1655 4767 1709 4820 in
1743 4764 1960 4820 inferno
1993 4781 2024 4820 a

451 4851 673 4906 Christo
721 4851 953 4906 salutem
989 4855 1291 4922 accepisse,
1331 4857 1439 4910 nisi
1473 4858 1566 4926 qui
1614 4857 1808 4912 salute.
1825 4857 2024 4926 dignus

451 4951 618 5006 esset,
651 4956 777 4997 cum
805 4958 868 4996 ex
906 4943 1008 4998 hac
1034 4947 1144 4998 vita
1175 4945 1540 5002 discessisset.
1571 4948 1641 5000 At
1673 4947 1908 5004 fortasse
1929 4951 2022 5019 qui

371 5071 379 5078 -
454 5044 569 5088 tum
599 5033 974 5099 crediderunt,
1014 5035 1192 5089 salute
1225 5036 1372 5106 digni
1417 5037 1586 5092 habiti
1635 5047 1782 5093 sunt.
1824 5039 2024 5107 Cujus-

455 5125 600 5179 modi
644 5124 902 5196 quiddam
930 5124 999 5180 de
1021 5127 1238 5180 ethnico
1267 5128 1493 5182 Platone
1524 5129 1577 5182 in
1607 5128 1822 5183 Patrum
1849 5131 2022 5185 histo-

454 5216 554 5272 riis
576 5215 984 5272 circumfertur.
1031 5217 1165 5271 Natn
1200 5235 1323 5274 eum
1345 5221 1437 5274 diu
1477 5228 1634 5275 antea
1668 5221 1775 5275 vita
1798 5222 2021 5276 functus

2127 4583 2311 4642 rebus,
2353 4591 2466 4637 tum
2505 4581 2669 4636 etiam
2707 4581 2759 4634 in
2783 4580 2950 4649 bello
2986 4578 3131 4648 quod
3163 4593 3310 4633 nunc
3343 4591 3440 4646 pro
3481 4577 3707 4648 gineris

2129 4675 2348 4730 humani
2377 4675 2552 4729 salute
2580 4675 2845 4727 adversus
2870 4671 3144 4726 diabolum
3173 4670 3343 4741 gessit
3367 4688 3382 4725 :
3405 4683 3472 4724 ac
3495 4669 3706 4738 duplex

2126 4781 2448 4835 responsum
2495 4763 2667 4829 dabit,
2701 4763 2846 4817 velut
2889 4772 3204 4817 constanter
3245 4761 3298 4815 in
3331 4761 3417 4816 his
3448 4774 3574 4829 qua:
3602 4759 3707 4813 de-

2125 4858 2316 4922 crevit,
2349 4870 2696 4927 permanens,
2727 4870 2792 4909 ac
2822 4869 2921 4926 per
2949 4853 3188 4922 ejusdem
3229 4853 3501 4907 sermonis
3544 4867 3707 4921 repe—

2128 4949 2374 5004 titionem
2405 4949 2731 5002 sententiam
2760 4963 2914 5003 suam
2945 4945 3299 5006 conﬁrmans,
3327 4945 3482 5015 juxta
3513 4945 3647 4998 illud
3685 4963 3702 4997 :

2124 5039 2191 5094 In
2219 5049 2498 5108 conspectu
2534 5041 2762 5094 duorum
2791 5040 2868 5092 sel
2907 5039 3067 5091 trium
3109 5040 3322 5092 testium
3351 5038 3517 5091 stabit
3545 5053 3709 5090 omne

2123 5130 2331 5184 uerbum
2361 5130 2428 5186 “.
2464 5131 2637 5198 Atque
2670 5131 2742 5182 ita
2783 5132 2895 5182 inter.
2928 5127 3202 5182 humiliori
3251 5142 3414 5182 sensu
3467 5127 3703 5196 intelligi

2124 5232 2396 5292 poterunt.
2439 5223 2608 5277 Aliter
2655 5221 2842 5284 etiam,
2883 5237 2979 5291 per
3025 5219 3249 5288 angelos
3296 5230 3705 5290 prosequentes

523 5379 596 5413 '“
637 5379 785 5438 Psal.
817 5374 972 5444 xxt'n,
1026 5378 1078 5443 Ἰ,
1123 5380 1177 5444 9,
1225 5380 1312 5436 10.
1385 5381 1427 5412 ⁸⁷
1483 5382 1718 5453 Philipp.
1767 5398 1826 5447 ιι,
1870 5381 1924 5449 8,
1965 5384 2020 5442 9.

2125 5382 2142 5414 ³
2176 5383 2332 5438 Deut.
2383 5398 2514 5448 xvn,
2546 5383 2614 5446 6;
2647 5379 2839 5436 Matth.
2873 5397 3026 5446 xvnt,
3062 5380 3150 5436 16.

527 5538 644 5611 (25),
666 5538 893 5595 Videtur
923 5541 1013 5600 hic
1045 5541 1288 5601 alludere
1317 5541 1382 5594 ad
1421 5544 1469 5593 id
1500 5541 1642 5610 quod
1696 5542 1770 5594 ait
1819 5542 2016 5604 Petrus

455 5611 639 5676 priore
675 5612 896 5676 epistola
945 5628 1064 5674 sua,
1101 5629 1220 5680 cap.
1260 5613 1314 5673 5,
1367 5628 1557 5680 nempe
1593 5611 1876 5665 Christum
1931 5612 2013 5663 his

457 5680 547 5745 qui
599 5681 663 5748 in
713 5695 931 5732 rat-rere
975 5691 1132 5735 erant
1184 5683 1503 5748 pra-dicasse
1555 5699 1567 5732 :
1619 5696 1684 5733 ex
1733 5696 1842 5748 quo
1893 5681 2013 5732 loco

462 5747 768 5812 suspicatur
817 5747 1228 5815 Nazianzenus,
1269 5752 1546 5809 Christum
1601 5751 1672 5809 ita
1720 5747 1843 5809 cum
1883 5751 2013 5822 ipsis

2121 5543 2319 5608 egisse,
2367 5551 2425 5593 ut
2470 5555 2564 5592 eos
2611 5540 2860 5605 quidem.
2909 5539 3000 5605 qui
3048 5538 3113 5591 ad
3165 5536 3343 5604 ipsius
3397 5537 3703 5592 adventum

2126 5614 2284 5665 fidem
2317 5611 2546 5678 amplexi
2579 5619 2726 5674 sunt,
2757 5610 2808 5661 in
2843 5610 3040 5664 malum
3070 5608 3330 5665 duxerit:
3357 5623 3454 5662 eos
3491 5617 3705 5674 autem,

2121 5684 2212 5750 qtti
2263 5682 2420 5761 iidem
2472 5681 2572 5752 ipsi
2628 5683 2830 5736 habere
2873 5680 3180 5746 uoluerunt
3235 5678 3290 5732 in
3340 5679 3525 5760 pontis
3565 5678 3702 5741 reli.

2119 5761 2327 5816 atterit.
