4024 6292
112 345 297 412 1401
1096 353 1423 416 NICETAS
1467 357 1551 416 ΙΝ
1591 355 1735 416 ORA

1859 353 2026 415 XLII
2065 355 2133 417 S.
2168 354 2404 418 GREG.
3291 359 3434 424 1402

111 461 370 515 divina:
401 461 766 516 Providentia:
797 461 1042 517 doctrina
1075 466 1368 532 signiﬁcari
1419 477 1617 534 potest,
1653 481 1747 534 per
1775 471 1818 525 Α
1853 466 2048 534 partim
2093 479 2164 520 on
2209 466 2551 521 divinitatem
2575 506 2590 529 ,
2637 481 2736 537 per
2779 483 2944 538 quam
2995 469 3266 526 illustrata
3309 486 3430 541 est,

111 552 532 620 suscipientes
562 562 765 616 autem,
799 553 1045 607 doctrina
1076 556 1398 622 divinitatis,
1433 573 1527 625 per
1557 573 1746 611 ascen-
1851 557 2052 628 quippe
2077 572 2186 627 qua
2213 558 2350 614 nihil
2381 559 2684 628 pulchrius.

116 658 272 697 sum
310 655 506 698 autem
537 660 564 696 a
601 653 740 698 terra
773 644 826 697 in
857 646 1092 710 cmlum,
1126 648 1324 701 mentis
1356 665 1382 701 a
1416 650 1748 718 cogitatione
1919 649 2038 702 Col.
2075 649 2178 704 658
2213 649 2275 704 C.
2315 649 2454 715 Quid
2495 653 2564 704 ad
2603 653 2716 706 lucc
2762 653 2913 706 nobis
2961 654 3299 722 sycophanta:
3335 651 3432 710 ’άὶ-

117 734 537 788 humanitatis
559 734 760 790 Christi
786 736 851 791 ad
879 735 1124 804 ejusdem
1156 738 1492 792 divinitatem
1521 741 1743 803 erectio,
1849 751 2001 803 cunt,
2030 751 2137 796 etc.
2164 742 2429 797 Absoluta
2461 745 2775 799 narratione
2803 745 3098 816 Gregorius
3128 750 3428 802 Orationem

119 833 325 892 atque
373 825 447 878 ab
487 826 703 880 actione
737 826 803 879 ad
841 829 1274 895 speculationem
1318 830 1552 884 evectio.
1587 829 1748 894 Quis-
1849 833 1914 885 ad
1944 833 2228 888 haereticos
2253 833 2537 898 convertit,
2563 849 2771 903 eosque
2797 836 3034 904 primum
3061 839 3428 905 sycophantas

119 916 276 984 quis
319 915 497 985 igitur
525 931 621 985 per
649 916 948 984 spiritalem
983 918 1265 972 scientiam
1301 922 1364 972 ad
1396 921 1746 990 providentiae
1847 934 2027 988 vocat,
2065 933 2122 978 ut
2163 924 2813 998 Filiumcalumniantes,
2847 930 3005 997 quasi
3054 945 3158 980 non
3207 944 3332 983 vere
3366 944 3430 981 ac

120 1006 499 1065 doctrinam,
547 1017 813 1076 quantum
858 1008 1030 1076 ipsius
1077 1009 1218 1064 vires
1254 1009 1456 1076 ferunt,
1507 1012 1742 1078 trajecit,
1847 1017 2069 1084 proprie
2121 1015 2289 1069 Deum
2345 1033 2360 1068 :
2415 1020 2644 1070 acerbos
2700 1027 2881 1072 autem
2945 1032 3315 1085 expensores,
3368 1026 3430 1071 ut

122 1099 207 1151 ab
264 1112 340 1151 ea
400 1097 466 1151 ad
518 1098 818 1153 divinitatis
866 1101 1169 1154 doctrinam
1219 1103 1490 1165 evehitur,
1545 1105 1743 1172 grada-
1847 1106 2155 1173 pra'cipites
2184 1105 2486 1161 divinitatis
2535 1107 2794 1170 arbitros,
2827 1124 3186 1178 personarum
3221 1110 3430 1163 scilicet

126 1191 379 1259 timque
407 1192 822 1246 conscendendo
857 1192 1203 1247 sublimiores
1235 1195 1429 1248 anima:
1463 1206 1646 1263 portas
1675 1198 1740 1251 ad

130 1283 415 1352 sUpremi
452 1298 516 1337 ac
556 1283 724 1337 divini
775 1285 935 1340 Verbi
983 1286 1358 1355 exceptionem
1395 1287 1544 1355 facit,
1579 1299 1742 1359 atque

127 1375 210 1428 ab
244 1374 608 1430 humanitate
632 1374 832 1430 Christi
864 1376 930 1430 ad
964 1378 1330 1445 divinitatem,
1357 1382 1507 1436 velut
1535 1398 1563 1437 a
1599 1394 1740 1436 terra

128 1467 193 1520 in
221 1467 444 1522 coelum
473 1467 690 1536 migrat,
716 1477 770 1522 et
797 1468 864 1522 ab
892 1469 1106 1525 actione
1133 1471 1200 1525 ad
1228 1473 1739 1542 contemplationem

131 1558 442 1620 ascendit,
483 1572 548 1612 ac
585 1574 710 1613 cum
761 1559 944 1613 divino
994 1561 1171 1616 Verbo
1222 1579 1442 1618 sursum
1494 1565 1741 1620 trahente

135 1651 325 1706 simul
375 1649 660 1705 attollitur.
699 1647 879 1720 Atque
925 1654 990 1705 ad
1035 1655 1179 1708 hunc
1213 1656 1432 1709 modum
1475 1656 1738 1726 explicata

135 1745 264 1799 sint
298 1744 421 1798 haec
450 1743 672 1798 Davidis
702 1745 886 1798 verba.
921 1743 1240 1801 Consimilia
1275 1759 1454 1802 autem
1489 1751 1734 1817 quaedam

135 1845 201 1891 et
234 1836 392 1905 apud
431 1837 626 1892 lsaiam
663 1836 935 1906 leguntur.
966 1837 1100 1892 Nam
1134 1841 1272 1909 apud
1307 1842 1485 1910 ipsum
1517 1859 1739 1913 quoque

138 1928 438 1992 Christus,
464 1929 515 1982 in
545 1929 742 1983 ccelum
773 1944 896 1984 eum
930 1932 1201 1999 passionis
1233 1933 1378 1988 notis
1410 1935 1736 1998 ascendens,

144 2036 364 2075 novum
403 2021 562 2090 plane
592 2029 642 2074 et
682 2021 1000 2075 inusitatum
1031 2037 1095 2076 ac
1123 2025 1447 2091 Stupendum
1485 2025 1739 2093 supernis

145 2112 373 2182 angelis
413 2111 784 2181 spectaculum
833 2113 1098 2166 exhibuit.
1150 2111 1386 2182 Stupore
1431 2117 1575 2170 enim
1619 2133 1741 2170 cor-

148 2203 298 2271 repti
353 2212 520 2265 sunt,
577 2203 953 2257 ascendentem
1013 2219 1136 2258 eum
1199 2205 1512 2270 intuentes,
1575 2217 1740 2277 atque

151 2292 370 2348 idcirco
396 2293 647 2348 dicebant
672 2312 685 2347 :
711 2294 843 2358 Quis
879 2303 956 2348 est
981 2295 1085 2360 hic,
1113 2296 1203 2365 qui
1230 2299 1368 2351 venit
1391 2299 1452 2351 de
1478 2297 1649 2353 Edam
1670 2301 1738 2362 ’°,

151 2386 264 2439 hoc
305 2393 412 2447 est,
441 2401 470 2438 a
499 2385 729 2440 terrenis
763 2385 949 2450 rebus,
1006 2386 1175 2440 rubor
1213 2390 1594 2441 vestimentum
1621 2388 1740 2456 ejus

152 2488 222 2526 ex
260 2473 478 2527 Bosor?
531 2473 704 2529 Bosor
741 2485 922 2530 autem
958 2493 1167 2529 carnem
1205 2487 1385 2542 sonat,
1419 2493 1483 2532 ac
1515 2478 1741 2548 proinde

153 2581 254 2634 per
298 2567 497 2620 stolam
538 2567 679 2634 ejus,
713 2575 768 2620 et
816 2566 1198 2620 vestimentum
1233 2551 1535 2623 humanitas
1589 2570 1740 2626 desi-

154 2666 381 2725 gnatur.
437 2656 622 2709 llubor
669 2666 872 2719 autem,
923 2659 1050 2724 quia
1101 2673 1232 2712 caro
1280 2658 1561 2715 Dominica
1612 2675 1740 2716 san-

156 2746 327 2815 guine
366 2762 433 2800 ex
475 2748 645 2801 latere
687 2747 992 2818 proﬂuente
1027 2749 1196 2804 tincta
1240 2759 1341 2812 est,
1376 2766 1440 2805 ac
1488 2768 1586 2821 per
1614 2768 1740 2822 pas-

158 2841 372 2894 simu-tn
405 2849 686 2895 exornata.
726 2838 882 2895 Unde
911 2852 964 2896 ει
993 2843 1270 2911 subjungit
1305 2845 1563 2913 propheta
1591 2859 1608 2897 :
1642 2843 1740 2899 Hic

158 2931 424 3000 formosus
449 2933 504 2985 in
528 2932 684 2986 stola.
712 2931 914 2986 Deinde
939 2931 1274 2988 Salvatorem
1307 2934 1482 3003 ipsum
1511 2949 1741 3002 respon-

157 3020 376 3074 dentem
428 3021 636 3074 inducit
674 3036 688 3072 :
731 3019 846 3088 Ego
878 3029 1064 3088 loquor
1099 3021 1365 3089 justitiam
1399 3031 1448 3075 et
1472 3022 1737 3091 judicium

1854 1196 2182 1252 differentiis
2233 1213 2352 1252 eam
2409 1199 2768 1264 dividentes;
2826 1203 3249 1267 reprehensores
3300 1216 3430 1257 vero

1843 1302 2025 1341 rerum
2062 1286 2441 1350 laudabilium,
2474 1297 2660 1356 utpote
2694 1289 2958 1342 incar-nati
3005 1287 3128 1342 Filii
3157 1289 3427 1353 actiones,

1845 1378 2096 1432 humana:
2147 1388 2356 1431 naturae
2414 1388 2814 1448 congruentes,
2874 1380 2940 1431 ad
2989 1379 3108 1444 ejus
3166 1380 3427 1433 immuta-

1845 1464 2043 1517 tionem
2098 1464 2465 1532 arripientes,
2533 1479 2656 1517 cum
2712 1475 2893 1518 tamen
2962 1465 3174 1518 laudem
3241 1469 3426 1534 potius

1844 1566 2155 1609 mereantur
2213 1573 2228 1608 :
2283 1566 2446 1624 atque
2489 1555 2650 1608 etiam
2700 1565 2783 1622 ut,
2855 1557 3028 1624 ipsius
3087 1557 3422 1611 divinitatem

1843 1650 2129 1702 metientes
2154 1660 2208 1701 et
2235 1647 2776 1707 circnmscribentes,
2805 1657 3088 1716 propterea
3119 1649 3262 1716 quod
3295 1663 3424 1716 pas-

1841 1741 2053 1795 sibilem
2105 1754 2326 1793 carnem
2378 1740 2658 1807 suscepit,
2713 1747 2773 1791 ut
2823 1740 3026 1793 nostris
3075 1739 3424 1808 passionibus

1845 1830 2174 1884 mederetur.
2227 1828 2574 1883 Tenebrosos
2623 1828 2850 1896 insuper
2900 1827 3042 1882 circa
3093 1828 3269 1882 lucem
3321 1843 3422 1896 ap-

1841 1921 2042 1991 pellat,
2091 1920 2236 1974 velut
2283 1919 2348 1974 ad
2393 1920 2676 1974 veritatem
2734 1920 2849 1973 sole
2896 1918 3182 1973 clariorem
3234 1920 3426 1975 oculos

1840 2011 2179 2074 claudentes,
2214 2011 2298 2065 vel
2336 2010 2500 2064 etiam
2539 2010 2606 2064 ad
2648 2008 2828 2078 ipsum
2875 2009 3175 2073 Christum,
3211 2009 3302 2077 qui
3339 2017 3428 2062 est

1841 2105 1936 2159 lux
1973 2118 2099 2159 vera
2133 2103 2174 2154 ³.
2215 2102 2504 2173 Imperitos
2535 2110 2717 2156 autem
2755 2102 2900 2155 circa
2933 2101 3284 2170 sapientiam,
3323 2103 3426 2157 hoc

1843 2206 1930 2251 est
1955 2195 2098 2251 circa
2129 2194 2408 2249 Christum
2440 2195 2643 2264 ipsum,
2670 2194 2762 2264 qui
2792 2203 2876 2248 est
2902 2195 3166 2262 sapientia
3197 2195 3372 2250 Patris
3398 2195 3421 2226 δ

1840 2304 2028 2344 revera
2080 2287 2411 2352 subsistens,
2470 2286 2557 2342 vel
2607 2287 2771 2341 etiam
2812 2294 2874 2341 ut
2909 2285 3210 2342 Salvatoris
3257 2302 3423 2356 opera

1841 2379 2122 2450 sapientiai
2162 2378 2320 2448 plena
2366 2372 2711 2447 nequaquam
2764 2377 3150 2448 intelligentes.
3198 2376 3305 2432 Pro
3337 2378 3426 2433 his

1841 2471 1988 2526 enim
2031 2470 2234 2524 frustra
2267 2467 2524 2522 Christus
2571 2478 2821 2523 mortuus
2855 2477 2958 2523 est.
3011 2469 3233 2523 Piorum
3273 2469 3421 2523 enim

1840 2566 2110 2621 duntaxat
2157 2563 2386 2618 salutem
2439 2561 2684 2617 lucratus
2730 2572 2836 2617 est.
2877 2563 2941 2615 Hi
2978 2561 3142 2616 etiam
3191 2561 3422 2633 ingratae

1841 2668 2106 2712 creaturae
2137 2662 2296 2719 sunt;
2333 2668 2456 2708 nam
2489 2667 2588 2723 pro
2619 2667 2684 2707 eo
2712 2653 2857 2722 quod
2892 2667 2991 2722 par
3018 2661 3137 2706 erat
3164 2653 3424 2708 Creatori

1846 2749 2052 2819 gratias
2081 2761 2262 2817 agere,
2289 2745 2435 2814 quod
2463 2758 2651 2797 eorum
2685 2759 2852 2798 causa
2885 2743 3000 2812 ipse
3029 2757 3246 2811 quoque
3272 2758 3427 2798 crea-

1840 2847 1964 2896 tura
1995 2839 2172 2893 factns
2199 2845 2364 2897 esset,
2392 2835 2493 2903 ipsi
2519 2842 2707 2888 contra
2742 2833 3055 2902 hujusmodi
3090 2834 3418 2890 beneficium

1841 2933 1896 2987 in
1934 2929 2291 2998 blasphemiae
2328 2927 2677 2982 occasionem
2724 2925 3034 2988 trahebant,
3077 2925 3423 2981 divinitatem

1840 3023 1962 3094 ejus
1990 3029 2227 3076 creatam
2253 3032 2375 3074 esse
2406 3017 2764 3080 blaterantes,
2798 3030 2906 3069 non
2943 3025 3124 3069 autem
3162 3015 3423 3070 humani-

160 3110 372 3164 salutis.
397 3110 673 3165 Justitiam
705 3120 907 3172 autem,
935 3109 1210 3180 Evangelii
1239 3110 1728 3180 promulgationem
1758 3111 1802 3169 C
1833 3126 2022 3171 tatem.
2062 3111 2129 3167 Hi
2159 3112 2323 3167 etiam
2360 3108 2563 3164 diaboli
2613 3107 2869 3177 ﬁgmenta
2905 3108 3106 3162 merito
3145 3107 3252 3162 dici
3286 3123 3423 3176 pos-

161 3190 343 3266 vecat,
390 3217 491 3272 qua
540 3209 685 3255 terra
727 3201 1030 3271 justilicata
1058 3211 1173 3267 est;
1210 3216 1334 3271 qua:
1380 3210 1734 3272 posteaquam

163 3292 379 3347 locutus
401 3303 485 3346 est
506 3289 782 3356 Christus,
810 3292 984 3362 angeli
1009 3307 1131 3346 eum
1161 3307 1352 3346 rursus
1404 3293 1740 3364 interregant

164 3399 233 3439 ac
278 3385 460 3438 dicunt
508 3402 523 3438 :
575 3383 752 3448 Quare
798 3392 921 3437 sunt
952 3383 1114 3437 rubra
1153 3386 1461 3438 vestimenta
1510 3394 1624 3451 tua,
1687 3395 1737 3440 et

166 3477 487 3540 indumenta,
525 3492 628 3529 non
668 3491 814 3529 secus
851 3492 914 3529 ac
948 3475 1230 3530 torcularis
1269 3477 1461 3530 calcati
1495 3481 1509 3509 '
1533 3487 1555 3532 2
1595 3477 1736 3532 Caro

167 3567 310 3622 enim
355 3583 548 3622 cruore
583 3569 787 3622 sull'usa
818 3568 1162 3630 cernebatur,
1197 3578 1250 3621 et
1280 3571 1430 3624 velut
1456 3585 1520 3624 ex
1555 3582 1734 3625 musto

169 3660 238 3713 ad
269 3661 485 3714 rubrum
519 3661 757 3715 colorem
791 3660 982 3714 tincta.
1009 3661 1260 3715 Christus
1287 3673 1463 3715 autem
1493 3663 1736 3715 secundo

170 3755 454 3821 respondet
491 3771 504 3805 :
538 3751 799 3804 Torcular
835 3751 1034 3804 calcavi
1084 3750 1250 3812 solus,
1291 3759 1340 3804 et
1382 3769 1447 3804 ea:
1495 3753 1735 3821 gentibus

173 3844 248 3896 uir
294 3842 463 3894 nullus
511 3858 714 3894 mecum
765 3842 864 3907 fuit
901 3843 944 3904 ²,
984 3842 1038 3895 id
1085 3849 1211 3905 est,
1254 3856 1413 3896 nemo
1466 3843 1600 3896 mihi
1640 3858 1736 3912 pa-

174 3935 318 3989 tienti
369 3931 562 3995 adfuit,
603 3933 924 4002 sociumque
980 3932 1296 3987 certaminis
1345 3949 1403 3988 se
1443 3935 1673 4002 praebuit
1716 3951 1731 3987 :

177 4038 355 4077 verum
387 4023 538 4078 solus
573 4031 741 4076 totam
775 4021 975 4076 diaboli
1007 4022 1331 4091 potentiam,
1361 4024 1518 4090 quasi
1552 4032 1736 4077 torcu-

179 4114 272 4194 lpri
310 4129 436 4168 uvas
464 4114 730 4182 expressi,
767 4128 832 4168 ac
860 4113 1028 4169 duros
1056 4122 1110 4167 et
1137 4124 1487 4169 contumaces
1517 4114 1734 4169 Judaeos

179 4202 408 4256 contrivi.
451 4199 561 4256 llas
607 4202 749 4270 apud
799 4202 997 4256 Isaiam
1037 4202 1496 4271 interrogationes
1544 4213 1600 4258 et
1646 4219 1734 4258 re-

179 4295 484 4364 sponsiones
523 4294 831 4364 Theologus
875 4295 1318 4366 δραματουργίαν
1361 4297 1595 4362 vocavit,
1627 4312 1731 4351 non

180 4383 355 4438 falsam
378 4385 826 4453 compositionem
854 4385 1163 4454 intelligens
1187 4386 1399 4456 (quales
1423 4397 1552 4442 sunt
1575 4397 1730 4442 actus

180 4477 436 4548 fabulosi),
473 4479 566 4533 sed
619 4494 792 4546 genus
833 4479 1107 4533 scribendi
1164 4480 1235 4532 ita
1285 4480 1622 4546 institutum,
1673 4493 1732 4535 ut

181 4583 424 4638 personas
461 4570 746 4637 loquentes
782 4569 998 4622 habeat.
1044 4568 1373 4636 Angelorum
1421 4572 1567 4624 enim
1615 4572 1731 4636 alii,

180 4661 318 4714 velut
356 4659 750 4728 interrOgantes
789 4659 1146 4726 inducuntur,
1191 4659 1283 4713 alii
1320 4661 1470 4715 velut
1504 4676 1734 4730 respon-

183 4754 372 4818 dentes,
412 4751 712 4806 secundum
754 4766 873 4806 eam
908 4751 1198 4805 verborum
1241 4753 1533 4818 rationem,
1567 4770 1731 4823 quam

184 4845 422 4915 propheta
459 4845 760 4899 constituit.
808 4843 863 4898 Si
906 4844 1070 4914 igitur
1102 4845 1199 4915 (ait
1230 4843 1562 4916 Theologus)
1604 4863 1730 4915 per-

187 4947 484 4993 cunctentur
532 4953 547 4989 :
592 4935 725 5002 Quis
775 4946 858 4990 est
898 4935 1004 4999 hic,
1057 4935 1148 5004 qui
1195 4950 1224 4987 a
1265 4944 1407 4990 terra
1450 4936 1737 5002 ascendit,

188 5039 308 5096 aut,
354 5030 626 5098 quomodo
676 5029 982 5099 incorporei
1031 5044 1096 5083 ae
1142 5029 1407 5099 sanguine
1457 5031 1735 5094 carentis,

192 5130 434 5192 quatenus
473 5121 616 5177 Deus
645 5129 750 5184 est,
779 5121 1144 5175 rubicundum
1176 5130 1259 5173 est
1294 5119 1546 5188 corporis
1586 5119 1730 5174 inte-

189 5213 519 5284 gumentum?
569 5213 614 5267 si
670 5214 820 5278 ha‘c,
874 5212 1094 5278 inquam
1120 5251 1136 5277 ,
1177 5220 1624 5281 percunctantur,
1661 5227 1727 5265 ex

191 5304 392 5358 adverso
440 5305 642 5373 profer,
693 5305 745 5358 id
797 5313 899 5368 est,
947 5306 1213 5372 responde
1265 5320 1280 5355 :
1333 5301 1593 5356 Formosa
1646 5310 1730 5356 est

193 5397 342 5466 ipsius
372 5398 527 5464 stola,
561 5398 666 5452 hoc
703 5407 807 5462 est,
839 5411 1038 5464 corpus
1086 5397 1278 5465 ipsius,
1315 5395 1458 5465 quod
1505 5410 1726 5464 passum

191 5499 282 5552 εει,
311 5490 490 5557 partim
516 5490 586 5544 oh
615 5491 950 5560 passionem,
981 5505 1076 5558 per
1102 5504 1267 5559 quam
1297 5488 1593 5558 gloriﬁcata
1620 5499 1722 5553 est,

253 5623 291 5697 ’ἐν
319 5664 410 5718 lsa.
440 5645 591 5725 ικιιι,
633 5667 682 5719 1.
777 5666 1046 5721 insae.
1159 5665 1425 5721 quas.

193 5751 292 5803 vni,
332 5738 395 5801 22
475 5736 640 5792 Eccli.
684 5754 828 5803 xxiv,
862 5738 916 5791 5.
990 5737 1010 5768 '
1045 5737 1275 5808 Philipp.
1324 5752 1382 5799 ll,
1419 5737 1471 5791 7.

1519 5666 1539 5697 ³
1567 5668 1722 5719 Joan.
1754 5681 1793 5726 ι,
1841 5663 1897 5719 9.

1547 5738 1568 5761 '
1600 5733 1758 5794 Joan.
1799 5749 1854 5798 ι.
1899 5733 1988 5797 ll.

1839 3214 1988 3271 sunt,
2035 3219 2143 3258 non
2179 3212 2240 3257 ut
2281 3201 2351 3256 ab
2395 3215 2462 3255 eo
2505 3199 2695 3261 creati,
2747 3199 2840 3253 sed
2878 3210 2940 3252 ut
2987 3199 3056 3253 ab
3101 3215 3166 3252 eo
3215 3199 3422 3253 malitia

1838 3298 2051 3352 imbuti.
2075 3294 2261 3348 Fictor
2285 3293 2430 3348 enim
2460 3290 2712 3346 diabolus
2733 3298 2839 3356 est,
2864 3305 2972 3344 non
3000 3290 3419 3345 subsistentium

1837 3404 2047 3452 rerum,
2075 3387 2171 3442 sed
2206 3401 2416 3441 morum
2449 3400 2463 3438 :
2490 3383 2647 3454 juxta
2679 3383 2733 3437 id
2763 3384 2906 3452 quod
2937 3381 3142 3437 Judaeis
3165 3382 3418 3437 Christus

1836 3482 2051 3536 dicebat
2084 3494 2102 3533 :
2144 3477 2242 3532 Vos
2269 3493 2334 3533 ea:
2363 3489 2516 3548 patre
2555 3475 2770 3529 diabolo
2799 3476 2923 3528 estis
2953 3476 2997 3528 ⁵.
3033 3474 3161 3529 Haec
3199 3475 3421 3530 locutus

1837 3573 2171 3640 Theologns,
2198 3581 2362 3639 atque
2387 3571 2471 3624 his
2491 3570 2753 3624 omnibus
2776 3567 3064 3623 haereticos
3091 3567 3417 3633 insectatus,

1836 3663 1984 3714 velut
2015 3668 2200 3729 aperta
2237 3658 2417 3713 fronte
2453 3668 2617 3728 atque
2648 3658 2702 3712 in
2733 3659 2926 3714 faciem
2981 3657 3114 3727 ipsis
3158 3665 3420 3725 occurrit,

1836 3761 2002 3821 atque
2051 3751 2393 3820 argumentis
2431 3761 2487 3804 et
2523 3749 3048 3820 interrogationibus
3095 3749 3287 3813 fretus,
3325 3763 3423 3803 eos

1837 3855 1994 3915 urget
2051 3854 2214 3914 atque
2261 3843 2566 3909 confundit,
2618 3843 2806 3912 aitque
2840 3859 2854 3899 :
2890 3841 3105 3897 Siccine
3147 3841 3217 3896 ob
3250 3840 3420 3895 bene-

1837 3939 2024 3993 ficium
2061 3937 2116 3991 in
2153 3946 2205 3992 te
2238 3935 2500 3991 collatum
2543 3935 2822 3991 Christum
2859 3949 3037 3989 meum
3070 3931 3422 3987 criminaris?

1835 4029 2150 4084 lncarnatio
2175 4029 2321 4084 enim
2353 4028 2552 4096 ipsius,
2579 4027 2901 4082 beneﬁcium
2937 4035 3182 4080 nostrum
3214 4024 3416 4078 factum

1834 4130 1941 4177 est.
1971 4120 2040 4173 At
2067 4120 2190 4190 ipsi,
2220 4121 2272 4173 in
2304 4117 2606 4187 Scripturis
2636 4117 2996 4180 invenientes,
3025 4115 3171 4186 quod
3203 4122 3418 4178 creatus

1834 4214 2020 4278 fuerit,
2070 4215 2223 4282 juxta
2281 4211 2436 4278 illud,
2489 4208 2750 4263 Dominus
2807 4208 3002 4263 creauit
3055 4223 3135 4260 me
3168 4208 3210 4270 ‘,
3265 4207 3416 4270 item,

1833 4306 1979 4376 quod
2019 4318 2214 4359 servus
2261 4312 2488 4357 vocatus
2537 4302 2612 4357 sit
2648 4302 2689 4364 ",
2731 4301 2868 4354 bene
2916 4299 3163 4353 serviens
3203 4297 3414 4356 multis.

1835 4402 2143 4462 caeteraque
2177 4392 2231 4446 id
2268 4407 2461 4460 genus,
2502 4405 2624 4460 qua:
2652 4389 2720 4444 de
2751 4388 3092 4443 humanitate
3131 4387 3412 4450 dicuntur,

1834 4501 2009 4555 eaque
2055 4485 2122 4539 ad
2157 4483 2438 4552 Unigeniti
2491 4481 2832 4536 divinitatem
2884 4477 3206 4540 referentes.
3257 4477 3415 4546 igno-

1836 4577 2005 4632 minia
2050 4590 2175 4631 eum
2223 4573 2509 4637 notabant,
2551 4587 2581 4627 a
2618 4571 2800 4627 Patris
2847 4580 3043 4623 natura
3078 4575 3414 4636 separantes,

1833 4679 2002 4740 atque
2036 4669 2091 4724 in
2126 4675 2502 4723 creaturarum
2544 4665 2792 4719 ordinem
2834 4662 3144 4728 redigentes
3183 4677 3196 4712 :
3229 4658 3418 4726 sicque

1833 4762 2154 4819 beneﬁcium
2189 4762 2242 4814 in
2271 4761 2478 4814 crimen
2508 4756 2919 4813 convertebant.
2956 4753 3194 4809 Hoccine
3225 4753 3416 4822 igitur,

1835 4853 2043 4924 inquit,
2097 4851 2208 4907 Deo
2255 4850 2660 4906 extenuationis
2715 4861 2882 4902 causa
2933 4844 3171 4912 objicis?
3215 4845 3414 4898 Postea

1836 4945 2160 5000 beneficium
2197 4943 2250 4998 in
2286 4943 2499 5013 species
2552 4955 2680 4995 suas
2733 4937 2945 5003 dividit,
2978 4945 3142 5005 atque
3196 4934 3414 4989 interim

1835 5037 2199 5106 evangelicam
2251 5036 2398 5090 illam
2453 5045 2672 5088 centum
2726 5032 2907 5085 ovium
2959 5028 3273 5096 parabolam
3313 5041 3413 5078 εις

1835 5128 2013 5199 ponit.
2061 5126 2140 5178 Ac
2190 5139 2286 5192 per
2336 5139 2490 5176 ovem
2541 5120 2799 5190 quidem,
2850 5133 2970 5188 quae
3019 5133 3050 5171 a
3099 5115 3420 5171 centenario.

1837 5232 2000 5289 grege
2050 5216 2344 5274 abscessit,
2397 5220 2453 5266 et.
2502 5209 2808 5273 aberravit,
2862 5217 3115 5262 naturam
3169 5212 3410 5258 nostram

1835 5306 2090 5375 intelligit
2133 5321 2148 5358 :
2192 5319 2286 5372 per
2325 5311 2595 5371 pastorem
2641 5309 2844 5365 autem,
2883 5299 3060 5368 ipsum
3095 5293 3413 5358 Christum;

1836 5399 1918 5452 sic
1941 5398 2085 5451 enim
2114 5411 2172 5449 se
2200 5395 2313 5463 ipse
2341 5393 2586 5446 nominat
2611 5408 2626 5448 :
2667 5389 2778 5461 Ego
2804 5405 2921 5443 sum
2951 5387 3146 5441 Pastor
3173 5383 3339 5437 bonus
3366 5381 3409 5435 ⁸,

1837 5487 1887 5542 Is
1929 5487 1997 5542 ad
2045 5499 2168 5549 nos,
2219 5484 2322 5536 hoc
2368 5491 2450 5536 est
2498 5482 2564 5535 ad
2612 5481 2959 5536 oberrantem
3010 5488 3191 5535 ovem,
3239 5472 3409 5538 venit,

3189 5648 3210 5680 '
3241 5647 3407 5713 Prov.

2009 5661 2033 5692 ι
2064 5660 2082 5716 l
2112 5659 2238 5717 Cor.
2280 5675 2320 5723 ι,
2349 5659 2439 5714 24.
2547 5659 2568 5690 '
2606 5655 2762 5711 Joan.
2819 5666 2936 5717 vnt,
2986 5648 3078 5711 84.
