4076 6292
682 351 826 417 ιιω

2106 352 2483 415 ΑΒΒΕΝΒΑ.

3782 353 3861 415 iiii

681 470 847 530 atque
876 473 935 513 tn
970 457 1256 517 montibus
1305 467 1363 515 et
1409 459 1640 517 collibus
1674 460 1903 526 invenit,
1954 461 2008 515 in
2053 464 2258 533 quibus
2285 468 2331 525 Α
2360 471 2475 517 ιιιιιι
2516 460 2685 516 etiam
2729 468 2790 515 ut
2830 474 3194 531 comparans,
3238 459 3291 514 id
3334 469 3425 517 est
3450 499 3467 524 ,
3504 463 3869 526 conciliantur
3906 518 3907 537 Ε

682 550 1149 611 sacriﬁcabamus,
1195 549 1353 618 juxta
1402 546 1599 605 Oscam
1646 551 1668 583 ’
1697 559 1753 607 et
1786 552 1982 609 Isaiam
2015 554 2081 608 ιθ.
2122 554 2257 609 Nam

683 639 827 710 apud
880 640 1151 695 idolorum
1204 640 1445 697 cultores
1493 641 1549 696 in
1608 657 1763 698 more
1812 644 2050 714 positum
2103 654 2260 711 erat,

684 730 951 787 sacrificia
982 731 1037 787 in
1066 732 1374 797 montibus,
1401 733 1790 805 umhrosisque
1815 738 2108 794 arboribus
2134 754 2264 795 coa-

683 824 868 879 ticere.
902 823 1183 879 Inventam
1217 824 1388 894 igitur
1420 827 1694 896 palantem
1727 837 1972 885 nostram
2010 840 2262 886 naturam

683 916 913 972 minime
943 915 1202 985 neglexit,
1236 916 1332 973 sed
1368 918 1670 989 perinsigni
1706 918 1913 975 honore
1944 922 2265 990 complexus

683 1014 790 1062 est.
823 1006 1024 1061 Iisdem
1077 1007 1224 1061 enim
1257 1006 1503 1063 humeris
1538 1022 1661 1064 eam
1690 1010 1951 1080 suscepit,
1983 1010 2185 1080 quibus
2211 1022 2266 1067 et

682 1099 870 1155 crucis
902 1098 1112 1169 lignum
1161 1100 1311 1155 tulit.
1348 1098 1607 1169 Bajuians
1643 1101 1785 1155 enim
1836 1115 2056 1157 crucem
2109 1117 2262 1157 suam

684 1202 947 1257 egressus
974 1199 1061 1245 est
1090 1190 1156 1254 ",
1185 1191 1508 1261 priusquam
1537 1190 1603 1245 ad
1634 1205 1755 1245 eam
1786 1192 2103 1263 gestandatn
2135 1192 2268 1247 ada-

638 1318 646 1327 .
686 1287 813 1335 ctus
857 1277 1054 1335 fuisset
1097 1276 1314 1347 Simon,
1364 1278 1827 1348 quemadmodum
1877 1291 1934 1335 et
1980 1278 2149 1335 lsaias
2202 1281 2270 1335 de

636 1374 644 1427 ἐ
690 1371 811 1440 ipso
847 1368 1175 1426 vaticinatus
1221 1369 1405 1425 fuerat
1452 1370 1642 1426 dicens
1684 1388 1700 1426 :
1738 1369 1903 1440 Cujus
1939 1371 2269 1441 principatus

638 1454 656 1521 i
690 1476 847 1527 super
883 1461 1156 1516 humerum
1201 1477 1315 1529 eius
1342 1460 1407 1516 “.
1442 1460 1734 1530 Acceptam
1784 1471 1967 1516 autem
2022 1471 2269 1517 nostram

692 1560 944 1606 naturam
973 1552 1040 1607 ad
1080 1566 1374 1622 supernam
1405 1552 1577 1609 vitam
1597 1592 1615 1617 ,
1655 1567 1688 1607 a
1719 1567 1828 1622 qua
1859 1552 2267 1618 excideramus,

693 1644 930 1709 reduxit,
987 1651 1154 1712 atque
1205 1643 1413 1712 angelis
1469 1645 1817 1715 aggregavit,
1866 1644 1963 1715 qui
2019 1643 2072 1698 in
2126 1645 2272 1699 bono

691 1740 1009 1789 constantes
1033 1743 1278 1789 manent.
1309 1731 1386 1787 llli
1415 1734 1560 1789 enim
1607 1748 1705 1804 per
1737 1735 2032 1803 nonaginta
2076 1751 2270 1792 novem

2361 553 2701 622 desponsans
2755 550 2984 607 Domino
3032 549 3256 606 Christo
3319 553 3601 621 populum
3646 556 3869 620 eximias.

2364 643 2468 697 hoc
2495 653 2582 698 est
2624 643 2906 711 copiosum
2947 650 3006 696 et
3043 642 3428 703 excellentem.
3483 652 3659 713 atque
3696 647 3873 703 omnibus
3908 636 3909 675 Υ

2365 734 2492 788 aliis
2519 734 2696 803 ipsius
2725 733 3050 789 substantiis
3072 734 3461 804 creaturisque
3493 739 3875 805 praestantiora.
3910 734 3911 773 ‘

2364 825 2619 883 Christus
2649 826 2795 883 enim
2833 825 3092 882 Ecclesiae
3119 841 3355 896 sponsus
3377 837 3496 891 est,
3540 843 3642 896 per
3665 828 3799 882 tidem
3820 831 3877 897 ipsi

2365 918 2660 988 adjuncta}.
2692 918 2789 974 Sic
2815 919 2959 974 enim
2987 917 3227 973 Joannes
3254 918 3505 988 Baptista
3537 920 3766 989 loquitur
3788 922 3880 985 τοι

2366 1009 2514 1063 habet
2553 1026 2802 1079 sponsam
2846 1025 3069 1076 sponsus
3117 1020 3193 1065 est
3225 1024 3245 1064 :
3281 1011 3492 1063 anticus
3544 1022 3720 1065 autem
3748 1014 3883 1078 sponsi,

2369 1100 2460 1170 qui
2501 1109 2643 1162 stat,
2690 1110 2740 1153 et
2786 1100 2938 1155 audit
2981 1114 3137 1164 eum,
3187 1098 3450 1169 gaudium
3501 1102 3700 1169 gaudet
3740 1113 3881 1169 propin

2367 1206 2541 1245 vocetis
2592 1191 2775 1258 sponsi
2819 1190 2884 1244 “.
2939 1190 3192 1245 Amicum
3243 1201 3425 1244 autem
3502 1194 3746 1260 seipsum
3789 1204 3887 1247 vocat

2369 1296 2698 1351 praecursor.
2749 1279 2868 1334 Jam
2925 1296 3055 1336 vero
3117 1280 3185 1334 ad
3241 1281 3635 1350 accipiendum
3692 1283 3883 1352 Spiritu

2370 1370 2628 1426 homines
2676 1384 2774 1439 per
2818 1384 3019 1441 aquam
3071 1371 3455 1440 prmpurgabat
3500 1370 3741 1427 Joannes
3780 1374 3885 1440 :Egt

2368 1462 2538 1523 enim,
2570 1462 2766 1531 inquit,
2801 1463 3004 1530 baptizo
3036 1477 3124 1516 vos
3163 1463 3217 1515 in
3253 1478 3394 1532 aqua
3446 1478 3468 1517 :
3505 1464 3624 1532 ipse
3662 1474 3813 1517 autem
3832 1467 3884 1516 ii-

2369 1551 2593 1620 ptizabit
2619 1568 2708 1606 vos
2735 1553 2789 1605 in
2818 1550 3026 1620 Spiritu
3054 1562 3237 1607 sancto
3265 1554 3329 1606 ”.
3359 1554 3743 1625 Par-purgator
3767 1557 3889 1623 itaque

2369 1638 2600 1695 Joannis
2630 1640 2936 1710 baptismus
2971 1649 3108 1706 erat,
3139 1640 3208 1695 ad
3239 1640 3594 1709 spiritualem
3634 1640 3813 1696 Christi
3834 1642 3887 1692 tu

2375 1732 2631 1800 ptismum
2670 1734 2900 1798 ducens,
2948 1733 3044 1803 qui
3088 1743 3143 1788 et
3191 1733 3492 1802 purgandi,
3545 1741 3604 1786 et
3649 1732 3889 1800 μινῆεὶεωὶ

689 1837 822 1880 oves
867 1822 1246 1894 designantur,
1283 1823 1493 1892 quibus
1536 1803 1742 1881 relictis
1789 1835 1974 1895 pastor
2004 1828 2073 1881 ad
2107 1841 2271 1880 unam
2304 1803 2349 1857 θ
2373 1825 2482 1879 vim
2524 1824 2706 1880 habet.

689 1924 969 1970 errantem
1002 1915 1168 1975 venit.
1202 1923 1263 1970 ut
1290 1929 1412 1970 eam
1446 1915 1741 1981 inveniret,-
1766 1931 1829 1973 ac
1854 1932 1981 1973 cum
2015 1918 2122 1983 his,
2153 1933 2277 1986 quas

691 2020 731 2059 a:
763 2018 926 2075 grege
971 2019 1082 2061 non
1133 2005 1432 2071 aberrant,
1478 2006 1875 2077 coniungeret,
1924 2012 2071 2078 quod
2107 2011 2271 2064 etiam

693 2095 849 2151 fecit.

761 2186 883 2243 Col.
932 2187 1043 2243 659
1091 2189 1156 2243 A.
1212 2188 1352 2253 Quia
1403 2188 1696 2254 lucernam,
1754 2190 1853 2244 hoc
1905 2200 2008 2254 est,
2061 2206 2277 2246 carnem

692 2300 869 2349 suam,
894 2293 1001 2340 etc.
1028 2285 1261 2340 Centum
1289 2286 1475 2340 ovium
1507 2286 1825 2356 patabolam
1856 2284 2103 2354 proxime
2131 2284 2277 2351 apud

698 2372 900 2429 Lucam
953 2378 1215 2444 sequitur
1250 2376 1529 2431 drachma:
1578 2378 1860 2446 parabola.
1912 2375 2039 2430 Haec
2087 2385 2273 2430 autem

698 2463 869 2533 ipsius
899 2467 1063 2520 verba
1092 2476 1221 2522 sunt
1248 2483 1265 2521 :
1296 2467 1357 2523 Si
1380 2484 1486 2533 qua
1524 2469 1717 2522 muiier
1755 2469 1957 2522 habens
1996 2470 2278 2522 drarlmtas

694 2557 899 2616 decent,
931 2571 1089 2609 unum
1132 2559 1445 2612 drachmam
1482 2560 1796 2627 perdiderit,
1833 2575 2004 2613 nonne
2039 2561 2276 2614 accendit

696 2645 988 2710 lucernam,
1022 2657 1071 2700 et
1118 2651 1299 2703 evertit
1356 2650 1602 2715 domum,
1655 2661 1705 2704 et
1753 2653 1938 2720 quwrit
1976 2653 2274 2721 diligenter,

702 2736 866 2788 dense
893 2736 1149 2790 inuenerit
1195 2738 1504 2793 drachmam
1539 2756 1695 2807 quam
1734 2742 2037 2810 perdiderat
2063 2743 2146 2795 ”?
2180 2742 2281 2797 llic

695 2826 866 2895 igitur
900 2830 1121 2895 mulier,
1158 2830 1240 2884 vel
1275 2831 1397 2900 ejus
1449 2832 1634 2898 ponus
1667 2832 1789 2887 loco
1834 2832 2087 2887 Christus
2135 2844 2221 2888 est
2259 2850 2274 2884 :

694 2918 943 2982 lucerna,
971 2921 1146 2990 ipsius
1174 2932 1328 2988 caro,
1355 2939 1511 2992 pura,
1540 2924 1788 2992 inquam,
1818 2923 1909 2978 illa
1935 2934 1990 2978 ct
2009 2939 2039 2979 a
2068 2925 2275 2994 peccati

696 3012 955 3068 sordibus
1009 3014 1220 3079 libora,
1285 3015 1699 3084 divinitatisque
1760 3017 1964 3072 lumine
2012 3016 2276 3071 mundum

699 3102 1056 3170 collustrans,
1093 3121 1331 3176 eumque
1359 3122 1391 3161 a
1425 3108 1630 3177 peccati
1677 3108 1917 3164 tenebris
1956 3122 2276 3177 IOplIl‘thS,
2308 3128 2350 3198 ο

699 3204 810 3248 non
855 3208 1018 3249 secus
1051 3211 1114 3249 ac
1152 3198 1372 3251 domum
1412 3199 1706 3266 quamdam
1757 3199 1959 3254 multas
2008 3199 2199 3255 sordes
2230 3209 2285 3255 et

701 3283 1029 3353 quisquilias
1074 3286 1385 3343 habentem.
1435 3288 1703 3340 Drachma
1746 3298 1953 3352 autem,
1986 3290 2191 3353 anima,
2225 3300 2286 3344 ut

700 3376 850 3444 regia
875 3375 1114 3445 imagine
1141 3379 1378 3445 signata,
1401 3390 1525 3445 quae
1559 3378 1781 3439 quidem
1811 3378 1972 3433 [mdis
1998 3379 2287 3436 aﬁectibus

704 3467 901 3522 obruta
949 3476 1004 3523 et
1050 3468 1271 3523 defossa
1323 3477 1461 3535 erat,
1512 3480 1698 3537 postea
1754 3461 1936 3524 autem
1985 3486 2016 3524 a
2066 3472 2285 3527 Christo

704 3569 982 3627 quaerente
1026 3560 1269 3615 inventa.
1319 3562 1500 3627 Atque
1547 3559 1832 3614 hominum
1882 3561 2046 3616 simul
2091 3571 2149 3616 et
2195 3563 2282 3618 Dei

704 3660 954 3705 amantes
999 3649 1197 3719 angeli,
1235 3650 1310 3705 ob
1344 3650 1467 3719 ejus
1501 3650 1872 3705 inventionem
1919 3667 1982 3707 ac
2026 3653 2287 3720 salutem,

706 3740 895 3796 laetitia
929 3740 1338 3797 diﬂ'unduntur:
1385 3741 1586 3809 quibus
1619 3741 1783 3796 etiam
1807 3743 1999 3811 primis
2033 3744 2288 3799 incarna-

708 3834 874 3888 tionis
908 3835 1230 3904 mysterium
1279 3833 1538 3889 traditum
1594 3840 1700 3896 est,
1750 3849 1814 3889 ac
1861 3850 1961 3890 nos
1991 3835 2187 3890 deinde
2217 3840 2289 3891 ab

707 3928 776 3982 iis
802 3926 1047 3993 eiusdem
1082 3926 1394 3995 cognitione
1427 3926 1623 3981 imbuti
1655 3942 1871 3983 sumus.

768 4018 902 4071 Ibid.
920 4018 1058 4082 Quia
1072 4020 1341 4072 lucernam
1357 4020 1715 4087 prduiamlua;
1729 4019 1825 4073 illa
1839 4019 2163 4086 clarissima,
2177 4029 2284 4075 etc.

707 4108 973 4172 Pravius,
1002 4109 1117 4163 sive
1151 4125 1482 4178 prmcursor,
1512 4121 1633 4167 erat
1663 4110 1904 4167 Joannes
1933 4112 2196 4181 Baptista,
2232 4120 2290 4167 ut

705 4217 776 4261 ex
828 4203 999 4271 patris
1037 4202 1213 4271 ipsius
1264 4205 1547 4273 prophetia
1600 4214 1748 4273 patet
1786 4221 1800 4256 :
1840 4202 2065 4258 I’rwibit
2117 4207 2286 4272 erum,

706 4296 904 4366 inquit,
954 4306 1077 4348 ante
1120 4296 1308 4364 [aciem
1360 4297 1574 4349 Domini
1617 4296 1683 4350 ίδ.
1731 4294 1977 4350 Lucerna
2027 4305 2211 4349 autem
2256 4312 2290 4351 a

709 4386 939 4444 Domino
974 4385 1093 4454 ipso
1142 4387 1443 4454 appellatus
1481 4394 1589 4449 est,
1639 4386 1724 4440 his
1773 4386 1954 4440 verbis
1988 4405 2001 4439 ι
2040 4384 2145 4438 Ille
2175 4397 2288 4454 erat

2443 1915 2581 1970 Ibid.
2628 1915 2689 1971 Β.
2733 1915 2979 1971 [haccine
3012 1914 3121 1970 Deo
3158 1915 3345 1985 objicis
3391 1927 3560 1987 atque
3596 1916 3795 1976 idcirco,
3822 1924 3889 1965 etc.

2376 2008 2551 2076 Supra
2580 2022 2808 2062 numero
2841 2008 3105 2078 singulari
3134 2009 3376 2075 dicebat,
3409 2009 3548 2063 Idne
3571 2008 3751 2077 objicis
3780 2004 3887 2059 Deo!

2372 2100 2441 2155 de
2496 2100 2757 2155 beneﬁcio
2809 2101 3074 2171 loquens;
3133 2100 3245 2155 illic
3307 2103 3464 2155 enim
3521 2100 3772 2170 generalis
3814 2107 3891 2150 erat

2375 2193 2576 2273 oratio.
2615 2191 2772 2248 Nunc
2810 2194 2940 2247 illud
2973 2194 3029 2246 in
3066 2195 3252 2263 plures
3296 2195 3521 2263 species
3559 2192 3798 2254 dividens,
3823 2188 3886 2252 ait,

2376 2285 2625 2341 llteccine
2661 2286 2856 2354 objicis
2881 2285 3014 2350 Deo,
3044 2295 3209 2355 atque
3239 2286 3454 2341 idcirco
3482 2301 3609 2341 cum
3634 2284 3772 2339 Patre
3795 2282 3887 2336 inie-

2374 2378 2574 2433 riorem
2620 2393 2685 2433 ac
2728 2378 2997 2432 minorem
3029 2378 3337 2441 existimas,
3383 2380 3525 2448 quia
3568 2376 3881 2447 discipulorum

2376 2468 2544 2536 pedes
2577 2466 2776 2532 abluit,
2807 2475 2865 2521 ut
2897 2476 2950 2521 tu
2988 2481 3083 2536 per
3118 2468 3491 2521 humilitatem
3527 2468 3704 2523 extolli
3732 2460 3882 2518 discas!

2378 2555 2482 2621 Qui
2523 2557 2695 2620 enim,
2740 2558 2937 2627 inquit,
2985 2558 3221 2611 omnium
3273 2558 3490 2625 primus
3536 2574 3643 2613 esse
3687 2558 3814 2624 cupit,
3841 2552 3883 2602 si!

2375 2649 2606 2701 omnium
2640 2650 2950 2702 novissimus
2976 2649 3055 2713 '°;
3091 2658 3143 2702 et
3184 2665 3196 2701 :
3242 2648 3348 2715 Qui
3365 2665 3428 2703 se
3458 2650 3714 2711 Itumiliat,
3736 2644 3880 2698 euita-

2376 2739 2517 2793 bitur
2546 2740 2611 2794 ¹¹.
2655 2740 2727 2794 De
2757 2739 3014 2794 inclinata
3063 2749 3245 2793 autem
3295 2742 3538 2797 muliere
3583 2741 3712 2811 apud
3740 2739 3879 2792 Lucam

2377 2829 2643 2900 scriptum
2692 2839 2819 2897 est,
2868 2832 3014 2899 quod
3063 2832 3318 2888 Christus
3368 2834 3654 2889 mulierem
3699 2832 3882 2900 spiritum

2377 2920 2712 2975 inﬁrmitatis
2755 2921 3075 2986 habentem,
3124 2937 3191 2978 ac
3218 2923 3484 2977 deorsum
3533 2932 3819 2978 contractam
3851 2926 3886 2971 ct

2378 3012 2720 3078 inclinatam,
2767 3028 2870 3068 nec
2915 3022 3081 3082 caput
3125 3014 3336 3082 erigere
3382 3018 3675 3074 valentem.
3717 3026 3884 3065 curatc-

2383 3105 2454 3159 rit
2481 3107 2546 3160 “.
2577 3104 2731 3159 lianc
2775 3106 3060 3160 mulierem
3103 3104 3415 3178 Theologus
3467 3108 3736 3177 allegorico
3766 3117 3887 3158 sensu

2385 3195 2684 3251 humanam
2716 3197 2956 3252 animam
2987 3212 3111 3252 esse
3135 3198 3284 3260 dicit,
3318 3214 3437 3267 prae
3464 3200 3706 3269 gravitate
3731 3192 3887 3263 peccati

2385 3286 2643 3344 deorsum
2695 3296 3001 3352 urgentem,
3049 3303 3114 3342 ac
3159 3289 3504 3356 depressam.
3539 3291 3665 3355 Quin
3706 3297 3752 3340 ιιι
3790 3283 3888 3337 illud

2384 3394 2623 3448 quoque,
2668 3378 2867 3447 inquit,
2901 3378 3275 3447 reprehendis,
3311 3378 3747 3449 quemadmodum
3781 3375 3886 3427 Pla-

2385 3473 2567 3536 risaai,
2621 3472 2765 3540 quod
2818 3471 3160 3525 convictores
3220 3470 3421 3525 habere
3482 3470 3767 3540 publicanos
3810 3476 3886 3514 non

2387 3573 2650 3626 recusat,
2699 3562 2846 3632 quod
2900 3562 3043 3632 apud
3101 3561 3423 3631 publicanos
3481 3565 3778 3621 diversatur,
3816 3567 3885 3606 nrc

2385 3668 2577 3709 eorum
2619 3651 2996 3721 exceptionem
3031 3666 3388 3721 mensamque
3421 3648 3639 3709 fastidit,
3675 3642 3805 3714 quod
3831 3642 3885 3693 iu-

2388 3760 2553 3812 super
2598 3743 2666 3797 ab
2708 3741 3101 3809 cxigendorum
3134 3741 3480 3813 vectigalium
3525 3751 3725 3794 munere
3753 3734 3810 3788 ad
3832 3734 3882 3784 dl-

2388 3832 2714 3904 scipulatum
2752 3832 3021 3901 quosdam
3074 3832 3332 3897 traducit,
3378 3831 3545 3886 veluti
3589 3827 3881 3881 Matthmum:

2391 3936 2473 3991 ut,
2505 3926 2767 3996 quoniam
2798 3925 2933 3980 lucri
2964 3924 3197 3980 studiosi
3228 3936 3357 3979 sunt
3388 3922 3674 3995 publicani,
3700 3917 3880 3973 Saluto!

2388 4033 2608 4089 quoque
2656 4017 2773 4084 ipse
2819 4017 3051 4072 salutem
3104 4032 3296 4072 eorum
3332 4017 3517 4071 obiter
3561 4016 3810 4070 elucretur,
3838 4004 3880 4056 ab

2387 4111 2510 4181 ejus
2563 4109 2814 4164 videlicet
2881 4109 3133 4164 doctrina
3200 4110 3492 4164 utilitatem
3561 4103 3878 4178 capientium:

2388 4200 2850 4272 quemadmodum
2885 4210 2941 4255 et
2980 4202 3226 4257 medicus
3275 4202 3344 4255 ad
3396 4200 3616 4256 fmtidos
3649 4195 3879 4252 morbossr!

2389 4292 2648 4357 demittit,
2683 4291 2961 4361 nullisque
2997 4292 3113 4362 ipse
3151 4291 3459 4353 doloribus,
3493 4292 3589 4361 qui
3636 4284 3876 4343 medicinam

2390 4393 2705 4452 exposcam,
2737 4382 2967 4439 affectus
3005 4382 3223 4452 mgrotis
3260 4383 3560 4436 sanitatem
3594 4378 3743 4439 ah‘ert,
3771 4380 3881 4436 διιμιθ

706 4481 923 4535 lacerna
954 4479 1149 4531 ardens
1185 4480 1248 4531 ⁸⁸.
1283 4476 1589 4534 Lucernam
1636 4492 1800 4545 porro
1836 4477 2014 4545 ipsum
2052 4450 2295 4543 vocavit:
2323 4476 2361 4529 Ι)
2392 4474 2480 4528 ille
2523 4472 2711 4538 etiam,
2762 4472 2857 4541 qui
2891 4474 3047 4543 juxta
3079 4472 3215 4541 legis
3264 4481 3600 4541 praceptum
3646 4468 3693 4521 in
3732 4463 3881 4517 fore!“

709 4577 770 4625 ut
795 4568 1060 4621 doctrina:
1093 4567 1271 4621 lumen
1311 4583 1341 4620 a
1375 4581 1434 4621 se
1476 4582 1582 4620 non
1625 4566 1936 4629 habentem,
1970 4567 2065 4620 sed
2100 4581 2130 4617 a
2164 4563 2289 4635 Spi-

709 4657 851 4711 ritus
879 4659 1056 4713 sancti
1083 4660 1278 4728 gratia,
1304 4669 1359 4712 ct
1383 4659 1514 4727 quia
1550 4657 1867 4726 praeiulgido
1895 4656 2292 4723 Solisjustitite

711 4748 917 4804 lumine
943 4750 1322 4804 obscurandus
1360 4760 1497 4803 erat.
1541 4747 1656 4803 Vox
1699 4765 1892 4804 rursus
1920 4748 2147 4812 dicitur,
2181 4765 2289 4803 non

711 4839 874 4892 modo
925 4850 1146 4907 propter
1195 4841 1559 4893 exaudibilem
1616 4839 1788 4909 ipsius
1846 4840 2286 4908 praedicationem

712 4931 857 5000 (ipse
903 4932 1048 4985 enim
1097 4941 1202 4992 est,
1243 4931 1399 4999 juxta
1450 4930 1600 4983 Isaia:
1643 4930 1984 4998 vaticinium,
2024 4930 2138 4986 Vox
2174 4932 2289 4986 cla-

712 5024 909 5077 mantis
948 5024 1002 5075 in
1040 5023 1246 5075 deserto
1281 5022 1380 5089 ¹⁶);
1420 5037 1607 5077 verum
1639 5023 1801 5077 etiam
1834 5032 1891 5077 ut
1918 5025 2137 5080 Christo
2167 5023 2291 5078 Sal-

712 5123 925 5180 vatore,
948 5124 1214 5184 quantum
1245 5115 1313 5167 ad
1346 5115 1766 5180 humanitatem,
1796 5116 1966 5185 prior,
1998 5132 2104 5171 non
2132 5130 2293 5171 secus

713 5219 783 5259 ac
808 5220 907 5259 vox
939 5219 1249 5259 sermonem
1277 5206 1570 5261 antecedit.
1601 5206 1896 5263 Pronuhus
1923 5217 2102 5262 autem
2132 5222 2297 5262 voca-

710 5307 822 5361 tur,
860 5305 919 5350 ut
970 5295 1192 5351 Christo
1224 5298 1291 5352 ad
1344 5313 1630 5366 sponsam,
1681 5300 1787 5354 hoc
1833 5311 1920 5355 est
1968 5301 2292 5366 Ecclesiam,

713 5391 852 5445 viam
868 5400 1120 5446 sternens
1144 5390 1368 5461 tParate
1389 5393 1556 5458 enim,
1581 5393 1777 5463 inquit,
1796 5395 1936 5447 viain
1961 5393 2175 5447 Domini
2200 5394 2296 5465 ιτ),

789 5595 811 5628 ⁸
840 5593 966 5650 03c.
1002 5611 1077 5659 tv,
1106 5595 1192 5648 15.
1308 5594 1351 5624 ¹⁴⁵
1382 5593 1487 5649 lsa.
1521 5607 1644 5655 va,
1675 5590 1766 5645 25.

789 5664 834 5698 "
858 5664 1016 5717 Joan.
1048 5680 1100 5727 v,
1141 5665 1232 5718 55.
1310 5663 1479 5716 "lsa.
1515 5677 1604 5727 ιι,
1669 5665 1739 5723 8;

792 5734 839 5772 ³⁸
863 5734 1050 5788 Matth.
1083 5749 1177 5794 xx,
1206 5734 1309 5799 2'1;
1364 5748 1520 5799 χχιιι,
1552 5732 1609 5785 Η
1637 5748 1651 5796 ;
1693 5730 1850 5786 Joan.
1894 5748 2015 5797 nun,
2058 5732 2141 5786 l6.

1882 5590 1922 5623 ³¹
1957 5590 2114 5645 Joan.
2148 5606 2264 5651 nx,
2301 5592 2388 5646 i7.
2502 5591 2545 5622 “
2574 5590 2679 5644 lsa.
2714 5603 2793 5651 Ix,
2834 5590 2888 5642 6.
3005 5590 3047 5619 "
3082 5590 3213 5642 Luc.
3250 5602 3341 5651 xv,
3373 5590 3427 5643 8.
3541 5590 3579 5617 "
3608 5590 3722 5637 Luc.
3761 5590 3790 5637 I.
3827 5590 3866 5651 (εξ

1802 5644 2109 5724 Mantum,
2135 5644 2197 5716 δέ
2255 5644 2280 5692 ’⁸

2364 5644 2463 5715 uid.
2543 5661 2587 5691 ¹⁸
2609 5644 2887 5724 λυθηίιιι,
2914 5657 3004 5713 29.
3084 5659 3127 5689 "
3151 5644 3341 5711 Μειιιιιξ
3384 5672 3466 5719 Itl,
3496 5656 3572 5723 ii;
3603 5652 3742 5708 Joan.
3771 5644 3881 5707 μοι.

2252 5733 2293 5763 ²¹
2332 5731 2521 5787 Matth.
2557 5745 2711 5793 nm,
2745 5728 2831 5784 ii.

2390 4564 2684 4634 incumbit,
2733 4563 3059 4633 lapsumque
3107 4562 3334 4626 animal,
3383 4573 3713 4631 nequaquam
3756 4554 3883 4618 1³1³⁵⁸⁵

2391 4657 2529 4727 ipse,
2561 4656 2823 4710 extrahit.
2852 4656 3010 4721 Quod
3055 4655 3102 4708 si
3151 4655 3227 4708 illi
3263 4654 3555 4708 miriﬁcam
3588 4652 3701 4706 hinc
3730 4643 3881 4700 laudem

2388 4754 2823 4814 consequuntur,
2878 4736 3015 4814 quid
3073 4745 3291 4798 tandem
3352 4744 3536 4799 atl‘erri
3586 4749 3757 4813 potest,
3794 4732 3882 4802 quin

2394 4839 2571 4893 multo
2599 4837 2873 4907 majorem
2894 4836 3055 4891 nobis
3079 4835 3500 4892 admirationem
3535 4834 3769 4892 Dominus
3787 4821 3883 4880 exci-

2396 4938 2514 4984 tare
2558 4929 2773 4994 debeat,
2822 4929 2921 4998 qui
2983 4927 3182 4983 [tedam
3251 4937 3497 4984 nostram
3562 4920 3882 4992 corruptionem

2394 5020 2679 5087 sustinuit,
2705 5029 2866 5090 atque
2885 5020 2954 5074 ad
2978 5020 3226 5074 intimum
3252 5019 3432 5089 ipsum
3460 5019 3631 5074 lacum
3654 5004 3882 5070 descendit.

2394 5123 2451 5167 ut
2475 5112 2752 5167 hominem
2776 5110 3070 5167 affectuum
3112 5111 3387 5167 ulceribus
3417 5119 3703 5167 scatentem
3731 5097 3886 5157 incoltr

2394 5205 2571 5261 mitati
2605 5205 2873 5269 redderet,
2907 5219 3244 5273 sursumque
3280 5205 3631 5273 pertraheret,
3670 5195 3751 5268 qui
3784 5195 3887 5245 tanta

2396 5299 2706 5355 calamitate
2753 5312 3052 5366 oppressus
3099 5307 3238 5363 erat,
3284 5307 3344 5351 ut
3386 5312 3600 5352 sensum
3638 5299 3816 5346 Omnem

2396 5395 2664 5448 rationem
2698 5391 2923 5462 pecudis
2957 5390 3132 5446 instar
3159 5390 3456 5457 amisisset,
3480 5392 3607 5444 adeo
3633 5396 3685 5440 ut
3712 5394 3793 5436 nec
3816 5372 3886 5426 sibi

3541 5587 3579 5617 “
3608 5583 3722 5637 Luc.
3761 5590 3790 5637 I.
3821 5569 3883 5623 75-

2502 5591 2545 5622 “
2574 5589 2679 5644 lsa.
2714 5603 2793 5652 Ix,
2834 5586 2888 5642 6.
2967 5566 2979 5581 ’
3005 5587 3047 5619 ³³
3082 5585 3213 5642 Luc.
3250 5602 3341 5652 xv,
3373 5586 3427 5643 8.

2938 5730 2982 5760 "
3027 5727 3161 5783 Luc.
3196 5743 3311 5795 xm,
3346 5728 3434 5783 il.
