  <div class='ocr_page' id='page_1' title='image "/cluster/home/n/w/nwhite01/storage/ocr_20150623/127/mdp.39015038085968/178.png"; bbox 0 0 4024 6292; ppageno 0'>
   <div class='ocr_carea' id='block_1_1' title="bbox 264 404 406 471">
    <p class='ocr_par' dir='ltr' id='par_1_1' title="bbox 264 404 406 471">
     <span class='ocr_line' id='line_1_1' title="bbox 264 404 406 471; baseline 0.007 -1"><span class='ocrx_word' id='word_1_1' title='bbox 264 404 406 471; x_wconf 67' lang='grc' dir='ltr'><strong>14θ5</strong></span> 
     </span>
    </p>
   </div>
   <div class='ocr_carea' id='block_1_2' title="bbox 1179 402 2487 471">
    <p class='ocr_par' dir='ltr' id='par_1_2' title="bbox 1179 402 2487 471">
     <span class='ocr_line' id='line_1_2' title="bbox 1179 402 2487 471; baseline 0 -2"><span class='ocrx_word' id='word_1_2' title='bbox 1179 407 1500 470; x_wconf 83' lang='lat' dir='ltr'><strong>NICETAS</strong></span> <span class='ocrx_word' id='word_1_3' title='bbox 1539 407 1623 469; x_wconf 84' lang='lat' dir='ltr'><strong>IN</strong></span> <span class='ocrx_word' id='word_1_4' title='bbox 1664 407 1890 471; x_wconf 71' lang='lat' dir='ltr'><strong>ORAT.</strong></span> <span class='ocrx_word' id='word_1_5' title='bbox 1932 402 2109 471; x_wconf 80' lang='lat' dir='ltr'><strong>XLII</strong></span> <span class='ocrx_word' id='word_1_6' title='bbox 2148 410 2212 471; x_wconf 72' lang='grc' dir='ltr'><strong>Β.</strong></span> <span class='ocrx_word' id='word_1_7' title='bbox 2251 409 2487 470; x_wconf 82' lang='lat' dir='ltr'><strong>GREG.</strong></span> 
     </span>
    </p>
   </div>
   <div class='ocr_carea' id='block_1_3' title="bbox 3373 407 3512 468">
    <p class='ocr_par' dir='ltr' id='par_1_3' title="bbox 3373 407 3512 468">
     <span class='ocr_line' id='line_1_3' title="bbox 3373 407 3512 468; baseline -0.036 -1"><span class='ocrx_word' id='word_1_8' title='bbox 3373 407 3512 468; x_wconf 65' lang='lat'><strong>1406</strong></span> 
     </span>
    </p>
   </div>
   <div class='ocr_carea' id='block_1_4' title="bbox 261 510 3497 588">
    <p class='ocr_par' dir='ltr' id='par_1_4' title="bbox 261 510 3497 588">
     <span class='ocr_line' id='line_1_4' title="bbox 261 510 3497 588; baseline -0 -20"><span class='ocrx_word' id='word_1_9' title='bbox 261 514 363 585; x_wconf 81' lang='lat' dir='ltr'><strong>ipsi</strong></span> <span class='ocrx_word' id='word_1_10' title='bbox 420 512 685 569; x_wconf 75' lang='lat' dir='ltr'><strong>auxilium</strong></span> <span class='ocrx_word' id='word_1_11' title='bbox 735 510 898 577; x_wconf 79' lang='lat' dir='ltr'><strong>ferre,</strong></span> <span class='ocrx_word' id='word_1_12' title='bbox 947 524 1051 569; x_wconf 84' lang='lat' dir='ltr'><strong>nec</strong></span> <span class='ocrx_word' id='word_1_13' title='bbox 1099 514 1294 588; x_wconf 77' lang='lat' dir='ltr'><strong>medici</strong></span> <span class='ocrx_word' id='word_1_14' title='bbox 1330 530 1488 584; x_wconf 89' lang='lat' dir='ltr'><strong>opem</strong></span> <span class='ocrx_word' id='word_1_15' title='bbox 1539 515 1833 586; x_wconf 80' lang='lat' dir='ltr'><strong>implorare</strong></span> <span class='ocrx_word' id='word_1_16' title='bbox 1862 520 1906 577; x_wconf 81' lang='grc' dir='ltr'><strong>Α</strong></span> <span class='ocrx_word' id='word_1_17' title='bbox 1935 520 2026 574; x_wconf 88' lang='lat' dir='ltr'><strong>nia</strong></span> <span class='ocrx_word' id='word_1_18' title='bbox 2071 519 2163 574; x_wconf 91' lang='lat' dir='ltr'><strong>illa</strong></span> <span class='ocrx_word' id='word_1_19' title='bbox 2212 519 2605 588; x_wconf 70' lang='lat' dir='ltr'><strong>producamus,</strong></span> <span class='ocrx_word' id='word_1_20' title='bbox 2656 530 2712 571; x_wconf 88' lang='lat' dir='ltr'><strong>tn</strong></span> <span class='ocrx_word' id='word_1_21' title='bbox 2755 514 2979 587; x_wconf 84' lang='lat' dir='ltr'><strong>quibus,</strong></span> <span class='ocrx_word' id='word_1_22' title='bbox 3011 514 3209 585; x_wconf 87' lang='lat' dir='ltr'><strong>partim</strong></span> <span class='ocrx_word' id='word_1_23' title='bbox 3241 528 3271 569; x_wconf 85' lang='lat' dir='ltr'><strong>a</strong></span> <span class='ocrx_word' id='word_1_24' title='bbox 3314 511 3497 576; x_wconf 81' lang='lat' dir='ltr'><strong>Patre,</strong></span> 
     </span>
    </p>
   </div>
   <div class='ocr_carea' id='block_1_5' title="bbox 259 576 1832 677">
    <p class='ocr_par' dir='ltr' id='par_1_5' title="bbox 259 576 1832 677">
     <span class='ocr_line' id='line_1_5' title="bbox 259 576 1832 677; baseline 0.001 -16"><span class='ocrx_word' id='word_1_25' title='bbox 259 576 463 677; x_wconf 68' lang='lat' dir='ltr'><strong>posset.</strong></span> <span class='ocrx_word' id='word_1_26' title='bbox 510 605 608 661; x_wconf 90' lang='lat' dir='ltr'><strong>sed</strong></span> <span class='ocrx_word' id='word_1_27' title='bbox 656 576 912 660; x_wconf 83' lang='lat' dir='ltr'><strong>rationali</strong></span> <span class='ocrx_word' id='word_1_28' title='bbox 963 576 1227 675; x_wconf 65' lang='lat' dir='ltr'><strong>quodam,</strong></span> <span class='ocrx_word' id='word_1_29' title='bbox 1279 576 1388 662; x_wconf 77' lang='lat' dir='ltr'><strong>hoc</strong></span> <span class='ocrx_word' id='word_1_30' title='bbox 1433 614 1540 671; x_wconf 90' lang='lat' dir='ltr'><strong>est,</strong></span> <span class='ocrx_word' id='word_1_31' title='bbox 1589 576 1832 672; x_wconf 75' lang='lat' dir='ltr'><strong>Christe,</strong></span> 
     </span>
    </p>
   </div>
   <div class='ocr_carea' id='block_1_6' title="bbox 256 696 1834 768">
    <p class='ocr_par' dir='ltr' id='par_1_6' title="bbox 256 696 1834 768">
     <span class='ocr_line' id='line_1_6' title="bbox 256 696 1834 768; baseline 0.001 -16"><span class='ocrx_word' id='word_1_32' title='bbox 256 713 400 768; x_wconf 84' lang='lat' dir='ltr'><strong>opus</strong></span> <span class='ocrx_word' id='word_1_33' title='bbox 428 698 680 761; x_wconf 84' lang='lat' dir='ltr'><strong>haberet,</strong></span> <span class='ocrx_word' id='word_1_34' title='bbox 726 696 822 766; x_wconf 86' lang='lat' dir='ltr'><strong>qui</strong></span> <span class='ocrx_word' id='word_1_35' title='bbox 862 711 966 767; x_wconf 88' lang='lat' dir='ltr'><strong>pro</strong></span> <span class='ocrx_word' id='word_1_36' title='bbox 993 711 1095 754; x_wconf 90' lang='lat' dir='ltr'><strong>suo</strong></span> <span class='ocrx_word' id='word_1_37' title='bbox 1134 711 1267 768; x_wconf 79' lang='lat' dir='ltr'><strong>erga</strong></span> <span class='ocrx_word' id='word_1_38' title='bbox 1312 711 1485 767; x_wconf 73' lang='lat' dir='ltr'><strong>gentm</strong></span> <span class='ocrx_word' id='word_1_39' title='bbox 1531 700 1834 754; x_wconf 86' lang='lat' dir='ltr'><strong>humanum</strong></span> 
     </span>
    </p>
   </div>
   <div class='ocr_carea' id='block_1_7' title="bbox 258 788 1762 859">
    <p class='ocr_par' dir='ltr' id='par_1_7' title="bbox 258 788 1762 859">
     <span class='ocr_line' id='line_1_7' title="bbox 258 788 1762 859; baseline 0 -14"><span class='ocrx_word' id='word_1_40' title='bbox 258 803 446 845; x_wconf 88' lang='lat' dir='ltr'><strong>amere</strong></span> <span class='ocrx_word' id='word_1_41' title='bbox 473 796 530 844; x_wconf 90' lang='lat' dir='ltr'><strong>et</strong></span> <span class='ocrx_word' id='word_1_42' title='bbox 560 788 940 845; x_wconf 87' lang='lat' dir='ltr'><strong>misericordia</strong></span> <span class='ocrx_word' id='word_1_43' title='bbox 972 797 1171 858; x_wconf 87' lang='lat' dir='ltr'><strong>sueple</strong></span> <span class='ocrx_word' id='word_1_44' title='bbox 1201 794 1339 844; x_wconf 91' lang='lat' dir='ltr'><strong>nutu</strong></span> <span class='ocrx_word' id='word_1_45' title='bbox 1373 789 1762 859; x_wconf 71' lang='lat' dir='ltr'><strong>impelleretur.</strong></span> 
     </span>
    </p>
   </div>
   <div class='ocr_carea' id='block_1_8' title="bbox 325 879 1836 951">
    <p class='ocr_par' dir='ltr' id='par_1_8' title="bbox 325 879 1836 951">
     <span class='ocr_line' id='line_1_8' title="bbox 325 879 1836 951; baseline -0.001 -14"><span class='ocrx_word' id='word_1_46' title='bbox 325 881 446 937; x_wconf 85' lang='lat' dir='ltr'><strong>Coi.</strong></span> <span class='ocrx_word' id='word_1_47' title='bbox 476 881 582 937; x_wconf 80' lang='lat'><strong>659</strong></span> <span class='ocrx_word' id='word_1_48' title='bbox 613 879 675 937; x_wconf 89' lang='lat' dir='ltr'><strong>C.</strong></span> <span class='ocrx_word' id='word_1_49' title='bbox 738 879 947 936; x_wconf 71' lang='lat' dir='ltr'><strong>Missus</strong></span> <span class='ocrx_word' id='word_1_50' title='bbox 962 880 1172 951; x_wconf 81' lang='lat' dir='ltr'><strong>quidm</strong></span> <span class='ocrx_word' id='word_1_51' title='bbox 1228 891 1330 946; x_wconf 81' lang='lat' dir='ltr'><strong>est,</strong></span> <span class='ocrx_word' id='word_1_52' title='bbox 1385 896 1569 935; x_wconf 73' lang='lat' dir='ltr'><strong>verum</strong></span> <span class='ocrx_word' id='word_1_53' title='bbox 1621 890 1680 936; x_wconf 83' lang='lat' dir='ltr'><strong>ut</strong></span> <span class='ocrx_word' id='word_1_54' title='bbox 1736 882 1836 945; x_wconf 79' lang='lat' dir='ltr'><strong>Iro-</strong></span> 
     </span>
    </p>
   </div>
   <div class='ocr_carea' id='block_1_9' title="bbox 253 964 1832 1038">
    <p class='ocr_par' dir='ltr' id='par_1_9' title="bbox 253 964 1832 1038">
     <span class='ocr_line' id='line_1_9' title="bbox 253 964 1832 1038; baseline 0.001 -12"><span class='ocrx_word' id='word_1_55' title='bbox 253 988 362 1038; x_wconf 80' lang='lat' dir='ltr'><strong>mo,</strong></span> <span class='ocrx_word' id='word_1_56' title='bbox 401 981 509 1025; x_wconf 90' lang='lat' dir='ltr'><strong>etc.</strong></span> <span class='ocrx_word' id='word_1_57' title='bbox 566 968 839 1037; x_wconf 71' lang='lat' dir='ltr'><strong>Recretici,</strong></span> <span class='ocrx_word' id='word_1_58' title='bbox 874 970 1163 1027; x_wconf 81' lang='lat' dir='ltr'><strong>Christum</strong></span> <span class='ocrx_word' id='word_1_59' title='bbox 1200 964 1508 1036; x_wconf 78' lang='lat' dir='ltr'><strong>audientes,</strong></span> <span class='ocrx_word' id='word_1_60' title='bbox 1539 972 1832 1037; x_wconf 75' lang='lat' dir='ltr'><strong>dicentem,</strong></span> 
     </span>
    </p>
   </div>
   <div class='ocr_carea' id='block_1_10' title="bbox 259 1061 1832 1141">
    <p class='ocr_par' dir='ltr' id='par_1_10' title="bbox 259 1061 1832 1141">
     <span class='ocr_line' id='line_1_10' title="bbox 259 1061 1832 1141; baseline 0.002 -26"><span class='ocrx_word' id='word_1_61' title='bbox 259 1063 425 1118; x_wconf 79' lang='lat' dir='ltr'><strong>Pater</strong></span> <span class='ocrx_word' id='word_1_62' title='bbox 460 1062 610 1117; x_wconf 78' lang='lat' dir='ltr'><strong>misit</strong></span> <span class='ocrx_word' id='word_1_63' title='bbox 638 1078 725 1117; x_wconf 80' lang='lat' dir='ltr'><strong>me</strong></span> <span class='ocrx_word' id='word_1_64' title='bbox 748 1062 816 1125; x_wconf 79' lang='lat'><strong>“,</strong></span> <span class='ocrx_word' id='word_1_65' title='bbox 849 1062 1079 1119; x_wconf 81' lang='lat' dir='ltr'><strong>subdole</strong></span> <span class='ocrx_word' id='word_1_66' title='bbox 1106 1076 1175 1141; x_wconf 79' lang='lat' dir='ltr'><strong>ac</strong></span> <span class='ocrx_word' id='word_1_67' title='bbox 1198 1073 1453 1134; x_wconf 74' lang='lat' dir='ltr'><strong>perverse</strong></span> <span class='ocrx_word' id='word_1_68' title='bbox 1483 1061 1832 1134; x_wconf 86' lang='lat' dir='ltr'><strong>colligebant,</strong></span> 
     </span>
    </p>
   </div>
   <div class='ocr_carea' id='block_1_11' title="bbox 251 1151 1837 1223">
    <p class='ocr_par' dir='ltr' id='par_1_11' title="bbox 251 1151 1837 1223">
     <span class='ocr_line' id='line_1_11' title="bbox 251 1151 1837 1223; baseline 0 -14"><span class='ocrx_word' id='word_1_69' title='bbox 251 1168 319 1209; x_wconf 69' lang='lat' dir='ltr'><strong>es</strong></span> <span class='ocrx_word' id='word_1_70' title='bbox 342 1168 411 1209; x_wconf 87' lang='lat' dir='ltr'><strong>eo</strong></span> <span class='ocrx_word' id='word_1_71' title='bbox 435 1154 581 1223; x_wconf 81' lang='lat' dir='ltr'><strong>quod</strong></span> <span class='ocrx_word' id='word_1_72' title='bbox 624 1154 835 1209; x_wconf 72' lang='lat' dir='ltr'><strong>utiqu</strong></span> <span class='ocrx_word' id='word_1_73' title='bbox 871 1160 1021 1209; x_wconf 83' lang='lat' dir='ltr'><strong>esset</strong></span> <span class='ocrx_word' id='word_1_74' title='bbox 1038 1151 1231 1220; x_wconf 76' lang='lat' dir='ltr'><strong>Filius,</strong></span> <span class='ocrx_word' id='word_1_75' title='bbox 1263 1162 1426 1223; x_wconf 83' lang='lat' dir='ltr'><strong>atque</strong></span> <span class='ocrx_word' id='word_1_76' title='bbox 1444 1153 1837 1211; x_wconf 60' lang='lat' dir='ltr'><strong>incarnationis</strong></span> 
     </span>
    </p>
   </div>
   <div class='ocr_carea' id='block_1_12' title="bbox 255 1242 1839 1315">
    <p class='ocr_par' dir='ltr' id='par_1_12' title="bbox 255 1242 1839 1315">
     <span class='ocr_line' id='line_1_12' title="bbox 255 1242 1839 1315; baseline 0.001 -13"><span class='ocrx_word' id='word_1_77' title='bbox 255 1243 494 1302; x_wconf 77' lang='lat' dir='ltr'><strong>consilio</strong></span> <span class='ocrx_word' id='word_1_78' title='bbox 531 1244 842 1315; x_wconf 71' lang='lat' dir='ltr'><strong>parsisset;</strong></span> <span class='ocrx_word' id='word_1_79' title='bbox 875 1256 1027 1310; x_wconf 86' lang='lat' dir='ltr'><strong>eum,</strong></span> <span class='ocrx_word' id='word_1_80' title='bbox 1049 1251 1111 1299; x_wconf 90' lang='lat' dir='ltr'><strong>ut</strong></span> <span class='ocrx_word' id='word_1_81' title='bbox 1140 1242 1303 1300; x_wconf 75' lang='lat' dir='ltr'><strong>Patro</strong></span> <span class='ocrx_word' id='word_1_82' title='bbox 1329 1244 1667 1312; x_wconf 74' lang='lat' dir='ltr'><strong>inferiorem,</strong></span> <span class='ocrx_word' id='word_1_83' title='bbox 1705 1246 1839 1303; x_wconf 75' lang='lat' dir='ltr'><strong>mis-</strong></span> 
     </span>
    </p>
   </div>
   <div class='ocr_carea' id='block_1_13' title="bbox 252 1336 1833 1410">
    <p class='ocr_par' dir='ltr' id='par_1_13' title="bbox 252 1336 1833 1410">
     <span class='ocr_line' id='line_1_13' title="bbox 252 1336 1833 1410; baseline 0.003 -18"><span class='ocrx_word' id='word_1_84' title='bbox 252 1348 378 1392; x_wconf 85' lang='lat' dir='ltr'><strong>sum</strong></span> <span class='ocrx_word' id='word_1_85' title='bbox 429 1348 572 1396; x_wconf 84' lang='lat' dir='ltr'><strong>esse,</strong></span> <span class='ocrx_word' id='word_1_86' title='bbox 616 1343 781 1405; x_wconf 85' lang='lat' dir='ltr'><strong>atque</strong></span> <span class='ocrx_word' id='word_1_87' title='bbox 840 1336 1115 1407; x_wconf 80' lang='lat' dir='ltr'><strong>paruisse.</strong></span> <span class='ocrx_word' id='word_1_88' title='bbox 1179 1336 1333 1394; x_wconf 71' lang='lat' dir='ltr'><strong>lissi</strong></span> <span class='ocrx_word' id='word_1_89' title='bbox 1378 1340 1549 1407; x_wconf 84' lang='lat' dir='ltr'><strong>enim,</strong></span> <span class='ocrx_word' id='word_1_90' title='bbox 1604 1340 1833 1410; x_wconf 71' lang='lat' dir='ltr'><strong>subiecti</strong></span> 
     </span>
    </p>
   </div>
   <div class='ocr_carea' id='block_1_14' title="bbox 250 1426 1833 1502">
    <p class='ocr_par' dir='ltr' id='par_1_14' title="bbox 250 1426 1833 1502">
     <span class='ocr_line' id='line_1_14' title="bbox 250 1426 1833 1502; baseline 0.003 -20"><span class='ocrx_word' id='word_1_91' title='bbox 250 1435 418 1496; x_wconf 80' lang='lat' dir='ltr'><strong>atque</strong></span> <span class='ocrx_word' id='word_1_92' title='bbox 464 1426 744 1483; x_wconf 77' lang='lat' dir='ltr'><strong>inferioris</strong></span> <span class='ocrx_word' id='word_1_93' title='bbox 806 1438 931 1483; x_wconf 84' lang='lat' dir='ltr'><strong>esse</strong></span> <span class='ocrx_word' id='word_1_94' title='bbox 976 1427 1223 1484; x_wconf 73' lang='lat' dir='ltr'><strong>videtur.</strong></span> <span class='ocrx_word' id='word_1_95' title='bbox 1277 1428 1395 1487; x_wconf 78' lang='lat' dir='ltr'><strong>Hoc</strong></span> <span class='ocrx_word' id='word_1_96' title='bbox 1447 1431 1638 1502; x_wconf 81' lang='lat' dir='ltr'><strong>igitur,</strong></span> <span class='ocrx_word' id='word_1_97' title='bbox 1684 1432 1833 1502; x_wconf 89' lang='lat' dir='ltr'><strong>quod</strong></span> 
     </span>
    </p>
   </div>
   <div class='ocr_carea' id='block_1_15' title="bbox 251 1516 1836 1590">
    <p class='ocr_par' dir='ltr' id='par_1_15' title="bbox 251 1516 1836 1590">
     <span class='ocr_line' id='line_1_15' title="bbox 251 1516 1836 1590; baseline 0.004 -18"><span class='ocrx_word' id='word_1_98' title='bbox 251 1516 608 1588; x_wconf 63' lang='lat' dir='ltr'><strong>blasphemia</strong></span> <span class='ocrx_word' id='word_1_99' title='bbox 673 1517 781 1573; x_wconf 82' lang='lat' dir='ltr'><strong>illis</strong></span> <span class='ocrx_word' id='word_1_100' title='bbox 831 1525 952 1574; x_wconf 87' lang='lat' dir='ltr'><strong>erat</strong></span> <span class='ocrx_word' id='word_1_101' title='bbox 1004 1528 1413 1590; x_wconf 80' lang='lat' dir='ltr'><strong>argumentum,</strong></span> <span class='ocrx_word' id='word_1_102' title='bbox 1465 1521 1548 1577; x_wconf 81' lang='lat' dir='ltr'><strong>ita</strong></span> <span class='ocrx_word' id='word_1_103' title='bbox 1600 1521 1836 1578; x_wconf 69' lang='lat' dir='ltr'><strong>breviter</strong></span> 
     </span>
    </p>
   </div>
   <div class='ocr_carea' id='block_1_16' title="bbox 252 1606 1834 1681">
    <p class='ocr_par' dir='ltr' id='par_1_16' title="bbox 252 1606 1834 1681">
     <span class='ocr_line' id='line_1_16' title="bbox 252 1606 1834 1681; baseline 0.002 -16"><span class='ocrx_word' id='word_1_104' title='bbox 252 1609 418 1665; x_wconf 83' lang='lat' dir='ltr'><strong>solvit</strong></span> <span class='ocrx_word' id='word_1_105' title='bbox 447 1607 782 1679; x_wconf 76' lang='lat' dir='ltr'><strong>Theologus.</strong></span> <span class='ocrx_word' id='word_1_106' title='bbox 815 1609 1086 1674; x_wconf 75' lang='lat' dir='ltr'><strong>Quoniam</strong></span> <span class='ocrx_word' id='word_1_107' title='bbox 1114 1606 1389 1668; x_wconf 78' lang='lat' dir='ltr'><strong>Christus</strong></span> <span class='ocrx_word' id='word_1_108' title='bbox 1424 1611 1698 1681; x_wconf 87' lang='lat' dir='ltr'><strong>duplicem</strong></span> <span class='ocrx_word' id='word_1_109' title='bbox 1730 1620 1834 1668; x_wconf 79' lang='lat' dir='ltr'><strong>na-</strong></span> 
     </span>
    </p>
   </div>
   <div class='ocr_carea' id='block_1_17' title="bbox 252 1700 1831 1773">
    <p class='ocr_par' dir='ltr' id='par_1_17' title="bbox 252 1700 1831 1773">
     <span class='ocr_line' id='line_1_17' title="bbox 252 1700 1831 1773; baseline 0.003 -18"><span class='ocrx_word' id='word_1_110' title='bbox 252 1711 433 1756; x_wconf 81' lang='lat' dir='ltr'><strong>turam</strong></span> <span class='ocrx_word' id='word_1_111' title='bbox 471 1700 742 1766; x_wconf 82' lang='lat' dir='ltr'><strong>habebat,</strong></span> <span class='ocrx_word' id='word_1_112' title='bbox 780 1700 1046 1755; x_wconf 76' lang='lat' dir='ltr'><strong>nimirum</strong></span> <span class='ocrx_word' id='word_1_113' title='bbox 1095 1700 1338 1757; x_wconf 59' lang='lat' dir='ltr'><strong>diuinam</strong></span> <span class='ocrx_word' id='word_1_114' title='bbox 1392 1710 1457 1759; x_wconf 88' lang='lat' dir='ltr'><strong>et-</strong></span> <span class='ocrx_word' id='word_1_115' title='bbox 1503 1704 1831 1773; x_wconf 76' lang='lat' dir='ltr'><strong>humanam,</strong></span> 
     </span>
    </p>
   </div>
   <div class='ocr_carea' id='block_1_18' title="bbox 251 1792 1832 1868">
    <p class='ocr_par' dir='ltr' id='par_1_18' title="bbox 251 1792 1832 1868">
     <span class='ocr_line' id='line_1_18' title="bbox 251 1792 1832 1868; baseline 0.003 -22"><span class='ocrx_word' id='word_1_116' title='bbox 251 1805 444 1848; x_wconf 73' lang='lat' dir='ltr'><strong>manes</strong></span> <span class='ocrx_word' id='word_1_117' title='bbox 478 1806 574 1848; x_wconf 85' lang='lat' dir='ltr'><strong>eas</strong></span> <span class='ocrx_word' id='word_1_118' title='bbox 601 1804 790 1855; x_wconf 86' lang='lat' dir='ltr'><strong>voces,</strong></span> <span class='ocrx_word' id='word_1_119' title='bbox 821 1806 955 1862; x_wconf 71' lang='lat' dir='ltr'><strong>quas</strong></span> <span class='ocrx_word' id='word_1_120' title='bbox 989 1792 1060 1848; x_wconf 79' lang='lat' dir='ltr'><strong>de</strong></span> <span class='ocrx_word' id='word_1_121' title='bbox 1087 1800 1155 1848; x_wconf 90' lang='lat' dir='ltr'><strong>e&#39;o</strong></span> <span class='ocrx_word' id='word_1_122' title='bbox 1202 1794 1512 1850; x_wconf 67' lang='lat' dir='ltr'><strong>sublimiter</strong></span> <span class='ocrx_word' id='word_1_123' title='bbox 1539 1805 1595 1851; x_wconf 89' lang='lat' dir='ltr'><strong>et</strong></span> <span class='ocrx_word' id='word_1_124' title='bbox 1620 1798 1832 1868; x_wconf 83' lang='lat' dir='ltr'><strong>magni-</strong></span> 
     </span>
    </p>
   </div>
   <div class='ocr_carea' id='block_1_19' title="bbox 252 1881 1827 1958">
    <p class='ocr_par' dir='ltr' id='par_1_19' title="bbox 252 1881 1827 1958">
     <span class='ocr_line' id='line_1_19' title="bbox 252 1881 1827 1958; baseline 0.002 -21"><span class='ocrx_word' id='word_1_125' title='bbox 252 1881 353 1937; x_wconf 85' lang='lat' dir='ltr'><strong>llce</strong></span> <span class='ocrx_word' id='word_1_126' title='bbox 404 1882 646 1951; x_wconf 73' lang='lat' dir='ltr'><strong>prolatos</strong></span> <span class='ocrx_word' id='word_1_127' title='bbox 691 1882 972 1952; x_wconf 84' lang='lat' dir='ltr'><strong>reperies,</strong></span> <span class='ocrx_word' id='word_1_128' title='bbox 1020 1883 1322 1940; x_wconf 76' lang='lat' dir='ltr'><strong>divinitatis</strong></span> <span class='ocrx_word' id='word_1_129' title='bbox 1381 1900 1504 1943; x_wconf 82' lang='lat' dir='ltr'><strong>esse</strong></span> <span class='ocrx_word' id='word_1_130' title='bbox 1554 1888 1827 1958; x_wconf 76' lang='lat' dir='ltr'><strong>intelligo;</strong></span> 
     </span>
    </p>
   </div>
   <div class='ocr_carea' id='block_1_20' title="bbox 251 1973 1831 2047">
    <p class='ocr_par' dir='ltr' id='par_1_20' title="bbox 251 1973 1831 2047">
     <span class='ocr_line' id='line_1_20' title="bbox 251 1973 1831 2047; baseline 0.007 -22"><span class='ocrx_word' id='word_1_131' title='bbox 251 1986 449 2027; x_wconf 88' lang='lat' dir='ltr'><strong>omnes</strong></span> <span class='ocrx_word' id='word_1_132' title='bbox 517 1980 703 2028; x_wconf 83' lang='lat' dir='ltr'><strong>autem</strong></span> <span class='ocrx_word' id='word_1_133' title='bbox 750 1973 987 2030; x_wconf 83' lang='lat' dir='ltr'><strong>humiles</strong></span> <span class='ocrx_word' id='word_1_134' title='bbox 1050 1982 1104 2030; x_wconf 88' lang='lat' dir='ltr'><strong>et</strong></span> <span class='ocrx_word' id='word_1_135' title='bbox 1170 1976 1450 2047; x_wconf 76' lang='lat' dir='ltr'><strong>abiectas,</strong></span> <span class='ocrx_word' id='word_1_136' title='bbox 1505 1979 1831 2038; x_wconf 79' lang='lat' dir='ltr'><strong>humanitati</strong></span> 
     </span>
    </p>
   </div>
   <div class='ocr_carea' id='block_1_21' title="bbox 251 2050 1832 2140">
    <p class='ocr_par' dir='ltr' id='par_1_21' title="bbox 251 2050 1832 2140">
     <span class='ocr_line' id='line_1_21' title="bbox 251 2050 1832 2140; baseline 0.008 -24"><span class='ocrx_word' id='word_1_137' title='bbox 251 2062 486 2119; x_wconf 82' lang='lat' dir='ltr'><strong>ascribe.</strong></span> <span class='ocrx_word' id='word_1_138' title='bbox 538 2062 696 2131; x_wconf 81' lang='lat' dir='ltr'><strong>Quod</strong></span> <span class='ocrx_word' id='word_1_139' title='bbox 743 2063 792 2121; x_wconf 90' lang='lat' dir='ltr'><strong>si</strong></span> <span class='ocrx_word' id='word_1_140' title='bbox 833 2064 904 2121; x_wconf 82' lang='lat' dir='ltr'><strong>de</strong></span> <span class='ocrx_word' id='word_1_141' title='bbox 952 2050 1292 2140; x_wconf 66' lang='lat' dir='ltr'><strong>humanitate</strong></span> <span class='ocrx_word' id='word_1_142' title='bbox 1342 2069 1483 2126; x_wconf 80' lang='lat' dir='ltr'><strong>hanc</strong></span> <span class='ocrx_word' id='word_1_143' title='bbox 1513 2073 1832 2129; x_wconf 78' lang='lat' dir='ltr'><strong>missionem</strong></span> 
     </span>
    </p>
   </div>
   <div class='ocr_carea' id='block_1_22' title="bbox 254 2153 1829 2230">
    <p class='ocr_par' dir='ltr' id='par_1_22' title="bbox 254 2153 1829 2230">
     <span class='ocr_line' id='line_1_22' title="bbox 254 2153 1829 2230; baseline 0.008 -23"><span class='ocrx_word' id='word_1_144' title='bbox 254 2153 652 2223; x_wconf 72' lang='lat' dir='ltr'><strong>interpreteris,</strong></span> <span class='ocrx_word' id='word_1_145' title='bbox 687 2156 871 2212; x_wconf 87' lang='lat' dir='ltr'><strong>nullus</strong></span> <span class='ocrx_word' id='word_1_146' title='bbox 910 2158 1016 2212; x_wconf 88' lang='lat' dir='ltr'><strong>erit</strong></span> <span class='ocrx_word' id='word_1_147' title='bbox 1061 2159 1352 2229; x_wconf 79' lang='lat' dir='ltr'><strong>objectieni</strong></span> <span class='ocrx_word' id='word_1_148' title='bbox 1391 2161 1562 2217; x_wconf 84' lang='lat' dir='ltr'><strong>locus.</strong></span> <span class='ocrx_word' id='word_1_149' title='bbox 1594 2163 1829 2230; x_wconf 81' lang='lat' dir='ltr'><strong>Etenim,</strong></span> 
     </span>
    </p>
   </div>
   <div class='ocr_carea' id='block_1_23' title="bbox 256 2246 1834 2324">
    <p class='ocr_par' dir='ltr' id='par_1_23' title="bbox 256 2246 1834 2324">
     <span class='ocr_line' id='line_1_23' title="bbox 256 2246 1834 2324; baseline 0.008 -25"><span class='ocrx_word' id='word_1_150' title='bbox 256 2255 316 2300; x_wconf 87' lang='lat' dir='ltr'><strong>ut</strong></span> <span class='ocrx_word' id='word_1_151' title='bbox 359 2246 544 2313; x_wconf 80' lang='lat' dir='ltr'><strong>homo,</strong></span> <span class='ocrx_word' id='word_1_152' title='bbox 591 2248 799 2305; x_wconf 80' lang='lat' dir='ltr'><strong>missus</strong></span> <span class='ocrx_word' id='word_1_153' title='bbox 836 2258 922 2306; x_wconf 88' lang='lat' dir='ltr'><strong>est</strong></span> <span class='ocrx_word' id='word_1_154' title='bbox 972 2261 1027 2307; x_wconf 86' lang='lat' dir='ltr'><strong>et</strong></span> <span class='ocrx_word' id='word_1_155' title='bbox 1077 2252 1220 2308; x_wconf 81' lang='lat' dir='ltr'><strong>fatue</strong></span> <span class='ocrx_word' id='word_1_156' title='bbox 1265 2264 1317 2309; x_wconf 88' lang='lat' dir='ltr'><strong>et</strong></span> <span class='ocrx_word' id='word_1_157' title='bbox 1361 2256 1453 2309; x_wconf 71' lang='lat' dir='ltr'><strong>siti</strong></span> <span class='ocrx_word' id='word_1_158' title='bbox 1497 2256 1748 2324; x_wconf 79' lang='lat' dir='ltr'><strong>amictus,</strong></span> <span class='ocrx_word' id='word_1_159' title='bbox 1779 2269 1834 2312; x_wconf 89' lang='lat' dir='ltr'><strong>et</strong></span> 
     </span>
    </p>
   </div>
   <div class='ocr_carea' id='block_1_24' title="bbox 256 2335 1834 2420">
    <p class='ocr_par' dir='ltr' id='par_1_24' title="bbox 256 2335 1834 2420">
     <span class='ocr_line' id='line_1_24' title="bbox 256 2335 1834 2420; baseline 0.01 -29"><span class='ocrx_word' id='word_1_160' title='bbox 256 2335 523 2408; x_wconf 80' lang='lat' dir='ltr'><strong>fatigatus</strong></span> <span class='ocrx_word' id='word_1_161' title='bbox 545 2346 598 2394; x_wconf 75' lang='lat' dir='ltr'><strong>et</strong></span> <span class='ocrx_word' id='word_1_162' title='bbox 628 2353 832 2411; x_wconf 76' lang='lat' dir='ltr'><strong>angore</strong></span> <span class='ocrx_word' id='word_1_163' title='bbox 860 2353 1144 2413; x_wconf 78' lang='lat' dir='ltr'><strong>correptus</strong></span> <span class='ocrx_word' id='word_1_164' title='bbox 1175 2354 1282 2411; x_wconf 81' lang='lat' dir='ltr'><strong>est,</strong></span> <span class='ocrx_word' id='word_1_165' title='bbox 1314 2354 1369 2400; x_wconf 80' lang='lat' dir='ltr'><strong>et</strong></span> <span class='ocrx_word' id='word_1_166' title='bbox 1406 2348 1673 2420; x_wconf 82' lang='lat' dir='ltr'><strong>lacrymas</strong></span> <span class='ocrx_word' id='word_1_167' title='bbox 1705 2360 1834 2419; x_wconf 79' lang='lat' dir='ltr'><strong>pre-</strong></span> 
     </span>
    </p>
   </div>
   <div class='ocr_carea' id='block_1_25' title="bbox 254 2428 1831 2507">
    <p class='ocr_par' dir='ltr' id='par_1_25' title="bbox 254 2428 1831 2507">
     <span class='ocr_line' id='line_1_25' title="bbox 254 2428 1831 2507; baseline 0.009 -24"><span class='ocrx_word' id='word_1_168' title='bbox 254 2428 397 2485; x_wconf 86' lang='lat' dir='ltr'><strong>l&#39;udit</strong></span> <span class='ocrx_word' id='word_1_169' title='bbox 450 2449 466 2486; x_wconf 90' lang='lat'><strong>:</strong></span> <span class='ocrx_word' id='word_1_170' title='bbox 510 2432 595 2487; x_wconf 84' lang='lat' dir='ltr'><strong>sin</strong></span> <span class='ocrx_word' id='word_1_171' title='bbox 654 2433 722 2487; x_wconf 85' lang='lat' dir='ltr'><strong>ad</strong></span> <span class='ocrx_word' id='word_1_172' title='bbox 784 2433 1129 2492; x_wconf 64' lang='lat' dir='ltr'><strong>divinitatem</strong></span> <span class='ocrx_word' id='word_1_173' title='bbox 1166 2437 1479 2507; x_wconf 73' lang='lat' dir='ltr'><strong>huiusmodi</strong></span> <span class='ocrx_word' id='word_1_174' title='bbox 1514 2442 1831 2498; x_wconf 84' lang='lat' dir='ltr'><strong>missionem</strong></span> 
     </span>
    </p>
   </div>
   <div class='ocr_carea' id='block_1_26' title="bbox 252 2521 1834 2603">
    <p class='ocr_par' dir='ltr' id='par_1_26' title="bbox 252 2521 1834 2603">
     <span class='ocr_line' id='line_1_26' title="bbox 252 2521 1834 2603; baseline 0.009 -29"><span class='ocrx_word' id='word_1_175' title='bbox 252 2521 575 2586; x_wconf 84' lang='lat' dir='ltr'><strong>deterseris,</strong></span> <span class='ocrx_word' id='word_1_176' title='bbox 634 2525 716 2579; x_wconf 87' lang='lat' dir='ltr'><strong>sic</strong></span> <span class='ocrx_word' id='word_1_177' title='bbox 754 2538 977 2596; x_wconf 86' lang='lat' dir='ltr'><strong>quoque</strong></span> <span class='ocrx_word' id='word_1_178' title='bbox 1042 2529 1405 2587; x_wconf 75' lang='lat' dir='ltr'><strong>nihilominus</strong></span> <span class='ocrx_word' id='word_1_179' title='bbox 1452 2533 1579 2601; x_wconf 83' lang='lat' dir='ltr'><strong>pius</strong></span> <span class='ocrx_word' id='word_1_180' title='bbox 1635 2544 1834 2603; x_wconf 82' lang='lat' dir='ltr'><strong>scepus</strong></span> 
     </span>
    </p>
   </div>
   <div class='ocr_carea' id='block_1_27' title="bbox 250 2615 1833 2683">
    <p class='ocr_par' dir='ltr' id='par_1_27' title="bbox 250 2615 1833 2683">
     <span class='ocr_line' id='line_1_27' title="bbox 250 2615 1833 2683; baseline 0.01 -16"><span class='ocrx_word' id='word_1_181' title='bbox 250 2616 546 2670; x_wconf 83' lang='lat' dir='ltr'><strong>constabit.</strong></span> <span class='ocrx_word' id='word_1_182' title='bbox 574 2615 751 2672; x_wconf 84' lang='lat' dir='ltr'><strong>Patris</strong></span> <span class='ocrx_word' id='word_1_183' title='bbox 771 2620 916 2673; x_wconf 83' lang='lat' dir='ltr'><strong>enim</strong></span> <span class='ocrx_word' id='word_1_184' title='bbox 943 2622 1270 2676; x_wconf 68' lang='lat' dir='ltr'><strong>voluntatem</strong></span> <span class='ocrx_word' id='word_1_185' title='bbox 1302 2626 1683 2680; x_wconf 85' lang='lat' dir='ltr'><strong>remissionem</strong></span> <span class='ocrx_word' id='word_1_186' title='bbox 1707 2642 1833 2683; x_wconf 85' lang='lat' dir='ltr'><strong>esse</strong></span> 
     </span>
    </p>
   </div>
   <div class='ocr_carea' id='block_1_28' title="bbox 252 2705 1831 2775">
    <p class='ocr_par' dir='ltr' id='par_1_28' title="bbox 252 2705 1831 2775">
     <span class='ocr_line' id='line_1_28' title="bbox 252 2705 1831 2775; baseline 0.009 -16"><span class='ocrx_word' id='word_1_187' title='bbox 252 2705 701 2775; x_wconf 85' lang='lat' dir='ltr'><strong>interpretamur.</strong></span> <span class='ocrx_word' id='word_1_188' title='bbox 736 2708 963 2766; x_wconf 69' lang='lat' dir='ltr'><strong>Veiente</strong></span> <span class='ocrx_word' id='word_1_189' title='bbox 989 2714 1133 2766; x_wconf 89' lang='lat' dir='ltr'><strong>enim</strong></span> <span class='ocrx_word' id='word_1_190' title='bbox 1160 2713 1333 2768; x_wconf 83' lang='lat' dir='ltr'><strong>Patre</strong></span> <span class='ocrx_word' id='word_1_191' title='bbox 1349 2716 1639 2772; x_wconf 78' lang='lat' dir='ltr'><strong>descendit-</strong></span> <span class='ocrx_word' id='word_1_192' title='bbox 1656 2720 1831 2774; x_wconf 84' lang='lat' dir='ltr'><strong>Filius</strong></span> 
     </span>
    </p>
   </div>
   <div class='ocr_carea' id='block_1_29' title="bbox 254 2795 1834 2872">
    <p class='ocr_par' dir='ltr' id='par_1_29' title="bbox 254 2795 1834 2872">
     <span class='ocr_line' id='line_1_29' title="bbox 254 2795 1834 2872; baseline 0.009 -23"><span class='ocrx_word' id='word_1_193' title='bbox 254 2795 312 2850; x_wconf 91' lang='lat' dir='ltr'><strong>in</strong></span> <span class='ocrx_word' id='word_1_194' title='bbox 377 2804 602 2862; x_wconf 88' lang='lat' dir='ltr'><strong>terram,</strong></span> <span class='ocrx_word' id='word_1_195' title='bbox 645 2799 738 2869; x_wconf 82' lang='lat' dir='ltr'><strong>qui</strong></span> <span class='ocrx_word' id='word_1_196' title='bbox 797 2810 979 2856; x_wconf 73' lang='lat' dir='ltr'><strong>autem</strong></span> <span class='ocrx_word' id='word_1_197' title='bbox 1034 2818 1098 2857; x_wconf 79' lang='lat' dir='ltr'><strong>ex</strong></span> <span class='ocrx_word' id='word_1_198' title='bbox 1146 2805 1452 2872; x_wconf 70' lang='lat' dir='ltr'><strong>cuiuspiam</strong></span> <span class='ocrx_word' id='word_1_199' title='bbox 1503 2808 1737 2862; x_wconf 79' lang='lat' dir='ltr'><strong>cottsilio</strong></span> <span class='ocrx_word' id='word_1_200' title='bbox 1779 2817 1834 2863; x_wconf 89' lang='lat' dir='ltr'><strong>et</strong></span> 
     </span>
    </p>
   </div>
   <div class='ocr_carea' id='block_1_30' title="bbox 253 2890 1834 2966">
    <p class='ocr_par' dir='ltr' id='par_1_30' title="bbox 253 2890 1834 2966">
     <span class='ocr_line' id='line_1_30' title="bbox 253 2890 1834 2966; baseline 0.008 -24"><span class='ocrx_word' id='word_1_201' title='bbox 253 2890 522 2944; x_wconf 75' lang='lat' dir='ltr'><strong>sententia</strong></span> <span class='ocrx_word' id='word_1_202' title='bbox 563 2891 769 2960; x_wconf 86' lang='lat' dir='ltr'><strong>aliquid</strong></span> <span class='ocrx_word' id='word_1_203' title='bbox 817 2892 971 2959; x_wconf 82' lang='lat' dir='ltr'><strong>facit,</strong></span> <span class='ocrx_word' id='word_1_204' title='bbox 1008 2896 1077 2950; x_wconf 86' lang='lat' dir='ltr'><strong>ab</strong></span> <span class='ocrx_word' id='word_1_205' title='bbox 1104 2909 1172 2950; x_wconf 89' lang='lat' dir='ltr'><strong>eo</strong></span> <span class='ocrx_word' id='word_1_206' title='bbox 1217 2906 1497 2966; x_wconf 84' lang='lat' dir='ltr'><strong>permotus</strong></span> <span class='ocrx_word' id='word_1_207' title='bbox 1534 2914 1663 2954; x_wconf 83' lang='lat' dir='ltr'><strong>esse</strong></span> <span class='ocrx_word' id='word_1_208' title='bbox 1683 2899 1834 2955; x_wconf 62' lang='lat' dir='ltr'><strong>vide»</strong></span> 
     </span>
    </p>
   </div>
   <div class='ocr_carea' id='block_1_31' title="bbox 256 2985 1843 3061">
    <p class='ocr_par' dir='ltr' id='par_1_31' title="bbox 256 2985 1843 3061">
     <span class='ocr_line' id='line_1_31' title="bbox 256 2985 1843 3061; baseline 0.006 -21"><span class='ocrx_word' id='word_1_209' title='bbox 256 2994 369 3040; x_wconf 90' lang='lat' dir='ltr'><strong>tur.</strong></span> <span class='ocrx_word' id='word_1_210' title='bbox 402 2985 568 3052; x_wconf 73' lang='lat' dir='ltr'><strong>Quod</strong></span> <span class='ocrx_word' id='word_1_211' title='bbox 590 2985 735 3042; x_wconf 79' lang='lat' dir='ltr'><strong>enim</strong></span> <span class='ocrx_word' id='word_1_212' title='bbox 777 2990 1051 3059; x_wconf 82' lang='lat' dir='ltr'><strong>quispiam</strong></span> <span class='ocrx_word' id='word_1_213' title='bbox 1084 2993 1426 3061; x_wconf 81' lang='lat' dir='ltr'><strong>comprobat,</strong></span> <span class='ocrx_word' id='word_1_214' title='bbox 1458 2994 1559 3050; x_wconf 84' lang='lat' dir='ltr'><strong>hoc</strong></span> <span class='ocrx_word' id='word_1_215' title='bbox 1600 2995 1843 3050; x_wconf 73' lang='lat' dir='ltr'><strong>suadere‘</strong></span> 
     </span>
    </p>
   </div>
   <div class='ocr_carea' id='block_1_32' title="bbox 254 3078 1843 3151">
    <p class='ocr_par' dir='ltr' id='par_1_32' title="bbox 254 3078 1843 3151">
     <span class='ocr_line' id='line_1_32' title="bbox 254 3078 1843 3151; baseline 0.008 -24"><span class='ocrx_word' id='word_1_216' title='bbox 254 3089 475 3146; x_wconf 83' lang='lat' dir='ltr'><strong>quoque</strong></span> <span class='ocrx_word' id='word_1_217' title='bbox 516 3088 568 3131; x_wconf 84' lang='lat' dir='ltr'><strong>et</strong></span> <span class='ocrx_word' id='word_1_218' title='bbox 620 3078 827 3133; x_wconf 86' lang='lat' dir='ltr'><strong>hortari</strong></span> <span class='ocrx_word' id='word_1_219' title='bbox 888 3088 1165 3134; x_wconf 82' lang='lat' dir='ltr'><strong>censetur.</strong></span> <span class='ocrx_word' id='word_1_220' title='bbox 1222 3079 1501 3151; x_wconf 83' lang='lat' dir='ltr'><strong>Duplicem</strong></span> <span class='ocrx_word' id='word_1_221' title='bbox 1547 3091 1729 3137; x_wconf 87' lang='lat' dir='ltr'><strong>autem</strong></span> <span class='ocrx_word' id='word_1_222' title='bbox 1760 3084 1843 3139; x_wconf 36' lang='lat' dir='ltr'><strong>ob“</strong></span> 
     </span>
    </p>
   </div>
   <div class='ocr_carea' id='block_1_33' title="bbox 1937 604 3513 682">
    <p class='ocr_par' dir='ltr' id='par_1_33' title="bbox 1937 604 3513 682">
     <span class='ocr_line' id='line_1_33' title="bbox 1937 604 3513 682; baseline -0.006 -17"><span class='ocrx_word' id='word_1_223' title='bbox 1937 612 2138 682; x_wconf 85' lang='lat' dir='ltr'><strong>partim</strong></span> <span class='ocrx_word' id='word_1_224' title='bbox 2162 624 2194 664; x_wconf 86' lang='lat' dir='ltr'><strong>a</strong></span> <span class='ocrx_word' id='word_1_225' title='bbox 2222 611 2430 680; x_wconf 88' lang='lat' dir='ltr'><strong>seipse,</strong></span> <span class='ocrx_word' id='word_1_226' title='bbox 2466 616 2521 663; x_wconf 89' lang='lat' dir='ltr'><strong>et</strong></span> <span class='ocrx_word' id='word_1_227' title='bbox 2548 608 3031 670; x_wconf 81' lang='lat' dir='ltr'><strong>resurrectionem,</strong></span> <span class='ocrx_word' id='word_1_228' title='bbox 3059 614 3113 660; x_wconf 90' lang='lat' dir='ltr'><strong>et</strong></span> <span class='ocrx_word' id='word_1_229' title='bbox 3133 604 3513 670; x_wconf 89' lang='lat' dir='ltr'><strong>traditionem,</strong></span> 
     </span>
    </p>
   </div>
   <div class='ocr_carea' id='block_1_34' title="bbox 1937 696 3513 759">
    <p class='ocr_par' dir='ltr' id='par_1_34' title="bbox 1937 696 3513 759">
     <span class='ocr_line' id='line_1_34' title="bbox 1937 696 3513 759; baseline -0.004 -1"><span class='ocrx_word' id='word_1_230' title='bbox 1937 714 1994 759; x_wconf 92' lang='lat' dir='ltr'><strong>et</strong></span> <span class='ocrx_word' id='word_1_231' title='bbox 2023 702 2401 758; x_wconf 83' lang='lat' dir='ltr'><strong>ascensionem</strong></span> <span class='ocrx_word' id='word_1_232' title='bbox 2460 699 2635 755; x_wconf 88' lang='lat' dir='ltr'><strong>Filius</strong></span> <span class='ocrx_word' id='word_1_233' title='bbox 2686 700 2886 754; x_wconf 89' lang='lat' dir='ltr'><strong>habere</strong></span> <span class='ocrx_word' id='word_1_234' title='bbox 2935 697 3172 751; x_wconf 87' lang='lat' dir='ltr'><strong>dicatur.</strong></span> <span class='ocrx_word' id='word_1_235' title='bbox 3206 696 3408 752; x_wconf 84' lang='lat' dir='ltr'><strong>Paulus</strong></span> <span class='ocrx_word' id='word_1_236' title='bbox 3445 697 3513 752; x_wconf 84' lang='lat' dir='ltr'><strong>ad</strong></span> 
     </span>
    </p>
   </div>
   <div class='ocr_carea' id='block_1_35' title="bbox 1938 788 3514 861">
    <p class='ocr_par' dir='ltr' id='par_1_35' title="bbox 1938 788 3514 861">
     <span class='ocr_line' id='line_1_35' title="bbox 1938 788 3514 861; baseline -0.004 -10"><span class='ocrx_word' id='word_1_237' title='bbox 1938 794 2098 851; x_wconf 82' lang='lat' dir='ltr'><strong>Rem.</strong></span> <span class='ocrx_word' id='word_1_238' title='bbox 2132 795 2202 850; x_wconf 86' lang='lat' dir='ltr'><strong>de</strong></span> <span class='ocrx_word' id='word_1_239' title='bbox 2260 794 2420 849; x_wconf 84' lang='lat' dir='ltr'><strong>Patre</strong></span> <span class='ocrx_word' id='word_1_240' title='bbox 2474 792 2706 855; x_wconf 89' lang='lat' dir='ltr'><strong>scribit,</strong></span> <span class='ocrx_word' id='word_1_241' title='bbox 2747 790 2891 861; x_wconf 92' lang='lat' dir='ltr'><strong>quod</strong></span> <span class='ocrx_word' id='word_1_242' title='bbox 2947 788 3335 861; x_wconf 71' lang='lat' dir='ltr'><strong>proprieiFilio</strong></span> <span class='ocrx_word' id='word_1_243' title='bbox 3404 804 3514 844; x_wconf 88' lang='lat' dir='ltr'><strong>non</strong></span> 
     </span>
    </p>
   </div>
   <div class='ocr_carea' id='block_1_36' title="bbox 1936 879 3513 956">
    <p class='ocr_par' dir='ltr' id='par_1_36' title="bbox 1936 879 3513 956">
     <span class='ocr_line' id='line_1_36' title="bbox 1936 879 3513 956; baseline -0.008 -15"><span class='ocrx_word' id='word_1_244' title='bbox 1936 885 2201 956; x_wconf 82' lang='lat' dir='ltr'><strong>pepercit,</strong></span> <span class='ocrx_word' id='word_1_245' title='bbox 2238 884 2333 940; x_wconf 89' lang='lat' dir='ltr'><strong>sed</strong></span> <span class='ocrx_word' id='word_1_246' title='bbox 2375 898 2476 953; x_wconf 90' lang='lat' dir='ltr'><strong>pro</strong></span> <span class='ocrx_word' id='word_1_247' title='bbox 2520 882 2680 939; x_wconf 83' lang='lat' dir='ltr'><strong>nobis</strong></span> <span class='ocrx_word' id='word_1_248' title='bbox 2730 880 2988 936; x_wconf 90' lang='lat' dir='ltr'><strong>omnibus</strong></span> <span class='ocrx_word' id='word_1_249' title='bbox 3040 879 3262 934; x_wconf 85' lang='lat' dir='ltr'><strong>tradidit</strong></span> <span class='ocrx_word' id='word_1_250' title='bbox 3291 894 3414 934; x_wconf 90' lang='lat' dir='ltr'><strong>eum</strong></span> <span class='ocrx_word' id='word_1_251' title='bbox 3443 880 3513 942; x_wconf 69' lang='grc' dir='ltr'><strong>ἰ,</strong></span> 
     </span>
    </p>
   </div>
   <div class='ocr_carea' id='block_1_37' title="bbox 1936 970 3515 1041">
    <p class='ocr_par' dir='ltr' id='par_1_37' title="bbox 1936 970 3515 1041">
     <span class='ocr_line' id='line_1_37' title="bbox 1936 970 3515 1041; baseline -0.005 -9"><span class='ocrx_word' id='word_1_252' title='bbox 1936 977 2020 1032; x_wconf 74' lang='lat' dir='ltr'><strong>Ad</strong></span> <span class='ocrx_word' id='word_1_253' title='bbox 2053 976 2235 1032; x_wconf 81' lang='lat' dir='ltr'><strong>Titum</strong></span> <span class='ocrx_word' id='word_1_254' title='bbox 2265 983 2447 1030; x_wconf 87' lang='lat' dir='ltr'><strong>autem</strong></span> <span class='ocrx_word' id='word_1_255' title='bbox 2468 973 2538 1028; x_wconf 89' lang='lat' dir='ltr'><strong>de</strong></span> <span class='ocrx_word' id='word_1_256' title='bbox 2557 973 2696 1029; x_wconf 83' lang='lat' dir='ltr'><strong>Filio</strong></span> <span class='ocrx_word' id='word_1_257' title='bbox 2731 974 2803 1028; x_wconf 91' lang='lat' dir='ltr'><strong>ita</strong></span> <span class='ocrx_word' id='word_1_258' title='bbox 2830 973 3112 1041; x_wconf 83' lang='lat' dir='ltr'><strong>loquitur:</strong></span> <span class='ocrx_word' id='word_1_259' title='bbox 3149 972 3253 1037; x_wconf 77' lang='lat' dir='ltr'><strong>Qui</strong></span> <span class='ocrx_word' id='word_1_260' title='bbox 3285 970 3515 1024; x_wconf 80' lang='lat' dir='ltr'><strong>tradidit</strong></span> 
     </span>
    </p>
   </div>
   <div class='ocr_carea' id='block_1_38' title="bbox 1936 1059 3517 1137">
    <p class='ocr_par' dir='ltr' id='par_1_38' title="bbox 1936 1059 3517 1137">
     <span class='ocr_line' id='line_1_38' title="bbox 1936 1059 3517 1137; baseline -0.007 -14"><span class='ocrx_word' id='word_1_261' title='bbox 1936 1069 2171 1137; x_wconf 63' lang='lat' dir='ltr'><strong>“ipsum</strong></span> <span class='ocrx_word' id='word_1_262' title='bbox 2204 1082 2303 1136; x_wconf 78' lang='lat' dir='ltr'><strong>pro</strong></span> <span class='ocrx_word' id='word_1_263' title='bbox 2332 1063 2507 1129; x_wconf 85' lang='lat' dir='ltr'><strong>nobis,</strong></span> <span class='ocrx_word' id='word_1_264' title='bbox 2551 1072 2611 1118; x_wconf 86' lang='lat' dir='ltr'><strong>ut</strong></span> <span class='ocrx_word' id='word_1_265' title='bbox 2654 1062 2932 1116; x_wconf 80' lang='lat' dir='ltr'><strong>redimeret</strong></span> <span class='ocrx_word' id='word_1_266' title='bbox 2973 1076 3070 1114; x_wconf 87' lang='lat' dir='ltr'><strong>nos</strong></span> <span class='ocrx_word' id='word_1_267' title='bbox 3103 1059 3167 1113; x_wconf 91' lang='lat' dir='ltr'><strong>ab</strong></span> <span class='ocrx_word' id='word_1_268' title='bbox 3214 1060 3360 1113; x_wconf 84' lang='lat' dir='ltr'><strong>omni</strong></span> <span class='ocrx_word' id='word_1_269' title='bbox 3393 1074 3517 1128; x_wconf 87' lang='lat' dir='ltr'><strong>pec-</strong></span> 
     </span>
    </p>
   </div>
   <div class='ocr_carea' id='block_1_39' title="bbox 1937 1152 3515 1227">
    <p class='ocr_par' dir='ltr' id='par_1_39' title="bbox 1937 1152 3515 1227">
     <span class='ocr_line' id='line_1_39' title="bbox 1937 1152 3515 1227; baseline -0.006 -11"><span class='ocrx_word' id='word_1_270' title='bbox 1937 1169 2056 1217; x_wconf 87' lang='lat' dir='ltr'><strong>cato</strong></span> <span class='ocrx_word' id='word_1_271' title='bbox 2076 1162 2144 1214; x_wconf 76' lang='lat'><strong>&quot;.</strong></span> <span class='ocrx_word' id='word_1_272' title='bbox 2176 1161 2243 1215; x_wconf 90' lang='lat' dir='ltr'><strong>Et</strong></span> <span class='ocrx_word' id='word_1_273' title='bbox 2271 1158 2328 1213; x_wconf 89' lang='lat' dir='ltr'><strong>in</strong></span> <span class='ocrx_word' id='word_1_274' title='bbox 2353 1156 2529 1227; x_wconf 86' lang='lat' dir='ltr'><strong>Epist.</strong></span> <span class='ocrx_word' id='word_1_275' title='bbox 2561 1154 2627 1211; x_wconf 88' lang='lat' dir='ltr'><strong>ad</strong></span> <span class='ocrx_word' id='word_1_276' title='bbox 2671 1152 2892 1209; x_wconf 88' lang='lat' dir='ltr'><strong>Galatas</strong></span> <span class='ocrx_word' id='word_1_277' title='bbox 2926 1170 2941 1208; x_wconf 90' lang='lat'><strong>:</strong></span> <span class='ocrx_word' id='word_1_278' title='bbox 2973 1152 3078 1219; x_wconf 79' lang='lat' dir='ltr'><strong>Qui</strong></span> <span class='ocrx_word' id='word_1_279' title='bbox 3108 1152 3253 1206; x_wconf 81' lang='lat' dir='ltr'><strong>dedit</strong></span> <span class='ocrx_word' id='word_1_280' title='bbox 3282 1152 3515 1221; x_wconf 86' lang='lat' dir='ltr'><strong>seipsum</strong></span> 
     </span>
    </p>
   </div>
   <div class='ocr_carea' id='block_1_40' title="bbox 1935 1243 3517 1324">
    <p class='ocr_par' dir='ltr' id='par_1_40' title="bbox 1935 1243 3517 1324">
     <span class='ocr_line' id='line_1_40' title="bbox 1935 1243 3517 1324; baseline -0.008 -16"><span class='ocrx_word' id='word_1_281' title='bbox 1935 1266 2031 1324; x_wconf 79' lang='lat' dir='ltr'><strong>pro</strong></span> <span class='ocrx_word' id='word_1_282' title='bbox 2076 1251 2308 1318; x_wconf 76' lang='lat' dir='ltr'><strong>peccatis</strong></span> <span class='ocrx_word' id='word_1_283' title='bbox 2374 1247 2597 1311; x_wconf 75' lang='lat' dir='ltr'><strong>nostris,</strong></span> <span class='ocrx_word' id='word_1_284' title='bbox 2650 1254 2709 1301; x_wconf 81' lang='lat' dir='ltr'><strong>stt</strong></span> <span class='ocrx_word' id='word_1_285' title='bbox 2768 1246 2993 1315; x_wconf 78' lang='lat' dir='ltr'><strong>eriperet</strong></span> <span class='ocrx_word' id='word_1_286' title='bbox 3042 1259 3139 1298; x_wconf 83' lang='lat' dir='ltr'><strong>nos</strong></span> <span class='ocrx_word' id='word_1_287' title='bbox 3199 1259 3232 1297; x_wconf 88' lang='lat' dir='ltr'><strong>a</strong></span> <span class='ocrx_word' id='word_1_288' title='bbox 3271 1243 3517 1311; x_wconf 64' lang='lat' dir='ltr'><strong>pra&#39;senti</strong></span> 
     </span>
    </p>
   </div>
   <div class='ocr_carea' id='block_1_41' title="bbox 1936 1333 3525 1410">
    <p class='ocr_par' dir='ltr' id='par_1_41' title="bbox 1936 1333 3525 1410">
     <span class='ocr_line' id='line_1_41' title="bbox 1936 1333 3525 1410; baseline -0.007 -13"><span class='ocrx_word' id='word_1_289' title='bbox 1936 1341 2137 1398; x_wconf 66' lang='lat' dir='ltr'><strong>secuto</strong></span> <span class='ocrx_word' id='word_1_290' title='bbox 2181 1354 2407 1410; x_wconf 74' lang='lat' dir='ltr'><strong>nequam</strong></span> <span class='ocrx_word' id='word_1_291' title='bbox 2439 1338 2507 1391; x_wconf 83' lang='grc'><strong><em>³⁸.</em></strong></span> <span class='ocrx_word' id='word_1_292' title='bbox 2553 1336 2770 1392; x_wconf 81' lang='lat' dir='ltr'><strong>Rursus</strong></span> <span class='ocrx_word' id='word_1_293' title='bbox 2835 1336 2902 1390; x_wconf 93' lang='lat' dir='ltr'><strong>ad</strong></span> <span class='ocrx_word' id='word_1_294' title='bbox 2949 1333 3202 1388; x_wconf 86' lang='lat' dir='ltr'><strong>Corinth.</strong></span> <span class='ocrx_word' id='word_1_295' title='bbox 3242 1335 3308 1389; x_wconf 90' lang='lat' dir='ltr'><strong>de</strong></span> <span class='ocrx_word' id='word_1_296' title='bbox 3356 1335 3525 1389; x_wconf 88' lang='lat' dir='ltr'><strong>Patre-</strong></span> 
     </span>
    </p>
   </div>
   <div class='ocr_carea' id='block_1_42' title="bbox 1937 1425 3514 1500">
    <p class='ocr_par' dir='ltr' id='par_1_42' title="bbox 1937 1425 3514 1500">
     <span class='ocr_line' id='line_1_42' title="bbox 1937 1425 3514 1500; baseline -0.006 -12"><span class='ocrx_word' id='word_1_297' title='bbox 1937 1434 2187 1500; x_wconf 79' lang='lat' dir='ltr'><strong>loquens,</strong></span> <span class='ocrx_word' id='word_1_298' title='bbox 2221 1431 2299 1485; x_wconf 77' lang='lat' dir='ltr'><strong>ait</strong></span> <span class='ocrx_word' id='word_1_299' title='bbox 2326 1448 2342 1485; x_wconf 90' lang='lat'><strong>:</strong></span> <span class='ocrx_word' id='word_1_300' title='bbox 2374 1429 2514 1484; x_wconf 80' lang='lat' dir='ltr'><strong>Deus</strong></span> <span class='ocrx_word' id='word_1_301' title='bbox 2549 1437 2725 1483; x_wconf 84' lang='lat' dir='ltr'><strong>autem</strong></span> <span class='ocrx_word' id='word_1_302' title='bbox 2763 1435 2815 1481; x_wconf 93' lang='lat' dir='ltr'><strong>et</strong></span> <span class='ocrx_word' id='word_1_303' title='bbox 2841 1425 3123 1480; x_wconf 88' lang='lat' dir='ltr'><strong>Dominum</strong></span> <span class='ocrx_word' id='word_1_304' title='bbox 3152 1425 3514 1479; x_wconf 80' lang='lat' dir='ltr'><strong>suscitavit&quot;.</strong></span> 
     </span>
    </p>
   </div>
   <div class='ocr_carea' id='block_1_43' title="bbox 1934 1516 3516 1580">
    <p class='ocr_par' dir='ltr' id='par_1_43' title="bbox 1934 1516 3516 1580">
     <span class='ocr_line' id='line_1_43' title="bbox 1934 1516 3516 1580; baseline -0.008 1"><span class='ocrx_word' id='word_1_305' title='bbox 1934 1524 2006 1580; x_wconf 72' lang='lat' dir='ltr'><strong>Et</strong></span> <span class='ocrx_word' id='word_1_306' title='bbox 2038 1524 2108 1580; x_wconf 82' lang='lat' dir='ltr'><strong>ad</strong></span> <span class='ocrx_word' id='word_1_307' title='bbox 2140 1522 2366 1580; x_wconf 80' lang='lat' dir='ltr'><strong>Galatas</strong></span> <span class='ocrx_word' id='word_1_308' title='bbox 2405 1519 2658 1577; x_wconf 85' lang='lat' dir='ltr'><strong>scribens</strong></span> <span class='ocrx_word' id='word_1_309' title='bbox 2701 1535 2717 1572; x_wconf 89' lang='lat'><strong>:</strong></span> <span class='ocrx_word' id='word_1_310' title='bbox 2774 1517 2881 1572; x_wconf 89' lang='lat' dir='ltr'><strong>Per</strong></span> <span class='ocrx_word' id='word_1_311' title='bbox 2928 1516 3112 1573; x_wconf 71' lang='lat' dir='ltr'><strong>Iesum</strong></span> <span class='ocrx_word' id='word_1_312' title='bbox 3162 1517 3435 1571; x_wconf 80' lang='lat' dir='ltr'><strong>Christum</strong></span> <span class='ocrx_word' id='word_1_313' title='bbox 3466 1524 3516 1570; x_wconf 87' lang='lat' dir='ltr'><strong>et</strong></span> 
     </span>
    </p>
   </div>
   <div class='ocr_carea' id='block_1_44' title="bbox 1935 1608 3516 1686">
    <p class='ocr_par' dir='ltr' id='par_1_44' title="bbox 1935 1608 3516 1686">
     <span class='ocr_line' id='line_1_44' title="bbox 1935 1608 3516 1686; baseline -0.009 -12"><span class='ocrx_word' id='word_1_314' title='bbox 1935 1618 2177 1680; x_wconf 78' lang='lat' dir='ltr'><strong>Patrem,</strong></span> <span class='ocrx_word' id='word_1_315' title='bbox 2238 1615 2330 1686; x_wconf 66' lang='lat' dir='ltr'><strong>qui</strong></span> <span class='ocrx_word' id='word_1_316' title='bbox 2383 1612 2658 1669; x_wconf 70' lang='lat' dir='ltr'><strong>suscitavit</strong></span> <span class='ocrx_word' id='word_1_317' title='bbox 2723 1625 2844 1666; x_wconf 83' lang='lat' dir='ltr'><strong>cum</strong></span> <span class='ocrx_word' id='word_1_318' title='bbox 2892 1626 2929 1664; x_wconf 91' lang='lat' dir='ltr'><strong>a</strong></span> <span class='ocrx_word' id='word_1_319' title='bbox 2978 1610 3202 1664; x_wconf 83' lang='lat' dir='ltr'><strong>mortuis</strong></span> <span class='ocrx_word' id='word_1_320' title='bbox 3246 1609 3311 1662; x_wconf 72' lang='grc'><strong>’⁸.</strong></span> <span class='ocrx_word' id='word_1_321' title='bbox 3367 1613 3435 1661; x_wconf 87' lang='lat' dir='ltr'><strong>At</strong></span> <span class='ocrx_word' id='word_1_322' title='bbox 3463 1608 3516 1660; x_wconf 92' lang='lat' dir='ltr'><strong>in</strong></span> 
     </span>
    </p>
   </div>
   <div class='ocr_carea' id='block_1_45' title="bbox 1935 1699 3516 1778">
    <p class='ocr_par' dir='ltr' id='par_1_45' title="bbox 1935 1699 3516 1778">
     <span class='ocr_line' id='line_1_45' title="bbox 1935 1699 3516 1778; baseline -0.009 -14"><span class='ocrx_word' id='word_1_323' title='bbox 1935 1708 2228 1778; x_wconf 73' lang='lat' dir='ltr'><strong>Evangelia</strong></span> <span class='ocrx_word' id='word_1_324' title='bbox 2259 1707 2378 1777; x_wconf 83' lang='lat' dir='ltr'><strong>ipse</strong></span> <span class='ocrx_word' id='word_1_325' title='bbox 2409 1704 2450 1760; x_wconf 84' lang='lat' dir='ltr'><strong>F</strong></span> <span class='ocrx_word' id='word_1_326' title='bbox 2455 1705 2580 1761; x_wconf 79' lang='lat' dir='ltr'><strong>ilius</strong></span> <span class='ocrx_word' id='word_1_327' title='bbox 2624 1704 2693 1759; x_wconf 88' lang='lat' dir='ltr'><strong>de</strong></span> <span class='ocrx_word' id='word_1_328' title='bbox 2735 1702 2919 1773; x_wconf 82' lang='lat' dir='ltr'><strong>seipse</strong></span> <span class='ocrx_word' id='word_1_329' title='bbox 2949 1699 3120 1757; x_wconf 83' lang='lat' dir='ltr'><strong>dicit:</strong></span> <span class='ocrx_word' id='word_1_330' title='bbox 3154 1700 3352 1755; x_wconf 82' lang='lat' dir='ltr'><strong>Solvite</strong></span> <span class='ocrx_word' id='word_1_331' title='bbox 3383 1708 3516 1754; x_wconf 85' lang='lat' dir='ltr'><strong>lem-</strong></span> 
     </span>
    </p>
   </div>
   <div class='ocr_carea' id='block_1_46' title="bbox 1933 1789 3518 1872">
    <p class='ocr_par' dir='ltr' id='par_1_46' title="bbox 1933 1789 3518 1872">
     <span class='ocr_line' id='line_1_46' title="bbox 1933 1789 3518 1872; baseline -0.009 -15"><span class='ocrx_word' id='word_1_332' title='bbox 1933 1802 2079 1872; x_wconf 75' lang='lat' dir='ltr'><strong>plunt</strong></span> <span class='ocrx_word' id='word_1_333' title='bbox 2114 1802 2233 1865; x_wconf 82' lang='lat' dir='ltr'><strong>hoc,</strong></span> <span class='ocrx_word' id='word_1_334' title='bbox 2270 1808 2321 1854; x_wconf 93' lang='lat' dir='ltr'><strong>et</strong></span> <span class='ocrx_word' id='word_1_335' title='bbox 2355 1798 2414 1853; x_wconf 72' lang='lat' dir='ltr'><strong>in</strong></span> <span class='ocrx_word' id='word_1_336' title='bbox 2453 1796 2624 1851; x_wconf 83' lang='lat' dir='ltr'><strong>tribus</strong></span> <span class='ocrx_word' id='word_1_337' title='bbox 2653 1794 2838 1851; x_wconf 82' lang='lat' dir='ltr'><strong>diebus</strong></span> <span class='ocrx_word' id='word_1_338' title='bbox 2870 1792 3114 1849; x_wconf 73' lang='lat' dir='ltr'><strong>excitabo</strong></span> <span class='ocrx_word' id='word_1_339' title='bbox 3151 1790 3288 1846; x_wconf 85' lang='lat' dir='ltr'><strong>illud</strong></span> <span class='ocrx_word' id='word_1_340' title='bbox 3324 1791 3394 1844; x_wconf 82' lang='grc'><strong>²⁹.</strong></span> <span class='ocrx_word' id='word_1_341' title='bbox 3452 1789 3518 1843; x_wconf 73' lang='lat' dir='ltr'><strong>Et</strong></span> 
     </span>
    </p>
   </div>
   <div class='ocr_carea' id='block_1_47' title="bbox 1934 1885 3519 1956">
    <p class='ocr_par' dir='ltr' id='par_1_47' title="bbox 1934 1885 3519 1956">
     <span class='ocr_line' id='line_1_47' title="bbox 1934 1885 3519 1956; baseline -0.009 -7"><span class='ocrx_word' id='word_1_342' title='bbox 1934 1906 2126 1949; x_wconf 80' lang='lat' dir='ltr'><strong>rursus</strong></span> <span class='ocrx_word' id='word_1_343' title='bbox 2155 1907 2171 1947; x_wconf 92' lang='lat'><strong>:</strong></span> <span class='ocrx_word' id='word_1_344' title='bbox 2204 1889 2528 1946; x_wconf 77' lang='lat' dir='ltr'><strong>Potestatem</strong></span> <span class='ocrx_word' id='word_1_345' title='bbox 2551 1887 2715 1942; x_wconf 84' lang='lat' dir='ltr'><strong>habeo</strong></span> <span class='ocrx_word' id='word_1_346' title='bbox 2734 1885 2963 1956; x_wconf 83' lang='lat' dir='ltr'><strong>ponendi</strong></span> <span class='ocrx_word' id='word_1_347' title='bbox 2989 1886 3225 1939; x_wconf 80' lang='lat' dir='ltr'><strong>animum</strong></span> <span class='ocrx_word' id='word_1_348' title='bbox 3255 1897 3448 1944; x_wconf 79' lang='lat' dir='ltr'><strong>meam,</strong></span> <span class='ocrx_word' id='word_1_349' title='bbox 3466 1888 3519 1935; x_wconf 82' lang='lat' dir='ltr'><strong>et</strong></span> 
     </span>
    </p>
   </div>
   <div class='ocr_carea' id='block_1_48' title="bbox 1931 1972 3518 2055">
    <p class='ocr_par' dir='ltr' id='par_1_48' title="bbox 1931 1972 3518 2055">
     <span class='ocr_line' id='line_1_48' title="bbox 1931 1972 3518 2055; baseline -0.007 -17"><span class='ocrx_word' id='word_1_350' title='bbox 1931 1991 2244 2055; x_wconf 82' lang='lat' dir='ltr'><strong>potestatem</strong></span> <span class='ocrx_word' id='word_1_351' title='bbox 2265 1981 2428 2036; x_wconf 85' lang='lat' dir='ltr'><strong>habeo</strong></span> <span class='ocrx_word' id='word_1_352' title='bbox 2454 1981 2649 2035; x_wconf 81' lang='lat' dir='ltr'><strong>iterum</strong></span> <span class='ocrx_word' id='word_1_353' title='bbox 2679 1977 2972 2048; x_wconf 79' lang='lat' dir='ltr'><strong>accipiendi</strong></span> <span class='ocrx_word' id='word_1_354' title='bbox 3004 1991 3122 2031; x_wconf 87' lang='lat' dir='ltr'><strong>eam</strong></span> <span class='ocrx_word' id='word_1_355' title='bbox 3150 1975 3219 2029; x_wconf 79' lang='grc'><strong>³⁸.</strong></span> <span class='ocrx_word' id='word_1_356' title='bbox 3246 1972 3365 2028; x_wconf 79' lang='lat' dir='ltr'><strong>Jam</strong></span> <span class='ocrx_word' id='word_1_357' title='bbox 3389 1987 3518 2027; x_wconf 87' lang='lat' dir='ltr'><strong>vero</strong></span> 
     </span>
    </p>
   </div>
   <div class='ocr_carea' id='block_1_49' title="bbox 1932 2067 3515 2138">
    <p class='ocr_par' dir='ltr' id='par_1_49' title="bbox 1932 2067 3515 2138">
     <span class='ocr_line' id='line_1_49' title="bbox 1932 2067 3515 2138; baseline -0.009 -7"><span class='ocrx_word' id='word_1_358' title='bbox 1932 2077 2002 2131; x_wconf 86' lang='lat' dir='ltr'><strong>de</strong></span> <span class='ocrx_word' id='word_1_359' title='bbox 2028 2075 2352 2132; x_wconf 84' lang='lat' dir='ltr'><strong>ascensione</strong></span> <span class='ocrx_word' id='word_1_360' title='bbox 2385 2073 2440 2127; x_wconf 82' lang='lat' dir='ltr'><strong>in</strong></span> <span class='ocrx_word' id='word_1_361' title='bbox 2472 2073 2677 2128; x_wconf 70' lang='lat' dir='ltr'><strong>caelum</strong></span> <span class='ocrx_word' id='word_1_362' title='bbox 2725 2070 2779 2124; x_wconf 89' lang='lat' dir='ltr'><strong>in</strong></span> <span class='ocrx_word' id='word_1_363' title='bbox 2813 2069 3045 2125; x_wconf 81' lang='lat' dir='ltr'><strong>Actibus</strong></span> <span class='ocrx_word' id='word_1_364' title='bbox 3074 2067 3336 2138; x_wconf 88' lang='lat' dir='ltr'><strong>scriptum</strong></span> <span class='ocrx_word' id='word_1_365' title='bbox 3376 2074 3461 2117; x_wconf 82' lang='lat' dir='ltr'><strong>est</strong></span> <span class='ocrx_word' id='word_1_366' title='bbox 3498 2081 3515 2118; x_wconf 90' lang='lat'><strong>:</strong></span> 
     </span>
    </p>
   </div>
   <div class='ocr_carea' id='block_1_50' title="bbox 1937 2159 3516 2232">
    <p class='ocr_par' dir='ltr' id='par_1_50' title="bbox 1937 2159 3516 2232">
     <span class='ocr_line' id='line_1_50' title="bbox 1937 2159 3516 2232; baseline -0.008 -9"><span class='ocrx_word' id='word_1_367' title='bbox 1937 2166 2239 2223; x_wconf 77' lang='lat' dir='ltr'><strong>Videntibus</strong></span> <span class='ocrx_word' id='word_1_368' title='bbox 2265 2163 2546 2226; x_wconf 73' lang='lat' dir='ltr'><strong>discipulis</strong></span> <span class='ocrx_word' id='word_1_369' title='bbox 2577 2171 2883 2232; x_wconf 77' lang='lat' dir='ltr'><strong>assumptus</strong></span> <span class='ocrx_word' id='word_1_370' title='bbox 2903 2170 3004 2227; x_wconf 82' lang='lat' dir='ltr'><strong>est,</strong></span> <span class='ocrx_word' id='word_1_371' title='bbox 3039 2170 3089 2216; x_wconf 89' lang='lat' dir='ltr'><strong>et</strong></span> <span class='ocrx_word' id='word_1_372' title='bbox 3110 2159 3291 2227; x_wconf 67' lang='lat' dir='ltr'><strong>nubes</strong></span> <span class='ocrx_word' id='word_1_373' title='bbox 3332 2174 3516 2212; x_wconf 79' lang='lat' dir='ltr'><strong>susce-</strong></span> 
     </span>
    </p>
   </div>
   <div class='ocr_carea' id='block_1_51' title="bbox 1933 2250 3517 2327">
    <p class='ocr_par' dir='ltr' id='par_1_51' title="bbox 1933 2250 3517 2327">
     <span class='ocr_line' id='line_1_51' title="bbox 1933 2250 3517 2327; baseline -0.006 -14"><span class='ocrx_word' id='word_1_374' title='bbox 1933 2261 2010 2327; x_wconf 75' lang='lat' dir='ltr'><strong>pit</strong></span> <span class='ocrx_word' id='word_1_375' title='bbox 2050 2274 2171 2312; x_wconf 81' lang='lat' dir='ltr'><strong>eum</strong></span> <span class='ocrx_word' id='word_1_376' title='bbox 2199 2259 2267 2312; x_wconf 77' lang='lat'><strong>“.</strong></span> <span class='ocrx_word' id='word_1_377' title='bbox 2314 2259 2384 2312; x_wconf 74' lang='grc' dir='ltr'>Μ</span> <span class='ocrx_word' id='word_1_378' title='bbox 2426 2257 2483 2311; x_wconf 88' lang='lat' dir='ltr'><strong>in</strong></span> <span class='ocrx_word' id='word_1_379' title='bbox 2533 2256 2674 2311; x_wconf 82' lang='lat' dir='ltr'><strong>libro</strong></span> <span class='ocrx_word' id='word_1_380' title='bbox 2700 2254 3045 2311; x_wconf 84' lang='lat' dir='ltr'><strong>Psalmorum</strong></span> <span class='ocrx_word' id='word_1_381' title='bbox 3076 2270 3091 2307; x_wconf 90' lang='lat'><strong>:</strong></span> <span class='ocrx_word' id='word_1_382' title='bbox 3128 2250 3428 2308; x_wconf 78' lang='lat' dir='ltr'><strong>Ascendens</strong></span> <span class='ocrx_word' id='word_1_383' title='bbox 3462 2252 3517 2305; x_wconf 83' lang='lat' dir='ltr'><strong>in</strong></span> 
     </span>
    </p>
   </div>
   <div class='ocr_carea' id='block_1_52' title="bbox 1933 2342 3517 2419">
    <p class='ocr_par' dir='ltr' id='par_1_52' title="bbox 1933 2342 3517 2419">
     <span class='ocr_line' id='line_1_52' title="bbox 1933 2342 3517 2419; baseline -0.007 -14"><span class='ocrx_word' id='word_1_384' title='bbox 1933 2352 2102 2405; x_wconf 70' lang='lat' dir='ltr'><strong>altum</strong></span> <span class='ocrx_word' id='word_1_385' title='bbox 2126 2351 2397 2419; x_wconf 68' lang='lat' dir='ltr'><strong>captiuam</strong></span> <span class='ocrx_word' id='word_1_386' title='bbox 2425 2348 2580 2403; x_wconf 61' lang='lat' dir='ltr'><strong>dedit</strong></span> <span class='ocrx_word' id='word_1_387' title='bbox 2627 2348 2990 2417; x_wconf 69' lang='lat' dir='ltr'><strong>captivitatem</strong></span> <span class='ocrx_word' id='word_1_388' title='bbox 3030 2344 3098 2399; x_wconf 81' lang='lat'><strong>&quot;.</strong></span> <span class='ocrx_word' id='word_1_389' title='bbox 3136 2342 3202 2399; x_wconf 84' lang='lat' dir='ltr'><strong>Et</strong></span> <span class='ocrx_word' id='word_1_390' title='bbox 3236 2344 3290 2398; x_wconf 91' lang='lat' dir='ltr'><strong>in</strong></span> <span class='ocrx_word' id='word_1_391' title='bbox 3325 2342 3517 2397; x_wconf 87' lang='lat' dir='ltr'><strong>Evan—</strong></span> 
     </span>
    </p>
   </div>
   <div class='ocr_carea' id='block_1_53' title="bbox 1932 2436 3517 2516">
    <p class='ocr_par' dir='ltr' id='par_1_53' title="bbox 1932 2436 3517 2516">
     <span class='ocr_line' id='line_1_53' title="bbox 1932 2436 3517 2516; baseline -0.006 -16"><span class='ocrx_word' id='word_1_392' title='bbox 1932 2445 2073 2516; x_wconf 76' lang='lat' dir='ltr'><strong>gelia</strong></span> <span class='ocrx_word' id='word_1_393' title='bbox 2105 2462 2120 2499; x_wconf 91' lang='lat'><strong>:</strong></span> <span class='ocrx_word' id='word_1_394' title='bbox 2164 2442 2336 2498; x_wconf 80' lang='lat' dir='ltr'><strong>Nemo</strong></span> <span class='ocrx_word' id='word_1_395' title='bbox 2370 2442 2607 2498; x_wconf 78' lang='lat' dir='ltr'><strong>ascendit</strong></span> <span class='ocrx_word' id='word_1_396' title='bbox 2639 2442 2699 2497; x_wconf 78' lang='lat' dir='ltr'><strong>in</strong></span> <span class='ocrx_word' id='word_1_397' title='bbox 2728 2440 2939 2505; x_wconf 70' lang='lat' dir='ltr'><strong>emtum,</strong></span> <span class='ocrx_word' id='word_1_398' title='bbox 2972 2439 3078 2495; x_wconf 81' lang='lat' dir='ltr'><strong>nisi</strong></span> <span class='ocrx_word' id='word_1_399' title='bbox 3103 2441 3171 2505; x_wconf 88' lang='lat' dir='ltr'><strong>is,</strong></span> <span class='ocrx_word' id='word_1_400' title='bbox 3189 2438 3280 2505; x_wconf 79' lang='lat' dir='ltr'><strong>qui</strong></span> <span class='ocrx_word' id='word_1_401' title='bbox 3301 2438 3365 2491; x_wconf 86' lang='lat' dir='ltr'><strong>de</strong></span> <span class='ocrx_word' id='word_1_402' title='bbox 3388 2436 3517 2492; x_wconf 73' lang='lat' dir='ltr'><strong>cwlo</strong></span> 
     </span>
    </p>
   </div>
   <div class='ocr_carea' id='block_1_54' title="bbox 1933 2534 2301 2590">
    <p class='ocr_par' dir='ltr' id='par_1_54' title="bbox 1933 2534 2301 2590">
     <span class='ocr_line' id='line_1_54' title="bbox 1933 2534 2301 2590; baseline 0 -1"><span class='ocrx_word' id='word_1_403' title='bbox 1933 2535 2202 2590; x_wconf 77' lang='lat' dir='ltr'><strong>descendit</strong></span> <span class='ocrx_word' id='word_1_404' title='bbox 2233 2534 2301 2589; x_wconf 86' lang='grc'><strong><em>³⁸.</em></strong></span> 
     </span>
    </p>
   </div>
   <div class='ocr_carea' id='block_1_55' title="bbox 2001 2624 3514 2695">
    <p class='ocr_par' dir='ltr' id='par_1_55' title="bbox 2001 2624 3514 2695">
     <span class='ocr_line' id='line_1_55' title="bbox 2001 2624 3514 2695; baseline -0.007 -13"><span class='ocrx_word' id='word_1_405' title='bbox 2001 2627 2121 2683; x_wconf 82' lang='lat' dir='ltr'><strong>Coi.</strong></span> <span class='ocrx_word' id='word_1_406' title='bbox 2155 2626 2263 2681; x_wconf 66' lang='lat'><strong>66%</strong></span> <span class='ocrx_word' id='word_1_407' title='bbox 2295 2626 2365 2681; x_wconf 80' lang='grc' dir='ltr'><strong>Α.</strong></span> <span class='ocrx_word' id='word_1_408' title='bbox 2412 2624 2590 2679; x_wconf 73' lang='lat' dir='ltr'><strong>Proh!</strong></span> <span class='ocrx_word' id='word_1_409' title='bbox 2628 2624 2815 2695; x_wconf 76' lang='lat' dir='ltr'><strong>qualia</strong></span> <span class='ocrx_word' id='word_1_410' title='bbox 2864 2624 3088 2678; x_wconf 85' lang='lat' dir='ltr'><strong>Verbum</strong></span> <span class='ocrx_word' id='word_1_411' title='bbox 3132 2637 3272 2677; x_wconf 83' lang='lat' dir='ltr'><strong>nunc</strong></span> <span class='ocrx_word' id='word_1_412' title='bbox 3315 2635 3514 2690; x_wconf 83' lang='lat' dir='ltr'><strong>quoque</strong></span> 
     </span>
    </p>
   </div>
   <div class='ocr_carea' id='block_1_56' title="bbox 1933 2713 3518 2786">
    <p class='ocr_par' dir='ltr' id='par_1_56' title="bbox 1933 2713 3518 2786">
     <span class='ocr_line' id='line_1_56' title="bbox 1933 2713 3518 2786; baseline -0.005 -14"><span class='ocrx_word' id='word_1_413' title='bbox 1933 2719 2167 2786; x_wconf 80' lang='lat' dir='ltr'><strong>patitur!</strong></span> <span class='ocrx_word' id='word_1_414' title='bbox 2192 2725 2299 2772; x_wconf 91' lang='lat' dir='ltr'><strong>etc.</strong></span> <span class='ocrx_word' id='word_1_415' title='bbox 2326 2717 2451 2773; x_wconf 75' lang='lat' dir='ltr'><strong>Haec</strong></span> <span class='ocrx_word' id='word_1_416' title='bbox 2476 2717 2640 2772; x_wconf 88' lang='lat' dir='ltr'><strong>verba</strong></span> <span class='ocrx_word' id='word_1_417' title='bbox 2678 2731 2694 2770; x_wconf 88' lang='lat'><strong>:</strong></span> <span class='ocrx_word' id='word_1_418' title='bbox 2726 2714 2898 2771; x_wconf 83' lang='lat' dir='ltr'><strong>Probi</strong></span> <span class='ocrx_word' id='word_1_419' title='bbox 2931 2729 3097 2784; x_wconf 89' lang='lat' dir='ltr'><strong>quam</strong></span> <span class='ocrx_word' id='word_1_420' title='bbox 3150 2713 3333 2784; x_wconf 79' lang='lat' dir='ltr'><strong>gravia</strong></span> <span class='ocrx_word' id='word_1_421' title='bbox 3370 2727 3518 2765; x_wconf 86' lang='lat' dir='ltr'><strong>nunc</strong></span> 
     </span>
    </p>
   </div>
   <div class='ocr_carea' id='block_1_57' title="bbox 1935 2805 3518 2880">
    <p class='ocr_par' dir='ltr' id='par_1_57' title="bbox 1935 2805 3518 2880">
     <span class='ocr_line' id='line_1_57' title="bbox 1935 2805 3518 2880; baseline -0.006 -16"><span class='ocrx_word' id='word_1_422' title='bbox 1935 2814 2159 2880; x_wconf 77' lang='lat' dir='ltr'><strong>quoque</strong></span> <span class='ocrx_word' id='word_1_423' title='bbox 2214 2810 2419 2879; x_wconf 73' lang='lat' dir='ltr'><strong>patitur</strong></span> <span class='ocrx_word' id='word_1_424' title='bbox 2486 2807 2778 2873; x_wconf 85' lang='lat' dir='ltr'><strong>Christus,</strong></span> <span class='ocrx_word' id='word_1_425' title='bbox 2835 2805 3153 2876; x_wconf 85' lang='lat' dir='ltr'><strong>quiritantis</strong></span> <span class='ocrx_word' id='word_1_426' title='bbox 3236 2812 3398 2867; x_wconf 87' lang='lat' dir='ltr'><strong>sunt,</strong></span> <span class='ocrx_word' id='word_1_427' title='bbox 3452 2817 3518 2856; x_wconf 90' lang='lat' dir='ltr'><strong>ac</strong></span> 
     </span>
    </p>
   </div>
   <div class='ocr_carea' id='block_1_58' title="bbox 1933 2894 3518 2972">
    <p class='ocr_par' dir='ltr' id='par_1_58' title="bbox 1933 2894 3518 2972">
     <span class='ocr_line' id='line_1_58' title="bbox 1933 2894 3518 2972; baseline -0.006 -16"><span class='ocrx_word' id='word_1_428' title='bbox 1933 2902 2164 2972; x_wconf 81' lang='lat' dir='ltr'><strong>proinde</strong></span> <span class='ocrx_word' id='word_1_429' title='bbox 2227 2915 2351 2956; x_wconf 89' lang='lat' dir='ltr'><strong>cum</strong></span> <span class='ocrx_word' id='word_1_430' title='bbox 2416 2899 2788 2954; x_wconf 78' lang='lat' dir='ltr'><strong>admiratione</strong></span> <span class='ocrx_word' id='word_1_431' title='bbox 2861 2897 3113 2968; x_wconf 84' lang='lat' dir='ltr'><strong>legenda.</strong></span> <span class='ocrx_word' id='word_1_432' title='bbox 3197 2894 3518 2965; x_wconf 87' lang='lat' dir='ltr'><strong>indignatur</strong></span> 
     </span>
    </p>
   </div>
   <div class='ocr_carea' id='block_1_59' title="bbox 1932 2986 3519 3062">
    <p class='ocr_par' dir='ltr' id='par_1_59' title="bbox 1932 2986 3519 3062">
     <span class='ocr_line' id='line_1_59' title="bbox 1932 2986 3519 3062; baseline -0.006 -14"><span class='ocrx_word' id='word_1_433' title='bbox 1932 2996 2077 3049; x_wconf 76' lang='lat' dir='ltr'><strong>enim</strong></span> <span class='ocrx_word' id='word_1_434' title='bbox 2117 3002 2277 3061; x_wconf 82' lang='lat' dir='ltr'><strong>atque</strong></span> <span class='ocrx_word' id='word_1_435' title='bbox 2305 3002 2449 3062; x_wconf 59' lang='grc' dir='ltr'><strong>πει-θ</strong></span> <span class='ocrx_word' id='word_1_436' title='bbox 2483 2989 2592 3045; x_wconf 81' lang='lat' dir='ltr'><strong>fert</strong></span> <span class='ocrx_word' id='word_1_437' title='bbox 2620 2990 2955 3058; x_wconf 80' lang='lat' dir='ltr'><strong>Theologus,</strong></span> <span class='ocrx_word' id='word_1_438' title='bbox 2987 2987 3187 3044; x_wconf 86' lang='lat' dir='ltr'><strong>Filium</strong></span> <span class='ocrx_word' id='word_1_439' title='bbox 3221 2986 3313 3043; x_wconf 90' lang='lat' dir='ltr'><strong>Dei</strong></span> <span class='ocrx_word' id='word_1_440' title='bbox 3345 2988 3519 3041; x_wconf 84' lang='lat' dir='ltr'><strong>etiam</strong></span> 
     </span>
    </p>
   </div>
   <div class='ocr_carea' id='block_1_60' title="bbox 1934 3080 3521 3140">
    <p class='ocr_par' dir='ltr' id='par_1_60' title="bbox 1934 3080 3521 3140">
     <span class='ocr_line' id='line_1_60' title="bbox 1934 3080 3521 3140; baseline -0.006 0"><span class='ocrx_word' id='word_1_441' title='bbox 1934 3099 2083 3140; x_wconf 83' lang='lat' dir='ltr'><strong>nunc</strong></span> <span class='ocrx_word' id='word_1_442' title='bbox 2133 3083 2475 3139; x_wconf 73' lang='lat' dir='ltr'><strong>contumelia</strong></span> <span class='ocrx_word' id='word_1_443' title='bbox 2520 3081 2680 3138; x_wconf 78' lang='lat' dir='ltr'><strong>allici.</strong></span> <span class='ocrx_word' id='word_1_444' title='bbox 2745 3080 3047 3136; x_wconf 84' lang='lat' dir='ltr'><strong>Sabelliaui</strong></span> <span class='ocrx_word' id='word_1_445' title='bbox 3094 3080 3241 3134; x_wconf 87' lang='lat' dir='ltr'><strong>enim</strong></span> <span class='ocrx_word' id='word_1_446' title='bbox 3290 3093 3412 3132; x_wconf 79' lang='lat' dir='ltr'><strong>cum</strong></span> <span class='ocrx_word' id='word_1_447' title='bbox 3455 3086 3521 3133; x_wconf 88' lang='lat' dir='ltr'><strong>ut</strong></span> 
     </span>
    </p>
   </div>
   <div class='ocr_carea' id='block_1_61' title="bbox 254 3169 3516 3234">
    <p class='ocr_par' dir='ltr' id='par_1_61' title="bbox 254 3169 3516 3234">
     <span class='ocr_line' id='line_1_61' title="bbox 254 3169 3516 3234; baseline 0.001 -13"><span class='ocrx_word' id='word_1_448' title='bbox 254 3182 490 3223; x_wconf 28' lang='lat' dir='ltr'><strong>causam,</strong></span> <span class='ocrx_word' id='word_1_449' title='bbox 544 3183 643 3225; x_wconf 87' lang='lat' dir='ltr'><strong>sua</strong></span> <span class='ocrx_word' id='word_1_450' title='bbox 698 3178 847 3225; x_wconf 74' lang='lat' dir='ltr'><strong>recte</strong></span> <span class='ocrx_word' id='word_1_451' title='bbox 900 3169 1045 3225; x_wconf 79' lang='lat' dir='ltr'><strong>facta</strong></span> <span class='ocrx_word' id='word_1_452' title='bbox 1113 3172 1261 3227; x_wconf 84' lang='lat' dir='ltr'><strong>Patri</strong></span> <span class='ocrx_word' id='word_1_453' title='bbox 1322 3173 1495 3229; x_wconf 83' lang='lat' dir='ltr'><strong>Filios</strong></span> <span class='ocrx_word' id='word_1_454' title='bbox 1559 3175 1901 3234; x_wconf 83' lang='lat' dir='ltr'><strong>ascribit:C</strong></span> <span class='ocrx_word' id='word_1_455' title='bbox 1937 3178 2108 3232; x_wconf 84' lang='lat' dir='ltr'><strong>Deum</strong></span> <span class='ocrx_word' id='word_1_456' title='bbox 2156 3177 2501 3231; x_wconf 84' lang='lat' dir='ltr'><strong>honorantes</strong></span> <span class='ocrx_word' id='word_1_457' title='bbox 2539 3188 2668 3229; x_wconf 91' lang='lat' dir='ltr'><strong>cum</strong></span> <span class='ocrx_word' id='word_1_458' title='bbox 2710 3172 2870 3228; x_wconf 73' lang='lat' dir='ltr'><strong>Patre</strong></span> <span class='ocrx_word' id='word_1_459' title='bbox 2909 3170 3253 3228; x_wconf 84' lang='lat' dir='ltr'><strong>confundunt</strong></span> <span class='ocrx_word' id='word_1_460' title='bbox 3282 3185 3347 3226; x_wconf 91' lang='lat' dir='ltr'><strong>ac</strong></span> <span class='ocrx_word' id='word_1_461' title='bbox 3379 3185 3516 3224; x_wconf 88' lang='lat' dir='ltr'><strong>ceu—</strong></span> 
     </span>
    </p>
   </div>
   <div class='ocr_carea' id='block_1_62' title="bbox 256 3259 1836 3339">
    <p class='ocr_par' dir='ltr' id='par_1_62' title="bbox 256 3259 1836 3339">
     <span class='ocr_line' id='line_1_62' title="bbox 256 3259 1836 3339; baseline 0.006 -27"><span class='ocrx_word' id='word_1_462' title='bbox 256 3259 508 3322; x_wconf 82' lang='lat' dir='ltr'><strong>aiteram,</strong></span> <span class='ocrx_word' id='word_1_463' title='bbox 546 3260 675 3329; x_wconf 85' lang='lat' dir='ltr'><strong>quia</strong></span> <span class='ocrx_word' id='word_1_464' title='bbox 729 3260 891 3317; x_wconf 87' lang='lat' dir='ltr'><strong>Pater</strong></span> <span class='ocrx_word' id='word_1_465' title='bbox 926 3261 1049 3317; x_wconf 85' lang='lat' dir='ltr'><strong>Filii</strong></span> <span class='ocrx_word' id='word_1_466' title='bbox 1097 3265 1428 3335; x_wconf 83' lang='lat' dir='ltr'><strong>principium</strong></span> <span class='ocrx_word' id='word_1_467' title='bbox 1479 3267 1836 3339; x_wconf 82' lang='lat' dir='ltr'><strong>est(princi-</strong></span> 
     </span>
    </p>
   </div>
   <div class='ocr_carea' id='block_1_63' title="bbox 258 3347 1818 3429">
    <p class='ocr_par' dir='ltr' id='par_1_63' title="bbox 258 3347 1818 3429">
     <span class='ocr_line' id='line_1_63' title="bbox 258 3347 1818 3429; baseline 0.008 -27"><span class='ocrx_word' id='word_1_468' title='bbox 258 3347 413 3418; x_wconf 84' lang='lat' dir='ltr'><strong>pium</strong></span> <span class='ocrx_word' id='word_1_469' title='bbox 447 3358 654 3416; x_wconf 86' lang='lat' dir='ltr'><strong>autem,</strong></span> <span class='ocrx_word' id='word_1_470' title='bbox 681 3362 946 3422; x_wconf 90' lang='lat' dir='ltr'><strong>quantum</strong></span> <span class='ocrx_word' id='word_1_471' title='bbox 1004 3356 1071 3410; x_wconf 88' lang='lat' dir='ltr'><strong>ad</strong></span> <span class='ocrx_word' id='word_1_472' title='bbox 1114 3371 1360 3422; x_wconf 88' lang='lat' dir='ltr'><strong>causam,</strong></span> <span class='ocrx_word' id='word_1_473' title='bbox 1395 3373 1502 3412; x_wconf 86' lang='lat' dir='ltr'><strong>non</strong></span> <span class='ocrx_word' id='word_1_474' title='bbox 1551 3368 1818 3429; x_wconf 89' lang='lat' dir='ltr'><strong>quantum</strong></span> 
     </span>
    </p>
   </div>
   <div class='ocr_carea' id='block_1_64' title="bbox 253 3443 1827 3515">
    <p class='ocr_par' dir='ltr' id='par_1_64' title="bbox 253 3443 1827 3515">
     <span class='ocr_line' id='line_1_64' title="bbox 253 3443 1827 3515; baseline 0.008 -19"><span class='ocrx_word' id='word_1_475' title='bbox 253 3443 326 3496; x_wconf 82' lang='lat' dir='ltr'><strong>ad</strong></span> <span class='ocrx_word' id='word_1_476' title='bbox 357 3443 631 3515; x_wconf 85' lang='lat' dir='ltr'><strong>tempus);</strong></span> <span class='ocrx_word' id='word_1_477' title='bbox 670 3446 919 3511; x_wconf 84' lang='lat' dir='ltr'><strong>alteram,</strong></span> <span class='ocrx_word' id='word_1_478' title='bbox 955 3463 1024 3503; x_wconf 88' lang='lat' dir='ltr'><strong>ne</strong></span> <span class='ocrx_word' id='word_1_479' title='bbox 1081 3448 1201 3504; x_wconf 85' lang='lat' dir='ltr'><strong>Deo</strong></span> <span class='ocrx_word' id='word_1_480' title='bbox 1235 3452 1510 3505; x_wconf 84' lang='lat' dir='ltr'><strong>adversari</strong></span> <span class='ocrx_word' id='word_1_481' title='bbox 1560 3453 1827 3508; x_wconf 83' lang='lat' dir='ltr'><strong>videatur.</strong></span> 
     </span>
    </p>
   </div>
   <div class='ocr_carea' id='block_1_65' title="bbox 256 3532 1838 3609">
    <p class='ocr_par' dir='ltr' id='par_1_65' title="bbox 256 3532 1838 3609">
     <span class='ocr_line' id='line_1_65' title="bbox 256 3532 1838 3609; baseline 0.009 -24"><span class='ocrx_word' id='word_1_482' title='bbox 256 3532 507 3590; x_wconf 70' lang='lat' dir='ltr'><strong>Demissa</strong></span> <span class='ocrx_word' id='word_1_483' title='bbox 541 3538 686 3591; x_wconf 85' lang='lat' dir='ltr'><strong>enim</strong></span> <span class='ocrx_word' id='word_1_484' title='bbox 743 3538 831 3593; x_wconf 87' lang='lat' dir='ltr'><strong>illa</strong></span> <span class='ocrx_word' id='word_1_485' title='bbox 869 3539 989 3594; x_wconf 85' lang='lat' dir='ltr'><strong>Filii</strong></span> <span class='ocrx_word' id='word_1_486' title='bbox 1033 3541 1193 3596; x_wconf 84' lang='lat' dir='ltr'><strong>verba</strong></span> <span class='ocrx_word' id='word_1_487' title='bbox 1244 3558 1350 3596; x_wconf 87' lang='lat' dir='ltr'><strong>non</strong></span> <span class='ocrx_word' id='word_1_488' title='bbox 1399 3558 1464 3597; x_wconf 86' lang='lat' dir='ltr'><strong>eo</strong></span> <span class='ocrx_word' id='word_1_489' title='bbox 1496 3543 1746 3609; x_wconf 75' lang='lat' dir='ltr'><strong>tendunt,</strong></span> <span class='ocrx_word' id='word_1_490' title='bbox 1775 3551 1838 3599; x_wconf 89' lang='lat' dir='ltr'><strong>ut</strong></span> 
     </span>
    </p>
   </div>
   <div class='ocr_carea' id='block_1_66' title="bbox 255 3618 1834 3702">
    <p class='ocr_par' dir='ltr' id='par_1_66' title="bbox 255 3618 1834 3702">
     <span class='ocr_line' id='line_1_66' title="bbox 255 3618 1834 3702; baseline 0.009 -27"><span class='ocrx_word' id='word_1_491' title='bbox 255 3618 423 3681; x_wconf 84' lang='lat' dir='ltr'><strong>Patre</strong></span> <span class='ocrx_word' id='word_1_492' title='bbox 474 3624 703 3682; x_wconf 72' lang='lat' dir='ltr'><strong>inferior</strong></span> <span class='ocrx_word' id='word_1_493' title='bbox 747 3643 869 3682; x_wconf 85' lang='lat' dir='ltr'><strong>esse</strong></span> <span class='ocrx_word' id='word_1_494' title='bbox 917 3630 1186 3695; x_wconf 80' lang='lat' dir='ltr'><strong>videatur,</strong></span> <span class='ocrx_word' id='word_1_495' title='bbox 1243 3634 1337 3686; x_wconf 85' lang='lat' dir='ltr'><strong>sed</strong></span> <span class='ocrx_word' id='word_1_496' title='bbox 1394 3640 1454 3687; x_wconf 92' lang='lat' dir='ltr'><strong>ut</strong></span> <span class='ocrx_word' id='word_1_497' title='bbox 1498 3634 1671 3702; x_wconf 83' lang='lat' dir='ltr'><strong>ipsius</strong></span> <span class='ocrx_word' id='word_1_498' title='bbox 1707 3650 1834 3690; x_wconf 91' lang='lat' dir='ltr'><strong>cum</strong></span> 
     </span>
    </p>
   </div>
   <div class='ocr_carea' id='block_1_67' title="bbox 256 3712 1834 3794">
    <p class='ocr_par' dir='ltr' id='par_1_67' title="bbox 256 3712 1834 3794">
     <span class='ocr_line' id='line_1_67' title="bbox 256 3712 1834 3794; baseline 0.006 -26"><span class='ocrx_word' id='word_1_499' title='bbox 256 3712 422 3773; x_wconf 73' lang='lat' dir='ltr'><strong>Patre</strong></span> <span class='ocrx_word' id='word_1_500' title='bbox 440 3719 735 3774; x_wconf 80' lang='lat' dir='ltr'><strong>concordia</strong></span> <span class='ocrx_word' id='word_1_501' title='bbox 764 3721 1171 3788; x_wconf 81' lang='lat' dir='ltr'><strong>volunt&#39;atisque</strong></span> <span class='ocrx_word' id='word_1_502' title='bbox 1195 3726 1485 3779; x_wconf 84' lang='lat' dir='ltr'><strong>consensio</strong></span> <span class='ocrx_word' id='word_1_503' title='bbox 1507 3726 1834 3794; x_wconf 73' lang='lat' dir='ltr'><strong>declaretur,</strong></span> 
     </span>
    </p>
   </div>
   <div class='ocr_carea' id='block_1_68' title="bbox 260 3809 1835 3883">
    <p class='ocr_par' dir='ltr' id='par_1_68' title="bbox 260 3809 1835 3883">
     <span class='ocr_line' id='line_1_68' title="bbox 260 3809 1835 3883; baseline 0.006 -22"><span class='ocrx_word' id='word_1_504' title='bbox 260 3809 487 3878; x_wconf 83' lang='lat' dir='ltr'><strong>perinde</strong></span> <span class='ocrx_word' id='word_1_505' title='bbox 513 3825 578 3864; x_wconf 90' lang='lat' dir='ltr'><strong>ac</strong></span> <span class='ocrx_word' id='word_1_506' title='bbox 609 3810 655 3864; x_wconf 92' lang='lat' dir='ltr'><strong>si</strong></span> <span class='ocrx_word' id='word_1_507' title='bbox 688 3810 897 3865; x_wconf 88' lang='lat' dir='ltr'><strong>amicus</strong></span> <span class='ocrx_word' id='word_1_508' title='bbox 923 3811 991 3865; x_wconf 85' lang='lat' dir='ltr'><strong>ab</strong></span> <span class='ocrx_word' id='word_1_509' title='bbox 1026 3812 1202 3867; x_wconf 88' lang='lat' dir='ltr'><strong>amice</strong></span> <span class='ocrx_word' id='word_1_510' title='bbox 1222 3814 1426 3869; x_wconf 83' lang='lat' dir='ltr'><strong>missus</strong></span> <span class='ocrx_word' id='word_1_511' title='bbox 1452 3830 1575 3869; x_wconf 85' lang='lat' dir='ltr'><strong>esse</strong></span> <span class='ocrx_word' id='word_1_512' title='bbox 1601 3817 1835 3883; x_wconf 86' lang='lat' dir='ltr'><strong>dicatur,</strong></span> 
     </span>
    </p>
   </div>
   <div class='ocr_carea' id='block_1_69' title="bbox 265 3901 1845 3973">
    <p class='ocr_par' dir='ltr' id='par_1_69' title="bbox 265 3901 1845 3973">
     <span class='ocr_line' id='line_1_69' title="bbox 265 3901 1845 3973; baseline 0.006 -19"><span class='ocrx_word' id='word_1_513' title='bbox 265 3916 375 3954; x_wconf 87' lang='lat' dir='ltr'><strong>non</strong></span> <span class='ocrx_word' id='word_1_514' title='bbox 432 3911 491 3953; x_wconf 85' lang='lat' dir='ltr'><strong>ut</strong></span> <span class='ocrx_word' id='word_1_515' title='bbox 534 3901 783 3962; x_wconf 79' lang='lat' dir='ltr'><strong>inferior,</strong></span> <span class='ocrx_word' id='word_1_516' title='bbox 816 3902 910 3956; x_wconf 89' lang='lat' dir='ltr'><strong>sed</strong></span> <span class='ocrx_word' id='word_1_517' title='bbox 965 3912 1024 3956; x_wconf 92' lang='lat' dir='ltr'><strong>ut</strong></span> <span class='ocrx_word' id='word_1_518' title='bbox 1070 3905 1317 3972; x_wconf 60' lang='lat' dir='ltr'><strong>aqualis,</strong></span> <span class='ocrx_word' id='word_1_519' title='bbox 1368 3916 1532 3973; x_wconf 85' lang='lat' dir='ltr'><strong>atque</strong></span> <span class='ocrx_word' id='word_1_520' title='bbox 1588 3908 1845 3963; x_wconf 84' lang='lat' dir='ltr'><strong>eamdem&#39;</strong></span> 
     </span>
    </p>
   </div>
   <div class='ocr_carea' id='block_1_70' title="bbox 256 3989 1830 4062">
    <p class='ocr_par' dir='ltr' id='par_1_70' title="bbox 256 3989 1830 4062">
     <span class='ocr_line' id='line_1_70' title="bbox 256 3989 1830 4062; baseline 0.005 -19"><span class='ocrx_word' id='word_1_521' title='bbox 256 3989 593 4043; x_wconf 79' lang='lat' dir='ltr'><strong>voluntatem</strong></span> <span class='ocrx_word' id='word_1_522' title='bbox 628 3990 868 4056; x_wconf 85' lang='lat' dir='ltr'><strong>habens;</strong></span> <span class='ocrx_word' id='word_1_523' title='bbox 893 4001 1007 4055; x_wconf 81' lang='lat' dir='ltr'><strong>aut,</strong></span> <span class='ocrx_word' id='word_1_524' title='bbox 1051 3993 1101 4047; x_wconf 78' lang='lat' dir='ltr'><strong>si</strong></span> <span class='ocrx_word' id='word_1_525' title='bbox 1144 3994 1336 4059; x_wconf 83' lang='lat' dir='ltr'><strong>mavis,</strong></span> <span class='ocrx_word' id='word_1_526' title='bbox 1368 3997 1830 4062; x_wconf 82' lang='lat' dir='ltr'><strong>quemadmodum</strong></span> 
     </span>
    </p>
   </div>
   <div class='ocr_carea' id='block_1_71' title="bbox 260 4081 1841 4158">
    <p class='ocr_par' dir='ltr' id='par_1_71' title="bbox 260 4081 1841 4158">
     <span class='ocr_line' id='line_1_71' title="bbox 260 4081 1841 4158; baseline 0.004 -21"><span class='ocrx_word' id='word_1_527' title='bbox 260 4083 443 4137; x_wconf 75' lang='lat' dir='ltr'><strong>eolem-</strong></span> <span class='ocrx_word' id='word_1_528' title='bbox 488 4081 699 4135; x_wconf 88' lang='lat' dir='ltr'><strong>radium</strong></span> <span class='ocrx_word' id='word_1_529' title='bbox 748 4084 965 4139; x_wconf 84' lang='lat' dir='ltr'><strong>misisse</strong></span> <span class='ocrx_word' id='word_1_530' title='bbox 1029 4084 1285 4149; x_wconf 79' lang='lat' dir='ltr'><strong>dicimus,</strong></span> <span class='ocrx_word' id='word_1_531' title='bbox 1331 4087 1425 4155; x_wconf 87' lang='lat' dir='ltr'><strong>qui</strong></span> <span class='ocrx_word' id='word_1_532' title='bbox 1489 4102 1841 4158; x_wconf 38' lang='lat' dir='ltr'><strong>nequaquam:</strong></span> 
     </span>
    </p>
   </div>
   <div class='ocr_carea' id='block_1_72' title="bbox 261 4173 1843 4246">
    <p class='ocr_par' dir='ltr' id='par_1_72' title="bbox 261 4173 1843 4246">
     <span class='ocr_line' id='line_1_72' title="bbox 261 4173 1843 4246; baseline 0.004 -19"><span class='ocrx_word' id='word_1_533' title='bbox 261 4173 515 4237; x_wconf 66' lang='grc' dir='ltr'><strong>ὥνθνεεε,</strong></span> <span class='ocrx_word' id='word_1_534' title='bbox 551 4175 644 4229; x_wconf 85' lang='lat' dir='ltr'><strong>sed</strong></span> <span class='ocrx_word' id='word_1_535' title='bbox 676 4174 918 4244; x_wconf 73' lang='lat' dir='ltr'><strong>ejusdem</strong></span> <span class='ocrx_word' id='word_1_536' title='bbox 951 4191 1077 4230; x_wconf 91' lang='lat' dir='ltr'><strong>cum</strong></span> <span class='ocrx_word' id='word_1_537' title='bbox 1111 4191 1176 4229; x_wconf 89' lang='lat' dir='ltr'><strong>eo</strong></span> <span class='ocrx_word' id='word_1_538' title='bbox 1203 4184 1288 4232; x_wconf 84' lang='lat' dir='ltr'><strong>est</strong></span> <span class='ocrx_word' id='word_1_539' title='bbox 1310 4178 1650 4234; x_wconf 70' lang='lat' dir='ltr'><strong>substantiae.</strong></span> <span class='ocrx_word' id='word_1_540' title='bbox 1681 4180 1843 4246; x_wconf 82' lang='lat' dir='ltr'><strong>Quod</strong></span> 
     </span>
    </p>
   </div>
   <div class='ocr_carea' id='block_1_73' title="bbox 262 4266 1837 4339">
    <p class='ocr_par' dir='ltr' id='par_1_73' title="bbox 262 4266 1837 4339">
     <span class='ocr_line' id='line_1_73' title="bbox 262 4266 1837 4339; baseline 0.005 -20"><span class='ocrx_word' id='word_1_541' title='bbox 262 4276 445 4321; x_wconf 87' lang='lat' dir='ltr'><strong>autem</strong></span> <span class='ocrx_word' id='word_1_542' title='bbox 477 4267 543 4321; x_wconf 89' lang='lat' dir='ltr'><strong>de</strong></span> <span class='ocrx_word' id='word_1_543' title='bbox 571 4282 680 4321; x_wconf 90' lang='lat' dir='ltr'><strong>uno</strong></span> <span class='ocrx_word' id='word_1_544' title='bbox 710 4279 874 4336; x_wconf 84' lang='lat' dir='ltr'><strong>atque</strong></span> <span class='ocrx_word' id='word_1_545' title='bbox 896 4266 1091 4323; x_wconf 77' lang='lat' dir='ltr'><strong>eodem</strong></span> <span class='ocrx_word' id='word_1_546' title='bbox 1121 4269 1364 4337; x_wconf 85' lang='lat' dir='ltr'><strong>Christo,</strong></span> <span class='ocrx_word' id='word_1_547' title='bbox 1395 4270 1501 4326; x_wconf 89' lang='lat' dir='ltr'><strong>alia</strong></span> <span class='ocrx_word' id='word_1_548' title='bbox 1531 4279 1591 4325; x_wconf 91' lang='lat' dir='ltr'><strong>ut</strong></span> <span class='ocrx_word' id='word_1_549' title='bbox 1610 4272 1677 4327; x_wconf 88' lang='lat' dir='ltr'><strong>de</strong></span> <span class='ocrx_word' id='word_1_550' title='bbox 1704 4271 1837 4339; x_wconf 87' lang='lat' dir='ltr'><strong>Dee,</strong></span> 
     </span>
    </p>
   </div>
   <div class='ocr_carea' id='block_1_74' title="bbox 264 4357 1836 4433">
    <p class='ocr_par' dir='ltr' id='par_1_74' title="bbox 264 4357 1836 4433">
     <span class='ocr_line' id='line_1_74' title="bbox 264 4357 1836 4433; baseline 0.008 -26"><span class='ocrx_word' id='word_1_551' title='bbox 264 4357 368 4410; x_wconf 86' lang='lat' dir='ltr'><strong>alia</strong></span> <span class='ocrx_word' id='word_1_552' title='bbox 413 4366 487 4411; x_wconf 23' lang='lat' dir='ltr'><strong>ut!</strong></span> <span class='ocrx_word' id='word_1_553' title='bbox 522 4357 590 4412; x_wconf 88' lang='lat' dir='ltr'><strong>de</strong></span> <span class='ocrx_word' id='word_1_554' title='bbox 646 4358 869 4413; x_wconf 86' lang='lat' dir='ltr'><strong>homine</strong></span> <span class='ocrx_word' id='word_1_555' title='bbox 916 4360 1187 4423; x_wconf 86' lang='lat' dir='ltr'><strong>dicantur,</strong></span> <span class='ocrx_word' id='word_1_556' title='bbox 1232 4361 1364 4416; x_wconf 88' lang='lat' dir='ltr'><strong>hinc</strong></span> <span class='ocrx_word' id='word_1_557' title='bbox 1410 4361 1621 4431; x_wconf 89' lang='lat' dir='ltr'><strong>liquide</strong></span> <span class='ocrx_word' id='word_1_558' title='bbox 1667 4373 1836 4433; x_wconf 85' lang='lat' dir='ltr'><strong>patet.</strong></span> 
     </span>
    </p>
   </div>
   <div class='ocr_carea' id='block_1_75' title="bbox 265 4438 1839 4519">
    <p class='ocr_par' dir='ltr' id='par_1_75' title="bbox 265 4438 1839 4519">
     <span class='ocr_line' id='line_1_75' title="bbox 265 4438 1839 4519; baseline 0.008 -27"><span class='ocrx_word' id='word_1_559' title='bbox 265 4438 521 4496; x_wconf 82' lang='lat' dir='ltr'><strong>Testatur</strong></span> <span class='ocrx_word' id='word_1_560' title='bbox 545 4443 691 4497; x_wconf 88' lang='lat' dir='ltr'><strong>enim</strong></span> <span class='ocrx_word' id='word_1_561' title='bbox 721 4443 1024 4513; x_wconf 82' lang='lat' dir='ltr'><strong>Scriptura,</strong></span> <span class='ocrx_word' id='word_1_562' title='bbox 1058 4446 1201 4516; x_wconf 85' lang='lat' dir='ltr'><strong>quod</strong></span> <span class='ocrx_word' id='word_1_563' title='bbox 1244 4446 1407 4503; x_wconf 89' lang='lat' dir='ltr'><strong>Pater</strong></span> <span class='ocrx_word' id='word_1_564' title='bbox 1436 4464 1560 4504; x_wconf 81' lang='lat' dir='ltr'><strong>cum</strong></span> <span class='ocrx_word' id='word_1_565' title='bbox 1590 4450 1839 4519; x_wconf 73' lang='lat' dir='ltr'><strong>tradidit,</strong></span> 
     </span>
    </p>
   </div>
   <div class='ocr_carea' id='block_1_76' title="bbox 1937 3260 3515 3336">
    <p class='ocr_par' dir='ltr' id='par_1_76' title="bbox 1937 3260 3515 3336">
     <span class='ocr_line' id='line_1_76' title="bbox 1937 3260 3515 3336; baseline -0.007 -10"><span class='ocrx_word' id='word_1_566' title='bbox 1937 3271 2187 3335; x_wconf 76' lang='lat' dir='ltr'><strong>trahunt,</strong></span> <span class='ocrx_word' id='word_1_567' title='bbox 2208 3282 2374 3323; x_wconf 90' lang='lat' dir='ltr'><strong>unam</strong></span> <span class='ocrx_word' id='word_1_568' title='bbox 2402 3275 2568 3336; x_wconf 89' lang='lat' dir='ltr'><strong>atque</strong></span> <span class='ocrx_word' id='word_1_569' title='bbox 2595 3264 2842 3320; x_wconf 88' lang='lat' dir='ltr'><strong>eamdem</strong></span> <span class='ocrx_word' id='word_1_570' title='bbox 2895 3279 3018 3320; x_wconf 76' lang='lat' dir='ltr'><strong>esse</strong></span> <span class='ocrx_word' id='word_1_571' title='bbox 3059 3262 3238 3317; x_wconf 89' lang='lat' dir='ltr'><strong>Patris</strong></span> <span class='ocrx_word' id='word_1_572' title='bbox 3291 3271 3346 3316; x_wconf 88' lang='lat' dir='ltr'><strong>et</strong></span> <span class='ocrx_word' id='word_1_573' title='bbox 3391 3260 3515 3315; x_wconf 83' lang='lat' dir='ltr'><strong>Filii</strong></span> 
     </span>
    </p>
   </div>
   <div class='ocr_carea' id='block_1_77' title="bbox 1936 3353 3514 3431">
    <p class='ocr_par' dir='ltr' id='par_1_77' title="bbox 1936 3353 3514 3431">
     <span class='ocr_line' id='line_1_77' title="bbox 1936 3353 3514 3431; baseline -0.007 -14"><span class='ocrx_word' id='word_1_574' title='bbox 1936 3372 1999 3418; x_wconf 75' lang='lat' dir='ltr'><strong>et:</strong></span> <span class='ocrx_word' id='word_1_575' title='bbox 2038 3360 2276 3431; x_wconf 79' lang='lat' dir='ltr'><strong>Spiritus</strong></span> <span class='ocrx_word' id='word_1_576' title='bbox 2341 3359 2516 3416; x_wconf 80' lang='lat' dir='ltr'><strong>sancti</strong></span> <span class='ocrx_word' id='word_1_577' title='bbox 2591 3370 2886 3429; x_wconf 82' lang='lat' dir='ltr'><strong>personam</strong></span> <span class='ocrx_word' id='word_1_578' title='bbox 2938 3364 3268 3412; x_wconf 83' lang='lat' dir='ltr'><strong>asserentes.</strong></span> <span class='ocrx_word' id='word_1_579' title='bbox 3324 3353 3514 3407; x_wconf 84' lang='lat' dir='ltr'><strong>Ariani</strong></span> 
     </span>
    </p>
   </div>
   <div class='ocr_carea' id='block_1_78' title="bbox 1936 3444 3515 3523">
    <p class='ocr_par' dir='ltr' id='par_1_78' title="bbox 1936 3444 3515 3523">
     <span class='ocr_line' id='line_1_78' title="bbox 1936 3444 3515 3523; baseline -0.008 -11"><span class='ocrx_word' id='word_1_580' title='bbox 1936 3464 2151 3520; x_wconf 84' lang='lat' dir='ltr'><strong>contra,</strong></span> <span class='ocrx_word' id='word_1_581' title='bbox 2172 3468 2320 3520; x_wconf 87' lang='lat' dir='ltr'><strong>eum,</strong></span> <span class='ocrx_word' id='word_1_582' title='bbox 2351 3451 2487 3523; x_wconf 44' lang='lat' dir='ltr'><strong>quia:</strong></span> <span class='ocrx_word' id='word_1_583' title='bbox 2519 3460 2659 3507; x_wconf 86' lang='lat' dir='ltr'><strong>care</strong></span> <span class='ocrx_word' id='word_1_584' title='bbox 2704 3448 2879 3505; x_wconf 85' lang='lat' dir='ltr'><strong>lactus</strong></span> <span class='ocrx_word' id='word_1_585' title='bbox 2931 3456 3036 3510; x_wconf 89' lang='lat' dir='ltr'><strong>est,</strong></span> <span class='ocrx_word' id='word_1_586' title='bbox 3065 3447 3364 3515; x_wconf 73' lang='lat' dir='ltr'><strong>ignominia</strong></span> <span class='ocrx_word' id='word_1_587' title='bbox 3400 3444 3515 3501; x_wconf 82' lang='lat' dir='ltr'><strong>alli-</strong></span> 
     </span>
    </p>
   </div>
   <div class='ocr_carea' id='block_1_79' title="bbox 1940 3536 3519 3608">
    <p class='ocr_par' dir='ltr' id='par_1_79' title="bbox 1940 3536 3519 3608">
     <span class='ocr_line' id='line_1_79' title="bbox 1940 3536 3519 3608; baseline -0.006 -8"><span class='ocrx_word' id='word_1_588' title='bbox 1940 3544 2118 3608; x_wconf 85' lang='lat' dir='ltr'><strong>ciunt,</strong></span> <span class='ocrx_word' id='word_1_589' title='bbox 2147 3542 2306 3598; x_wconf 84' lang='lat' dir='ltr'><strong>Patre</strong></span> <span class='ocrx_word' id='word_1_590' title='bbox 2361 3542 2631 3597; x_wconf 87' lang='lat' dir='ltr'><strong>minorem</strong></span> <span class='ocrx_word' id='word_1_591' title='bbox 2679 3552 2801 3607; x_wconf 80' lang='lat' dir='ltr'><strong>esse</strong></span> <span class='ocrx_word' id='word_1_592' title='bbox 2864 3536 3220 3600; x_wconf 83' lang='lat' dir='ltr'><strong>alIirmautes,</strong></span> <span class='ocrx_word' id='word_1_593' title='bbox 3274 3542 3438 3603; x_wconf 87' lang='lat' dir='ltr'><strong>atque</strong></span> <span class='ocrx_word' id='word_1_594' title='bbox 3485 3548 3519 3591; x_wconf 66' lang='grc' dir='ltr'><strong>τι</strong></span> 
     </span>
    </p>
   </div>
   <div class='ocr_carea' id='block_1_80' title="bbox 1938 3625 3519 3700">
    <p class='ocr_par' dir='ltr' id='par_1_80' title="bbox 1938 3625 3519 3700">
     <span class='ocr_line' id='line_1_80' title="bbox 1938 3625 3519 3700; baseline -0.006 -10"><span class='ocrx_word' id='word_1_595' title='bbox 1938 3635 2119 3692; x_wconf 87' lang='lat' dir='ltr'><strong>Patris</strong></span> <span class='ocrx_word' id='word_1_596' title='bbox 2169 3642 2365 3689; x_wconf 80' lang='lat' dir='ltr'><strong>natura</strong></span> <span class='ocrx_word' id='word_1_597' title='bbox 2426 3638 2769 3700; x_wconf 82' lang='lat' dir='ltr'><strong>separantes.</strong></span> <span class='ocrx_word' id='word_1_598' title='bbox 2830 3627 2981 3682; x_wconf 88' lang='lat' dir='ltr'><strong>Utris</strong></span> <span class='ocrx_word' id='word_1_599' title='bbox 3061 3627 3229 3695; x_wconf 84' lang='lat' dir='ltr'><strong>igitur</strong></span> <span class='ocrx_word' id='word_1_600' title='bbox 3296 3625 3519 3695; x_wconf 77' lang='lat' dir='ltr'><strong>gravius</strong></span> 
     </span>
    </p>
   </div>
   <div class='ocr_carea' id='block_1_81' title="bbox 1942 3716 3518 3786">
    <p class='ocr_par' dir='ltr' id='par_1_81' title="bbox 1942 3716 3518 3786">
     <span class='ocr_line' id='line_1_81' title="bbox 1942 3716 3518 3786; baseline -0.008 -4"><span class='ocrx_word' id='word_1_601' title='bbox 1942 3728 2213 3782; x_wconf 73' lang='lat' dir='ltr'><strong>irascetur</strong></span> <span class='ocrx_word' id='word_1_602' title='bbox 2261 3723 2373 3786; x_wconf 78' lang='lat' dir='ltr'><strong>ilic,</strong></span> <span class='ocrx_word' id='word_1_603' title='bbox 2401 3722 2490 3777; x_wconf 83' lang='lat' dir='ltr'><strong>cui</strong></span> <span class='ocrx_word' id='word_1_604' title='bbox 2553 3722 2623 3776; x_wconf 86' lang='lat' dir='ltr'><strong>ab</strong></span> <span class='ocrx_word' id='word_1_605' title='bbox 2674 3721 2743 3775; x_wconf 84' lang='lat' dir='ltr'><strong>iis</strong></span> <span class='ocrx_word' id='word_1_606' title='bbox 2802 3718 3137 3774; x_wconf 76' lang='lat' dir='ltr'><strong>contumelia</strong></span> <span class='ocrx_word' id='word_1_607' title='bbox 3175 3716 3425 3779; x_wconf 78' lang='lat' dir='ltr'><strong>infertur,</strong></span> <span class='ocrx_word' id='word_1_608' title='bbox 3459 3724 3518 3769; x_wconf 78' lang='lat' dir='ltr'><strong>ul</strong></span> 
     </span>
    </p>
   </div>
   <div class='ocr_carea' id='block_1_82' title="bbox 1942 3805 3517 3887">
    <p class='ocr_par' dir='ltr' id='par_1_82' title="bbox 1942 3805 3517 3887">
     <span class='ocr_line' id='line_1_82' title="bbox 1942 3805 3517 3887; baseline -0.009 -16"><span class='ocrx_word' id='word_1_609' title='bbox 1942 3817 2162 3887; x_wconf 76' lang='lat' dir='ltr'><strong>gravius</strong></span> <span class='ocrx_word' id='word_1_610' title='bbox 2196 3812 2593 3882; x_wconf 78' lang='lat' dir='ltr'><strong>peccantibus?</strong></span> <span class='ocrx_word' id='word_1_611' title='bbox 2620 3810 2711 3865; x_wconf 84' lang='lat' dir='ltr'><strong>Vel</strong></span> <span class='ocrx_word' id='word_1_612' title='bbox 2751 3809 2952 3879; x_wconf 88' lang='lat' dir='ltr'><strong>potius,</strong></span> <span class='ocrx_word' id='word_1_613' title='bbox 2988 3808 3126 3862; x_wconf 87' lang='lat' dir='ltr'><strong>utris</strong></span> <span class='ocrx_word' id='word_1_614' title='bbox 3159 3806 3279 3875; x_wconf 88' lang='lat' dir='ltr'><strong>plus</strong></span> <span class='ocrx_word' id='word_1_615' title='bbox 3309 3805 3517 3859; x_wconf 76' lang='lat' dir='ltr'><strong>COﬂtiO-</strong></span> 
     </span>
    </p>
   </div>
   <div class='ocr_carea' id='block_1_83' title="bbox 1944 3895 3521 3962">
    <p class='ocr_par' dir='ltr' id='par_1_83' title="bbox 1944 3895 3521 3962">
     <span class='ocr_line' id='line_1_83' title="bbox 1944 3895 3521 3962; baseline -0.006 -1"><span class='ocrx_word' id='word_1_616' title='bbox 1944 3905 2133 3962; x_wconf 81' lang='lat' dir='ltr'><strong>nabit?</strong></span> <span class='ocrx_word' id='word_1_617' title='bbox 2178 3903 2315 3958; x_wconf 84' lang='lat' dir='ltr'><strong>Nam</strong></span> <span class='ocrx_word' id='word_1_618' title='bbox 2365 3916 2493 3957; x_wconf 86' lang='lat' dir='ltr'><strong>cum</strong></span> <span class='ocrx_word' id='word_1_619' title='bbox 2543 3903 2634 3958; x_wconf 88' lang='lat' dir='ltr'><strong>alii</strong></span> <span class='ocrx_word' id='word_1_620' title='bbox 2669 3901 3009 3956; x_wconf 81' lang='lat' dir='ltr'><strong>divinitatem</strong></span> <span class='ocrx_word' id='word_1_621' title='bbox 3041 3899 3389 3961; x_wconf 81' lang='lat' dir='ltr'><strong>contrahant,</strong></span> <span class='ocrx_word' id='word_1_622' title='bbox 3424 3895 3521 3951; x_wconf 85' lang='lat' dir='ltr'><strong>alii</strong></span> 
     </span>
    </p>
   </div>
   <div class='ocr_carea' id='block_1_84' title="bbox 1942 3989 3518 4063">
    <p class='ocr_par' dir='ltr' id='par_1_84' title="bbox 1942 3989 3518 4063">
     <span class='ocr_line' id='line_1_84' title="bbox 1942 3989 3518 4063; baseline -0.01 -9"><span class='ocrx_word' id='word_1_623' title='bbox 1942 3996 2187 4054; x_wconf 79' lang='lat' dir='ltr'><strong>eamdem</strong></span> <span class='ocrx_word' id='word_1_624' title='bbox 2247 3994 2501 4049; x_wconf 84' lang='lat' dir='ltr'><strong>scindant</strong></span> <span class='ocrx_word' id='word_1_625' title='bbox 2556 3992 2717 4063; x_wconf 71' lang='lat' dir='ltr'><strong>(qum</strong></span> <span class='ocrx_word' id='word_1_626' title='bbox 2771 3990 3055 4059; x_wconf 84' lang='lat' dir='ltr'><strong>opiniones</strong></span> <span class='ocrx_word' id='word_1_627' title='bbox 3098 3989 3238 4041; x_wconf 77' lang='lat' dir='ltr'><strong>inter</strong></span> <span class='ocrx_word' id='word_1_628' title='bbox 3278 4002 3337 4040; x_wconf 85' lang='lat' dir='ltr'><strong>se</strong></span> <span class='ocrx_word' id='word_1_629' title='bbox 3386 4000 3518 4040; x_wconf 89' lang='lat' dir='ltr'><strong>con-</strong></span> 
     </span>
    </p>
   </div>
   <div class='ocr_carea' id='block_1_85' title="bbox 1945 4082 3521 4157">
    <p class='ocr_par' dir='ltr' id='par_1_85' title="bbox 1945 4082 3521 4157">
     <span class='ocr_line' id='line_1_85' title="bbox 1945 4082 3521 4157; baseline -0.008 -13"><span class='ocrx_word' id='word_1_630' title='bbox 1945 4089 2123 4144; x_wconf 80' lang='lat' dir='ltr'><strong>traria:</strong></span> <span class='ocrx_word' id='word_1_631' title='bbox 2151 4086 2298 4157; x_wconf 87' lang='lat' dir='ltr'><strong>sunt)</strong></span> <span class='ocrx_word' id='word_1_632' title='bbox 2324 4086 2491 4139; x_wconf 84' lang='lat' dir='ltr'><strong>videri</strong></span> <span class='ocrx_word' id='word_1_633' title='bbox 2517 4084 2750 4138; x_wconf 80' lang='lat' dir='ltr'><strong>fortasse</strong></span> <span class='ocrx_word' id='word_1_634' title='bbox 2785 4084 3065 4137; x_wconf 79' lang='lat' dir='ltr'><strong>uotmuliis</strong></span> <span class='ocrx_word' id='word_1_635' title='bbox 3087 4092 3288 4151; x_wconf 78' lang='lat' dir='ltr'><strong>posset,</strong></span> <span class='ocrx_word' id='word_1_636' title='bbox 3313 4082 3521 4134; x_wconf 74' lang='lat' dir='ltr'><strong>alteros</strong></span> 
     </span>
    </p>
   </div>
   <div class='ocr_carea' id='block_1_86' title="bbox 1941 4171 3519 4249">
    <p class='ocr_par' dir='ltr' id='par_1_86' title="bbox 1941 4171 3519 4249">
     <span class='ocr_line' id='line_1_86' title="bbox 1941 4171 3519 4249; baseline -0.008 -13"><span class='ocrx_word' id='word_1_637' title='bbox 1941 4187 2153 4238; x_wconf 80' lang='lat' dir='ltr'><strong>tantum</strong></span> <span class='ocrx_word' id='word_1_638' title='bbox 2203 4188 2450 4249; x_wconf 86' lang='lat' dir='ltr'><strong>peccare,</strong></span> <span class='ocrx_word' id='word_1_639' title='bbox 2508 4186 2671 4246; x_wconf 86' lang='lat' dir='ltr'><strong>atque</strong></span> <span class='ocrx_word' id='word_1_640' title='bbox 2712 4176 2791 4228; x_wconf 84' lang='lat' dir='ltr'><strong>ira</strong></span> <span class='ocrx_word' id='word_1_641' title='bbox 2835 4175 3027 4244; x_wconf 76' lang='lat' dir='ltr'><strong>dignos</strong></span> <span class='ocrx_word' id='word_1_642' title='bbox 3081 4189 3200 4227; x_wconf 83' lang='lat' dir='ltr'><strong>csse</strong></span> <span class='ocrx_word' id='word_1_643' title='bbox 3250 4190 3265 4225; x_wconf 89' lang='lat'><strong>:</strong></span> <span class='ocrx_word' id='word_1_644' title='bbox 3318 4171 3519 4224; x_wconf 85' lang='lat' dir='ltr'><strong>alteros</strong></span> 
     </span>
    </p>
   </div>
   <div class='ocr_carea' id='block_1_87' title="bbox 1944 4264 3519 4337">
    <p class='ocr_par' dir='ltr' id='par_1_87' title="bbox 1944 4264 3519 4337">
     <span class='ocr_line' id='line_1_87' title="bbox 1944 4264 3519 4337; baseline -0.008 -8"><span class='ocrx_word' id='word_1_645' title='bbox 1944 4284 2128 4329; x_wconf 81' lang='lat' dir='ltr'><strong>autem</strong></span> <span class='ocrx_word' id='word_1_646' title='bbox 2177 4270 2331 4327; x_wconf 90' lang='lat' dir='ltr'><strong>nullo</strong></span> <span class='ocrx_word' id='word_1_647' title='bbox 2378 4268 2543 4324; x_wconf 90' lang='lat' dir='ltr'><strong>modo</strong></span> <span class='ocrx_word' id='word_1_648' title='bbox 2590 4283 2795 4332; x_wconf 86' lang='lat' dir='ltr'><strong>errare,</strong></span> <span class='ocrx_word' id='word_1_649' title='bbox 2839 4277 3236 4337; x_wconf 26' lang='lat' dir='ltr'><strong>acipmpterca</strong></span> <span class='ocrx_word' id='word_1_650' title='bbox 3269 4264 3519 4332; x_wconf 82' lang='lat' dir='ltr'><strong>indignos</strong></span> 
     </span>
    </p>
   </div>
   <div class='ocr_carea' id='block_1_88' title="bbox 1941 4355 3516 4437">
    <p class='ocr_par' dir='ltr' id='par_1_88' title="bbox 1941 4355 3516 4437">
     <span class='ocr_line' id='line_1_88' title="bbox 1941 4355 3516 4437; baseline -0.013 -13"><span class='ocrx_word' id='word_1_651' title='bbox 1941 4382 2086 4432; x_wconf 86' lang='lat' dir='ltr'><strong>esse,</strong></span> <span class='ocrx_word' id='word_1_652' title='bbox 2112 4365 2312 4437; x_wconf 83' lang='lat' dir='ltr'><strong>quibus</strong></span> <span class='ocrx_word' id='word_1_653' title='bbox 2336 4363 2665 4417; x_wconf 83' lang='lat' dir='ltr'><strong>irasceretur</strong></span> <span class='ocrx_word' id='word_1_654' title='bbox 2697 4360 2984 4423; x_wconf 89' lang='lat' dir='ltr'><strong>Dominus,</strong></span> <span class='ocrx_word' id='word_1_655' title='bbox 3032 4373 3097 4411; x_wconf 91' lang='lat' dir='ltr'><strong>ac</strong></span> <span class='ocrx_word' id='word_1_656' title='bbox 3145 4370 3333 4425; x_wconf 83' lang='lat' dir='ltr'><strong>poenas</strong></span> <span class='ocrx_word' id='word_1_657' title='bbox 3374 4355 3516 4406; x_wconf 86' lang='lat' dir='ltr'><strong>irro-</strong></span> 
     </span>
    </p>
   </div>
   <div class='ocr_carea' id='block_1_89' title="bbox 1943 4442 3515 4528">
    <p class='ocr_par' dir='ltr' id='par_1_89' title="bbox 1943 4442 3515 4528">
     <span class='ocr_line' id='line_1_89' title="bbox 1943 4442 3515 4528; baseline -0.011 -16"><span class='ocrx_word' id='word_1_658' title='bbox 1943 4464 2115 4528; x_wconf 69' lang='lat' dir='ltr'><strong>garet.</strong></span> <span class='ocrx_word' id='word_1_659' title='bbox 2154 4454 2348 4509; x_wconf 82' lang='lat' dir='ltr'><strong>Verum</strong></span> <span class='ocrx_word' id='word_1_660' title='bbox 2382 4454 2541 4507; x_wconf 87' lang='lat' dir='ltr'><strong>aliter</strong></span> <span class='ocrx_word' id='word_1_661' title='bbox 2582 4467 2643 4506; x_wconf 83' lang='lat' dir='ltr'><strong>se</strong></span> <span class='ocrx_word' id='word_1_662' title='bbox 2682 4466 2771 4504; x_wconf 82' lang='lat' dir='ltr'><strong>res</strong></span> <span class='ocrx_word' id='word_1_663' title='bbox 2821 4450 3005 4503; x_wconf 86' lang='lat' dir='ltr'><strong>habet.</strong></span> <span class='ocrx_word' id='word_1_664' title='bbox 3036 4445 3237 4499; x_wconf 84' lang='lat' dir='ltr'><strong>Malum</strong></span> <span class='ocrx_word' id='word_1_665' title='bbox 3286 4442 3428 4496; x_wconf 66' lang='lat' dir='ltr'><strong>enitr.</strong></span> <span class='ocrx_word' id='word_1_666' title='bbox 3460 4442 3515 4496; x_wconf 87' lang='lat' dir='ltr'><strong>in</strong></span> 
     </span>
    </p>
   </div>
   <div class='ocr_carea' id='block_1_90' title="bbox 265 4534 3517 4619">
    <p class='ocr_par' dir='ltr' id='par_1_90' title="bbox 265 4534 3517 4619">
     <span class='ocr_line' id='line_1_90' title="bbox 265 4534 3517 4619; baseline -0.001 -34"><span class='ocrx_word' id='word_1_667' title='bbox 265 4540 320 4585; x_wconf 86' lang='lat' dir='ltr'><strong>et</strong></span> <span class='ocrx_word' id='word_1_668' title='bbox 359 4546 389 4586; x_wconf 91' lang='lat' dir='ltr'><strong>a</strong></span> <span class='ocrx_word' id='word_1_669' title='bbox 430 4534 663 4587; x_wconf 82' lang='lat' dir='ltr'><strong>mortuis</strong></span> <span class='ocrx_word' id='word_1_670' title='bbox 707 4536 1003 4599; x_wconf 80' lang='lat' dir='ltr'><strong>revoca-vit,</strong></span> <span class='ocrx_word' id='word_1_671' title='bbox 1052 4550 1117 4591; x_wconf 88' lang='lat' dir='ltr'><strong>ac</strong></span> <span class='ocrx_word' id='word_1_672' title='bbox 1144 4538 1389 4607; x_wconf 79' lang='lat' dir='ltr'><strong>suscepit</strong></span> <span class='ocrx_word' id='word_1_673' title='bbox 1419 4555 1434 4594; x_wconf 88' lang='lat'><strong>:</strong></span> <span class='ocrx_word' id='word_1_674' title='bbox 1461 4555 1588 4609; x_wconf 81' lang='lat' dir='ltr'><strong>quae</strong></span> <span class='ocrx_word' id='word_1_675' title='bbox 1614 4540 1841 4611; x_wconf 79' lang='lat' dir='ltr'><strong>quidem</strong></span> <span class='ocrx_word' id='word_1_676' title='bbox 1868 4550 1917 4611; x_wconf 77' lang='grc' dir='ltr'><strong>ι)</strong></span> <span class='ocrx_word' id='word_1_677' title='bbox 1946 4551 2195 4619; x_wconf 70' lang='lat' dir='ltr'><strong>utrisque</strong></span> <span class='ocrx_word' id='word_1_678' title='bbox 2223 4546 2437 4616; x_wconf 66' lang='lat' dir='ltr'><strong>aequale</strong></span> <span class='ocrx_word' id='word_1_679' title='bbox 2464 4554 2568 4609; x_wconf 86' lang='lat' dir='ltr'><strong>est,</strong></span> <span class='ocrx_word' id='word_1_680' title='bbox 2616 4540 2835 4599; x_wconf 82' lang='lat' dir='ltr'><strong>tametsi</strong></span> <span class='ocrx_word' id='word_1_681' title='bbox 2879 4542 2935 4595; x_wconf 88' lang='lat' dir='ltr'><strong>in</strong></span> <span class='ocrx_word' id='word_1_682' title='bbox 2979 4537 3272 4594; x_wconf 85' lang='lat' dir='ltr'><strong>contrariis</strong></span> <span class='ocrx_word' id='word_1_683' title='bbox 3303 4544 3517 4590; x_wconf 52' lang='lat' dir='ltr'><strong>Senten-z</strong></span> 
     </span>
    </p>
   </div>
   <div class='ocr_carea' id='block_1_91' title="bbox 269 4625 1837 4697">
    <p class='ocr_par' dir='ltr' id='par_1_91' title="bbox 269 4625 1837 4697">
     <span class='ocr_line' id='line_1_91' title="bbox 269 4625 1837 4697; baseline 0.006 -18"><span class='ocrx_word' id='word_1_684' title='bbox 269 4625 584 4694; x_wconf 67' lang='lat' dir='ltr'><strong>beneplaciti</strong></span> <span class='ocrx_word' id='word_1_685' title='bbox 612 4626 728 4681; x_wconf 84' lang='lat' dir='ltr'><strong>sive</strong></span> <span class='ocrx_word' id='word_1_686' title='bbox 753 4627 1106 4683; x_wconf 73' lang='lat' dir='ltr'><strong>humanitatis</strong></span> <span class='ocrx_word' id='word_1_687' title='bbox 1129 4629 1585 4697; x_wconf 79' lang='lat' dir='ltr'><strong>signiﬁcationem</strong></span> <span class='ocrx_word' id='word_1_688' title='bbox 1615 4633 1837 4687; x_wconf 86' lang='lat' dir='ltr'><strong>habent.</strong></span> 
     </span>
    </p>
   </div>
   <div class='ocr_carea' id='block_1_92' title="bbox 1939 4628 3517 4711">
    <p class='ocr_par' dir='ltr' id='par_1_92' title="bbox 1939 4628 3517 4711">
     <span class='ocr_line' id='line_1_92' title="bbox 1939 4628 3517 4711; baseline -0.013 -13"><span class='ocrx_word' id='word_1_689' title='bbox 1939 4642 2032 4698; x_wconf 89' lang='lat' dir='ltr'><strong>tiis</strong></span> <span class='ocrx_word' id='word_1_690' title='bbox 2085 4639 2410 4711; x_wconf 79' lang='lat' dir='ltr'><strong>reperiatur.</strong></span> <span class='ocrx_word' id='word_1_691' title='bbox 2465 4636 2605 4691; x_wconf 77' lang='lat' dir='ltr'><strong>Male</strong></span> <span class='ocrx_word' id='word_1_692' title='bbox 2638 4634 2842 4704; x_wconf 84' lang='lat' dir='ltr'><strong>quippe</strong></span> <span class='ocrx_word' id='word_1_693' title='bbox 2889 4641 2943 4687; x_wconf 80' lang='lat' dir='ltr'><strong>et</strong></span> <span class='ocrx_word' id='word_1_694' title='bbox 2975 4628 3267 4685; x_wconf 89' lang='lat' dir='ltr'><strong>Sabelliaui</strong></span> <span class='ocrx_word' id='word_1_695' title='bbox 3300 4634 3517 4681; x_wconf 87' lang='lat' dir='ltr'><strong>contra-</strong></span> 
     </span>
    </p>
   </div>
   <div class='ocr_carea' id='block_1_93' title="bbox 263 4716 3519 4800">
    <p class='ocr_par' dir='ltr' id='par_1_93' title="bbox 263 4716 3519 4800">
     <span class='ocr_line' id='line_1_93' title="bbox 263 4716 3519 4800; baseline 0.003 -32"><span class='ocrx_word' id='word_1_696' title='bbox 263 4716 428 4785; x_wconf 80' lang='lat' dir='ltr'><strong>Atqui</strong></span> <span class='ocrx_word' id='word_1_697' title='bbox 483 4716 646 4771; x_wconf 89' lang='lat' dir='ltr'><strong>etiam</strong></span> <span class='ocrx_word' id='word_1_698' title='bbox 699 4719 1002 4787; x_wconf 81' lang='lat' dir='ltr'><strong>reperimus</strong></span> <span class='ocrx_word' id='word_1_699' title='bbox 1073 4721 1252 4788; x_wconf 85' lang='lat' dir='ltr'><strong>ipsum</strong></span> <span class='ocrx_word' id='word_1_700' title='bbox 1313 4730 1545 4791; x_wconf 75' lang='lat' dir='ltr'><strong>quoque</strong></span> <span class='ocrx_word' id='word_1_701' title='bbox 1592 4724 1835 4793; x_wconf 81' lang='lat' dir='ltr'><strong>seipsum</strong></span> <span class='ocrx_word' id='word_1_702' title='bbox 1936 4735 2088 4800; x_wconf 78' lang='grc' dir='ltr'><strong>ιιυηι,</strong></span> <span class='ocrx_word' id='word_1_703' title='bbox 2117 4741 2173 4789; x_wconf 71' lang='lat' dir='ltr'><strong>et</strong></span> <span class='ocrx_word' id='word_1_704' title='bbox 2214 4732 2401 4787; x_wconf 72' lang='lat' dir='ltr'><strong>Ariani</strong></span> <span class='ocrx_word' id='word_1_705' title='bbox 2454 4729 2799 4799; x_wconf 61' lang='lat' dir='ltr'><strong>disiungunt.</strong></span> <span class='ocrx_word' id='word_1_706' title='bbox 2843 4724 2980 4779; x_wconf 84' lang='lat' dir='ltr'><strong>Nam</strong></span> <span class='ocrx_word' id='word_1_707' title='bbox 3026 4730 3084 4778; x_wconf 84' lang='lat' dir='ltr'><strong>et</strong></span> <span class='ocrx_word' id='word_1_708' title='bbox 3126 4721 3248 4776; x_wconf 81' lang='lat' dir='ltr'><strong>illos</strong></span> <span class='ocrx_word' id='word_1_709' title='bbox 3282 4732 3519 4773; x_wconf 69' lang='lat' dir='ltr'><strong>numero</strong></span> 
     </span>
    </p>
   </div>
   <div class='ocr_carea' id='block_1_94' title="bbox 266 4807 3519 4887">
    <p class='ocr_par' dir='ltr' id='par_1_94' title="bbox 266 4807 3519 4887">
     <span class='ocr_line' id='line_1_94' title="bbox 266 4807 3519 4887; baseline 0.002 -25"><span class='ocrx_word' id='word_1_710' title='bbox 266 4808 574 4872; x_wconf 76' lang='lat' dir='ltr'><strong>tradidisse,</strong></span> <span class='ocrx_word' id='word_1_711' title='bbox 626 4820 680 4863; x_wconf 91' lang='lat' dir='ltr'><strong>et</strong></span> <span class='ocrx_word' id='word_1_712' title='bbox 707 4826 737 4863; x_wconf 86' lang='lat' dir='ltr'><strong>a</strong></span> <span class='ocrx_word' id='word_1_713' title='bbox 769 4811 998 4864; x_wconf 89' lang='lat' dir='ltr'><strong>mortuis</strong></span> <span class='ocrx_word' id='word_1_714' title='bbox 1041 4812 1310 4866; x_wconf 70' lang='lat' dir='ltr'><strong>excitasse</strong></span> <span class='ocrx_word' id='word_1_715' title='bbox 1342 4822 1505 4880; x_wconf 86' lang='lat' dir='ltr'><strong>atque</strong></span> <span class='ocrx_word' id='word_1_716' title='bbox 1547 4814 1603 4868; x_wconf 89' lang='lat' dir='ltr'><strong>in</strong></span> <span class='ocrx_word' id='word_1_717' title='bbox 1636 4816 1836 4870; x_wconf 75' lang='lat' dir='ltr'><strong>omium</strong></span> <span class='ocrx_word' id='word_1_718' title='bbox 1939 4821 2205 4887; x_wconf 76' lang='lat' dir='ltr'><strong>dividere,</strong></span> <span class='ocrx_word' id='word_1_719' title='bbox 2238 4835 2304 4875; x_wconf 85' lang='lat' dir='ltr'><strong>ac</strong></span> <span class='ocrx_word' id='word_1_720' title='bbox 2354 4824 2467 4872; x_wconf 88' lang='lat' dir='ltr'><strong>tres</strong></span> <span class='ocrx_word' id='word_1_721' title='bbox 2519 4829 2783 4887; x_wconf 87' lang='lat' dir='ltr'><strong>personas</strong></span> <span class='ocrx_word' id='word_1_722' title='bbox 2837 4820 3077 4868; x_wconf 83' lang='lat' dir='ltr'><strong>statuere</strong></span> <span class='ocrx_word' id='word_1_723' title='bbox 3130 4807 3435 4877; x_wconf 67' lang='lat' dir='ltr'><strong>oportebat.</strong></span> <span class='ocrx_word' id='word_1_724' title='bbox 3466 4812 3519 4858; x_wconf 69' lang='lat' dir='ltr'><strong>Pl</strong></span> 
     </span>
    </p>
   </div>
   <div class='ocr_carea' id='block_1_95' title="bbox 264 4901 3516 4976">
    <p class='ocr_par' dir='ltr' id='par_1_95' title="bbox 264 4901 3516 4976">
     <span class='ocr_line' id='line_1_95' title="bbox 264 4901 3516 4976; baseline -0.002 -20"><span class='ocrx_word' id='word_1_725' title='bbox 264 4901 593 4957; x_wconf 76' lang='lat' dir='ltr'><strong>ascendisse.</strong></span> <span class='ocrx_word' id='word_1_726' title='bbox 653 4901 864 4968; x_wconf 84' lang='lat' dir='ltr'><strong>Quibus</strong></span> <span class='ocrx_word' id='word_1_727' title='bbox 914 4903 1094 4958; x_wconf 85' lang='lat' dir='ltr'><strong>verbis</strong></span> <span class='ocrx_word' id='word_1_728' title='bbox 1141 4904 1322 4958; x_wconf 90' lang='lat' dir='ltr'><strong>divina</strong></span> <span class='ocrx_word' id='word_1_729' title='bbox 1372 4905 1545 4975; x_wconf 88' lang='lat' dir='ltr'><strong>ipsius</strong></span> <span class='ocrx_word' id='word_1_730' title='bbox 1594 4909 1843 4976; x_wconf 83' lang='lat' dir='ltr'><strong>petentia</strong></span> <span class='ocrx_word' id='word_1_731' title='bbox 1937 4913 2170 4968; x_wconf 75' lang='lat' dir='ltr'><strong>Arianes</strong></span> <span class='ocrx_word' id='word_1_732' title='bbox 2254 4910 2554 4965; x_wconf 84' lang='lat' dir='ltr'><strong>divinitatis</strong></span> <span class='ocrx_word' id='word_1_733' title='bbox 2623 4907 2837 4961; x_wconf 89' lang='lat' dir='ltr'><strong>ratione</strong></span> <span class='ocrx_word' id='word_1_734' title='bbox 2900 4911 3246 4964; x_wconf 88' lang='lat' dir='ltr'><strong>connectere,</strong></span> <span class='ocrx_word' id='word_1_735' title='bbox 3322 4913 3516 4953; x_wconf 87' lang='lat' dir='ltr'><strong>unam-</strong></span> 
     </span>
    </p>
   </div>
   <div class='ocr_carea' id='block_1_96' title="bbox 265 4994 1837 5067">
    <p class='ocr_par' dir='ltr' id='par_1_96' title="bbox 265 4994 1837 5067">
     <span class='ocr_line' id='line_1_96' title="bbox 265 4994 1837 5067; baseline 0.004 -18"><span class='ocrx_word' id='word_1_736' title='bbox 265 4994 597 5049; x_wconf 81' lang='lat' dir='ltr'><strong>declaratur.</strong></span> <span class='ocrx_word' id='word_1_737' title='bbox 636 4996 837 5048; x_wconf 84' lang='lat' dir='ltr'><strong>Verum</strong></span> <span class='ocrx_word' id='word_1_738' title='bbox 886 4997 1174 5050; x_wconf 77' lang='lat' dir='ltr'><strong>luereticus</strong></span> <span class='ocrx_word' id='word_1_739' title='bbox 1238 4997 1472 5052; x_wconf 87' lang='lat' dir='ltr'><strong>humiles</strong></span> <span class='ocrx_word' id='word_1_740' title='bbox 1522 5000 1741 5067; x_wconf 82' lang='lat' dir='ltr'><strong>quidem</strong></span> <span class='ocrx_word' id='word_1_741' title='bbox 1770 5000 1837 5055; x_wconf 90' lang='lat' dir='ltr'><strong>de</strong></span> 
     </span>
    </p>
   </div>
   <div class='ocr_carea' id='block_1_97' title="bbox 264 5087 1835 5157">
    <p class='ocr_par' dir='ltr' id='par_1_97' title="bbox 264 5087 1835 5157">
     <span class='ocr_line' id='line_1_97' title="bbox 264 5087 1835 5157; baseline 0.003 -16"><span class='ocrx_word' id='word_1_742' title='bbox 264 5087 486 5141; x_wconf 82' lang='lat' dir='ltr'><strong>Christo</strong></span> <span class='ocrx_word' id='word_1_743' title='bbox 512 5101 677 5141; x_wconf 82' lang='lat' dir='ltr'><strong>voces</strong></span> <span class='ocrx_word' id='word_1_744' title='bbox 707 5094 875 5157; x_wconf 81' lang='lat' dir='ltr'><strong>atque</strong></span> <span class='ocrx_word' id='word_1_745' title='bbox 918 5088 1241 5142; x_wconf 83' lang='lat' dir='ltr'><strong>humanitati</strong></span> <span class='ocrx_word' id='word_1_746' title='bbox 1291 5089 1393 5143; x_wconf 89' lang='lat' dir='ltr'><strong>soli</strong></span> <span class='ocrx_word' id='word_1_747' title='bbox 1446 5091 1835 5146; x_wconf 80' lang='lat' dir='ltr'><strong>convenientes</strong></span> 
     </span>
    </p>
   </div>
   <div class='ocr_carea' id='block_1_98' title="bbox 268 5177 1840 5249">
    <p class='ocr_par' dir='ltr' id='par_1_98' title="bbox 268 5177 1840 5249">
     <span class='ocr_line' id='line_1_98' title="bbox 268 5177 1840 5249; baseline 0.003 -18"><span class='ocrx_word' id='word_1_748' title='bbox 268 5178 448 5247; x_wconf 89' lang='lat' dir='ltr'><strong>inepte</strong></span> <span class='ocrx_word' id='word_1_749' title='bbox 495 5177 721 5247; x_wconf 79' lang='lat' dir='ltr'><strong>prel‘ert,</strong></span> <span class='ocrx_word' id='word_1_750' title='bbox 790 5194 853 5233; x_wconf 87' lang='lat' dir='ltr'><strong>ac</strong></span> <span class='ocrx_word' id='word_1_751' title='bbox 908 5190 1125 5234; x_wconf 82' lang='lat' dir='ltr'><strong>sursum</strong></span> <span class='ocrx_word' id='word_1_752' title='bbox 1182 5179 1546 5248; x_wconf 77' lang='lat' dir='ltr'><strong>deorsumque</strong></span> <span class='ocrx_word' id='word_1_753' title='bbox 1593 5180 1765 5249; x_wconf 76' lang='lat' dir='ltr'><strong>iactat</strong></span> <span class='ocrx_word' id='word_1_754' title='bbox 1824 5197 1840 5236; x_wconf 89' lang='lat'><strong>:</strong></span> 
     </span>
    </p>
   </div>
   <div class='ocr_carea' id='block_1_99' title="bbox 269 5270 1839 5341">
    <p class='ocr_par' dir='ltr' id='par_1_99' title="bbox 269 5270 1839 5341">
     <span class='ocr_line' id='line_1_99' title="bbox 269 5270 1839 5341; baseline 0.003 -18"><span class='ocrx_word' id='word_1_755' title='bbox 269 5270 540 5325; x_wconf 78' lang='lat' dir='ltr'><strong>sublimes</strong></span> <span class='ocrx_word' id='word_1_756' title='bbox 616 5279 795 5325; x_wconf 87' lang='lat' dir='ltr'><strong>autem</strong></span> <span class='ocrx_word' id='word_1_757' title='bbox 889 5271 1239 5339; x_wconf 75' lang='lat' dir='ltr'><strong>divinumque</strong></span> <span class='ocrx_word' id='word_1_758' title='bbox 1326 5271 1495 5341; x_wconf 85' lang='lat' dir='ltr'><strong>ipsius</strong></span> <span class='ocrx_word' id='word_1_759' title='bbox 1588 5280 1839 5327; x_wconf 86' lang='lat' dir='ltr'><strong>naturam</strong></span> 
     </span>
    </p>
   </div>
   <div class='ocr_carea' id='block_1_100' title="bbox 267 5358 1839 5432">
    <p class='ocr_par' dir='ltr' id='par_1_100' title="bbox 267 5358 1839 5432">
     <span class='ocr_line' id='line_1_100' title="bbox 267 5358 1839 5432; baseline 0.001 -17"><span class='ocrx_word' id='word_1_760' title='bbox 267 5358 636 5429; x_wconf 72' lang='lat' dir='ltr'><strong>exprimentes</strong></span> <span class='ocrx_word' id='word_1_761' title='bbox 691 5360 911 5416; x_wconf 87' lang='lat' dir='ltr'><strong>silentio</strong></span> <span class='ocrx_word' id='word_1_762' title='bbox 972 5362 1209 5430; x_wconf 59' lang='lat' dir='ltr'><strong>praeterit</strong></span> <span class='ocrx_word' id='word_1_763' title='bbox 1248 5377 1264 5415; x_wconf 93' lang='lat'><strong>:</strong></span> <span class='ocrx_word' id='word_1_764' title='bbox 1305 5372 1468 5432; x_wconf 88' lang='lat' dir='ltr'><strong>atquc</strong></span> <span class='ocrx_word' id='word_1_765' title='bbox 1524 5362 1656 5417; x_wconf 86' lang='lat' dir='ltr'><strong>illud</strong></span> <span class='ocrx_word' id='word_1_766' title='bbox 1713 5362 1839 5432; x_wconf 88' lang='lat' dir='ltr'><strong>qui-</strong></span> 
     </span>
    </p>
   </div>
   <div class='ocr_carea' id='block_1_101' title="bbox 266 5451 1837 5522">
    <p class='ocr_par' dir='ltr' id='par_1_101' title="bbox 266 5451 1837 5522">
     <span class='ocr_line' id='line_1_101' title="bbox 266 5451 1837 5522; baseline 0.002 -15"><span class='ocrx_word' id='word_1_767' title='bbox 266 5453 392 5507; x_wconf 79' lang='lat' dir='ltr'><strong>dem</strong></span> <span class='ocrx_word' id='word_1_768' title='bbox 440 5453 668 5519; x_wconf 83' lang='lat' dir='ltr'><strong>excutit,</strong></span> <span class='ocrx_word' id='word_1_769' title='bbox 709 5451 857 5522; x_wconf 88' lang='lat' dir='ltr'><strong>quod</strong></span> <span class='ocrx_word' id='word_1_770' title='bbox 909 5468 1103 5522; x_wconf 86' lang='lat' dir='ltr'><strong>passus</strong></span> <span class='ocrx_word' id='word_1_771' title='bbox 1153 5455 1246 5520; x_wconf 89' lang='lat' dir='ltr'><strong>sit,</strong></span> <span class='ocrx_word' id='word_1_772' title='bbox 1280 5467 1385 5509; x_wconf 84' lang='lat' dir='ltr'><strong>non</strong></span> <span class='ocrx_word' id='word_1_773' title='bbox 1430 5466 1611 5510; x_wconf 81' lang='lat' dir='ltr'><strong>tamen</strong></span> <span class='ocrx_word' id='word_1_774' title='bbox 1662 5457 1837 5522; x_wconf 90' lang='lat' dir='ltr'><strong>addit,</strong></span> 
     </span>
    </p>
   </div>
   <div class='ocr_carea' id='block_1_102' title="bbox 269 5544 1838 5615">
    <p class='ocr_par' dir='ltr' id='par_1_102' title="bbox 269 5544 1838 5615">
     <span class='ocr_line' id='line_1_102' title="bbox 269 5544 1838 5615; baseline 0.003 -16"><span class='ocrx_word' id='word_1_775' title='bbox 269 5544 418 5615; x_wconf 86' lang='lat' dir='ltr'><strong>quod</strong></span> <span class='ocrx_word' id='word_1_776' title='bbox 476 5558 671 5614; x_wconf 83' lang='lat' dir='ltr'><strong>passus</strong></span> <span class='ocrx_word' id='word_1_777' title='bbox 734 5544 806 5599; x_wconf 88' lang='lat' dir='ltr'><strong>sit</strong></span> <span class='ocrx_word' id='word_1_778' title='bbox 875 5545 1201 5599; x_wconf 88' lang='lat' dir='ltr'><strong>voluntarie.</strong></span> <span class='ocrx_word' id='word_1_779' title='bbox 1264 5547 1377 5615; x_wconf 81' lang='lat' dir='ltr'><strong>Age</strong></span> <span class='ocrx_word' id='word_1_780' title='bbox 1430 5562 1562 5602; x_wconf 86' lang='lat' dir='ltr'><strong>vero</strong></span> <span class='ocrx_word' id='word_1_781' title='bbox 1595 5549 1838 5603; x_wconf 72' lang='lat' dir='ltr'><strong>testimoo</strong></span> 
     </span>
    </p>
   </div>
   <div class='ocr_carea' id='block_1_103' title="bbox 1258 5655 1767 5717">
    <p class='ocr_par' dir='ltr' id='par_1_103' title="bbox 1258 5655 1767 5717">
     <span class='ocr_line' id='line_1_103' title="bbox 1258 5655 1767 5717; baseline 0.004 -8"><span class='ocrx_word' id='word_1_782' title='bbox 1258 5657 1309 5687; x_wconf 75' lang='lat'>“</span> <span class='ocrx_word' id='word_1_783' title='bbox 1338 5655 1496 5712; x_wconf 78' lang='lat' dir='ltr'><strong>Rom.</strong></span> <span class='ocrx_word' id='word_1_784' title='bbox 1533 5673 1649 5717; x_wconf 80' lang='grc' dir='ltr'>νιιι.</span> <span class='ocrx_word' id='word_1_785' title='bbox 1679 5656 1767 5713; x_wconf 76' lang='lat'><strong>’52.</strong></span> 
     </span>
    </p>
   </div>
   <div class='ocr_carea' id='block_1_104' title="bbox 373 5650 1329 5779">
    <p class='ocr_par' dir='ltr' id='par_1_104' title="bbox 373 5650 1329 5779">
     <span class='ocr_line' id='line_1_104' title="bbox 373 5650 1309 5722; baseline 0.004 -17"><span class='ocrx_word' id='word_1_786' title='bbox 373 5653 424 5686; x_wconf 75' lang='grc'><strong>’⁸</strong></span> <span class='ocrx_word' id='word_1_787' title='bbox 451 5650 610 5705; x_wconf 82' lang='lat' dir='ltr'><strong>Joau.</strong></span> <span class='ocrx_word' id='word_1_788' title='bbox 638 5666 714 5712; x_wconf 78' lang='lat' dir='ltr'><strong>vi.</strong></span> <span class='ocrx_word' id='word_1_789' title='bbox 756 5668 852 5708; x_wconf 78' lang='lat' dir='ltr'><strong>\‘ili</strong></span> <span class='ocrx_word' id='word_1_790' title='bbox 884 5655 1105 5722; x_wconf 88' lang='lat' dir='ltr'><strong>passim.</strong></span> <span class='ocrx_word' id='word_1_791' title='bbox 1258 5657 1309 5687; x_wconf 73' lang='lat'>&quot;</span> 
     </span>
     <span class='ocr_line' id='line_1_105' title="bbox 380 5721 1329 5779; baseline 0.002 -3"><span class='ocrx_word' id='word_1_792' title='bbox 380 5721 558 5777; x_wconf 87' lang='lat' dir='ltr'><strong>Galat.</strong></span> <span class='ocrx_word' id='word_1_793' title='bbox 608 5737 646 5779; x_wconf 85' lang='grc' dir='ltr'><strong>ι,</strong></span> <span class='ocrx_word' id='word_1_794' title='bbox 695 5723 748 5777; x_wconf 88' lang='lat' dir='ltr'><strong>l.</strong></span> <span class='ocrx_word' id='word_1_795' title='bbox 844 5724 890 5755; x_wconf 81' lang='lat'>“</span> <span class='ocrx_word' id='word_1_796' title='bbox 927 5722 1085 5778; x_wconf 82' lang='lat' dir='ltr'><strong>Jean.</strong></span> <span class='ocrx_word' id='word_1_797' title='bbox 1138 5740 1197 5779; x_wconf 76' lang='grc' dir='ltr'><strong>ιι.</strong></span> <span class='ocrx_word' id='word_1_798' title='bbox 1266 5725 1329 5779; x_wconf 86' lang='lat' dir='ltr'><strong>l9</strong></span> 
     </span>
    </p>
   </div>
   <div class='ocr_carea' id='block_1_105' title="bbox 960 5739 1350 5787">
    <p class='ocr_par' dir='ltr' id='par_1_105' title="bbox 960 5739 1350 5787">
     <span class='ocr_line' id='line_1_106' title="bbox 960 5739 1350 5787; baseline 0.003 -9"><span class='ocrx_word' id='word_1_799' title='bbox 960 5739 1085 5778; x_wconf 70' lang='grc' dir='ltr'><strong>οιιη.</strong></span> <span class='ocrx_word' id='word_1_800' title='bbox 1138 5740 1197 5787; x_wconf 79' lang='lat' dir='ltr'><strong>ll,</strong></span> <span class='ocrx_word' id='word_1_801' title='bbox 1266 5739 1350 5779; x_wconf 81' lang='lat' dir='ltr'><strong>I‘J.</strong></span> 
     </span>
    </p>
   </div>
   <div class='ocr_carea' id='block_1_106' title="bbox 269 5718 748 5783">
    <p class='ocr_par' dir='ltr' id='par_1_106' title="bbox 269 5718 748 5783">
     <span class='ocr_line' id='line_1_107' title="bbox 269 5718 748 5783; baseline 0.002 -7"><span class='ocrx_word' id='word_1_802' title='bbox 269 5718 314 5752; x_wconf 76' lang='lat'>&quot;</span> <span class='ocrx_word' id='word_1_803' title='bbox 380 5721 558 5777; x_wconf 84' lang='lat' dir='ltr'><strong>Galat.</strong></span> <span class='ocrx_word' id='word_1_804' title='bbox 608 5737 646 5783; x_wconf 91' lang='lat' dir='ltr'><strong>t,</strong></span> <span class='ocrx_word' id='word_1_805' title='bbox 695 5723 748 5777; x_wconf 86' lang='lat' dir='ltr'><strong>l.</strong></span> 
     </span>
    </p>
   </div>
   <div class='ocr_carea' id='block_1_107' title="bbox 273 5788 727 5855">
    <p class='ocr_par' dir='ltr' id='par_1_107' title="bbox 273 5788 727 5855">
     <span class='ocr_line' id='line_1_108' title="bbox 273 5788 727 5855; baseline -0.009 -7"><span class='ocrx_word' id='word_1_806' title='bbox 273 5788 490 5855; x_wconf 70' lang='lat' dir='ltr'><strong>&quot;Juno.</strong></span> <span class='ocrx_word' id='word_1_807' title='bbox 526 5806 605 5854; x_wconf 88' lang='lat' dir='ltr'><strong>ill,</strong></span> <span class='ocrx_word' id='word_1_808' title='bbox 646 5792 727 5846; x_wconf 76' lang='grc'><strong>15.</strong></span> 
     </span>
    </p>
   </div>
   <div class='ocr_carea' id='block_1_108' title="bbox 1464 5726 1900 5795">
    <p class='ocr_par' dir='ltr' id='par_1_108' title="bbox 1464 5726 1900 5795">
     <span class='ocr_line' id='line_1_109' title="bbox 1464 5726 1900 5795; baseline 0 -14"><span class='ocrx_word' id='word_1_809' title='bbox 1464 5728 1507 5759; x_wconf 83' lang='grc'><strong>³⁰</strong></span> <span class='ocrx_word' id='word_1_810' title='bbox 1538 5726 1690 5781; x_wconf 73' lang='lat' dir='ltr'><strong>Joan.</strong></span> <span class='ocrx_word' id='word_1_811' title='bbox 1732 5744 1784 5795; x_wconf 67' lang='grc' dir='ltr'><strong>ς,</strong></span> <span class='ocrx_word' id='word_1_812' title='bbox 1812 5727 1900 5783; x_wconf 78' lang='grc'><strong>18.</strong></span> 
     </span>
    </p>
   </div>
   <div class='ocr_carea' id='block_1_109' title="bbox 1945 4990 3520 5073">
    <p class='ocr_par' dir='ltr' id='par_1_109' title="bbox 1945 4990 3520 5073">
     <span class='ocr_line' id='line_1_110' title="bbox 1945 4990 3520 5073; baseline -0.011 -15"><span class='ocrx_word' id='word_1_813' title='bbox 1945 5019 2051 5073; x_wconf 88' lang='lat' dir='ltr'><strong>que</strong></span> <span class='ocrx_word' id='word_1_814' title='bbox 2108 5011 2319 5057; x_wconf 84' lang='lat' dir='ltr'><strong>tantum</strong></span> <span class='ocrx_word' id='word_1_815' title='bbox 2366 5012 2614 5057; x_wconf 88' lang='lat' dir='ltr'><strong>naturam</strong></span> <span class='ocrx_word' id='word_1_816' title='bbox 2659 5008 2907 5053; x_wconf 86' lang='lat' dir='ltr'><strong>astruere</strong></span> <span class='ocrx_word' id='word_1_817' title='bbox 2958 4995 3139 5049; x_wconf 88' lang='lat' dir='ltr'><strong>Patris</strong></span> <span class='ocrx_word' id='word_1_818' title='bbox 3188 5003 3242 5046; x_wconf 91' lang='lat' dir='ltr'><strong>ct</strong></span> <span class='ocrx_word' id='word_1_819' title='bbox 3295 4990 3417 5044; x_wconf 86' lang='lat' dir='ltr'><strong>Filii</strong></span> <span class='ocrx_word' id='word_1_820' title='bbox 3467 4999 3520 5041; x_wconf 86' lang='lat' dir='ltr'><strong>et</strong></span> 
     </span>
    </p>
   </div>
   <div class='ocr_carea' id='block_1_110' title="bbox 1946 5080 3516 5163">
    <p class='ocr_par' dir='ltr' id='par_1_110' title="bbox 1946 5080 3516 5163">
     <span class='ocr_line' id='line_1_111' title="bbox 1946 5080 3516 5163; baseline -0.01 -14"><span class='ocrx_word' id='word_1_821' title='bbox 1946 5095 2185 5163; x_wconf 87' lang='lat' dir='ltr'><strong>Spiritus</strong></span> <span class='ocrx_word' id='word_1_822' title='bbox 2239 5095 2435 5149; x_wconf 87' lang='lat' dir='ltr'><strong>sancti.</strong></span> <span class='ocrx_word' id='word_1_823' title='bbox 2493 5092 2785 5145; x_wconf 86' lang='lat' dir='ltr'><strong>Enimvero</strong></span> <span class='ocrx_word' id='word_1_824' title='bbox 2839 5089 2927 5143; x_wconf 87' lang='lat' dir='ltr'><strong>dic</strong></span> <span class='ocrx_word' id='word_1_825' title='bbox 2982 5088 3139 5149; x_wconf 89' lang='lat' dir='ltr'><strong>mihi,</strong></span> <span class='ocrx_word' id='word_1_826' title='bbox 3192 5095 3248 5138; x_wconf 91' lang='lat' dir='ltr'><strong>tu</strong></span> <span class='ocrx_word' id='word_1_827' title='bbox 3278 5084 3370 5152; x_wconf 87' lang='lat' dir='ltr'><strong>qui</strong></span> <span class='ocrx_word' id='word_1_828' title='bbox 3402 5080 3516 5134; x_wconf 81' lang='lat' dir='ltr'><strong>Arii</strong></span> 
     </span>
    </p>
   </div>
   <div class='ocr_carea' id='block_1_111' title="bbox 1948 5174 3513 5254">
    <p class='ocr_par' dir='ltr' id='par_1_111' title="bbox 1948 5174 3513 5254">
     <span class='ocr_line' id='line_1_112' title="bbox 1948 5174 3513 5254; baseline -0.012 -14"><span class='ocrx_word' id='word_1_829' title='bbox 1948 5187 2145 5254; x_wconf 80' lang='lat' dir='ltr'><strong>dogma</strong></span> <span class='ocrx_word' id='word_1_830' title='bbox 2179 5184 2473 5254; x_wconf 79' lang='lat' dir='ltr'><strong>profiteris,</strong></span> <span class='ocrx_word' id='word_1_831' title='bbox 2527 5181 2786 5249; x_wconf 83' lang='lat' dir='ltr'><strong>impiugis</strong></span> <span class='ocrx_word' id='word_1_832' title='bbox 2838 5179 2904 5235; x_wconf 89' lang='lat' dir='ltr'><strong>ad</strong></span> <span class='ocrx_word' id='word_1_833' title='bbox 2952 5175 3222 5232; x_wconf 82' lang='lat' dir='ltr'><strong>carnem?</strong></span> <span class='ocrx_word' id='word_1_834' title='bbox 3284 5174 3385 5226; x_wconf 86' lang='lat' dir='ltr'><strong>hoc</strong></span> <span class='ocrx_word' id='word_1_835' title='bbox 3412 5181 3513 5229; x_wconf 80' lang='lat' dir='ltr'><strong>est,</strong></span> 
     </span>
    </p>
   </div>
   <div class='ocr_carea' id='block_1_112' title="bbox 1945 5268 3519 5342">
    <p class='ocr_par' dir='ltr' id='par_1_112' title="bbox 1945 5268 3519 5342">
     <span class='ocr_line' id='line_1_113' title="bbox 1945 5268 3519 5342; baseline -0.011 -9"><span class='ocrx_word' id='word_1_836' title='bbox 1945 5277 2197 5342; x_wconf 82' lang='lat' dir='ltr'><strong>ell‘endis,</strong></span> <span class='ocrx_word' id='word_1_837' title='bbox 2256 5285 2311 5331; x_wconf 88' lang='lat' dir='ltr'><strong>et</strong></span> <span class='ocrx_word' id='word_1_838' title='bbox 2364 5273 2756 5329; x_wconf 87' lang='lat' dir='ltr'><strong>scandalizaris</strong></span> <span class='ocrx_word' id='word_1_839' title='bbox 2804 5272 2874 5327; x_wconf 87' lang='lat' dir='ltr'><strong>ob</strong></span> <span class='ocrx_word' id='word_1_840' title='bbox 2930 5268 3397 5325; x_wconf 86' lang='lat' dir='ltr'><strong>incarnationem,</strong></span> <span class='ocrx_word' id='word_1_841' title='bbox 3457 5277 3519 5315; x_wconf 79' lang='lat' dir='ltr'><strong>ac</strong></span> 
     </span>
    </p>
   </div>
   <div class='ocr_carea' id='block_1_113' title="bbox 1945 5350 3518 5438">
    <p class='ocr_par' dir='ltr' id='par_1_113' title="bbox 1945 5350 3518 5438">
     <span class='ocr_line' id='line_1_114' title="bbox 1945 5350 3518 5438; baseline -0.012 -15"><span class='ocrx_word' id='word_1_842' title='bbox 1945 5379 2166 5438; x_wconf 83' lang='lat' dir='ltr'><strong>propter</strong></span> <span class='ocrx_word' id='word_1_843' title='bbox 2186 5382 2306 5420; x_wconf 86' lang='lat' dir='ltr'><strong>eam</strong></span> <span class='ocrx_word' id='word_1_844' title='bbox 2338 5363 2534 5418; x_wconf 80' lang='lat' dir='ltr'><strong>Filium</strong></span> <span class='ocrx_word' id='word_1_845' title='bbox 2567 5361 2731 5417; x_wconf 86' lang='lat' dir='ltr'><strong>Patre</strong></span> <span class='ocrx_word' id='word_1_846' title='bbox 2754 5359 3020 5417; x_wconf 84' lang='lat' dir='ltr'><strong>minorem</strong></span> <span class='ocrx_word' id='word_1_847' title='bbox 3046 5353 3365 5413; x_wconf 69' lang='lat' dir='ltr'><strong>existimas?</strong></span> <span class='ocrx_word' id='word_1_848' title='bbox 3407 5350 3518 5404; x_wconf 89' lang='lat' dir='ltr'><strong>lloc</strong></span> 
     </span>
    </p>
   </div>
   <div class='ocr_carea' id='block_1_114' title="bbox 1945 5444 3515 5515">
    <p class='ocr_par' dir='ltr' id='par_1_114' title="bbox 1945 5444 3515 5515">
     <span class='ocr_line' id='line_1_115' title="bbox 1945 5444 3515 5515; baseline -0.013 0"><span class='ocrx_word' id='word_1_849' title='bbox 1945 5461 2040 5515; x_wconf 88' lang='lat' dir='ltr'><strong>tibi</strong></span> <span class='ocrx_word' id='word_1_850' title='bbox 2060 5475 2184 5515; x_wconf 91' lang='lat' dir='ltr'><strong>cum</strong></span> <span class='ocrx_word' id='word_1_851' title='bbox 2213 5457 2416 5513; x_wconf 75' lang='lat' dir='ltr'><strong>Judaeis</strong></span> <span class='ocrx_word' id='word_1_852' title='bbox 2439 5470 2729 5510; x_wconf 89' lang='lat' dir='ltr'><strong>commune</strong></span> <span class='ocrx_word' id='word_1_853' title='bbox 2752 5462 2857 5510; x_wconf 91' lang='lat' dir='ltr'><strong>est.</strong></span> <span class='ocrx_word' id='word_1_854' title='bbox 2912 5453 2995 5506; x_wconf 82' lang='lat' dir='ltr'><strong>Au</strong></span> <span class='ocrx_word' id='word_1_855' title='bbox 3020 5451 3185 5504; x_wconf 90' lang='lat' dir='ltr'><strong>etiam</strong></span> <span class='ocrx_word' id='word_1_856' title='bbox 3219 5444 3515 5500; x_wconf 74' lang='lat' dir='ltr'><strong>Samarita-</strong></span> 
     </span>
    </p>
   </div>
   <div class='ocr_carea' id='block_1_115' title="bbox 1942 5531 3519 5608">
    <p class='ocr_par' dir='ltr' id='par_1_115' title="bbox 1942 5531 3519 5608">
     <span class='ocr_line' id='line_1_116' title="bbox 1942 5531 3519 5608; baseline -0.011 -6"><span class='ocrx_word' id='word_1_857' title='bbox 1942 5562 2074 5602; x_wconf 89' lang='lat' dir='ltr'><strong>nom</strong></span> <span class='ocrx_word' id='word_1_858' title='bbox 2104 5545 2385 5601; x_wconf 84' lang='lat' dir='ltr'><strong>Christum</strong></span> <span class='ocrx_word' id='word_1_859' title='bbox 2405 5542 2607 5598; x_wconf 77' lang='lat' dir='ltr'><strong>vocas?</strong></span> <span class='ocrx_word' id='word_1_860' title='bbox 2650 5558 2779 5597; x_wconf 89' lang='lat' dir='ltr'><strong>nam</strong></span> <span class='ocrx_word' id='word_1_861' title='bbox 2804 5540 2882 5595; x_wconf 85' lang='lat' dir='ltr'><strong>illi</strong></span> <span class='ocrx_word' id='word_1_862' title='bbox 2913 5551 3134 5608; x_wconf 89' lang='lat' dir='ltr'><strong>quoque</strong></span> <span class='ocrx_word' id='word_1_863' title='bbox 3165 5535 3268 5588; x_wconf 88' lang='lat' dir='ltr'><strong>hoc</strong></span> <span class='ocrx_word' id='word_1_864' title='bbox 3296 5531 3519 5594; x_wconf 67' lang='lat' dir='ltr'><strong>omnim,</strong></span> 
     </span>
    </p>
   </div>
   <div class='ocr_carea' id='block_1_116' title="bbox 1931 5644 3513 5717">
    <p class='ocr_par' dir='ltr' id='par_1_116' title="bbox 1931 5644 3513 5717">
     <span class='ocr_line' id='line_1_117' title="bbox 1931 5644 3513 5717; baseline -0.009 -8"><span class='ocrx_word' id='word_1_865' title='bbox 1931 5659 1978 5691; x_wconf 73' lang='grc'><strong>’⁵</strong></span> <span class='ocrx_word' id='word_1_866' title='bbox 2007 5654 2118 5709; x_wconf 89' lang='lat' dir='ltr'><strong>Tit.</strong></span> <span class='ocrx_word' id='word_1_867' title='bbox 2152 5671 2211 5716; x_wconf 83' lang='grc' dir='ltr'><strong>ιι,</strong></span> <span class='ocrx_word' id='word_1_868' title='bbox 2239 5653 2337 5708; x_wconf 51' lang='lat' dir='ltr'><strong>ll...</strong></span> <span class='ocrx_word' id='word_1_869' title='bbox 2470 5654 2516 5686; x_wconf 77' lang='lat'><strong>&quot;</strong></span> <span class='ocrx_word' id='word_1_870' title='bbox 2548 5653 2730 5709; x_wconf 85' lang='lat' dir='ltr'><strong>Gaiat.</strong></span> <span class='ocrx_word' id='word_1_871' title='bbox 2782 5667 2823 5717; x_wconf 81' lang='grc' dir='ltr'>ι,</span> <span class='ocrx_word' id='word_1_872' title='bbox 2868 5650 2925 5705; x_wconf 72' lang='grc'><strong>4.</strong></span> <span class='ocrx_word' id='word_1_873' title='bbox 3035 5651 3078 5685; x_wconf 79' lang='grc'><strong>⁸⁷</strong></span> <span class='ocrx_word' id='word_1_874' title='bbox 3111 5647 3133 5702; x_wconf 88' lang='grc' dir='ltr'><strong>Ι</strong></span> <span class='ocrx_word' id='word_1_875' title='bbox 3164 5646 3290 5703; x_wconf 90' lang='lat' dir='ltr'><strong>Cor.</strong></span> <span class='ocrx_word' id='word_1_876' title='bbox 3325 5662 3400 5709; x_wconf 81' lang='lat' dir='ltr'><strong>Vl,</strong></span> <span class='ocrx_word' id='word_1_877' title='bbox 3428 5644 3513 5717; x_wconf 51' lang='lat' dir='ltr'><strong>id.</strong></span> 
     </span>
    </p>
   </div>
   <div class='ocr_carea' id='block_1_117' title="bbox 2001 5713 3515 5791">
    <p class='ocr_par' dir='ltr' id='par_1_117' title="bbox 2001 5713 3515 5791">
     <span class='ocr_line' id='line_1_118' title="bbox 2001 5713 3515 5791; baseline -0.007 -9"><span class='ocrx_word' id='word_1_878' title='bbox 2001 5728 2044 5759; x_wconf 78' lang='lat'><strong>&quot;</strong></span> <span class='ocrx_word' id='word_1_879' title='bbox 2074 5713 2259 5791; x_wconf 36' lang='lat' dir='ltr'><strong>Actft,</strong></span> <span class='ocrx_word' id='word_1_880' title='bbox 2293 5727 2346 5780; x_wconf 86' lang='lat'><strong>9.</strong></span> <span class='ocrx_word' id='word_1_881' title='bbox 2472 5724 2517 5756; x_wconf 85' lang='grc'>³³</span> <span class='ocrx_word' id='word_1_882' title='bbox 2558 5724 2699 5779; x_wconf 71' lang='lat' dir='ltr'><strong>l’sal.</strong></span> <span class='ocrx_word' id='word_1_883' title='bbox 2750 5713 2922 5787; x_wconf 67' lang='lat' dir='ltr'><strong>Liv&quot;,</strong></span> <span class='ocrx_word' id='word_1_884' title='bbox 2964 5719 3061 5788; x_wconf 85' lang='lat' dir='ltr'><strong>l9;</strong></span> <span class='ocrx_word' id='word_1_885' title='bbox 3126 5718 3319 5789; x_wconf 79' lang='lat' dir='ltr'><strong>Ephes.</strong></span> <span class='ocrx_word' id='word_1_886' title='bbox 3360 5733 3430 5781; x_wconf 81' lang='lat' dir='ltr'><strong>tv,</strong></span> <span class='ocrx_word' id='word_1_887' title='bbox 3461 5713 3515 5771; x_wconf 84' lang='lat'><strong>8.</strong></span> 
     </span>
    </p>
   </div>
  </div>
