4024 6292
568 396 704 460 1407

1979 384 2364 446 ΑΒΒΕΝΟΑ.

3678 395 3818 462 1408

563 535 688 577 eum
761 513 1139 585 appellarunt,
1195 506 1344 560 velut
1400 502 1697 558 Sabbatum
1766 512 1832 553 ac
1875 497 2135 554 Judaicas
2164 521 2211 578 Α
2242 488 2523 564 consequi.
2550 493 2727 552 Homo
2749 498 2914 566 enim,
2935 499 3093 569 cujus
3122 499 3296 559 virtus
3317 503 3472 560 nullo
3493 507 3822 578 argumento

564 606 830 679 quasdam
878 598 1232 656 caremonias
1266 596 1585 650 solventem.
1632 591 1958 646 Samaritani
1989 591 2135 644 enim

564 699 787 754 dimidia
841 710 907 749 ex
960 702 1110 763 parte
1171 689 1484 743 Judaorum
1543 686 1858 756 religionem
1930 689 2135 736 tenent.

562 789 721 850 Nam,
754 786 896 854 quod
929 783 1198 852 sequitur.
1228 779 1438 834 tacebo.
1493 777 1762 842 Quidnam
1812 774 1947 830 hoc?
1992 775 2138 843 quod

561 899 591 935 a
630 881 876 936 damone
898 877 1265 932 obsideretur.
1306 871 1564 926 Dicebant
1615 872 1759 924 enim
1809 867 2004 930 Judai,
2037 867 2140 922 Sa-

563 973 858 1026 maritanus
884 987 936 1023 es
963 979 1040 1032 tu,
1073 977 1122 1021 et
1144 963 1462 1019 daemonium
1489 963 1648 1016 habes
1678 962 1724 994 “
1760 978 1773 1016 :
1811 961 1957 1030 quod
1991 974 2138 1015 nunc

559 1063 630 1118 ob
663 1060 1012 1131 blasphemia
1060 1055 1487 1128 magnitudinem
1537 1055 1991 1123 atrocitatcmque
2043 1068 2136 1108 re-

560 1153 1036 1222 ticetGrcgorius.
1064 1150 1132 1206 At
1181 1148 1462 1220 Unigeniti
1495 1146 1771 1201 divinitati
1818 1146 1978 1200 ﬁdem
2023 1160 2133 1200 non

559 1247 748 1310 habes,
780 1260 880 1300 nec
908 1259 1031 1299 eum
1060 1241 1229 1298 Deum
1255 1255 1377 1297 esse
1396 1239 1540 1294 Patri
1559 1240 1824 1309 aqualem
1853 1238 2135 1294 admittis?

557 1337 636 1392 Ne
667 1338 943 1391 damones
970 1333 1190 1405 quidem
1241 1347 1308 1387 eo
1353 1332 1598 1387 audacia
1644 1339 2034 1402 proruperunt,
2073 1339 2133 1386 ut

557 1430 661 1484 hoc
691 1430 954 1484 dicerent.
987 1427 1066 1481 lta
1101 1424 1301 1479 videris
1356 1431 1411 1478 et
1457 1423 1732 1478 damones
1791 1421 2128 1488 inﬁdelitate,

552 1527 607 1571 et
641 1515 862 1570 Judaos
895 1513 1303 1584 ingratitudine,
1336 1509 1424 1567 vel
1469 1511 1654 1580 potius
1701 1511 1919 1566 inscitia
1948 1519 2002 1565 et
2031 1511 2132 1567 hei

555 1607 813 1662 betudinc
845 1608 1172 1675 (utrumque
1223 1605 1368 1660 enim
1401 1604 1674 1675 signiﬁcat
1720 1603 2130 1675 ἀγνωμοσύνη)

553 1709 835 1764 superare.
893 1692 1066 1748 Judai
1115 1693 1284 1756 enim,
1318 1701 1678 1763 posteaquam
1711 1692 1942 1749 dixisset
1969 1693 2130 1748 Chri-

557 1797 672 1840 stus
710 1804 724 1839 :
766 1785 928 1839 Pater
985 1801 1129 1839 meus
1181 1801 1344 1854 usque
1403 1787 1555 1838 modo
1605 1793 1877 1854 operatur,
1927 1794 1977 1840 et
2035 1801 2130 1856 ego

2242 587 2519 654 explorata
2559 597 2666 653 est,
2695 604 2795 644 nec
2835 591 2996 647 laude
3046 593 3178 660 ulla,
3228 609 3332 650 nec
3383 599 3563 666 pretio
3621 601 3822 671 dignus

2240 687 2341 733 est.
2370 677 2680 734 Mandatum
2732 697 2904 751 porro
2955 685 3276 754 accipimus,
3329 703 3440 742 non
3483 691 3631 760 quod
3665 694 3824 762 igno-

2241 777 2386 824 raret
2420 767 2562 824 Deus
2592 769 2706 824 fore
2766 780 2826 825 ut
2865 771 2996 826 illud
3042 775 3570 842 transgrederemur,
3621 780 3722 835 sed
3768 791 3828 834 ut

2239 859 2456 913 arbitrii
2487 859 2792 916 libertatem
2851 863 3010 918 nobis
3071 867 3231 934 quasi
3285 867 3394 922 lata
3430 869 3551 938 lege
3578 873 3831 940 promul-

2237 960 2410 1018 garet.
2455 949 2590 1006 Nam
2651 955 2798 1022 quod
2848 969 2944 1022 per
3002 958 3111 1010 vim
3147 966 3206 1014 et
3259 969 3446 1016 coacte
3481 961 3560 1027 ﬁt,
3605 964 3831 1019 virtutis

2235 1056 2435 1098 nomen
2473 1044 2717 1101 obtinere
2787 1063 2898 1102 non
2949 1057 3150 1119 potest.
3193 1051 3332 1118 Quid
3371 1053 3582 1125 igitur?
3608 1056 3828 1110 Diaboli

2235 1134 2436 1192 invidia
2463 1140 2740 1210 exagitati,
2766 1149 2822 1197 et
2855 1143 2982 1199 dolo
3014 1145 3376 1202 circumventi
3406 1165 3621 1214 sumus,
3651 1150 3828 1220 legem

2233 1227 2588 1296 violavimus,
2674 1232 2932 1301 paradiso
3013 1235 3344 1302 excidimus,
3404 1253 3472 1294 ac
3529 1249 3829 1309 propterea

2227 1319 2560 1390 jejunamus,
2611 1323 2871 1392 quoniam
2903 1332 3036 1380 tunc
3076 1340 3188 1380 non
3236 1325 3634 1394 jejunavimus,
3698 1342 3830 1383 eum

2232 1409 2450 1466 arboris
2483 1411 2729 1468 scientia
2771 1414 3037 1483 voluptati
3083 1415 3376 1480 cessimus,
3429 1432 3461 1470 ει
3506 1435 3619 1488 qua
3663 1419 3831 1473 nobis

2231 1501 2399 1568 Deus,
2436 1511 2497 1558 ut
2544 1504 2968 1571 abstineremus,
3009 1507 3441 1577 prascripserat.
3475 1505 3646 1566 Vetus
3671 1512 3828 1566 enim

2229 1601 2315 1648 est
2353 1603 2684 1663 praceptum
2755 1595 2990 1664 jejunii,
3029 1597 3308 1668 simulque
3382 1614 3506 1654 cum
3571 1601 3829 1658 humano

2229 1698 2432 1754 genere
2489 1693 2703 1739 natum.
2771 1684 3019 1741 Primum
3074 1688 3228 1752 enim,
3273 1688 3405 1743 illud
3475 1691 3828 1758 mandatum,

2229 1775 2370 1842 quod
2415 1775 2658 1830 Adamus
2702 1777 2916 1846 accepit
2962 1793 2978 1831 :
3028 1776 3108 1833 De
3154 1778 3296 1849 tigno
3331 1780 3570 1835 scientia
3607 1781 3737 1837 boui
3772 1793 3829 1838 et

551 1893 740 1945 operor
764 1877 808 1909 ⁸⁸
829 1915 845 1940 ,
872 1876 1188 1946 quarebant
1210 1877 1386 1944 ipsum
1414 1875 1737 1939 interﬁcere,
1760 1877 1886 1946 quia
1913 1874 2128 1929 Patrem
2162 1881 2205 1936 Β
2237 1867 2367 1920 ηιαιὲ
2386 1870 2467 1935 {ne
2521 1867 2811 1923 comedatis
2847 1870 2929 1937 ³⁷,
2980 1869 3175 1940 jejunii
3225 1883 3390 1941 atque
3441 1876 3832 1944 temperantia

551 1983 712 2022 suum
745 1969 960 2023 dicebat
984 1968 1174 2033 Deum,
1209 1968 1469 2036 aqualem
1511 1982 1571 2024 se
1610 1967 1719 2022 Deo
1748 1967 1978 2024 faciens.
2003 1967 2127 2023 Filii

550 2059 696 2113 enim
748 2061 1160 2129 appellationem
1211 2061 1436 2128 aqualis
1493 2059 1718 2114 honoris
1767 2075 1957 2114 vocem
2006 2075 2129 2116 esse

551 2151 796 2205 arbitrati
830 2161 978 2216 sunt,
1028 2151 1134 2207 hoc
1183 2162 1286 2215 est,
1335 2151 1742 2218 existimabant,
1771 2151 1817 2206 si
1848 2151 2125 2207 Christum

550 2243 647 2297 Dei
679 2241 874 2297 Filium
909 2258 1032 2298 esse
1061 2242 1384 2306 faterentur,
1413 2243 1516 2297 sibi
1555 2257 1773 2313 quoque
1817 2243 2127 2298 necessario

549 2333 828 2388 fatendum
863 2349 1004 2400 esse,
1035 2349 1158 2390 eum
1187 2335 1396 2391 honore
1423 2335 1499 2389 illi
1527 2351 1712 2405 parem
1747 2343 1911 2404 atque
1944 2348 2127 2404 aqua-

549 2426 654 2479 lem
695 2437 840 2481 esse.
880 2425 1066 2496 Itaque
1102 2425 1226 2482 Filii
1249 2441 1446 2482 nomen
1475 2427 1694 2483 Christo
1722 2441 1826 2482 non
1859 2427 2124 2482 concede-

547 2517 818 2573 bant:ne
851 2519 1212 2588 aqualitatem
1274 2533 1492 2588 quoque
1551 2533 1676 2572 cum
1736 2519 1896 2573 Patre
1946 2519 2121 2574 eidem

547 2606 844 2661 concedere
874 2623 1102 2662 necesse
1134 2607 1414 2663 haberent.
1445 2609 1514 2662 At
1533 2609 1808 2662 damones
1841 2607 2120 2664 Christum

545 2696 716 2752 Deum
751 2706 1042 2764 noverunt,
1073 2715 1196 2754 cum
1225 2701 1292 2754 ab
1319 2715 1385 2755 eo
1417 2701 1767 2757 invisibiliter
1799 2701 2123 2773 fugarentur

545 2799 601 2842 et
626 2790 1024 2845 cruciarentur.
1083 2788 1238 2845 Unde
1301 2792 1466 2846 etiam
1511 2793 1802 2849 dicebant:
1838 2793 2121 2863 Noviquis

547 2889 603 2932 tu
650 2881 768 2945 sis;
825 2889 879 2935 et
932 2898 1121 2938 rursus
1151 2898 1166 2936 :
1200 2881 1341 2948 Quid
1368 2885 1465 2937 tibi
1503 2895 1553 2938 et
1599 2887 1772 2954 nobis,
1813 2884 1927 2941 Fili
1983 2887 2124 2942 Dei?

552 2969 750 3024 Venisti
792 2971 892 3026 huc
933 2983 1055 3026 ante
1084 2982 1284 3042 tempus
1315 2984 1555 3046 torquere
1583 2993 1676 3032 nos
1701 2977 1766 3032 '°.
1800 2978 1978 3049 Atque
2009 2978 2124 3033 hac

543 3063 763 3134 quidem
795 3073 849 3118 et
879 3062 1048 3120 Judai
1076 3073 1132 3121 et
1161 3065 1458 3122 damones.
1489 3068 1558 3122 At
1591 3076 1671 3133 tu,
1705 3083 1805 3122 nec
1837 3068 2122 3138 aequalita-

545 3165 655 3208 tem
686 3154 952 3219 admittis,
982 3165 1041 3210 ut
1061 3153 1230 3212 Judai
1260 3175 1274 3212 :
1299 3166 1542 3213 creatum
1569 3159 1711 3213 enim
1745 3174 1870 3213 eum
1897 3159 2120 3228 asseris,

545 3261 644 3299 nec
668 3246 1006 3303 divinitatem
1035 3249 1328 3318 conﬁteris,
1353 3259 1414 3306 ut
1431 3251 1726 3307 damones.
1749 3251 2119 3319 Quamobrem

543 3337 636 3391 tibi
663 3339 835 3394 satius
875 3339 1053 3396 fuerat
1079 3339 1393 3396 Judaornm
1428 3345 1536 3397 ritu
1563 3341 1942 3399 circumcisam
1986 3357 2120 3413 pra-

539 3431 677 3500 putii
707 3426 926 3487 carnem
962 3435 1184 3501 habere,
1219 3427 1381 3505 atque
1408 3449 1440 3490 a
1473 3433 1814 3492 damonibus
1845 3436 2112 3507 divexari,

541 3534 601 3577 ut
654 3528 799 3580 salse
855 3528 1058 3597 aliquid
1122 3527 1342 3595 dicam,
1397 3527 1860 3598 quemadmodum
1921 3527 2000 3583 illi
2059 3529 2113 3584 in

538 3614 867 3687 Evangelia,
918 3633 1151 3688 quorum
1209 3634 1306 3673 ore
1357 3619 1633 3676 damones
1710 3619 2112 3691 loquebantur,

539 3709 940 3780 Christumque
966 3710 1134 3764 Deum
1164 3711 1588 3778 conﬁtebantur,
1611 3727 1798 3783 quam,
1824 3727 1949 3769 cum
1981 3728 2116 3784 pra-

540 3802 754 3870 putium
786 3803 1007 3868 habeas,
1035 3805 1139 3859 hoc
1167 3814 1271 3869 est,
1305 3819 1412 3859 non
1441 3804 1800 3862 circumcisus
1824 3807 1923 3868 sis.
1952 3822 2054 3862 nec
2081 3821 2112 3860 a

538 3893 786 3945 damone
833 3891 1161 3958 obsidearis,
1197 3895 1292 3948 sed
1337 3894 1599 3949 incolumi
1652 3905 1834 3950 mente
1887 3896 1986 3961 sis,
2036 3895 2113 3951 ita

537 3980 799 4035 scelerate
829 3990 994 4050 atque
1051 3983 1217 4053 impie
1267 3985 1487 4044 sentire.
1518 3984 1827 4057 Filiumque
1856 4001 1887 4041 a
1932 3986 2112 4044 Patris

535 4070 826 4127 divinitate
855 4087 1132 4142 separare.

601 4164 720 4219 Col.
748 4163 852 4218 662
881 4164 940 4220 Β.
983 4163 1086 4220 Sed
1115 4165 1312 4220 bellum
1357 4167 1478 4234 hoc,
1517 4168 1657 4238 quod
1696 4185 1812 4223 cum
1839 4169 1952 4225 illis
1975 4173 2113 4241 geri-

534 4271 682 4321 mus,
731 4266 836 4312 etc.
905 4256 1137 4323 Bellum,
1189 4259 1385 4328 inquit,
1454 4261 1599 4330 quod
1657 4275 1783 4315 cum
1841 4262 2111 4319 hareticis

533 4349 794 4418 gerimus,
825 4351 1095 4422 siquidem
1149 4353 1445 4424 aliquando
1472 4355 1664 4409 saltem
1705 4354 1772 4408 ad
1823 4356 2104 4412 meliorem

533 4452 766 4497 mentem
793 4443 972 4500 redire
1010 4444 1302 4509 voluerint,
1335 4446 1774 4516 comprimatur:
1809 4447 1893 4503 sin
1923 4457 2106 4504 autem

2232 1959 2316 2015 lex
2349 1969 2488 2015 erat.
2510 1959 2666 2025 Quod
2698 1961 2744 2016 si
2777 1960 2885 2015 Eva
2933 1962 3004 2016 ab
3029 1963 3192 2032 hujus
3226 1963 3356 2034 ligni
3390 1979 3485 2020 esu
3510 1967 3830 2022 abstinuis-

2230 2060 2338 2119 set,
2371 2067 2718 2122 nequaquam
2755 2054 2861 2108 lioc
2881 2053 3092 2122 jejunio
3115 2070 3264 2111 nunc
3293 2071 3434 2127 opus
3464 2057 3826 2114 haberemus.

2227 2143 2338 2198 Nec
2352 2144 2496 2198 enim
2514 2159 2649 2214 opus
2665 2146 3066 2202 estvalentibus
3084 2147 3319 2213 medico,
3335 2149 3428 2204 sed
3447 2149 3592 2205 male
3612 2150 3774 2204 habet
3794 2173 3828 2194 -

2229 2235 2392 2292 tibus.
2411 2235 2679 2302 Quoniam
2696 2237 2862 2308 igitur
2894 2248 3025 2294 tunc
3043 2255 3152 2294 non
3185 2241 3580 2311 jejunavimus,
3613 2245 3819 2298 merito

2225 2342 2372 2383 nunc
2388 2327 2834 2400 nobisJejunium
2846 2341 2931 2387 est
2942 2332 3292 2401 indictum,ut
3307 2336 3452 2396 quod
3466 2351 3576 2390 non
3597 2351 3824 2394 servato

2221 2419 2430 2490 jejunio
2459 2421 2766 2488 amisimus,
2790 2423 2841 2478 id
2869 2437 2936 2478 eo
2952 2435 3167 2480 servato
3188 2426 3689 2494 recipiamus.Quid
3713 2443 3817 2482 au-

2226 2515 2333 2562 tem
2367 2507 2498 2564 illud
2527 2518 2633 2574 est,
2658 2511 2803 2582 quod
2826 2511 2898 2566 ob
2913 2511 3180 2582 jejunium
3201 2527 3305 2568 non
3323 2522 3602 2568 servatum
3619 2517 3815 2571 amisi-

2223 2599 2383 2654 mus?
2415 2598 2728 2668 Paradisus,
2746 2603 2813 2658 ad
2830 2619 2989 2674 quem
3009 2603 3166 2660 nobis
3189 2619 3284 2674 per
3298 2605 3572 2675 jejunium
3599 2608 3811 2662 reditus

2223 2691 2449 2762 patebit.
2483 2692 2660 2764 Atque
2683 2694 2891 2750 idcirco
2921 2694 3064 2752 Deus
3086 2711 3306 2751 carnem
3341 2697 3541 2762 induit,
3564 2713 3633 2752 ac
3660 2715 3811 2754 mor-

2225 2789 2333 2836 tem
2362 2781 2552 2846 subiit,
2590 2792 2651 2837 ut
2680 2798 2782 2839 nos
2819 2799 2914 2854 per
2937 2795 3218 2855 peccatum
3246 2788 3470 2851 mortui,
3506 2789 3806 2844 revivisca-

2223 2887 2370 2929 mus.
2409 2875 2555 2942 Quin
2583 2875 2687 2945 ipsi
2721 2892 2944 2948 quoque
3002 2887 3132 2934 ante
3180 2878 3478 2936 salutifera
3525 2881 3804 2950 passionis

2225 2971 2444 3033 tempus
2486 2964 2844 3035 jejunantes,
2901 2967 3124 3024 Christo
3189 2972 3521 3027 commortui
3575 2988 3806 3036 sumus.

2222 3056 2456 3112 turbidis
2506 3058 2768 3113 nimirum
2819 3061 2990 3116 animi
3051 3063 3292 3118 motibus
3318 3065 3596 3134 oppressis
3632 3077 3690 3122 et
3715 3081 3806 3120 cx-

2227 3149 2466 3215 stinctis,
2496 3157 2557 3205 ut
2585 3165 2880 3222 purgemur
2917 3170 2933 3208 :
2971 3169 3037 3208 ac
3073 3156 3236 3210 simul
3267 3155 3598 3222 mortiﬁcati,
3639 3139 3804 3213 simul

2229 3243 2662 3308 resurreximus,
2696 3245 2956 3313 praclara
2993 3246 3240 3302 videlicet
3279 3257 3331 3302 et
3357 3247 3581 3302 salutari
3614 3264 3805 3304 resur-

2219 3337 2462 3392 rectione
2488 3350 2502 3385 :
2527 3337 2862 3408 proindeque
2882 3339 3044 3394 simul
3071 3341 3234 3396 etiam
3262 3341 3545 3411 gloriﬁcati
3580 3358 3795 3397 sumus.

2288 3429 2407 3485 Col.
2442 3429 2548 3485 662
2586 3428 2651 3488 Ι).
2686 3430 2938 3497 Quamvis
2979 3442 3156 3487 autem
3202 3435 3466 3503 permulta
3491 3435 3640 3488 illius
3668 3443 3798 3487 teni-

2216 3521 2380 3589 poris,
2400 3529 2507 3576 etc.
2541 3519 2820 3577 Permulta
2853 3533 2981 3577 sunt
3042 3539 3106 3579 ea
3163 3525 3448 3592 miracula,
3485 3541 3610 3596 qua
3648 3525 3796 3580 circa

2215 3615 2530 3682 passionem
2585 3621 2641 3668 et
2699 3628 2919 3670 crucem
2951 3616 3298 3686 contigerunt
3331 3635 3346 3671 :
3386 3630 3639 3685 quanam
3662 3615 3798 3670 illa?

2218 3702 2361 3758 Deus
2409 3704 2464 3758 in
2515 3719 2679 3760 cruce
2727 3705 2973 3771 sufﬁxus,
3011 3721 3117 3761 non
3171 3717 3448 3776 quatenus
3497 3707 3667 3771 Deus,
3700 3707 3792 3762 sed

2217 3805 2496 3866 quatenus
2529 3796 2646 3865 ipse
2679 3811 2898 3866 quoque
2927 3797 3092 3853 homo
3114 3808 3215 3854 est.
3248 3797 3316 3852 Et
3343 3799 3459 3854 hac
3486 3797 3794 3853 communi-

2215 3887 2449 3943 cationis
2490 3886 2660 3958 ﬁgura
2709 3896 2814 3952 est,
2858 3903 2966 3958 qua
3021 3901 3254 3961 utraque
3317 3902 3511 3945 natura
3576 3899 3793 3959 propter

2214 3979 2616 4052 hypostaticam
2653 3981 3014 4046 identitatem,
3069 3993 3430 4052 mutuumque
3477 3983 3704 4038 alterius
3740 3982 3792 4036 in

2213 4074 2440 4128 alteram
2493 4072 2788 4127 transitum
2851 4072 3212 4142 proprietates
3271 4089 3400 4128 suas
3447 4088 3574 4127 cum
3620 4073 3791 4127 altera

2213 4164 2579 4221 communicat
2633 4180 2650 4220 :
2720 4165 2957 4220 tenebra
3043 4166 3111 4221 ab
3188 4168 3317 4220 liora
3387 4175 3544 4221 sexta
3615 4179 3790 4236 usque

2212 4257 2282 4313 ad
2338 4271 2579 4321 nonam,
2635 4256 2754 4312 sole
2813 4257 3067 4312 videlicet
3136 4260 3430 4326 patientem
3494 4257 3787 4312 Dominum

2213 4350 2447 4420 lugente,
2475 4365 2541 4404 ac
2557 4349 2965 4419 quodammodo
3007 4349 3082 4404 illi
3130 4351 3583 4416 condolescentc;
3609 4352 3786 4404 velum

2211 4443 2467 4509 scissum,
2503 4441 2576 4496 ob
2619 4441 2853 4506 luctum,
2882 4449 3050 4509 atque
3097 4450 3159 4496 ut
3208 4442 3561 4511 perspicuum
3608 4443 3783 4504 ﬁeret.

532 4535 833 4602 noluerint,
863 4537 918 4591 in
949 4538 1242 4607 prasentia
1268 4539 1645 4608 conquiescat,
1677 4549 1840 4611 atque
1870 4540 1925 4595 in
1950 4541 2100 4596 aliud

2221 4532 2448 4587 divinam
2509 4531 2838 4601 potentiam,
2899 4546 3024 4601 qua
3084 4533 3288 4602 templo
3344 4534 3542 4596 inerat,
3609 4549 3791 4589 reces-

531 4633 742 4693 tempus
773 4629 1070 4696 rejiciatur.
1124 4629 1236 4686 Nec
1295 4631 1440 4686 enim
1500 4630 1743 4700 profecto
1787 4632 1948 4688 nobis
1999 4633 2105 4688 hoc

531 4724 808 4774 Certamen
843 4721 1034 4774 terrori
1064 4721 1188 4786 erit,
1230 4737 1328 4792 pro
1363 4722 1495 4787 Deo,
1527 4731 1581 4777 et
1606 4738 1728 4778 cum
1758 4721 1868 4778 Deo
1903 4723 2100 4779 bellum

533 4806 869 4878 gerentibus.
905 4808 1062 4866 Nunc
1105 4827 1234 4865 vero
1287 4812 1340 4865 in
1395 4829 1666 4877 summam
1699 4813 1992 4884 redigenda
2024 4827 2107 4870 est

533 4894 730 4956 oratio,
756 4909 821 4950 ac
857 4900 1176 4952 contractim
1211 4901 1281 4953 ita
1324 4901 1614 4956 dicendum
1645 4919 1662 4956 :
1691 4905 1770 4958 Ob
1801 4905 1942 4959 hanc
1969 4920 2104 4960 cau-

533 4996 649 5036 sam
682 4999 713 5038 a
757 4984 865 5039 Deo
894 4989 1062 5041 creati
1112 5004 1324 5054 sumus,
1365 5001 1422 5045 ut
1453 4993 1714 5048 beneﬁcio
1741 4994 2102 5062 alliceremur,

533 5086 699 5145 atque
745 5077 882 5131 adeo
944 5079 1206 5134 beneﬁcio
1263 5081 1438 5137 affecti
1494 5099 1716 5148 sumus;
1780 5088 2100 5144 beneficium

532 5179 710 5220 autem
756 5167 885 5223 illud
933 5169 1054 5235 fuit,
1089 5172 1232 5240 quod
1257 5175 1545 5240 paradisus
1573 5176 1731 5231 nobis
1764 5180 2100 5234 commissus

531 5268 634 5325 est,
665 5273 720 5314 ut
744 5261 944 5317 divinis
982 5263 1191 5318 deliciis
1221 5264 1546 5321 frueremur.
1589 5266 1902 5323 Mandatum
1947 5284 2105 5324 acce-

535 5351 738 5419 pimus.
769 5359 827 5406 ut
873 5353 973 5406 hoc
1024 5364 1240 5409 servato
1271 5356 1499 5427 gloriam
1531 5373 1972 5428 assequeremur.
2001 5359 2103 5413 Hoo

539 5441 742 5496 minem
779 5443 924 5498 enim
962 5445 1192 5514 primum
1228 5449 1466 5518 probari,
1521 5460 1685 5519 atque
1730 5453 2104 5520 experimento

537 5545 635 5600 per
666 5536 908 5590 mandati
935 5539 1372 5595 observationem
1397 5539 1583 5609 perﬁci
1615 5542 1916 5611 oportebat,
1942 5549 2104 5611 atque

532 5631 611 5699 ita
659 5627 854 5684 deinde
916 5645 1016 5700 pro
1079 5632 1298 5688 virtutis
1361 5634 1585 5702 praemio
1636 5633 2101 5692 immortalitatem

610 5785 653 5827 εδ
684 5783 840 5848 Joan.
872 5803 988 5850 vm.
1031 5789 1120 5847 48.
1211 5789 1252 5822 ³⁸
1279 5789 1436 5861 10³11,
1467 5805 1519 5854 v,
1553 5789 1752 5854 17,18.

2203 4623 2363 4688 sisse,
2423 4622 2758 4692 domumque
2810 4623 3108 4688 desertam,
3163 4638 3231 4678 ac
3297 4625 3590 4695 gentilibus
3645 4626 3790 4680 exci-

2203 4714 2437 4770 dendam
2487 4721 2542 4769 et
2581 4714 2928 4768 evertendam
2984 4715 3292 4785 reliquisse.
3325 4713 3421 4769 Vel
3469 4717 3590 4771 ideo
3644 4719 3783 4772 scis.

2205 4819 2324 4858 sum
2368 4813 2450 4857 est
2496 4804 2707 4869 velum,
2749 4813 2809 4857 ut
2851 4804 3054 4859 ethnici
3105 4806 3307 4859 Sancta
3346 4807 3616 4872 viderent,
3662 4822 3785 4878 qua

2203 4893 2374 4950 Judai
2413 4894 2739 4964 impediente
2779 4895 2972 4949 littera
3016 4897 3272 4952 crassitie
3302 4913 3647 4968 nequaquam
3700 4900 3785 4951 vi-

2210 4989 2431 5044 debant.
2498 4987 2634 5042 Nam
2701 5004 2824 5043 cum
2898 4989 3261 5045 sanctiﬁcatio
3328 4992 3570 5046 nondum
3653 4995 3782 5046 data

2207 5087 2372 5145 esset,
2387 5077 2482 5134 sed
2504 5079 2558 5133 in
2593 5079 3107 5135 Dominiadveutum
3133 5089 3189 5134 et
3215 5083 3561 5148 prasentiam
3591 5096 3783 5136 serva-

2202 5179 2379 5237 rctur,
2431 5170 2572 5241 ipse,
2608 5170 2880 5240 perfracto
2921 5171 3062 5237 velo,
3091 5187 3156 5227 ac
3182 5182 3501 5228 sanctorum
3537 5175 3781 5239 arcanis,

2203 5278 2326 5334 qua
2361 5263 2588 5333 ingratis
2610 5271 2663 5318 et
2695 5263 3072 5332 pervicacibus
3120 5261 3328 5320 Judais
3367 5273 3558 5335 operta
3593 5275 3775 5330 erant,

2204 5354 2508 5425 patefactis,
2557 5355 2625 5409 ad
2659 5353 2937 5409 calestem
2979 5357 3358 5426 cognationem
3412 5356 3575 5412 nobis
3633 5358 3774 5411 viam

2205 5449 2484 5518 patefecit.
2515 5445 2751 5517 Sanguis
2783 5458 2838 5504 et
2870 5463 3010 5519 aqua
3054 5464 3120 5504 ex
3182 5449 3354 5504 latere
3405 5450 3772 5519 profluentes,

2204 5542 2434 5596 alterum
2463 5541 2530 5596 ad
2569 5541 2857 5597 delendum
2913 5542 3195 5598 servitutis
3244 5553 3442 5600 nostra
3488 5547 3772 5616 chirogra.

2205 5634 2369 5704 phum
2403 5651 2416 5687 :
2452 5633 2684 5688 alterum
2724 5635 2792 5690 ad
2846 5634 3152 5692 libertatem
3189 5647 3438 5694 nostram
3495 5655 3590 5709 per
3644 5641 3767 5694 sub-

1841 5791 1884 5825 ³ο
1910 5789 2093 5850 Matth.
2132 5791 2341 5860 vu,‘29.
2418 5792 2461 5826 ³⁷
2501 5790 2633 5851 Gen.
2671 5809 2732 5858 ll,
2767 5790 2852 5848 t7.
