4076 6292
232 305 418 372 1409

1216 309 1541 370 NICETAS
1580 309 1662 370 IN
1703 307 1926 370 ORAT.
1965 308 2134 368 XLII
2171 308 2232 369 S.
2273 308 2505 371 GREG.

3389 313 3526 374 1410

224 420 628 492 scriptionem
667 424 822 490 regio
856 435 1011 476 more
1033 420 1490 476 conﬁrmandam.
1527 418 1703 474 Porro
1753 434 1849 488 per
1877 421 1924 478 Α
1951 416 2222 473 habiturae
2255 426 2406 474 sunt.
2457 416 2581 474 Vita
2615 419 2839 489 insuper
2884 428 3137 486 vocatur,
3174 421 3302 489 quia
3359 433 3523 479 natu-

227 513 474 583 duplex
527 513 660 567 illud
719 513 1070 582 proﬂuvium,
1128 513 1324 582 duplex
1388 512 1693 581 baptismus
1747 513 1843 566 de-

225 605 588 673 signabatur
633 623 647 658 :
686 603 868 668 alter,
931 604 1024 674 qui
1087 619 1184 673 per
1242 619 1442 672 aquam
1504 603 1840 671 conﬁcitur;

234 695 411 748 alter
467 697 560 764 qui
635 711 731 764 per
826 696 1189 766 martyrium,
1250 711 1375 750 cum
1433 696 1685 750 videlicet.
1719 711 1844 764 per-

227 784 564 839 secutionis
621 767 870 854 tempus.
901 799 1004 840 nos
1054 785 1109 839 in
1145 786 1454 855 periculum
1524 785 1840 840 adduxerit.

229 873 476 930 Rursus
497 875 721 944 sanguis
746 875 1046 944 proﬂuens,
1077 877 1352 932 hominem
1387 876 1670 945 arguebat,
1697 892 1841 946 aqua

229 975 446 1020 autem
499 966 754 1020 eumdem
783 982 952 1037 supra
985 967 1284 1023 humanam
1316 967 1690 1023 conditionem
1722 983 1844 1023 esse

227 1055 606 1111 ostendebat.
639 1055 810 1111 Terra
829 1065 1065 1113 tremore
1091 1073 1363 1114 concussa
1397 1068 1452 1114 et
1473 1059 1528 1113 in
1560 1058 1842 1114 meliorem

233 1153 471 1199 statum
534 1145 895 1199 mutationem
941 1145 1267 1211 declarans,
1325 1146 1413 1201 vel
1465 1147 1628 1202 etiam
1693 1147 1840 1216 quod

227 1237 527 1288 adversus
563 1248 660 1289 eos
711 1235 802 1303 qui
841 1236 1150 1305 petulanter
1195 1245 1250 1290 et
1303 1236 1510 1292 furiose
1564 1238 1840 1292 Christum

233 1324 643 1380 acerbissimis
699 1325 1052 1380 contumeliis
1097 1333 1350 1380 vexatum
1406 1325 1839 1393 interfecerant,

231 1419 328 1472 ira
367 1416 816 1472 excandesceret.
853 1417 1026 1471 Petra:
1077 1432 1176 1487 pro
1202 1417 1362 1472 Petra
1408 1428 1700 1488 perruptae,
1739 1418 1845 1474 hoc

228 1515 358 1574 est,
396 1521 497 1577 pro
520 1504 761 1571 Christo,
783 1521 848 1561 ac
875 1505 1186 1562 Judaeorum
1219 1508 1512 1562 amentiam
1536 1522 1846 1576 coarguen-

232 1609 330 1654 tes
370 1615 388 1652 :
423 1597 685 1666 quoniam
735 1613 860 1651 cum
919 1599 1070 1667 ipsae,
1122 1597 1287 1652 etiam
1338 1597 1522 1652 anima
1568 1607 1841 1661 carentes,

232 1690 465 1745 timore
485 1687 985 1758 confringerentur,
1023 1688 1098 1743 illi
1139 1697 1330 1744 contra
1367 1689 1420 1743 in
1470 1689 1712 1758 lapidum
1745 1703 1844 1741 na-

235 1791 443 1834 turam
472 1778 901 1847 degenerabant,
935 1789 1101 1848 atque
1135 1789 1190 1834 et
1219 1781 1286 1834 ad
1325 1781 1578 1835 timorem
1615 1781 1845 1850 stupidi,

235 1879 301 1925 et
329 1867 410 1924 ad
437 1866 762 1923 beneﬁcium
785 1868 980 1937 ingrati
1011 1871 1426 1938 permanebant.
1445 1871 1637 1924 Mortui
1664 1887 1848 1926 resurs

237 1969 480 2030 gentes,
513 1968 676 2029 atque
705 1959 760 2012 in
796 1959 1072 2015 civitatem
1098 1961 1468 2028 introeuntes,
1499 1963 1566 2017 ad
1598 1978 1848 2018 commu-

239 2054 344 2108 nis
382 2051 814 2106 resurrectionis
865 2052 1364 2120 conﬁrmationem,
1395 2071 1461 2110 ac
1505 2063 1845 2110 mortuorum

244 2145 322 2198 ad
361 2157 671 2212 supernam
701 2143 865 2197 vitam
901 2143 1290 2200 restitutionis.
1343 2145 1510 2216 Signa
1546 2147 1746 2216 partim
1779 2146 1847 2200 ad

247 2234 630 2304 sepulcrum,
687 2233 884 2302 partim
927 2245 1057 2304 post
1113 2235 1428 2306 sepulcrum
1478 2235 1646 2298 edita,
1703 2236 1849 2290 velut

248 2325 418 2395 quod
456 2322 709 2379 Christus
744 2323 1032 2394 obsignato
1067 2336 1428 2382 monumento
1457 2327 1844 2394 resurrexerit,

252 2419 422 2471 velut
460 2429 619 2473 terra:
671 2428 874 2484 motus,
929 2419 1125 2488 lapidis
1185 2419 1475 2483 revolutio,
1528 2421 1846 2490 angelorum

250 2511 536 2574 visiones,
567 2511 912 2578 linteamina,
964 2520 1021 2567 et
1070 2513 1375 2569 sudarium.
1427 2511 1592 2568 Multa
1623 2513 1844 2583 quidem

251 2616 326 2656 ac
351 2601 618 2670 praeclara
678 2615 808 2656 sunt
851 2603 968 2656 haec
1013 2603 1305 2669 miracula,
1339 2605 1431 2658 sed
1464 2605 1673 2658 nullum
1721 2619 1846 2658 cum

253 2690 466 2745 salutis
525 2705 657 2744 meae
717 2692 984 2746 miraculo
1016 2691 1411 2746 conferendum
1461 2705 1568 2748 est.
1624 2693 1849 2764 Exigua:

254 2781 419 2836 enim
442 2782 654 2836 cruoris
682 2793 851 2851 guttae
877 2784 1066 2838 orbem
1101 2784 1417 2839 universum
1446 2784 1846 2851 instaurarunt,

258 2873 375 2929 hoc
399 2879 506 2936 est,
525 2875 598 2926 ita
625 2874 976 2940 innovarunt,
1006 2882 1067 2929 ut
1097 2889 1299 2928 novum
1324 2876 1452 2930 vitae
1474 2875 1578 2929 iter
1608 2883 1850 2930 sectare-

255 2973 380 3027 tur,
419 2977 484 3017 ac
514 2977 615 3020 nos
645 2965 699 3018 in
732 2979 902 3018 unum
957 2964 1371 3034 coniunxerunt
1417 2974 1472 3021 et
1500 2967 1851 3020 constrinxe-

1951 522 2064 560 ram
2090 522 2304 562 omnem
2329 509 2651 563 rationalem
2679 518 3047 578 coagmentat,
3081 520 3244 580 atque
3271 511 3324 565 in
3344 523 3526 568 ortum

1947 599 2221 667 producit.
2269 597 2334 651 In
2369 600 2483 667 ipso
2544 599 2687 653 enim
2721 600 2966 663 vivimus,
3021 609 3072 653 et
3129 617 3414 664 movemur,
3475 611 3526 655 et

1947 689 2200 743 sumus”.
2220 690 2495 758 Sapientia
2516 701 2717 756 autem,
2748 702 2807 745 ut
2842 692 3026 745 omnia
3047 693 3260 761 cognita
3298 694 3528 756 habens,

1950 790 2060 835 tam
2110 781 2294 834 divina
2332 798 2495 850 quam
2536 783 2798 838 humana.
2828 782 2962 837 Nam
3000 785 3092 852 qui
3131 800 3213 838 res
3241 785 3514 848 condidit,

1958 869 2100 923 idem
2133 871 2328 922 harum
2364 884 2583 938 quoque
2631 884 2830 925 causas
2859 880 2906 924 et
2939 871 3178 925 rationes
3210 879 3525 941 perspectas

1947 958 2130 1016 habet.
2170 959 2419 1014 Potentia
2472 975 2625 1022 vero.
2659 970 2719 1016 ut
2769 970 3125 1016 conservator
3165 979 3353 1016 eorum
3406 979 3528 1033 qua:

1946 1050 2014 1105 ab
2040 1050 2160 1120 ipso
2193 1061 2375 1110 creata
2411 1060 2558 1116 sunt,
2596 1067 2828 1122 eamque
2856 1053 2962 1109 illis
3001 1053 3110 1107 vim
3146 1055 3417 1122 praebens,
3469 1063 3528 1109 ut

1945 1149 2339 1196 εοηεθτνθηιυι·
2375 1155 2438 1196 ac
2473 1135 2802 1196 cohatreant.
2845 1140 3059 1197 Rursus
3106 1142 3308 1197 mentis
3349 1144 3522 1197 801)οδ

1946 1230 2051 1294 les,
2085 1241 2144 1286 ut
2181 1230 2419 1286 Verbum
2487 1245 2799 1286 connexum
2846 1247 2971 1287 cum
3005 1233 3252 1304 genitore
3294 1248 3416 1298 suo,
3465 1248 3528 1288 ac

1949 1326 2090 1378 citra
2124 1325 2439 1394 passionem
2478 1334 2818 1395 generatum,
2876 1327 3098 1393 perinde
3129 1342 3194 1380 ac
3247 1340 3432 1380 sermo
3459 1341 3527 1379 ex

1947 1426 2152 1469 mente.
2191 1413 2546 1486 Signaculum
2602 1425 2826 1480 autem,
2884 1426 2944 1469 ut
2998 1425 3169 1470 totum
3210 1417 3420 1471 Patrem
3471 1421 3526 1472 in

1947 1506 2129 1575 seipso
2163 1521 2482 1576 expressum
2543 1508 2775 1570 habens,
2827 1517 2991 1576 atque
3035 1510 3352 1572 ostendens,
3419 1525 3526 1564 non

1947 1608 2112 1648 secus
2151 1609 2216 1649 ac
2245 1595 2463 1665 signum
2512 1597 2794 1666 exemplar
2824 1611 2982 1651 suum
3035 1597 3218 1650 refert.
3254 1596 3370 1650 Jam
3401 1614 3530 1652 vero

1950 1701 2096 1741 unus
2144 1695 2312 1757 atque
2369 1688 2512 1742 idem
2566 1689 2823 1744 Christus
2857 1698 2915 1743 ut
2949 1688 3193 1744 Verbum
3244 1705 3310 1744 ac
3361 1690 3528 1755 Deus,

1951 1779 2162 1832 ratione
2212 1779 2556 1848 intelligitur,
2612 1795 2722 1834 non
2778 1790 2960 1834 autem
2997 1781 3263 1834 cernitur.
3321 1779 3529 1836 Natura

1949 1869 2097 1922 enim
2125 1868 2311 1924 divina
2361 1885 2585 1924 sensum
2627 1885 2848 1926 omnem
2879 1871 3167 1925 oculorum
3199 1871 3387 1940 eﬂugit
3421 1889 3436 1926 :
3469 1881 3530 1927 ut

1951 1971 2137 2014 autem
2196 1961 2386 2026 homo,
2419 1963 2586 2016 etiam
2640 1963 2902 2016 cernitur.
2937 1961 3062 2028 Qui,
3097 1963 3249 2031 juxta
3291 1964 3529 2033 Aposto-

1947 2051 2132 2116 lum",
2161 2050 2347 2105 omnia
2379 2059 2557 2120 portat
2583 2061 2639 2106 et
2665 2052 2909 2107 continet
2937 2052 3156 2122 alligata
3189 2062 3243 2106 et
3263 2052 3530 2107 'eonstri-

1947 2153 2037 2198 cta
2068 2143 2231 2198 verbo
2263 2157 2327 2198 ac
2352 2154 2628 2212 praecepto
2665 2144 2881 2198 virtutis
2919 2158 3054 2197 suae.
3086 2142 3247 2207 Nam,
3281 2153 3338 2198 nt
3369 2145 3524 2209 dixit,

1947 2234 2021 2289 ita
2055 2234 2197 2288 facta
2225 2234 2404 2288 sunt“
2437 2252 2452 2302 ;
2480 2245 2540 2288 ut
2570 2235 2729 2295 dixit.
2775 2236 2849 2288 ita
2879 2237 3166 2290 manent“.
3217 2236 3356 2290 llnic
3397 2251 3526 2290 ora-

1949 2323 2153 2379 tionem
2200 2339 2356 2381 suam
2386 2327 2548 2381 oﬂert
2577 2325 2913 2396 Theologus,
2942 2341 3108 2396 quam
3138 2330 3252 2381 vult
3303 2327 3525 2395 quidem

1948 2415 2222 2486 primitias
2282 2418 2594 2483 nominare,
2635 2418 2784 2472 velut
2830 2419 2965 2472 alias
2993 2433 3209 2487 quoque
3238 2427 3359 2486 post
3403 2433 3525 2471 eam

1947 2507 2233 2562 oblaturus
2271 2525 2284 2561 :
2319 2523 2505 2562 verum
2542 2509 2846 2572 addubitat,
2877 2518 3044 2578 atque
3096 2510 3175 2562 ait
3212 2511 3351 2563 hanc
3395 2522 3526 2562 ora-

1952 2601 2154 2655 tionem
2193 2601 2465 2668 primitias
2505 2599 2741 2656 fortasse
2775 2617 2883 2655 non
2934 2615 3078 2667 esse,
3121 2602 3215 2655 sed
3258 2602 3417 2655 linem
3472 2609 3528 2653 et

1949 2690 2433 2760 complementum.
2474 2692 2612 2744 Nam
2648 2701 2868 2762 propter
2909 2701 3271 2756 senectutem,
3325 2692 3527 2760 inquit,

1950 2779 2098 2835 haud
2131 2781 2275 2846 scio,
2321 2783 2606 2850 longiorne
2650 2785 2784 2838 mihi
2833 2785 2943 2838 vita
2977 2784 3386 2854 suppeditatnra
3434 2785 3527 2848 sit,

1950 2881 2012 2926 ut
2045 2872 2182 2928 alias
2228 2887 2452 2944 quoque
2498 2874 2696 2928 oﬂ'erre
2725 2891 2948 2944 queam,
2978 2876 3169 2945 sicque
3206 2890 3395 2928 earum
3435 2890 3529 2928 ra-

1953 2963 2100 3018 tione
2169 2963 2289 3017 baec
2337 2963 2518 3018 oratio
2579 2965 2895 3033 primitialis
2974 2970 3310 3021 nominetur.
3371 2967 3524 3022 Hanc

258 3058 424 3114 runt,
443 3063 551 3103 non
579 3065 738 3107 secus
763 3065 828 3106 ac
855 3051 1239 3122 coagulum,si
1271 3051 1326 3107 in
1359 3051 1442 3108 lac
1466 3051 1766 3122 injiciatur,
1795 3051 1847 3107 id
1878 3072 1923 3134 α
1954 3068 2115 3125 porro
2144 3053 2332 3120 oﬂ'ero,
2374 3054 2568 3124 partim
2621 3056 2690 3110 de
2742 3056 3022 3112 beneﬂciis
3068 3059 3122 3113 in
3178 3074 3267 3114 me
3308 3060 3526 3114 collatis

259 3141 419 3210 quod
448 3140 502 3194 in
535 3156 601 3196 eo
627 3141 938 3211 dispersum
973 3156 1038 3198 ac
1059 3141 1285 3197 ﬂuidum
1306 3150 1412 3208 est,
1430 3143 1748 3207 condensat,
1767 3153 1850 3196 at-

261 3247 378 3301 que
395 3231 450 3284 in
467 3246 632 3286 unum
649 3229 885 3286 sblidum
901 3247 1101 3302 corpus
1119 3231 1417 3302 compingit
1433 3242 1488 3288 et
1501 3231 1728 3300 colligit.
1747 3231 1850 3286 Co-

262 3321 496 3391 agulum
527 3329 707 3376 autem
726 3331 808 3376 est
827 3321 1060 3377 lacteum
1077 3320 1231 3387 illud,
1252 3322 1398 3391 quod
1422 3323 1474 3376 in
1491 3321 1593 3376 ﬁcu
1611 3321 1847 3393 δμωαί),

261 3427 492 3486 quoque
543 3413 790 3468 nonnulli
825 3413 893 3468 ad
941 3413 1388 3468 condensandum
1441 3414 1528 3468 lac
1573 3399 1843 3468 utuntur.

337 3503 462 3560 Col.
503 3503 609 3559 663
649 3505 719 3560 Δ.
746 3505 837 3570 At,
864 3522 895 3560 0
932 3505 1163 3572 Pascha,
1212 3521 1486 3575 magnum,
1533 3506 1774 3575 inquam,
1800 3513 1852 3559 et

263 3613 481 3653 sacrum
504 3597 735 3661 Pascha,
757 3607 864 3654 etc.
896 3597 1021 3654 Haec
1046 3599 1231 3662 verba,
1257 3597 1303 3653 Ο
1327 3597 1534 3654 Pascha
1559 3613 1844 3668 magnum,

268 3691 338 3744 ad
373 3689 575 3744 festum
619 3691 826 3760 ipsum,
849 3692 1077 3761 perinde
1120 3705 1186 3746 ac
1217 3690 1327 3745 vita
1353 3693 1639 3760 praeditum
1662 3690 1848 3746 refert.

266 3785 366 3840 Illa
401 3793 608 3847 autem,
645 3782 690 3837 0
746 3784 984 3838 Verbum
1033 3785 1149 3850 Dei,
1203 3795 1257 3839 et
1293 3801 1416 3855 qum
1461 3786 1720 3855 deinceps
1759 3800 1850 3841 se-

272 3881 544 3944 quuntur,
580 3874 646 3926 ad
694 3871 997 3935 Christum,
1035 3873 1320 3944 spirituale
1365 3874 1601 3940 Pascha,
1634 3890 1732 3944 per
1760 3891 1853 3931 ac-

270 3963 661 4021 clamationem
692 3964 899 4034 dirigit.
942 3965 1194 4021 Christus
1233 3980 1394 4034 porro
1423 3965 1664 4022 Verbum
1709 3966 1849 4022 dici-

273 4064 385 4118 tar,
409 4059 633 4120 propter
658 4053 1070 4122 generationem
1118 4053 1392 4122 passionis
1438 4063 1744 4125 expertem,
1794 4065 1850 4109 et

273 4145 402 4214 quia
434 4143 593 4198 nobis
616 4141 833 4198 Patrem
870 4144 1142 4199 enuntiat.
1173 4143 1287 4199 Lux
1315 4153 1524 4213 autem,
1562 4155 1623 4200 ut
1657 4145 1847 4216 splen-

274 4239 376 4290 dor
401 4233 735 4301 animarum,
769 4249 892 4304 qua:
924 4243 979 4291 et
1012 4235 1119 4289 vita
1147 4246 1201 4291 et
1242 4250 1498 4291 sermone
1523 4245 1847 4307 purgantur.

277 4327 412 4381 Nam
471 4326 518 4381 si
585 4327 894 4399 ignorantia
946 4335 1002 4381 et
1056 4336 1339 4398 peccatum
1401 4330 1639 4383 tenebrae
1696 4339 1848 4394 sunt,

1955 3146 2163 3215 gratias
2192 3159 2380 3214 agens,
2405 3145 2600 3211 partim
2637 3148 2973 3216 supplicans,
3012 3165 3077 3204 ne
3119 3161 3311 3219 praeter
3339 3165 3525 3206 sacras

1952 3245 2009 3290 et
2063 3240 2406 3290 necessarlas
2463 3252 2626 3291 curas
2672 3237 2970 3307 quidquam
3021 3255 3280 3295 aerumnae
3328 3242 3525 3309 patiar.

1951 3326 2088 3382 Nam
2123 3342 2224 3398 pro
2274 3328 2384 3384 illis
2432 3329 2682 3385 laborare
2718 3341 2883 3398 atque
2908 3330 3070 3401 aﬂligi
3119 3347 3344 3388 necesse
3382 3345 3464 3387 est
3497 3351 3515 3386 :

1951 3433 2055 3474 nec
2093 3433 2189 3474 eas
2233 3433 2428 3476 recuso
2475 3434 2541 3474 ac
2594 3420 2862 3476 detrecto.
2913 3419 3280 3491 Tyrannidem
3343 3431 3524 3476 autem

1956 3513 2207 3581 corporis
2266 3511 2566 3582 Gregorius
2632 3512 2886 3567 morbum
2949 3513 3187 3583 appellat
3250 3514 3528 3583 (podagra

1954 3600 2190 3656 fortasse
2213 3603 2353 3670 erat)
2385 3586 2552 3671 quam
2600 3601 2764 3656 etiam
2800 3603 2937 3658 solvi
2988 3613 3262 3674 precatur,
3300 3615 3356 3658 ut
3387 3621 3514 3658 eum

1954 3691 2306 3746 vehementer
2360 3692 2774 3747 contrahentem
2808 3711 2822 3747 :
2871 3694 2955 3748 vel
2985 3695 3190 3764 ponus,
3249 3711 3355 3750 non
3380 3711 3530 3749 mor-

1956 3782 2112 3850 bum,
2143 3782 2239 3837 sed
2271 3781 2365 3836 Dei
2395 3772 2747 3848 sententiam,
2777 3801 2885 3856 qua
2923 3786 3012 3841 hic
3053 3787 3280 3841 morbus
3312 3789 3378 3841 ad
3441 3788 3530 3857 ip-

1956 3873 2075 3928 sius
2097 3874 2479 3944 purgationem
2511 3874 2769 3929 decretus
2788 3874 2988 3929 fuerat.
3017 3875 3310 3930 Pollicetur
3341 3884 3525 3931 autem

1955 3963 2282 4035 Theologus,
2317 3965 2366 4021 si
2400 3975 2705 4020 extremum
2739 3966 2864 4021 vitae
2894 3967 3060 4032 diem,
3107 3968 3180 4021 ita
3213 3974 3272 4021 ut
3302 3969 3523 4036 expetit,

1953 4053 2274 4119 confecerit,
2315 4065 2478 4124 atque
2525 4057 2579 4109 in
2611 4068 2813 4110 aeterna
2865 4057 3216 4112 tabernacula
3273 4069 3527 4126 receptus

1953 4145 2148 4210 fuerit,
2197 4145 2310 4201 illic
2339 4160 2557 4216 quoque
2595 4160 2656 4201 se
2709 4161 2875 4216 super
2904 4148 3078 4204 altare
3128 4147 3221 4203 Dei
3255 4150 3527 4203 sacriﬁcia

1954 4246 2108 4305 grata
2162 4237 2496 4292 oblaturum.
2551 4239 2683 4305 Quae
2712 4241 2876 4294 verba
2926 4243 2994 4296 ab
3039 4241 3177 4297 Isaia
3235 4251 3524 4295 mutuatus

1951 4336 2056 4389 est,
2081 4329 2224 4396 apud
2261 4343 2424 4396 quem
2458 4329 2600 4384 Deus
2632 4331 2708 4383 ita
2741 4330 3016 4400 loquitur:
3042 4330 3108 4384 Et
3138 4331 3358 4400 amarent
3385 4332 3526 4384 dona

275 4417 503 4473 scientia
526 4427 674 4473 certe
703 4432 770 4473 ac
803 4418 954 4488 justa
998 4425 1052 4472 et
1098 4416 1284 4472 divina
1315 4417 1425 4472 vita
1477 4417 1614 4474 lucis
1647 4432 1846 4474 nomen
1880 4416 1926 4472 D
1951 4429 2109 4490 grata
2136 4420 2206 4473 ad
2224 4419 2396 4474 altare
2423 4421 2676 4476 meum”.

297 4576 3509 4601 Μ

812 4731 937 4820 ΙΝ
1014 4728 1734 4824 ΟΒΑΤΙΟΝΕΜ
1811 4738 2150 4863 XLIV,
2224 4738 2535 4834 OLIM
2603 4744 2980 4835 XLIII.

786 5033 1330 5092 ARGUMENTUM.

345 5127 759 5182 Demonstrativi
808 5130 1010 5199 generis
1071 5139 1149 5183 est
1205 5129 1319 5183 lucc
1372 5129 1546 5182 oratio
1595 5146 1614 5183 :
1653 5131 1709 5182 in
1743 5146 1850 5200 qua

279 5231 446 5276 tamen
484 5221 786 5276 suasoriam
816 5220 1209 5292 quodammodo
1251 5221 1549 5276 admistum
1595 5231 1700 5277 est.
1731 5221 1848 5276 Ad-

1958 5044 2297 5099 monitionem
2327 5049 2467 5102 enim
2499 5050 2678 5112 habet,
2712 5053 3010 5122 partimque
3035 5054 3105 5106 ad
3142 5054 3382 5107 virtutem
3412 5069 3531 5106 am.

1953 5133 2289 5202 plectandam
2351 5141 2648 5194 auditorem
2715 5143 3006 5209 hortatur,
3069 5146 3266 5211 partim
3318 5161 3349 5196 a
3400 5144 3528 5197 vitio

1954 5233 2188 5279 revocat.
2247 5225 2402 5280 Noua
2452 5243 2614 5296 porro
2664 5231 2946 5288 Dominica
2971 5235 3081 5288 dies
3141 5238 3250 5288 Ita-c
3283 5242 3527 5298 vocatur,

344 5379 394 5418 ³³
419 5379 538 5435 Act.
566 5393 703 5446 xvn,
733 5379 826 5435 28.
901 5379 947 5412 "
973 5379 1140 5436 Hebr.
1169 5397 1210 5446 ι,
1254 5381 1310 5436 5.
1386 5379 1434 5411 ⁸⁸
1479 5380 1626 5452 Psal.
1651 5397 1829 5446 xxxii,

1950 5383 2012 5438 ιι
2037 5424 2052 5439 .
2081 5383 2124 5417 ⁸¹
2158 5381 2304 5438 Psal.
2336 5399 2506 5453 nm,
2539 5385 2629 5442 15.
2705 5388 2752 5422 ⁸⁸
2779 5388 2887 5446 lsa.
2921 5406 3012 5456 ιι,
3047 5389 3102 5444 7.

350 5537 458 5609 (ει)
523 5536 775 5592 Lacteum
805 5536 941 5590 illud
970 5578 985 5604 ,
1039 5537 1177 5609 quod
1223 5540 1278 5593 in
1317 5539 1422 5609 ﬁcu
1455 5544 1554 5592 est.
1586 5535 1690 5609 “Ne
1740 5537 1836 5593 tibi

283 5607 471 5663 mirum
508 5609 776 5673 videatur,
830 5609 1018 5672 lector,
1051 5607 1375 5676 hujusmodi
1407 5607 1618 5678 coaguli
1662 5623 1837 5678 genus

283 5693 313 5732 ἰ
339 5677 516 5735 Niceta
551 5678 812 5744 describi,
845 5678 1285 5747 quandoquidem
1316 5679 1429 5746 ipse
1458 5677 1681 5747 quoque
1722 5677 1835 5732 Pii.

1955 5542 2103 5614 nius,
2135 5555 2258 5611 cap.
2289 5541 2378 5605 39.
2421 5543 2517 5600 lib.
2554 5561 2663 5612 xw,
2696 5545 2816 5602 ficu.
2865 5545 2933 5600 ad
2969 5545 3298 5614 lignrandos
3327 5559 3526 5602 caseos

1951 5613 2060 5666 vim
2091 5626 2214 5669 esse
2233 5613 2448 5669 scribit.
