4024 6292
537 224 663 290 1411

1945 207 2326 283 ΑΒΒΕΝΒᾹ.

3663 211 3818 277 14η

526 338 611 401 yet
641 333 767 405 quia
806 332 1214 399 resurrectionis
1266 340 1463 387 nostra:
1523 329 1755 386 eucwnia
1806 331 1861 383 in
1891 346 1956 382 ea
2001 345 2120 398 per-
2152 348 2197 405 Α
2232 331 2463 398 legitur,
2524 341 2650 383 cum
2703 327 2780 383 ait
2817 343 2831 381 :
2874 325 3067 383 Venter
3102 340 3245 382 meus
3286 339 3444 394 super
3496 320 3688 387 Moab,
3754 330 3817 376 ut

526 438 785 498 aguntur,
831 427 913 481 rel
967 428 1134 481 etiam
1167 425 1297 496 quia
1334 425 1508 480 octavi
1560 424 1713 476 illius
1742 423 1847 476 diei
1882 422 2114 492 ﬁguram

526 526 686 591 gerit,
718 517 775 569 in
801 532 903 585 quo
952 531 1084 568 nova
1116 515 1299 568 omnia
1350 515 1538 582 futura
1567 521 1715 567 sunt.
1743 511 1900 565 Hanc
1937 522 2117 566 autem

534 610 827 661 orationem
848 606 903 659 in
936 606 1065 660 urbe
1088 607 1302 673 quidem
1346 604 1695 658 Nazianzena
1726 604 1940 672 scripsit
1982 602 2114 658 Cre-

537 700 739 769 gorius,
785 714 964 751 verum
1001 699 1057 751 in
1100 698 1273 752 sancti
1311 699 1562 767 martyris
1595 696 1887 750 Mantantis
1924 696 2117 764 templo

534 792 655 844 urbi
693 791 862 844 vicino
900 790 1288 859 pronuntiarit,
1318 790 1480 859 quod,
1521 799 1569 842 et
1600 799 1743 852 tunc,
1783 800 1833 841 et
1874 788 1929 841 in
1982 789 2120 841 [tunc

523 900 694 953 usque
733 884 894 949 diem,
922 883 977 935 in
1022 881 1301 941 Dominica
1338 882 1598 934 Pascliati
1648 882 1922 948 proxima,
1973 882 2115 934 mira

528 978 837 1029 incolarum
891 974 1191 1044 frequentia
1263 972 1585 1028 celebratur.
1659 977 1828 1042 Atque
1894 972 1997 1025 hac
2053 974 2118 1031 de

527 1081 696 1121 causa
750 1062 871 1119 lucc
901 1065 1074 1118 oratio
1098 1100 1115 1128 ,
1166 1073 1228 1116 at
1261 1064 1330 1117 ad
1357 1063 1717 1129 promiscuam
1761 1061 2117 1132 plebeiamque

535 1156 933 1209 multitudinem
993 1153 1178 1208 habita
1204 1193 1218 1219 ,
1254 1155 1426 1224 magis
1480 1154 1553 1207 ad
1584 1154 2013 1222 perspicuitatem
2069 1161 2118 1213 et

533 1245 849 1314 facilitatem
874 1255 1228 1314 attemperata
1257 1254 1355 1311 est,
1413 1245 1633 1316 plusque
1657 1246 1889 1303 suasorii
1910 1248 2117 1319 generis

532 1337 714 1404 habet,
741 1354 902 1407 quam
928 1337 1355 1391 demonstrativi.

605 1430 727 1485 Col.
764 1429 865 1484 607
921 1429 989 1484 A.
1039 1429 1112 1482 De
1159 1427 1427 1483 Encwniis
1477 1429 1802 1483 honorandi:
1851 1437 1935 1489 tea:
1971 1440 2117 1491 vetus

532 1533 634 1585 est,
661 1533 770 1576 etc.
824 1522 1105 1587 Eocamia,
1138 1536 1265 1576 cum
1318 1521 1387 1575 de
1424 1522 1629 1590 templo
1689 1522 1890 1591 agitur,
1946 1523 2118 1590 prima

535 1615 711 1684 ipsius
763 1613 1110 1669 consecratio
1163 1622 1295 1677 est,
1360 1614 1522 1683 paulo
1559 1623 1683 1683 post
1719 1628 1883 1683 quam
1949 1614 2120 1683 ipsius

2221 422 2428 474 cit/mra
2457 422 2692 482 sonabit.
2751 431 2802 476 et
2865 418 3164 489 prwcordia
3211 433 3330 473 mea
3381 417 3543 483 quasi
3596 432 3818 481 inuras,

2212 530 2373 583 quem
2398 515 2670 569 inuovasti
2690 512 2758 567 ".
2789 512 3015 567 Videtur
3040 513 3220 579 itaque
3255 509 3574 577 Theologus
3601 523 3817 563 aereum

2219 605 2444 675 quidem
2490 620 2519 660 a
2552 604 2815 669 Jeremia,
2868 605 3277 661 innovationem
3330 611 3517 656 autem
3548 603 3620 654 ab
3668 601 3817 655 lsaia

2223 700 2548 768 sumpsisse.
2611 703 2688 752 Ac
2739 698 2974 752 fortasse
3006 699 3189 757 minus
3224 695 3542 755 advenisse
3592 693 3822 753 videtur

2222 788 2559 859 Theologus,
2631 802 2756 840 cum
2810 788 2951 840 muri
3021 786 3433 843 innovationem
3491 784 3559 839 ad
3640 784 3819 838 alium

2221 880 2553 951 prophetam
2593 880 2866 944 retulerit,
2898 892 3011 933 non
3053 887 3236 939 autem
3288 878 3354 932 ad
3399 877 3632 939 Isaiam,
3666 876 3825 946 apud

2226 986 2393 1042 quem
2452 988 2515 1026 ea
2573 972 2864 1042 reperitur.
2914 970 3215 1025 Enimvero
3260 968 3548 1037 prOphetaa
3599 967 3821 1021 dictum

2222 1064 2525 1130 explicans,
2556 1079 2656 1134 per
2706 1077 2924 1123 murum
2964 1064 3213 1119 annuam
3295 1058 3603 1129 signiﬁcari
3662 1058 3822 1121 diuit,

2222 1171 2348 1225 quas
2378 1156 2516 1209 dura
2576 1155 2794 1224 quidem
2828 1162 2887 1210 et
2942 1155 3100 1208 tlrma
3149 1161 3236 1206 est
3284 1152 3434 1216 (nam
3492 1149 3822 1217 lmjusmooi

2214 1262 2417 1315 ,murus
2443 1247 2587 1315 est);
2625 1260 2790 1301 aurea
2816 1254 3022 1310 autem,
3056 1242 3186 1313 quia
3220 1242 3346 1297 aeris
3380 1252 3611 1309 quoque
3644 1239 3823 1289 lanna

2222 1338 2345 1393 auri
2401 1339 2640 1395 colorem
2690 1336 2895 1401 refert;
2941 1350 3137 1393 recens
3184 1339 3371 1393 autem
3422 1333 3497 1386 ad
3546 1331 3823 1400 pietatem

2223 1442 2534 1501 compacta,
2566 1443 2789 1502 propter
2820 1431 3259 1487 innovationem.
3292 1427 3649 1487 .Dedicautur
3674 1425 3826 1479 enim

2228 1540 2351 1594 qua:
2395 1538 2535 1578 nova
2571 1531 2724 1586 sunt,
2755 1537 2820 1578 ac
2860 1536 3058 1583 recens
3084 1520 3194 1574 lixa
3227 1529 3283 1574 et
3312 1519 3650 1573 constituta.
3686 1514 3829 1571 For-

2228 1627 2377 1672 tasse
2422 1616 2588 1673 etiam
2651 1614 2760 1668 dici
2807 1620 3006 1682 potest,
3071 1611 3183 1671 hac
3236 1610 3455 1665 ratione
3506 1608 3828 1665 adductum

530 1714 832 1759 structurae
863 1718 1061 1758 manus
1110 1713 1359 1763 extrema
1396 1710 1481 1755 est
1540 1702 1821 1770 imposita.
1851 1701 1986 1755 (lunt
2014 1716 2111 1761 au-
2150 1710 2190 1764 Β
2222 1710 2396 1765 fuisse
2426 1707 2779 1780 Gregorium,
2812 1714 2873 1763 ut
2920 1719 3142 1761 murum
3192 1717 3398 1758 aereum
3448 1699 3821 1767 intelligeret,

530 1804 639 1850 tem
671 1795 739 1848 de
775 1794 963 1859 domo,
987 1793 1161 1861 prima
1193 1802 1277 1847 est
1327 1792 1503 1859 ipsius
1536 1791 1882 1846 inhabitatio.
1913 1795 1984 1845 At
2011 1792 2117 1846 hoc

523 1888 653 1943 loco
687 1886 943 1940 Encasnia
975 1887 1320 1956 regeneratio
1353 1900 1417 1939 ea
1449 1895 1556 1951 est,
1586 1900 1754 1954 quam
1784 1898 1883 1954 per
1916 1900 2109 1940 resur-

526 1981 831 2033 rectionem
868 1977 1286 2043 consequimur,
1334 1985 1500 2046 atque
1546 1977 1613 2030 ad
1646 1974 2112 2037 immortalitatem

534 2072 943 2125 transmutatio.
1005 2066 1260 2124 Veterem
1310 2084 1477 2138 porro
1524 2071 1720 2138 legem,
1756 2067 2117 2129 consuetudi-

528 2177 660 2217 nem
712 2161 953 2231 appellat
980 2161 1320 2230 TheOIOgus.
1358 2145 1885 2219 ‘Consueludo‘enim
1911 2160 1995 2221 lex
2033 2169 2117 2221 est

530 2266 643 2306 non
680 2253 902 2320 scripta.
935 2249 1245 2320 Legemqne
1281 2251 1423 2316 hanc
1450 2248 1681 2315 laudat,
1718 2265 1827 2319 qua
1860 2249 2112 2313 Encasnia

532 2341 904 2405 honorantur,
954 2351 1010 2396 et
1040 2340 1266 2409 quidem
1297 2340 1506 2405 laudat,
1543 2342 1814 2399 calculum
1858 2356 2018 2397 suum
2056 2348 2117 2395 et

530 2435 857 2494 sententiam
891 2433 1179 2503 adjiciens,
1213 2434 1361 2502 quod
1398 2434 1515 2499 haec
1564 2435 1648 2486 lex
1682 2430 1943 2502 praeclare
1980 2447 2115 2487 COD?

531 2525 725 2583 stituta
754 2524 848 2591 sit,
894 2539 1018 2595 quat
1066 2525 1339 2581 Encaaniis
1398 2526 1665 2581 honorem
1708 2524 1894 2579 haberi
1936 2523 2110 2593 jubet,

531 2614 863 2685 Quanquam
894 2631 1004 2670 non
1039 2618 1156 2684 ipsa
1187 2617 1441 2671 Encaenia
1485 2618 1849 2681 honorantur,
1876 2617 1980 2677 sed
2016 2632 2114 2687 po.-

535 2707 648 2761 tius
668 2722 754 2761 res
798 2721 975 2771 novae,
1018 2716 1239 2776 propter
1272 2723 1412 2777 quas
1442 2706 1693 2769 Encacnia
1744 2708 2112 2768 celebramus.

529 2798 704 2869 quue
766 2815 873 2855 non
910 2801 1083 2856 semel
1133 2804 1447 2864 duntaxat,
1500 2800 1599 2854 sed
1668 2801 1974 2870 quotannis
2028 2800 2110 2866 ﬁt,

533 2893 798 2959 nimirum
831 2907 956 2957 cum
1003 2907 1068 2949 ex
1133 2892 1395 2962 temporis
1425 2893 1802 2959 conversione,
1849 2893 1954 2951 hoc
2004 2902 2111 2961 est,

536 2986 884 3043 revolutione
923 2984 1044 3039 dies
1078 2984 1217 3047 haec,
1248 2998 1357 3054 qua
1383 2998 1492 3039 .res
1517 2998 1580 3040 ea
1617 2994 1771 3056 gesta
1798 2994 1908 3051 est,
1938 2987 2114 3045 redies

540 3077 634 3130 rit.
669 3075 781 3141 llac
807 3090 937 3131 vero
961 3074 1028 3130 de
1056 3090 1227 3130 causa
1243 3075 1444 3145 sapius
1468 3074 1727 3132 Encamia
1752 3078 2115 3145 celebramus,
2143 3060 2187 3118 (ἶ

534 3177 595 3221 nt
624 3167 910 3237 ,pratclarae
942 3181 1032 3223 res
1076 3169 1361 3227 memorias
1411 3169 1647 3225 condita:
1674 3181 1991 3237 serventur,
2017 3185 2119 3226 nec

534 3256 802 3326 temporis
860 3256 1066 3327 injuria
1122 3256 1552 3323 oblitterentur,
1596 3269 1761 3329 atque
1823 3261 2118 3320 oblivionis

532 3345 745 3420 gurgite
768 3346 1075 3415 obscuratae
1090 3357 1147 3415 et
1172 3349 1420 3414 obducta:
1438 3350 1758 3421 obrutaque
1781 3352 2116 3411 dilabantur.

549 3436 809 3508 Ἐξίτηλα
857 3450 1039 3494 autem
1069 3453 1133 3494 ea
1185 3439 1449 3496 dicuntur
1480 3443 1725 3512 proprie,
1758 3457 1881 3513 quae
1924 3441 2116 3517 ﬂorem

535 3529 863 3595 amiserunt,
895 3539 951 3583 et
984 3531 1320 3593 utneminis
1355 3541 1578 3602 etymon
1629 3533 1858 3601 iudicat,
1908 3536 1978 3590 τὰ
2004 3537 2120 3605 ἔξω

532 3623 630 3676 τοῦ
664 3622 976 3694 τεθηλέναι,
1011 3624 1062 3679 id
1093 3632 1197 3686 est.
1228 3639 1350 3694 quat
1373 3624 1751 3684 eﬁloruerunt.

610 3712 755 3767 lbid.
810 3710 1151 3773 Innouontur
1199 3716 1412 3785 quidem
1455 3714 1724 3777 ad'Deum
1750 3718 1972 3785 Manlia,
2009 3732 2118 3775 etc.

536 3807 584 3871 Α
618 3801 903 3874 Scriptura
930 3821 1094 3873 saqra
1140 3805 1527 3870 Euctetdorum
1565 3811 1888 3875 testimonia
1910 3813 2121 3881 produ-

541 3901 637 3952 cit.
667 3898 749 3951 Ac
789 3900 1027 3966 primum
1059 3898 1251 3959 Isaiam
1285 3898 1512 3969 profert,
1549 3917 1644 3971 per
1665 3919 1828 3974 quem
1854 3905 2008 3960 Deus
2042 3905 2120 3960 ita

536 3986 781 4056 loquitur
822 3988 1204 4051 :Inttouamini
1235 3992 1305 4047 ad
1348 4009 1465 4058 me,
1500 3995 1693 4053 insulas
1717 3995 1788 4050 με
1834 4012 1948 4066 quo
2001 3996 2122 4053 loco

535 4091 636 4145 per
667 4076 897 4145 insulas,
947 4080 1193 4148 sontium
1249 4086 1559 4155 assumptio
1579 4086 1947 4156 signiﬁcatur,
1994 4102 2123 4159 qua

540 4182 606 4221 ex
640 4166 781 4222 falsa
811 4179 866 4223 et
908 4185 1098 4237 amara
1135 4174 1461 4235 inﬁdelitate
1494 4187 1839 4248 einergentes
1883 4181 2124 4237 calcabi-

536 4259 646 4313 lem
674 4269 732 4327 et
765 4261 1022 4327 stabilem
1048 4265 1113 4329 in
1142 4265 1365 4324 Christo
1394 4270 1582 4325 sedem
1622 4272 1920 4342 accipiunt.
1957 4272 2126 4328 Inno-

2218 1804 2439 1857 etiamsi
2467 1802 2571 1856 hoc
2600 1800 2668 1854 ad
2701 1799 2929 1853 verbum
2962 1810 3287 1866 expressum
3318 1794 3461 1863 apud
3484 1794 3826 1862 prophetam

2218 1908 2333 1947 non
2393 1890 2661 1947 invenerit
2690 1926 2705 1950 .
2764 1886 3027 1957 quoniam
3087 1885 3224 1941 dixit
3280 1885 3450 1940 Isaias
3483 1882 3828 1939 :Sonalwu

2219 1988 2521 2058 prwcordia
2575 2000 2691 2038 mea
2747 1982 2901 2053 quasi
2951 1980 3262 2046 inurunt?)
3298 1980 3457 2048 ἠχεῖν
3513 1989 3709 2033 autem
3758 1978 3830 2032 de

2221 2096 2330 2136 tere
2365 2080 2587 2135 dicitur.
2629 2076 2803 2132 Porro
2827 2073 2999 2129 Isaias
3045 2087 3106 2128 se
3152 2069 3519 2125 Moabitarum
3552 2070 3749 2125 clades
3770 2077 3827 2125 et

2221 2174 2567 2229 calamitates
2601 2167 2982 2239 expositurum
3006 2164 3324 2235 proﬁtetur,
3355 2163 3571 2217 cithara
3616 2162 3823 2217 videli-

2212 2277 2312 2325 ,cet
2340 2275 2506 2333 atque
2531 2275 2799 2331 organum
2824 2257 3064 2327 Spiritus
3088 2255 3269 2311 sancti
3295 2255 3498 2317 factus,
3537 2254 3609 2308 ab
3639 2268 3821 2325 eoque

2214 2358 2521 2429 innovatus
2541 2362 2597 2408 et
2620 2351 2863 2414 amatus,
2896 2356 3064 2418 atque
3086 2358 3143 2402 et
3168 2356 3414 2403 ventrem
3440 2355 3503 2401 et
3529 2346 3814 2406 intestina.

2222 2449 2325 2504 hoc
2382 2454 2504 2513 est,
2558 2443 2929 2514 cogitationum
2974 2448 3038 2494 et
3092 2438 3437 2508 intelligendi
3489 2436 3813 2492 facultatem

2212 2543 2397 2597 instar
2442 2540 2587 2595 muri
2630 2537 2925 2608 cujusdam
2983 2532 3437 2602 inexpugnabilis
3484 2531 3705 2586 habere
3758 2546 3816 2585 se

2210 2635 2374 2698 dicit,
2407 2648 2478 2688 ne
2506 2631 2767 2687 videlicet
2818 2629 2889 2684 ad
2915 2640 3041 2684 eam
3076 2626 3446 2695 cogitationes
3480 2626 3651 2679 male:
3700 2623 3813 2678 ullo

2214 2728 2389 2784 modo
2423 2726 2669 2795 irrepere
2702 2723 2940 2794 possint.

2290 2818 2411 2873 Gul.
2453 2817 2556 2872 607
2584 2816 2642 2871 Β.
2678 2816 2760 2869 Ad
2778 2815 2892 2870 licet:
2913 2815 3183 2869 canticum
3212 2829 3406 2869 novum
3426 2811 3687 2874 Domino,
3706 2820 3808 2864 etc.

2216 2911 2392 2966 David
2436 2924 2599 2965 chtx
2620 2907 2768 2964 Psal.
2824 2909 2946 2963 ait:
2978 2907 3209 2962 Cantate
3264 2906 3493 2959 Domino
3535 2904 3811 2957 canticum

2213 3020 2437 3057 norum.
2476 3004 2579 3057 dist
2623 3009 2807 3055 autem
2843 3002 3119 3056 canticum
3161 3015 3387 3063 novum,
3421 2999 3468 3053 si
3510 2997 3810 3051 historiam

2222 3104 2457 3164 spectes,
2492 3095 2786 3163 praelatus
2840 3093 2934 3147 ille
2969 3100 3027 3147 et
3088 3092 3321 3163 insignis
3367 3100 3586 3152 cantus,
3614 3089 3715 3159 qui
3743 3087 3814 3142 ob

2221 3200 2545 3258 prosperum
2579 3187 2874 3254 quemdam
2930 3198 3253 3240 successum
3301 3196 3367 3238 ac
3397 3183 3691 3237 victoriam
3720 3194 3813 3234 ca-

2212 3279 2416 3333 tnitur:
2461 3279 2505 3332 si
2538 3288 2720 3332 autem
2752 3277 3105 3349 allegoricum
3133 3288 3358 3331 sensum
3393 3288 3635 3343 quaeras,
3668 3270 3810 3327 Novi

2221 3370 2558 3427 Testamenti
2596 3373 2804 3425 cantio.
2856 3369 3000 3425 Tum
3046 3370 3195 3423 enim
3231 3382 3373 3423 nova
3420 3366 3613 3421 omnia
3650 3365 3809 3419 [acta

2222 3476 2372 3530 sunt,
2419 3476 2473 3522 et
2521 3474 2775 3522 creatura
2829 3479 2992 3530 nova,
3029 3472 3086 3522 et
3149 3477 3328 3519 novus
3370 3460 3561 3528 homo,
3609 3472 3667 3516 et
3698 3460 3812 3515 vita

2221 3573 2383 3625 nova,
2421 3567 2477 3615 et
2524 3573 2662 3613 nova
2697 3556 2981 3623 mandata,
3015 3564 3070 3611 et
3121 3571 3263 3611 nova
3302 3556 3505 3626 gratia,
3546 3562 3603 3608 et
3656 3567 3811 3606 nove

2216 3649 2672 3722 pollicitationes,
2705 3658 2760 3704 et
2804 3663 2948 3704 nova
2986 3656 3361 3709 sacramenta,
3390 3654 3448 3701 et
3481 3660 3623 3700 nova
3671 3660 3810 3715 pra:-

2224 3752 2403 3814 cepta.
2452 3743 2636 3812 Atque
2710 3755 2778 3796 eo
2834 3740 3064 3795 nomine
3122 3737 3336 3793 Novum
3390 3735 3807 3793 Testamentum

2222 3833 2449 3899 dicitur,
2490 3847 2599 3887 non
2628 3834 2806 3889 solum
2846 3844 2897 3888 a‘
2920 3841 3189 3902 tempore,
3218 3830 3315 3886 sed
3351 3829 3516 3884 etiam
3544 3843 3578 3883 a
3608 3837 3806 3884 natura

2223 3939 2415 3981 earum
2454 3938 2662 3991 rerum,
2693 3939 2817 3994 quae
2850 3924 2906 3978 in
2948 3938 3014 3980 eo
3036 3922 3410 3991 contigerunt.
3436 3920 3803 3991 quandoqui-

2225 4017 2351 4074 dem
2407 4017 2594 4072 omnia
2639 4019 2898 4072 innovata
2947 4027 3096 4081 sunt,
3148 4023 3204 4069 et
3252 4015 3311 4069 in
3370 4013 3565 4083 primis
3622 4015 3806 4078 homo,

2227 4119 2451 4181 propter
2478 4124 2643 4181 quem
2680 4110 2865 4165 omnia
2896 4109 3250 4164 exstiterunt.
3285 4106 3355 4162 Et
3394 4105 3620 4176 quidem
3652 4108 3806 4176 juxta

2215 4203 2543 4267 historiam,
2576 4202 2840 4273 quoniam
2891 4215 2957 4255 ex
3012 4198 3264 4254 Hebraeis
3298 4198 3393 4252 alii
3440 4196 3649 4267 captivi
3704 4195 3807 4250 Ba-

2218 4294 2481 4364 bylonem
2517 4293 2739 4348 abducti
2772 4300 2921 4359 sunt,
2952 4306 3019 4347 ac
3069 4306 3265 4346 rursus
3297 4289 3436 4346 salvi
3489 4297 3547 4344 et
3598 4289 3806 4343 incolu-

540 4352 764 4415 oamini,
797 4352 967 4422 igitur
988 4356 1198 4422 insular,
1221 4361 1417 4429 inquit,
1439 4360 1553 4416 hoc
1570 4372 1678 4429 est,
1710 4373 2037 4420 vetustatem
2056 4382 2120 4427 ex

2232 4399 2347 4439 mes
2414 4382 2848 4454 Hierosolymam
2892 4382 3196 4446 redierunt,
3253 4379 3347 4435 alii
3406 4377 3810 4449 Hierosolymis

541 4456 728 4498 errore
773 4454 828 4500 et
867 4460 1092 4516 peccato
1127 4462 1470 4507 contractam
1531 4468 1564 4507 a
1622 4456 1882 4512 cordibus
1916 4460 2119 4513 vestris

541 4534 744 4602 ejicite,
777 4553 842 4593 ac
874 4555 969 4607 per
1007 4543 1384 4610 paenitentiam
1438 4554 1494 4600 et
1553 4546 1712 4604 [idem
1753 4549 2120 4606 innovamini.

615 4628 754 4682 lbid.
831 4627 1135 4685 lnnovatur
1212 4637 1377 4703 etiam
1442 4639 1585 4705 apud
1664 4638 1832 4693 alium
1893 4641 2124 4712 prophe-

548 4727 658 4770 tam
685 4716 822 4789 (25),
842 4729 948 4775 etc.
979 4721 1166 4779 Murus
1193 4727 1413 4795 quidem
1446 4744 1622 4782 aureus
1647 4731 1792 4799 apud
1828 4729 2122 4788 Jenemiam

548 4807 821 4875 reperitur
856 4822 871 4861 :
926 4809 1063 4864 Ecce
1095 4815 1265 4880 enim,
1305 4816 1506 4886 inquit,
1552 4822 1705 4885 posui
1759 4831 1807 4875 te
1842 4832 1901 4875 ut
1940 4825 2131 4878 civita-

551 4903 653 4949 tem
689 4896 972 4963 munitam,
1006 4910 1053 4952 et
1081 4911 1139 4953 ut
1169 4919 1381 4957 murum
1402 4909 1682 4965 cereum“.
1726 4912 1913 4970 Murus
1943 4927 2125 4971 autem

544 4988 849 5043 innovatus
882 4992 1232 5064 simpliciter,
1267 5012 1331 5055 ac
1356 5014 1467 5053 non
1509 5017 1686 5058 aereus
1729 5007 1876 5076 apud
1924 5008 2125 5065 lsaiam

618 5146 666 5178 "
698 5146 805 5202 lsa.
838 5162 948 5213 tu,
986 5150 1037 5205 l.
1111 5151 1156 5184 “
1182 5152 1384 5217 Jerem.
1413 5173 1453 5221 ι,
1484 5159 1573 5219 18.
1648 5162 1694 5195 ’δ’
1728 5163 1834 5219 lsa.
1870 5182 1981 5231 xvn,
2012 5167 2100 5220 ll.

624 5281 930 5371 (ΞξλμΑριιιι
971 5286 1138 5343 alium
1172 5299 1517 5371 prophetam.
1576 5299 1781 5371 Duplici
1831 5303 1900 5357 de
1957 5320 2126 5371 causa

557 5354 834 5433 prophetat
887 5372 1091 5433 nomen
1141 5354 1361 5417 silentio
1393 5354 1815 5433 pressum'esse
1838 5354 2128 5430 Elimia}?

558 5426 938 5513 velut'lectunt
950 5429 1184 5513 quidem
1210 5446 1239 5485 a
1266 5426 1556 5513 scriptore,
1581 5426 1838 5496 caeterum
1871 5426 2133 5513 prudenti

557 5494 790 5583 cqnsilip
814 5494 1064 5583 tacitum,
1097 5507 1158 5555 ut
1199 5494 1421 5583 animus
1440 5494 1649 5583 noster
1679 5494 2137 5583 sd‘ebrb'ni’dﬁaé

560 5573 995 5649 commemorata
1019 5580 1168 5636 sunt,
1214 5572 1618 5649 indagationem
1665 5572 2137 5649 exstimulareiur,

557 5630 646 5684 vel
685 5636 887 5704 potius,
945 5648 1006 5694 ut
1059 5630 1289 5710 prorsus
1325 5630 2139 5719 incognuuimiaiiii{alii

2231 4484 2873 4544 manscrmitzutrosque
2930 4473 3101 4529 David
3163 4473 3235 4528 ad
3278 4487 3489 4529 novum
3530 4470 3806 4527 canticum

2233 4569 2632 4622 decantandnm
2660 4569 3004 4632 cohortatur,
3025 4567 3163 4621 alios
3183 4566 3332 4635 quod
3357 4565 3411 4619 in
3439 4564 3639 4635 patriis
3667 4563 3809 4619 sedi-

2234 4657 2338 4711 bus
2367 4657 2690 4723 manserint,
2718 4658 2856 4713 alios
2882 4656 3027 4728 quod
3068 4657 3121 4710 in
3162 4659 3397 4725 patriam
3439 4656 3655 4712 reversi
3678 4657 3805 4710 sint.

2234 4748 2305 4801 At
2324 4748 2480 4818 juxta
2532 4749 2891 4819 anagogicum
2938 4763 3186 4813 sensum,
3219 4746 3455 4819 Babylon
3485 4756 3571 4803 est
3613 4746 3807 4802 confu-

2231 4834 2336 4897 sio,
2366 4844 2424 4888 et
2445 4832 3005 4891 mentis'obscuratio
3042 4851 3075 4891 a
3101 4836 3339 4892 turbidis
3370 4836 3539 4891 animi
3570 4838 3807 4891 motibus

2229 4937 2295 4976 ac
2334 4924 2840 4991 perturbationibus
2883 4926 3102 4995 injecta.
3155 4927 3397 4999 Babylon
3432 4927 3582 4981 enim
3616 4926 3807 4983 confu-

2229 5014 2441 5068 sionem
2478 5023 2660 5070 sonat.
2699 5016 3001 5072 Jerusalem
3042 5027 3226 5073 autem
3274 5027 3359 5072 est
3394 5017 3734 5087 tranquillus
3759 5023 3811 5072 et

2229 5309 2418 5374 verba,
2441 5325 2565 5382 qua:
2589 5309 2846 5375 similiter
2874 5319 2932 5374 ut
2971 5312 3286 5382 prophetica
3318 5310 3807 5377 circumferuntur.

2230 5389 2395 5448 atque
2451 5381 2805 5444 scribuntur,
2860 5381 3177 5437 nectamen
3228 5397 3462 5449 usquam
3497 5396 3808 5437 eorumno-

2232 5450 2381 5505 mina
2429 5461 2686 5517 exstant,
2727 5461 2823 5506 aut
2877 5463 3068 5507 contra
3123 5452 3467 5515 exstantibus
3520 5463 3806 5507 auctorum

2236 5519 2579 5591 nominibus,
2601 5521 2802 5591 scripta
2830 5521 2946 5591 ipsa
2981 5523 3406 5577 interciderunt.
3437 5520 3638 5590 Neque
3668 5524 3805 5577 enim

2237 5589 2537 5662 verisimile
2564 5602 2649 5662 est
2707 5589 2874 5656 eum,
2933 5592 2982 5647 si
3027 5592 3407 5662 propheticum
3455 5589 3565 5662 hoc
3611 5607 3805 5647 neuneu

2243 5659 2526 5727 cognitum
2562 5660 2868 5731 habuisset,
2897 5659 3042 5718 illud
3078 5659 3178 5718 nes
3206 5662 3509 5718 celaturum
3548 5661 3742 5719 fuisse.
