4024 6292
94 275 264 339 ista
1055 281 1376 343 NICETAS
1420 284 1499 345 IN
1541 238 1763 346 mur.
1811 286 2015 346 XLIII
2056 288 2119 346 s.
2159 288 2390 351 GREG.
3259 286 3398 354 ttlt

89 398 361 460 pacatus
386 387 581 440 animae
612 392 808 449 status,
844 397 1009 455 atque
1036 392 1103 445 ab
1149 393 1440 448 aﬁectuum
1474 398 1713 451 tumultu
1746 402 1792 457 Α
1822 396 1965 465 quod
1998 393 2142 449 Deus
2189 396 2349 450 Pater
2401 395 2542 450 bona
2596 401 2871 452 voluntate
2914 403 3275 467 comprobans
3313 417 3404 455 os-

88 497 172 535 ac
215 481 465 549 strepitu
510 479 666 532 liber.
699 476 998 535 Jerusalem
1032 484 1201 546 enim,
1234 487 1280 540 si
1313 487 1710 557 interpreteris,
1820 488 2010 551 tendit,
2038 496 2091 541 et
2123 486 2360 556 Spiritus
2388 495 2636 553 sanctus,
2669 488 2827 556 cujus
2858 487 3086 557 ﬁguram
3119 491 3260 560 gerit
3304 506 3395 545 sa-

92 573 278 641 pacis
343 571 607 625 visionem
669 570 960 638 signiﬁcat.
1019 574 1489 639 Quemadmodum
1547 580 1714 650 igitur
1820 579 1977 649 piens
2007 578 2266 643 Beselecl,
2301 579 2486 632 labore
2512 594 2614 633 suo
2643 591 2696 633 et
2728 580 2997 634 industria
3028 580 3277 649 perfecit,
3333 596 3398 636 ac

92 675 252 718 tunc
295 663 383 716 fas
418 676 526 714 non
554 669 673 715 erat
700 660 901 716 Judaeis
928 664 1142 720 divinos
1173 678 1366 725 cantus
1398 669 1450 724 in
1483 671 1713 726 barbara

95 767 267 810 terra
305 765 553 817 cantare,
595 756 813 808 tametsi
850 756 958 809 illis
992 757 1358 816 instrumenta
1412 779 1521 819 non
1556 764 1713 821 dees-

98 856 273 908 sent,
313 862 506 899 verum
544 846 802 900 dicebant
834 863 848 899 :
892 848 1166 911 Quomodo
1217 853 1550 908 cantabimus
1582 871 1712 909 can-

100 941 288 991 ticum
330 937 544 990 Domini
600 938 653 989 in
707 947 854 991 terra
908 939 1081 993 aliena
1101 939 1183 997 "‘:
1245 944 1324 999 sic
1359 961 1459 1001 nec
1514 950 1711 1015 nobis,

101 1030 347 1083 etiamsi
383 1044 446 1083 os
473 1044 537 1082 ac
564 1028 823 1099 linguam,
855 1045 979 1099 qua:
1014 1037 1282 1088 sermonis
1314 1049 1516 1105 organa
1564 1051 1712 1104 sunt,

112 1120 460 1184 habeamus,
519 1117 601 1173 fas
630 1127 711 1173 cst
768 1119 1015 1174 libertate
1070 1121 1325 1191 loquendi
1365 1128 1443 1180 uti
1468 1166 1483 1194 ,
1518 1127 1570 1181 id
1604 1137 1708 1193 est,

107 1214 364 1267 ﬁdenter
394 1228 458 1268 ac
506 1212 678 1267 libere
726 1213 900 1281 ipsius
943 1215 1210 1269 auxilium
1244 1233 1492 1286 quaerere
1545 1227 1709 1289 atque

107 1304 449 1373 implorare,
482 1304 726 1373 qnandiu
754 1313 1000 1373 peccato,
1020 1322 1130 1375 quo
1161 1310 1291 1362 nulli
1313 1310 1530 1364 barbari
1562 1326 1712 1365 acer-

112 1395 312 1449 biores
374 1398 588 1467 tyranni
642 1408 795 1464 sunt,
856 1401 1235 1468 servierimus,
1271 1418 1433 1472 atque
1492 1405 1548 1459 in
1601 1404 1708 1458 alia

114 1487 415 1554 republica
463 1488 754 1546 fuerimus.
784 1491 859 1546 Os
888 1492 1031 1547 enim
1096 1496 1255 1550 nobis
1298 1496 1565 1565 Propheta
1612 1498 1710 1551 ob-

113 1580 298 1632 struit
334 1580 525 1635 dicens
556 1599 569 1635 :
602 1584 885 1636 Peccatori
922 1594 1105 1638 autem
1152 1585 1292 1637 dixit
1334 1586 1497 1651 Deus,
1533 1587 1710 1652 Quare

1829 672 2128 740 spiritualis
2168 671 2343 724 Moses
2366 669 2618 725 Christus
2653 670 2863 740 opiﬁcis
2904 671 3008 724 ritu
3046 686 3140 740 per
3173 687 3232 725 se
3268 671 3402 725 clie-

1816 762 1934 826 cit,
1977 762 2267 815 humanam
2302 760 2557 815 videlicet
2601 770 2851 815 naturam
2888 763 2941 814 in
2979 778 3036 815 se
3071 764 3190 831 ipso
3248 778 3399 816 com-

1813 852 2043 922 pingens
2077 867 2170 920 per
2204 852 2599 921 hypostaticam
2634 853 2912 906 unionem.
2945 852 3085 907 Area
3122 864 3398 920 postremo

1812 959 1996 997 rerum
2026 943 2267 996 omnium
2301 943 2633 997 creationem
2684 943 2971 1013 designare
3018 953 3203 1013 queat,
3234 961 3396 1015 quam

1811 1036 1971 1088 Pater
1994 1041 2051 1089 ut
2065 1048 2218 1088 mens
2238 1034 2511 1103 cogitavit,
2537 1032 2707 1089 Filius
2721 1042 2780 1088 ut
2800 1033 3031 1090 Verbum
3049 1036 3318 1095 condidit.
3334 1052 3399 1092 ac

1812 1122 2048 1193 denique
2074 1123 2313 1192 Spiritus
2340 1132 2565 1177 sanctus
2582 1125 2846 1179 omnibus
2872 1127 3114 1181 numeris
3136 1128 3395 1182 absolvit.

1836 1272 1841 1279 π
1882 1213 2021 1267 ibid.
2048 1215 2116 1267 (Σ.
2146 1213 2271 1267 Jam
2324 1229 2541 1284 regnum
2587 1230 2791 1285 quoque
2842 1215 3036 1269 Davidi
3089 1218 3393 1271 innovatum

1811 1312 1913 1372 est,
1940 1315 2048 1359 etc.
2094 1306 2256 1360 Prius
2308 1305 2480 1360 David
2511 1321 2541 1361 a
2568 1307 2822 1361 Samuele
2867 1307 2923 1361 in
2970 1307 3245 1363 Bethleem
3292 1326 3394 1364 un-

1814 1404 1938 1449 ctus
1961 1404 2068 1459 est,
2112 1403 2171 1449 ut
2212 1397 2444 1450 habetur
2475 1397 2494 1450 l
2530 1398 2662 1466 Reg.
2694 1412 2811 1466 cap.
2844 1413 2898 1452 ν.
2928 1396 3150 1461 Deinde,
3182 1401 3392 1454 exstin-

1808 1493 1903 1539 cto
1934 1484 2119 1549 Saule,
2154 1484 2208 1537 in
2242 1485 2456 1539 Hebron
2502 1501 2596 1539 rex
2624 1488 2892 1540 salutatus
2923 1496 3026 1549 est,
3065 1496 3118 1540 ut
3163 1498 3393 1541 testatur

1810 1576 2094 1629 secundus
2127 1573 2299 1639 liber;
2328 1574 2489 1627 tertio
2522 1582 2645 1644 post
2694 1574 2969 1627 interitum
3021 1573 3393 1643 Mephiboscth

121 1677 186 1721 tu
220 1685 453 1725 enarras
497 1671 745 1740 justitias
789 1690 955 1739 meas,
986 1685 1034 1727 et
1066 1678 1295 1730 assumis
1342 1684 1707 1732 testamentum
1752 1667 1887 1744 Aab
1910 1665 2186 1733 universis
2216 1664 2490 1719 “‘ibUbus-
2524 1666 2666 1735 3'80
2696 1675 2750 1718 ει
2778 1679 2903 1719 cum
2936 1673 3058 1733 Ροθί
3083 1663 3392 1719 "Mummi"

117 1776 308 1814 meum
339 1777 432 1829 Per
488 1779 547 1816 os
577 1773 725 1817 tuum
763 1764 806 1797 ⁸⁷
833 1768 859 1822 9
890 1764 1257 1837 Posteaquam
1286 1778 1468 1825 autem
1499 1785 1564 1825 ex
1596 1772 1709 1841 spi-
1745 1742 1791 1803 BV
1817 1775 2044 1830 regnum
2086 1760 2187 1829 ipsi
2220 1769 2535 1824 novaretur,
2561 1758 2761 1814 festum
2795 1759 3093 1813 celebravit
3129 1774 3142 1811 :
3178 1767 3233 1813 et
3267 1775 3394 1813 rur-

118 1852 315 1908 rituali
342 1855 655 1924 captivitate
678 1872 774 1926 per
801 1860 1178 1927 paenitentiam
1201 1862 1356 1930 quasi
1378 1862 1712 1931 postliminio

118 1945 799 2020 redierimus,novamque
820 1966 1014 2006 rursus
1036 1952 1156 2007 vitae
1174 1954 1446 2008 rationem
1465 1964 1519 2009 ει
1536 1953 1713 2007 admi~

120 2036 518 2093 nistrationem
544 2038 850 2105 inierimbs,
867 2049 985 2095 tum
1015 2042 1233 2097 demum
1255 2043 1326 2098 ob
1354 2043 1496 2099 hanc
1513 2059 1708 2099 novam

128 2129 334 2197 vitam,
384 2144 585 2185 novum
630 2147 851 2202 quoque
889 2142 1111 2188 cantum
1155 2137 1529 2191 concinemus.
1564 2137 1709 2203 Quin

123 2221 299 2274 ctiam
329 2221 430 2288 illi,
460 2221 555 2291 qui
586 2223 924 2293 spiritualem
946 2225 1312 2294 captivitatem
1349 2241 1698 2297 nequaquam

126 2311 613 2378 pertulerunt,sed
649 2313 703 2367 in
740 2313 937 2369 virtute
979 2325 1236 2385 tanquam
1280 2318 1334 2369 in
1362 2317 1537 2385 patria
1555 2333 1711 2372 man-

128 2411 350 2468 serunt,
367 2416 431 2458 ac
451 2404 779 2473 proﬁciendo
797 2421 965 2460 novos
982 2407 1213 2461 subinde
1230 2408 1442 2464 virtutis
1461 2423 1712 2479 progres-

125 2508 227 2549 sus
244 2494 686 2559 faciunt,novum
710 2509 932 2567 quoque
945 2499 1219 2552 canticum
1249 2500 1358 2554 Deo
1390 2502 1706 2555 concinunt.

208 2585 347 2640 Ibid.
379 2586 514 2639 Tum
533 2588 697 2640 etiam
747 2589 1034 2642 testimonii
1083 2606 1211 2643 arca
1260 2591 1564 2656 innovatur,
1600 2602 1706 2649 etc.

133 2674 419 2745 Scriptum
460 2686 547 2732 est
578 2679 717 2732 libro
750 2677 1112 2735 Numerorum
1151 2698 1166 2735 :
1195 2678 1486 2753 Postquam
1533 2684 1709 2742 Moses

131 2780 321 2824 arcam
350 2769 548 2832 erexit,
582 2769 893 2825 obtulerunt
938 2773 1223 2827 duodecim
1263 2775 1536 2845 principes
1557 2814 1573 2842 ,
1605 2776 1710 2832 hoc

131 2868 241 2925 est,
299 2861 539 2915 tribuum
599 2862 861 2932 praefecti,
915 2864 982 2919 ad
1038 2864 1233 2920 altaris
1285 2867 1705 2934 dedicationem,

135 2965 361 3006 munera
409 2967 530 3017 sua,
562 2954 820 3008 nimirum
852 2956 1135 3010 acetabula
1166 2967 1438 3027 argentea,
1464 2970 1517 3014 et
1548 2959 1707 3029 phia-

1818 1867 1913 1907 sus
1934 1867 2059 1907 cum
2118 1865 2216 1921 per
2269 1852 2539 1906 universae
2588 1851 2780 1919 ;plebis
2845 1850 3224 1906 salutationem
3290 1851 3395 1920 ipsi

1812 1945 2151 2017 principatus
2200 1946 2573 2010 innovaretur,
2607 1945 2749 1999 diem
2792 1944 2942 1998 illum
2979 1944 3162 1998 laetitia
3206 1951 3261 1999 et
3306 1959 3398 2000 so-

1817 2039 2097 2094 lemnitate
2150 2049 2476 2109 prosecutus
2509 2045 2591 2093 est
2613 2077 2629 2104 ,
2665 2038 2814 2107 regni
2863 2036 3392 2092 administratio-tem

1819 2147 2133 2201 capessens.
2166 2131 2329 2186 Juxta
2382 2131 2696 2201 allegoriam
2728 2138 2912 2184 autem
2943 2129 3243 2200 spirituaiis
3293 2128 3398 2183 Da-

1822 2226 1911 2280 vid
1949 2225 2204 2279 Christus
2235 2234 2341 2286 est,
2376 2238 2561 2285 verus,
2608 2222 2870 2291 inquam,
2906 2222 2995 2277 ille
3024 2238 3118 2277 rex
3153 2222 3278 2277 novi
3314 2222 3394 2276 is-

1815 2320 1976 2376 raelis
1999 2335 2063 2374 ac
2079 2318 2315 2373 videntis
2327 2317 2517 2384 Deum,
2531 2326 2591 2372 ut
2611 2333 2675 2372 ex
2695 2315 3074 2388 genere'David
3093 2317 3397 2371 secundum

1816 2409 2462 2468 carnemoriundusJiic
2490 2409 2542 2463 in
2578 2409 2754 2479 primo
2805 2423 2908 2464 suo
2949 2409 3182 2462 adventu
3222 2423 3396 2479 quan-

1822 2511 1937 2558 tum
1959 2502 2025 2556 ad
2062 2502 2460 2555 humanitatem
2485 2511 2684 2556 unctus
2703 2509 2789 2554 est
2813 2517 2826 2554 :
2848 2508 2904 2553 at
2925 2501 2978 2553 in
3002 2501 3245 2554 secundo
3263 2510 3315 2553 et
3331 2499 3398 2552 il-

1818 2593 1982 2647 lustri
2010 2602 2067 2647 ut
2088 2595 2231 2647 Deus
2246 2601 2300 2646 et
2320 2591 2603 2654 Dominus,
2623 2594 2911 2659 omnisque
2932 2599 3194 2644 creatura:
3216 2589 3326 2642 llex
3343 2598 3398 2642 et

1814 2685 2042 2740 Creator
2071 2682 2525 2752 proclamabitur,
2560 2681 2642 2735 vel
2669 2680 2840 2735 etiam
2874 2679 3244 2748 proclamatus
3288 2687 3395 2743 est,

1813 2777 1937 2832 data
1968 2776 2182 2830 scilicet
2210 2774 2280 2836 ei,
2310 2782 2370 2828 ut
2393 2772 2623 2838 homini,
2655 2773 2805 2825 omni
2836 2778 3107 2840 potestate
3157 2770 3211 2825 in
3256 2770 3397 2825 cmlo

1812 2875 1866 2922 et
1896 2866 1949 2920 in
1978 2874 2125 2919 terra
2155 2864 2224 2919 ⁸⁸.
2258 2863 2431 2918 Porro
2456 2864 2631 2933 ipsius
2655 2878 2908 2932 regnum,
2931 2863 2976 2916 si
3005 2863 3223 2931 quidem
3248 2865 3397 2932 prio-

1814 2970 1931 3011 rem
1968 2955 2282 3008 unctionem
2323 2963 2652 3020 spectemus,
2703 2952 2758 3004 in
2806 2951 3179 3020 conceptionis
3225 2954 3398 3022 ipsius

137 3042 220 3097 las
253 3053 568 3112 argenteas,
611 3055 665 3099 et
712 3046 985 3101 thuribula
1029 3061 1216 3111 aurea,
1250 3058 1309 3131 ει
1340 3049 1594 3105 animalia
1640 3052 1707 3107 ad
1737 3076 1779 3137 α
1819 3047 1903 3102 vel
1939 3045 2242 3101 nativitatis
2276 3045 2415 3098 festo
2447 3044 2740 3097 innovatur
2771 3061 2785 3096 :
2815 3042 2862 3097 si
2899 3052 3077 3096 autem
3100 3048 3394 3098 secundam

138 3135 514 3191 holocaustum
547 3134 783 3191 “.Hanc
806 3153 972 3208 porro
1012 3138 1310 3194 testimonii
1348 3154 1530 3195 arcam
1570 3142 1706 3200 Mosi

137 3227 587 3301 compingendam
640 3230 913 3283 mandavit
957 3228 1100 3285 Deus
1132 3246 1148 3285 :
1181 3228 1367 3285 Facies
1407 3232 1543 3285 enim
1568 3273 1581 3295 ,
1622 3235 1706 3287 in-

134 3319 278 3388 qtﬁt,
304 3318 464 3387 juxta
504 3320 685 3372 omnia
716 3318 1153 3388 qutecunqaetioi
1184 3318 1238 3372 in
1272 3332 1441 3375 monte
1467 3326 1706 3389 ostendo,

137 3410 238 3463 hoc
275 3420 375 3473 est,
409 3409 564 3478 juxta
613 3410 893 3478 exemplar
930 3424 1092 3475 arcte,
1124 3410 1271 3481 quod
1318 3411 1417 3465 tibi
1465 3428 1565 3483 ego
1610 3430 1705 3469 os-

141 3502 320 3562 tendo,
351 3509 456 3553 etc.
483 3498 550 3553 “.
582 3497 821 3554 Beseleel
855 3510 1037 3554 autem
1084 3514 1147 3555 ex
1175 3500 1316 3556 tribu
1359 3501 1502 3557 Jnda
1531 3512 1704 3570 ortus,

136 3603 298 3659 quem
336 3590 479 3644 Deus
534 3591 727 3658 spiritu
781 3593 1061 3660 sapientiae
1094 3595 1385 3662 impletum
1428 3597 1706 3653 architecti

141 3696 362 3735 munere
403 3680 551 3750 fungi
588 3683 773 3750 jussit,
808 3696 929 3736 eam
980 3683 1235 3751 absolvit,
1257 3685 1404 3741 Diosc
1433 3685 1553 3756 ejus
1591 3688 1705 3743 for-

142 3788 284 3826 niam
326 3775 709 3842 praescribente
756 3774 909 3842 juxta
957 3777 1232 3840 exemplar
1282 3778 1387 3845 ipsi
1429 3793 1459 3832 a
1490 3778 1600 3834 Deo
1652 3783 1706 3835 in

144 3871 324 3916 monte
345 3870 653 3916 ostensum.
676 3865 747 3916 At
771 3861 951 3917 Moses
987 3863 1105 3933 ipse
1132 3878 1251 3919 eam
1276 3867 1485 3931 statuit,
1508 3882 1706 3937 quem.-

144 3951 430 4006 admodum
464 3950 533 4005 de
572 3950 656 4006 his
684 3950 939 4006 omnibus
969 3952 1027 4006 in
1058 3950 1228 4008 Exodi
1252 3954 1393 4009 libro
1430 3954 1707 4012 fusissime

143 4044 398 4112 scriptum
436 4048 543 4096 est.
574 4040 896 4096 Testimonii
944 4057 1108 4112 porro
1150 4058 1280 4099 arca
1302 4045 1449 4100 dicta
1482 4056 1588 4112 est,
1621 4048 1705 4103 vel

146 4136 268 4204 quia
294 4148 533 4204 capsam,
561 4135 616 4189 in
651 4148 758 4204 qua
791 4143 846 4189 et
866 4134 1200 4199 Testamenti
1233 4136 1433 4201 tabulae
1455 4175 1472 4204 ,
1501 4146 1556 4193 et
1584 4153 1705 4193 am-

148 4225 315 4295 phora
337 4226 508 4294 ipsius
539 4238 740 4280 manna
760 4224 1212 4291 continebantur,
1245 4227 1313 4282 ad
1361 4242 1552 4285 eorum
1585 4242 1707 4299 quat

147 4324 260 4368 tum
296 4322 441 4382 gesta
491 4320 545 4368 et
595 4314 715 4383 lege
763 4315 972 4370 sancit:
1034 4313 1271 4380 fuerant,
1327 4317 1703 4375 testimonium

1812 3140 2319 3211 proclamatlonem,
2358 3135 2415 3189 in
2438 3134 2578 3189 festo
2618 3133 2819 3189 celebri
2854 3131 3317 3190 Resurrectiouis.

1883 3228 2020 3284 lbid.
2046 3224 2221 3280 Facta
2241 3234 2364 3279 sunt
2391 3225 2548 3277 etiam
2579 3224 2831 3277 Encaznia
2863 3221 3269 3293 Hierosolymis,
3287 3235 3392 3280 ctc.

1810 3320 2067 3377 Encamia
2102 3320 2209 3374 hoc
2246 3318 2367 3372 loco
2398 3315 2673 3385 intelligit,
2708 3330 2818 3369 non
2857 3315 3056 3385 prioris
3081 3317 3226 3371 illius
3250 3326 3396 3371 strn-

1810 3422 1979 3470 cturae
2001 3411 2215 3481 templi,
2244 3422 2365 3479 quae
2392 3418 2659 3477 regnante
2681 3405 2976 3461 Salomone
2991 3404 3148 3476 facta
3173 3417 3274 3469 est,
3296 3408 3395 3462 sed

1810 3504 2134 3578 posterioris
2161 3502 2331 3565 illius,
2359 3514 2480 3568 quae
2509 3498 2744 3553 reditum
2790 3495 3102 3551 Judaeorum
3131 3512 3199 3550 ex
3219 3495 3396 3569 Baby-

1810 3599 1989 3654 lonica
2030 3594 2349 3663 captivitate
2389 3599 2581 3647 secuta
2634 3596 2741 3644 εει.
2770 3588 2908 3643 Cum
2945 3588 3111 3660 igitur
3143 3587 3395 3645 Eucaerus

1806 3690 1902 3744 illa
1947 3688 2292 3743 celebrarent
2333 3683 2586 3737 Israelita:
2614 3721 2629 3745 ,
2678 3696 2789 3737 non
2842 3681 3008 3736 modo
3054 3681 3229 3737 hiems
3277 3695 3396 3735 erat

1810 3777 2076 3835 naturalis
2107 3790 2173 3830 ac
2199 3774 2473 3831 sensibilis
2494 3809 2511 3838 ,
2545 3773 3005 3842 quemadmodum
3051 3788 3394 3828 commemo—

1810 3880 1895 3927 rat
1919 3867 2248 3931 Joannes“,
2299 3867 2393 3921 sed
2416 3867 2588 3921 etiam
2626 3864 2964 3937 spiritualis,
2996 3878 3192 3935 nempe
3232 3864 3393 3934 perﬁ-

1809 3965 1915 4020 dite
1945 3973 2001 4019 et
2028 3959 2452 4021 incredulitatis,
2477 3968 2538 4012 ut
2583 3956 2883 4027 Gregorius
2926 3964 3114 4012 noster
3144 3956 3393 4026 exponit.

1808 4055 2009 4108 Aderat
2027 4059 2208 4106 autem
2228 4057 2286 4105 et
2298 4046 2585 4115 Jesus,qui
2603 4055 2817 4116 tempus
2834 4045 3053 4117 quidem
3072 4059 3239 4100 omne
3255 4059 3393 4116 prte-

1806 4140 1953 4194 cedit
1985 4147 2047 4193 ut
2074 4136 2246 4201 Deus,
2269 4149 2460 4190 recens
2484 4141 2668 4188 autem
2717 4143 2772 4188 et
2825 4148 3000 4190 novus
3027 4143 3112 4191 est
3130 4175 3146 4202 ,
3172 4144 3232 4189 ut
3258 4146 3391 4191 tem.

1808 4231 1957 4300 plutn
1992 4236 2049 4284 et
2081 4225 2582 4297 bomo:;tempium,
2608 4225 2853 4295 inquam.
2884 4227 2953 4281 de
2985 4240 3098 4294 quo
3140 4225 3392 4280 Salvator

1802 4320 1927 4390 ipse
1941 4318 2077 4373 dixit
2092 4332 2108 4371 :
2121 4315 2321 4373 Soluite
2345 4314 2595 4383 temptant
2607 4314 2774 4378 hoc,et
2789 4314 2845 4366 in
2862 4314 3033 4368 tribus
3051 4314 3234 4368 diebus
3255 4314 3393 4368 illud

148 4404 737 4475 coniinnationemque,
755 4405 998 4463 clausam
1025 4405 1245 4463 haberet
1267 4407 1316 4441 “
1344 4425 1359 4463 :
1388 4408 1473 4475 vel
1493 4409 1625 4481 quia
1650 4412 1706 4466 in
1732 4398 1788 4460 Ῑ)
1811 4409 2051 4468 excitabo
2067 4407 2401 4478 ".Corporis
2419 4407 2566 4462 enim
2584 4405 2843 4474 templum
2863 4419 2975 4461 uno
2991 4404 3291 4475 eodemque
3305 4405 3395 4460 die

151 4496 262 4564 ipsa
310 4494 573 4553 Dominus
625 4496 1071 4567 conspiciendum
1127 4512 1188 4554 se
1240 4500 1508 4570 praebens,
1571 4502 1708 4561 loci

153 4601 325 4645 rerum
370 4589 698 4656 agendarum
728 4588 813 4644 vel
844 4603 962 4645 ,non
1013 4590 1347 4657 agendarum
1391 4592 1612 4651 oracula
1656 4602 1711 4650 et

156 4679 575 4741 contestationes
601 4679 815 4745 edebat,
863 4694 897 4735 a
957 4680 1161 4750 quibus
1212 4696 1418 4738 nomen
1453 4685 1663 4755 accepit
1682 4703 1704 4741 ιε

160 4767 479 4835 Coutrstare,
507 4769 706 4840 inquit,
737 4771 792 4826 id
824 4780 931 4837 est,
970 4771 1223 4841 praecipe,
1260 4774 1456 4842 popqu
1494 4774 1618 4830 Iutis
1636 4778 1710 4845 Il;

160 4865 239 4919 vel
262 4863 419 4921 etiam
450 4880 482 4922 ι
518 4866 638 4937 iege
664 4866 742 4922 ita
770 4868 1208 4939 nuncupabatur,
1238 4883 1361 4937 qua:
1394 4869 1559 4931 etiam
1595 4871 1713 4940 ipsa

159 4956 510 5013 testimonium
560 4958 781 5024 dicitur,
821 4957 978 5026 juxta
1022 4959 1194 5015 illud:
1252 4959 1575 5016 Testimonia
1622 4970 1715 5015 tua

156 5048 418 5103 credibilia
462 5049 606 5118 facta
628 5060 756 5105 sunt
790 5052 950 5106 nimis
980 5050 1049 5106 ".
1078 5052 1255 5122 Hujus
1281 5066 1426 5107 arcte
1463 5050 1714 5107 Encmnia

160 5140 488 5208 primuinque
546 5155 744 5202 usum.
797 5142 864 5196 ad
921 5158 1080 5212 quem
1108 5143 1397 5213 magniﬁce
1428 5151 1487 5197 et
1531 5132 1715 5197 multis

159 5231 450 5300 sumptibus
489 5240 768 5288 exstructa
800 5233 1013 5295 fuerat,
1035 5233 1553 5293 Mosescelebravit.
1597 5233 1714 5288 Cae-

163 5337 322 5379 terum
371 5338 496 5381 arca
551 5340 771 5395 quoque
827 5326 1124 5381 testimonii
1169 5326 1278 5380 dici
1344 5325 1518 5396 possit
1577 5324 1712 5379 illud

162 5416 431 5487 mysticum
482 5415 578 5475 Dei
632 5416 923 5473 consilium
972 5419 1039 5473 de
1088 5417 1247 5473 Verbi
1310 5417 1709 5481 incarnatione,

223 5601 265 5632 “
294 5597 429 5652 Psal.
458 5612 677 5661 cum,
710 5592 766 5648 4.
873 5593 916 5625 ⁸⁷
937 5593 1082 5649 Psal.
1113 5610 1261 5651 xux.
1296 5595 1384 5649 16.

163 5685 326 5726 xxxvt.
398 5665 633 5723 "Exod.
666 5678 781 5730 xtx,
817 5661 907 5718 2i.

1496 5595 1543 5627 “
1582 5593 1848 5657 Nutn.vtt,
1872 5594 1894 5647 l
1919 5607 2073 5662 seqq.

991 5662 1198 5719 “Psal.
1226 5679 1356 5732 xcn,
1396 5665 1451 5721 5.
1526 5665 1573 5699 "
1608 5663 1799 5720 Matth.
1829 5678 1974 5727 xxvr,
1998 5657 2096 5717 T8.
2169 5661 2217 5693 ”
2244 5658 2402 5714 Joan.
2436 5672 2490 5724 ι,
2528 5657 2619 5711 22.

1815 4499 2112 4574 (passionis
2126 4497 2356 4567 scilicet)
2369 4495 2604 4552 solutqu
2622 4502 2808 4558 est,ac
2826 4495 2987 4550 tertio
3003 4503 3125 4564 post
3143 4496 3235 4550 die
3248 4495 3395 4549 exci-
3432 4513 3449 4533 ι

1806 4602 1988 4650 totum
2023 4610 2038 4648 :
2073 4604 2176 4647 nec
2199 4590 2312 4659 jam
2364 4587 2620 4653 moritur,
2671 4587 2788 4651 sed,
2827 4596 2884 4642 ut
2937 4584 3176 4641 Danielis
3213 4585 3396 4641 verbis

1816 4694 1968 4751 utar,
1992 4691 2183 4739 manet
2224 4683 2281 4736 in
2317 4681 2539 4737 saecula.
2571 4679 2639 4734 Et
2674 4678 2895 4749 quidem
2949 4687 3180 4732 mortem
3223 4677 3395 4734 subiit

1819 4778 2112 4840 Christus,
2173 4783 2235 4829 ut
2284 4771 2445 4837 mihi,
2499 4772 2601 4827 hoc
2657 4780 2780 4836 est,
2831 4769 3089 4825 omnibus
3158 4770 3392 4825 salutem

1820 4870 2031 4925 aﬂ‘erat.
2069 4866 2326 4923 Surrexit
2352 4872 2561 4926 autem,
2603 4871 2666 4918 ut
2713 4877 2803 4916 me
2834 4876 2863 4915 a
2894 4860 3063 4916 veteri
3098 4860 3252 4930 lapsu
3281 4860 3395 4915 eri-

1821 4970 1934 5032 gat,
1966 4968 2126 5029 atque
2157 4974 2225 5013 ex
2249 4957 2416 5012 veteri
2441 4968 2643 5011 novum
2672 4952 3034 5008 instauranda
3058 4950 3250 5008 «iaciat.

1918 5051 2038 5106 Col.
2092 5049 2206 5103 .610
2252 5050 2317 5103 Α.
2354 5048 2498 5115 Quin
2543 5046 2757 5101 divinus
2811 5059 3016 5115 quoque
3066 5042 3240 5097 David
3302 5057 3393 5095 cor

1814 5144 2069 5199 mundum
2106 5143 2163 5195 in
2191 5155 2248 5193 se
2277 5155 2476 5202 creare,
2499 5148 2608 5192 etc.
2656 5136 2989 5205 Intelligendi
3025 5137 3107 5190 vis
3137 5144 3191 5189 et
3224 5132 3393 5188 facul-

1813 5245 1896 5291 tas
1919 5252 1951 5289 a
1973 5232 2175 5287 Davide
2198 5238 2555 5284 cor-vocatur
2589 5244 2604 5280 :
2636 5227 2945 5281 intellectus
2991 5234 3171 5279 autem
3223 5222 3393 5291 agita—

1812 5328 1990 5383 tiones
2022 5323 2292 5378 viscerum
2342 5319 2563 5375 nomine
2596 5319 2960 5389 appellantur.
2994 5318 3073 5372 Ac
3115 5314 3394 5370 facultatis

1810 5413 2187 5472 intellectricis
2207 5412 2505 5483 puritatem
2536 5417 2593 5463 et
2615 5409 2839 5479 spiritus
2880 5406 3279 5462 innovationem
3333 5420 3387 5454 m

2186 5590 2234 5623 "
2262 5587 2431 5643 Exod.
2458 5560 2586 5651 xxv,
2610 5586 2698 5641 40.
2812 5585 2858 5617 '°
2883 5582 2997 5635 Exo
3018 5583 3195 5648 Lutt,
3224 5596 3381 5643 xxxv.

2725 5654 2769 5688 ⁵⁸
2813 5651 2944 5707 Joan
2977 5666 3012 5705 ι.
3041 5651 3126 5706 l9.
