4076 6292
655 239 798 305 1m
2075 242 2458 302 ADDENDA.
3811 253 3948 309 ωε

657 355 1080 428 cogitationibus
1149 354 1312 425 petit,
1362 369 1468 409 non
1521 364 1580 410 ttt
1631 370 1737 410 non
1790 356 2020 422 habens,
2047 356 2141 409 sed
2189 366 2247 409 ut
2276 370 2318 420 Α
2350 354 2599 426 angelico
2625 355 2831 411 lumine
2861 356 3128 426 posterius
3162 366 3406 413 creatum
3438 375 3507 413 ac
3542 364 3950 430 temporaria

657 459 926 519 exoptans
953 446 1229 502 recentius
1268 447 1526 516 quiddam
1549 446 1793 516 quotidie
1829 448 1931 502 sibi
1959 447 2240 501 accedere.
2348 453 2453 509 est,
2485 447 2608 508 hoc,
2638 446 2883 515 inquam,
2922 447 3144 502 materia
3175 459 3440 504 constans
3481 463 3543 504 et
3602 453 3955 506 mundanum

660 539 950 594 lnnovatio
982 539 1185 610 quippe
1236 554 1434 592 novum
1487 538 1792 608 profectum
1854 538 2099 608 quotidie
2149 554 2245 592 na-
2349 535 2528 590 iumen
2580 537 2634 591 in
2683 550 3070 607 aspectutnque
3111 541 3334 595 cadens.
3368 539 3507 594 Nam
3575 552 3638 597 et
3700 559 3735 595 a
3805 557 3958 597 rte-rte

662 641 900 686 scentetn
931 629 1416 698 accessionemth
1445 629 1740 698 signiﬁcat.
2351 627 2783 690 interscinditur,
2819 639 2874 683 et
2909 639 3122 684 noctem
3155 646 3349 686 rursus
3379 635 3559 701 aquis
3595 635 3958 700 DOI‘liOItile:

740 721 878 775 lbid.
914 717 1019 774 Sed
1051 721 1178 790 quid
1223 720 1353 773 mihi
1385 719 1542 789 plura
1570 718 1830 772 Encazm'a
1865 718 2109 787 colligere
2155 735 2249 772 ne-
2351 719 2678 782 intersecat;
2738 735 3129 789 nonnunquam
3195 724 3341 776 enim
3390 739 3514 778 eam
3563 730 3960 795 magnitudine

663 829 806 868 cessa
843 822 938 874 est,
978 821 1084 865 etc.
1119 810 1280 876 Quid,
1317 811 1518 880 inquit,
1545 813 1702 880 plura
1734 808 1984 863 Enczcnia
2005 823 2248 862 comtne-
2350 821 2594 881 superat,
2627 826 3022 880 nonnunquam
3077 829 3295 869 rursum
3348 817 3418 870 ab
3474 831 3542 872 ea
3603 834 3960 885 superatur;

665 921 884 961 morare
927 921 1152 961 necesse
1181 913 1282 971 est,
1337 921 1460 959 cum
1490 907 1692 973 possim
1725 903 1976 957 Encaania
2014 903 2125 957 lucc
2151 902 2250 958 do-
2352 913 2724 971 quantumque
2766 902 2866 971 ipsi
2895 903 3091 969 aufert,
3123 914 3330 959 tanttnn
3359 907 3614 962 vicissim
3657 909 3744 961 ab
3779 926 3849 961 eo
3879 926 3964 961 et-

666 1014 812 1065 cere,
842 1014 962 1068 quae
991 1014 1138 1052 nunc
1171 1006 1394 1068 propter
1438 997 1669 1052 salutem
1719 1004 1967 1052 nostram
2012 995 2253 1050 celebra-

664 1108 815 1156 mus,
854 1101 914 1145 ut
959 1095 1050 1161 qui
1095 1106 1202 1146 non
1247 1091 1422 1146 solum
1447 1091 1727 1160 duplicem
1781 1098 2012 1144 mortem
2051 1088 2253 1160 fugeri-

667 1199 812 1248 mus,
859 1183 1086 1238 alteram
1140 1183 1396 1237 nimirum
1463 1182 1834 1252 corruptionis
1880 1190 1934 1236 et
1975 1181 2250 1247 interitus,

667 1277 897 1332 alteram
927 1275 1131 1346 peccati
1157 1275 1211 1329 in
1251 1274 1472 1330 Christo
1503 1275 1770 1329 sublatam
1797 1284 1851 1329 et
1881 1273 2207 1328 exstinctam
2233 1291 2250 1327 :

669 1369 765 1422 sed
794 1367 964 1422 etiam
997 1367 1198 1436 duplici
1226 1367 1346 1421 vita:
1394 1366 1556 1422 nobis
1610 1365 1666 1420 in
1703 1365 1924 1420 Christo
1961 1374 2132 1434 parta:
2160 1364 2256 1418 ad-

664 1460 840 1531 juneti
895 1460 1182 1524 fuerimus,
1226 1474 1422 1528 nempe
1452 1469 1506 1514 et
1535 1457 1828 1513 immortali
1870 1458 1950 1512 illi
1993 1466 2158 1526 atque
2198 1456 2252 1509 in

668 1568 764 1620 spe
796 1551 1009 1620 positat,
1041 1561 1096 1604 et
1128 1550 1177 1605 ei
1217 1565 1338 1618 quae
1383 1551 1436 1604 in
1485 1552 1692 1620 peccati
1743 1549 2102 1619 oppressione
2147 1547 2255 1603 sita

668 1653 773 1696 est.
804 1642 1060 1697 Christus
1103 1643 1249 1696 enim
1291 1651 1539 1697 mortuus
1589 1651 1672 1696 est
1726 1651 1782 1696 et
1820 1640 2149 1707 resurrexit,
2196 1649 2256 1693 ut

2353 1003 2669 1061 torquetur,
2714 1009 2860 1048 nunc
2892 995 3114 1064 quidem
3164 1000 3405 1051 maximo
3456 999 3550 1052 die
3605 1000 3966 1053 brevissim:

2354 1085 2527 1150 nocti,
2562 1099 2708 1139 nunc
2737 1095 2930 1140 contra
2953 1087 3192 1141 maxima
3242 1098 3400 1144 nocte
3453 1091 3824 1144 brevissimo
3874 1094 3966 1145 dici

2356 1177 2685 1232 succedente
2716 1194 2730 1234 :
2763 1179 2897 1232 adeo
2937 1188 2996 1232 ut
3039 1194 3141 1233 nec
3204 1181 3460 1234 horarum
3516 1198 3824 1244 numero,
3882 1202 3966 1235 lit‘i‘

2352 1270 2534 1339 spatio
2559 1276 2614 1323 et
2640 1269 2923 1324 intervallo
2952 1270 3186 1325 alterum
3207 1271 3274 1325 ab
3298 1273 3471 1327 altero
3501 1283 3858 1341 superetur,
3883 1279 3960 1328 sed

2353 1369 2544 1429 pacata
2583 1367 2637 1415 et
2695 1360 2984 1429 tranquilla
3031 1363 3380 1417 aemulatione
3434 1365 3578 1418 inter
3612 1379 3688 1420 se
3740 1377 3955 1424 certast.

2355 1465 2420 1506 ac
2450 1451 2721 1507 maximus
2770 1453 2888 1507 dies
2937 1453 3188 1509 maximae
3219 1455 3382 1520 nocti,
3412 1455 3820 1511 brevissimus
3863 1461 3961 1510 hrc-

2354 1542 2596 1598 vissimae
2638 1544 2986 1612 respondeat.
3038 1543 3154 1599 Hoc
3223 1546 3402 1616 itaque
3473 1547 3676 1602 lumen
3744 1552 3806 1600 in
3859 1565 3960 1602 aere

2357 1633 2539 1690 fusum
2573 1644 2629 1691 et
2657 1651 2959 1705 expansum
2991 1645 3102 1702 est,
3136 1652 3298 1706 quem
3329 1647 3523 1692 natura
3560 1654 3670 1694 sua
3705 1643 3968 1710 caligine-

669 1746 770 1784 nos
800 1738 1024 1799 peccato
1075 1731 1402 1796 moriamur,
1444 1741 1608 1799 atque
1638 1729 1690 1783 in
1722 1729 1960 1783 novitate
1981 1729 2106 1783 vita:
2137 1743 2257 1782 am-
2286 1712 2332 1771 Β
2371 1743 2494 1783 sum
2524 1743 2588 1783 ac
2643 1737 2815 1783 totum
2848 1729 2900 1782 in
2934 1745 2992 1784 se
3026 1740 3371 1800 compactum
3397 1743 3566 1800 atque
3597 1737 3970 1786 commistum

669 1826 921 1879 htdemus
945 1826 1014 1878 '°.
1050 1824 1206 1889 Quod
1256 1833 1440 1878 autem
1489 1822 1871 1877 Encmniorum
1921 1837 2118 1876 nomen
2168 1837 2255 1876 se—

667 1917 848 1970 cundo
882 1916 1175 1985 repetitum
1208 1923 1314 1979 est,
1340 1930 1564 1970 causam
1598 1916 1666 1968 ab
1699 1915 1819 1984 ipso
1843 1913 2120 1982 Theologo
2155 1912 2254 1965 ad-

671 2023 864 2061 nexam
895 2007 1078 2062 habet.
1113 2005 1247 2061 Nam
1281 2022 1345 2062 ea
1375 2023 1496 2078 qua:
1517 2007 1812 2075 voluptatis
1848 2021 2010 2060 sensu
2039 2005 2254 2059 animos

671 2111 890 2156 nostros
914 2099 1178 2164 alliciunt,
1214 2097 1513 2153 identidem
1540 2114 1650 2168 pra:
1675 2097 1874 2167 gaudio
1922 2096 2252 2165 repetimus:

670 2193 917 2246 nomium
961 2201 1144 2246 tamen
1191 2190 1460 2260 quidquid
1494 2192 1765 2255 volumus,
1794 2190 2131 2258 expressisse
2161 2204 2257 2240 tto-

670 2285 756 2340 bis
792 2285 1064 2340 videmur.
1122 2282 1419 2338 lnnovatas
1483 2297 1650 2338 aures
1698 2281 1906 2336 afferte.
1966 2281 2256 2335 lnnovatur

671 2376 816 2430 enim
847 2376 1017 2442 auris,
1049 2375 1105 2430 in
1135 2390 1300 2446 quam
1349 2375 1475 2429 novi
1520 2374 1726 2442 aliquid
1784 2374 2021 2438 insonat,
2049 2382 2105 2426 et
2137 2388 2258 2441 qua:

671 2479 734 2518 ea
758 2464 935 2530 audit,
964 2479 1085 2534 quae
1115 2480 1396 2534 nunquam
1427 2472 1585 2518 antea
1614 2464 1916 2518 audiverat.

747 2556 881 2610 Ibid.
913 2556 978 2614 Β.
995 2555 1191 2609 Lumen
1214 2571 1374 2608 unum
1390 2565 1438 2608 et
1460 2552 1836 2616 inaccessibile,
1854 2550 2256 2608 etc.Prolessus

673 2643 986 2713 Theologus
1011 2661 1070 2699 se
1099 2645 1256 2698 nobis
1307 2645 1658 2707 traditurum,
1687 2646 1948 2714 quidnam
1995 2643 2109 2698 sint
2151 2643 2258 2697 En-

671 2737 864 2800 cteuia,
896 2750 1017 2804 quae
1069 2751 1101 2789 a
1132 2735 1295 2790 nobis
1338 2735 1703 2800 celebrantur,
1745 2751 1852 2789 non
1896 2737 2081 2790 statim
2131 2752 2258 2805 pro-

676 2827 834 2883 missi
870 2827 1028 2882 fidem
1060 2827 1262 2896 explet,
1299 2828 1397 2882 sed
1435 2828 1600 2882 altius
1638 2843 1669 2882 a
1711 2828 1977 2892 theologia
2013 2839 2068 2880 et
2104 2837 2256 2881 natu-

679 2921 779 2976 rali
811 2919 1156 2989 philosophia
1201 2934 1384 2982 orsus,
1411 2935 1475 2974 ac
1508 2918 1705 2973 deinde
1739 2920 1804 2972 ad
1839 2917 2193 2973 humanitatis
2223 2933 2254 2972 a

2362 1819 2674 1874 illustravit.
2718 1819 2972 1889 Aspectui
3024 1830 3206 1874 autem
3252 1822 3534 1891 oculisque
3593 1827 3970 1879 commissum

2362 1922 2417 1966 et
2444 1912 2705 1966 donatum
2737 1924 2842 1966 est.
2875 1911 3156 1983 Siquidem
3190 1924 3416 1983 aspectu
3453 1926 3685 1970 remoto
3717 1917 3897 1971 inane
3923 1934 3972 1969 ac

2367 2019 2834 2073 supervacaneum
2887 2005 3114 2060 luminis
3182 2005 3384 2060 donum
3429 2006 3695 2060 futurum
3755 2019 3872 2063 est.
3919 2008 3976 2060 Id

2362 2095 2502 2166 quod
2537 2095 2625 2147 dat
2668 2097 2885 2159 accipit.
2918 2095 3104 2152 Oculis
3138 2099 3282 2151 enim
3315 2097 3424 2150 vim
3463 2101 3744 2154 cernendi
3802 2101 3973 2160 aﬁ'crt.

2363 2188 2710 2256 primumque
2737 2187 2808 2240 ab
2840 2187 3015 2241 oculis
3061 2187 3400 2258 conspicitur
3435 2206 3452 2242 :
3487 2192 3970 2258 quemadmodum

2365 2279 2501 2332 Dion
2552 2277 2844 2333 Prusensis
2885 2278 3097 2334 erudite
3139 2279 3380 2348 scripsit.
3426 2279 3631 2350 Neque
3685 2286 3846 2337 enim
3898 2301 3970 2337 res

2365 2369 2542 2424 oculis
2573 2371 2849 2439 subjectas
2883 2369 3099 2423 sublato
3149 2369 3354 2422 lumine
3392 2382 3665 2439 aspectus
3708 2375 3869 2427 solus
3899 2377 3945 2426 in

2364 2472 2567 2530 tuetur,
2594 2464 2687 2518 sed
2717 2464 3125 2543 lumen‘oculos
3144 2465 3578 2525 circumlustrat,
3614 2468 3962 2536 pritltumque

2363 2566 2484 2621 quae
2515 2553 2568 2604 itt
2599 2551 2794 2605 oculos
2827 2551 3081 2616 incurrit,
3117 2566 3182 2605 ac
3215 2551 3415 2607 deinde
3454 2554 3640 2622 ipsius
3675 2571 3848 2624 Opera
3890 2574 3958 2607 res

2363 2659 2578 2715 quoque
2595 2643 2712 2698 alia:
2728 2644 2780 2697 in
2799 2652 3144 2712 conspectum
3161 2644 3375 2698 cadunt
3388 2645 3656 2699 Circnmf
3655 2663 3816 2700 usum
3831 2648 3955 2700 enim

2364 2737 2432 2790 iis
2457 2737 2638 2800 rebus,
2659 2751 2778 2804 quae
2793 2746 3012 2804 aspectu
3032 2737 3357 2799 sentiuntur,
3380 2737 3701 2793 libertatem
3724 2740 3836 2792 illis
3854 2755 3954 2808 pcr-

2364 2828 2818 2896 spicuitatemque
2839 2827 3028 2890 donat,
3051 2829 3102 2880 id
3123 2838 3232 2891 est,
3268 2827 3450 2893 edicit,
3473 2841 3533 2882 nt
3553 2842 3865 2899 appareant
3887 2843 3958 2882 at-

2363 2937 2466 2990 que
2487 2931 2802 2976 cernantur.
2827 2920 2923 2976 Vel
2967 2922 3128 2975 etiam
3154 2920 3453 2975 libertatem
3492 2921 3682 2988 aﬂ‘ert,
3719 2937 3779 2978 ut
3805 2941 3963 2977 unus-

674 3007 894 3062 Christo
917 3013 1210 3076 assumpta
1235 3005 1524 3061 consilium
1552 3006 1909 3074 descendens,
1935 3007 2009 3060 ita
2034 3007 2251 3061 demum
2289 3071 2328 3083 ⁸
2363 3013 2594 3083 quisque
2621 3009 2845 3083 preprio
2898 3014 3047 3082 operi
3082 3013 3406 3082 munerique
3462 3014 3776 3072 incumbat.
3802 3015 3966 3070 Nocte

674 3097 742 3153 de
755 3096 1021 3152 Encatniis
1036 3071 1348 3166 pertractat.
1365 3099 1442 3152 Ac
1457 3097 1524 3152 de
1541 3096 1825 3154 divinitate
1848 3071 2066 3170 quidem
2088 3098 2253 3154 verba
2283 3071 2328 3129 Ο
2360 3071 2595 3158 enim-ac
2621 3071 2857 3158 tenebris
2877 3071 3279 3159 dominantibus
3299 3119 3491 3160 omnes
3512 3107 3582 3160 ab
3598 3108 3828 3162 actione
3846 3124 3969 3163 con-

672 3190 884 3247 faciens
916 3191 1098 3246 lumen
1132 3189 1301 3246 Deum
1335 3193 1669 3258 nominat,et
1705 3192 1888 3248 lumen
1915 3208 2083 3248 unum
2122 3192 2252 3263 (una
2355 3198 2675 3268 quiescunt,
2714 3213 2810 3252 nec
2851 3197 3040 3265 pedem
3085 3197 3249 3251 domo
3283 3196 3475 3250 efferre
3537 3198 3709 3252 libere
3737 3201 3966 3253 audent.

675 3283 846 3348 enim,
903 3284 1155 3354 quamvis
1204 3285 1256 3339 in
1286 3285 1462 3339 tribus
1520 3286 1796 3354 personis,
1833 3295 1919 3341 est
1975 3283 2253 3356 divinitas)
2425 3286 2544 3341 Col.
2577 3289 2683 3341 610
2737 3287 2970 3342 C.Num
3017 3305 3137 3341 cum
3179 3287 3322 3342 Deus
3365 3290 3504 3342 Iumc
3546 3305 3610 3343 ea:
3657 3291 3966 3345 uisibiltbtts

677 3385 845 3446 atque
875 3376 925 3431 id
959 3377 1358 3439 inaccessibile,
1394 3376 1542 3446 quod
1568 3374 1786 3446 quidem
1817 3377 1937 3447 plus
1974 3387 2058 3433 est
2087 3394 2254 3449 quam
2358 3390 2406 3435 et
2442 3380 2820 3444 inuisibilibus,
2855 3389 2966 3435 etc.
3005 3381 3199 3435 Adhuc
3237 3381 3292 3434 in
3329 3396 3584 3435 sermone
3635 3383 3706 3437 de
3744 3383 3964 3438 lumine

680 3467 1136 3537 imperceptibile.
1172 3465 1555 3521 Inaccessibile
1605 3466 1749 3519 enim
1803 3468 1905 3523 hoc
1936 3469 2159 3535 dicitur,
2188 3471 2254 3522 ad
2359 3482 2752 3535 commoratur,
2789 3472 2976 3541 aitque
3011 3488 3026 3525 :
3061 3470 3298 3526 Mundus
3341 3473 3673 3528 intellectilis
3705 3491 3770 3530 ac
3801 3479 3964 3547 spiri-

677 3561 825 3629 quod
853 3575 922 3616 ne
943 3560 1208 3614 accedere
1227 3558 1446 3629 quidem
1498 3559 1788 3629 quisquam
1823 3568 2020 3628 potest,
2053 3561 2254 3617 nedum
2359 3565 2521 3620 tualis
2545 3579 2572 3617 a
2605 3563 2709 3618 Deo
2734 3577 2970 3629 creatus,
2989 3563 3164 3633 ipsum
3193 3563 3382 3629 Deum,
3407 3563 3589 3621 lumen
3619 3571 3963 3644 maximum,

679 3653 732 3708 id
773 3651 1254 3721 comprehendere.
1297 3656 1478 3721 Atque
1527 3652 1694 3706 etiam
1757 3653 2124 3709 successionis
2164 3669 2259 3709 ex-
2359 3654 2617 3720 habebat,
2674 3669 2739 3708 ac
2785 3656 3014 3725 proinde
3044 3655 3179 3710 nihil
3208 3666 3346 3719 erat,
3376 3672 3469 3709 cur
3492 3661 3824 3716 secundum
3883 3667 3960 3718 lu-

679 3760 803 3812 pers
830 3758 952 3799 esse
981 3742 1278 3797 divinitatis
1322 3744 1504 3798 lumen
1547 3744 1779 3798 aliirmat
1802 3784 1818 3808 ,
1849 3746 1915 3799 ad
1945 3747 2140 3802 solaris
2180 3748 2258 3802 lu-
2361 3762 2488 3802 men
2515 3747 2834 3817 requireret.
2861 3748 2940 3804 Ac
2977 3749 3145 3804 rebus
3183 3750 3545 3813 inferioribus,
3576 3760 3632 3804 et
3669 3755 3836 3810 circa
3861 3773 3948 3811 nos

680 3835 848 3889 minis
895 3834 1288 3902 differentiam,
1345 3836 1436 3890 cui
1482 3852 1588 3891 nox
1635 3839 1903 3893 succedit.
1963 3837 2106 3904 Jam,
2158 3853 2259 3894 nec
2362 3838 2579 3908 positis,
2621 3847 2750 3894 ante
2789 3840 2895 3894 alia
2942 3840 3165 3896 luminis
3214 3842 3380 3910 hujus
3420 3844 3706 3899 sensibilis
3753 3851 3860 3900 vim
3906 3859 3947 3899 et

681 3925 1032 3994 principium,
1064 3940 1167 3980 nec
1214 3927 1376 3981 tinent
1422 3927 1644 3994 habere,
1673 3929 1769 3983 sed
1809 3931 1958 3984 omni
2004 3945 2258 3986 mensura
2362 3929 2674 3986 facultatem
2706 3917 3385 4000 produxit.'Conveniebat
3422 3935 3570 3989 enim
3617 3953 3825 4008 magno
3871 3943 3941 3990 lu-

681 4025 738 4069 et
791 4015 1305 4085 circumscriptione
1360 4017 1650 4073 sublimius
1687 4034 1812 4074 esse
1843 4021 2024 4075 docet.
2057 4020 2258 4075 Adhaec
2363 4022 2520 4088 mini,
2547 4023 2654 4076 hoc
2686 4033 2792 4088 est,
2829 4021 2975 4089 Deo,
3011 4023 3269 4078 inferiora
3315 4026 3418 4079 ista
3447 4025 3670 4081 efﬁcere
3721 4032 3941 4098 paranti.

683 4115 943 4175 perpetuo
993 4107 1254 4176 fulgidum
1303 4119 1493 4174 vocat,
1541 4117 1600 4164 ut
1651 4111 1990 4166 successioni
2034 4113 2261 4168 minime
2371 4131 2479 4171 non
2522 4115 2743 4170 aliunde
2778 4115 2980 4186 opificii
3011 4119 3097 4171 sui
3133 4118 3462 4187 principium
3496 4136 3666 4188 quam
3697 4125 3941 4176 alumine

681 4197 1311 4268 obnoxiumsemperque
1335 4198 1546 4265 lucens,
1565 4200 2255 4272 atqueadeogtrifulgidum,
2367 4208 2588 4272 ducere,
2622 4223 2733 4277 quo
2764 4219 2818 4262 et
2853 4208 3105 4262 tenebras
3151 4210 3334 4274 solvit,
3389 4225 3458 4262 ac
3499 4223 3718 4266 vastam
3768 4229 3939 4283 conge-

684 4296 872 4357 utpote
905 4288 957 4341 in
989 4289 1164 4344 tribus
1186 4291 1442 4358 personis
1475 4291 1728 4346 rutilans.
1759 4291 2010 4362 Cumque
2035 4294 2263 4349 dixisset
2367 4299 2504 4354 riem
2552 4309 2606 4353 et
2651 4299 3028 4354 confusionem
3055 4342 3072 4366 ,
3114 4301 3298 4354 omnia
3365 4303 3521 4370 prius
3579 4319 3938 4374 occupantem.

682 4383 866 4436 lumen
907 4381 1070 4472 illud,
1118 4391 1403 4472 quantum
1421 4391 1528 4472 est,
1587 4398 1617 4435 a
1660 4385 1852 4452 paucis
1903 4385 2172 4455 pervideri
2210 4397 2265 4442 et
2293 4413 2346 4472 D
2376 4392 2520 4446 Luce
2549 4392 2752 4462 quippe
2797 4395 3038 4446 nondum
3071 4405 3274 4460 creata,
3310 4395 3654 4450 inconditum
3702 4410 3818 4453 erat
3856 4400 3937 4452 hoc

681 4467 921 4536 spectari
967 4481 1147 4536 posse.
1179 4467 1467 4524 οοηίεειὶω
1498 4469 1602 4525 hoc
1634 4472 1840 4526 diem!“
1890 4484 1949 4528 ιιι
1994 4490 2126 4530 vero
2162 4477 2268 4529 mi-
2293 4467 2332 4472 _
2373 4483 2691 4538 universum
2722 4493 2886 4552 atque
2918 4485 3311 4539 inordinatum.
3337 4484 3600 4542 Ordinem
3627 4499 3813 4548 autem
3840 4502 3942 4560 post

681 4562 828 4614 nime
855 4568 1285 4614 consentaneum
1312 4559 1564 4627 arripuit,
1595 4576 1763 4630 seque
1805 4564 2091 4633 corrigens
2133 4581 2269 4620 exa-
2385 4575 2510 4629 caeli
2567 4584 2622 4628 ct
2671 4584 2830 4628 terra:
2893 4574 3251 4630 ct-eationem‘
3290 4579 3472 4632 statim
3525 4559 3940 4637 animadverterc

683 4659 1111 4738 cte-aperteque
1161 4649 1320 4713 dixit,
1371 4650 1480 4702 imo
1513 4665 1577 4704 ne
1613 4653 1794 4720 paucis
1834 4655 2074 4721 quidem,
2111 4667 2274 4725 atque
2372 4679 2540 4733 queas
2571 4683 2586 4718 ε
2624 4663 2750 4718 Fiat
2787 4665 2971 4730 enim,
3025 4667 3230 4736 inquit,
3281 4670 3699 4738 firmamentum.
3737 4672 3938 4732 Deinde.

686 4736 759 4788 ita
793 4735 1108 4806 hujusmodi
1154 4739 1337 4794 lumen
1384 4741 1535 4795 nullo
1584 4743 1745 4797 modo
1785 4745 1993 4814 percipi
2026 4756 2079 4800 et
2120 4762 2258 4801 conn

2372 4756 2635 4811 Germinet
2668 4767 2832 4822 terra,
2859 4765 2916 4812 ct
2949 4768 3140 4813 cattera
3193 4763 3383 4816 eodem
3418 4765 3581 4818 modo
3607 4765 3675 4816 ”.
3704 4765 3810 4820 L‘bi
3862 4785 3938 4819 au-

687 4827 947 4895 prehendi
1002 4845 1165 4898 posse
1228 4831 1547 4888 declaravit.
1583 4834 1729 4890 Deus
1787 4836 1953 4906 igitur
2010 4839 2266 4909 princeps

687 4919 872 4972 lumen
899 4929 1006 4986 est,
1036 4921 1266 4990 fonsque
1304 4925 1595 4979 luminum.
1643 4925 1897 4981 Secunda
1945 4940 2128 4984 autem
2180 4930 2266 4984 lu-

705 5009 875 5073 mina,
929 5011 998 5066 ab
1047 5027 1114 5066 eo
1144 5012 1327 5068 lumen
1381 5016 1732 5084 accipientia,
1781 5021 1986 5076 caelites
2039 5025 2268 5080 virtutes

695 5109 818 5154 sunt
870 5101 1037 5158 Deum
1077 5103 1518 5172 circumstantes,
1567 5117 1624 5163 et
1674 5120 1731 5164 ut
1781 5111 2021 5168 Hebraeis
2067 5113 2268 5170 Paulus

685 5194 934 5250 scribens
963 5197 1040 5250 ait
1074 5214 1089 5250 :
1134 5197 1612 5254 Administratorii
1653 5203 1902 5271 spiritus,
1937 5206 1992 5258 in
2035 5208 2270 5261 ministe-

686 5287 824 5338 rium
855 5287 1025 5353 missi,
1053 5296 1268 5356 propter
1292 5305 1401 5355 eos,
1437 5292 1528 5360 qui
1572 5292 1800 5346 salutent
1833 5295 2141 5348 Itwreditate
2179 5313 2269 5350 ac-

687 5381 893 5447 cepturi
929 5390 1056 5434 sunt
1085 5381 1152 5436 ⁸⁷.
1195 5382 1262 5436 At
1301 5393 1547 5438 nostrum
1603 5385 1707 5440 boc
1749 5387 1956 5452 lumen,
1983 5403 2084 5442 nec
2117 5390 2264 5458 prin-

686 5473 850 5542 cipio,
898 5488 998 5529 nec
1043 5473 1392 5532 successione
1441 5487 1611 5543 caret,
1641 5485 1702 5531 ut
1746 5479 2012 5544 divinum,
2073 5482 2164 5535 scd
2210 5491 2264 5535 ct

757 5631 802 5663 '°
843 5631 1001 5690 Rem.
1033 5649 1108 5699 γι,
1132 5633 1188 5688 4.
1271 5634 1318 5666 ⁸⁸³
1350 5631 1516 5691 Hebr.
1552 5649 1592 5701 t,
1629 5633 1717 5690 14.

1795 5636 1841 5668 ⁸³
1883 5635 2076 5694 Grues.
2121 5653 2158 5701 ι,
2193 5637 2228 5691 2
2264 5652 2418 5708 seqq.
2496 5641 2541 5674 "

2375 4856 2480 4902 tem
2509 4849 2746 4917 primum
2795 4849 3056 4918 quiddam
3097 4860 3201 4915 est,
3236 4866 3301 4906 ac
3329 4853 3650 4917 secundum,
3685 4859 3816 4924 quis
3852 4858 3940 4911 illis

2375 4940 2621 4994 ordinem
2649 4955 2773 4994 esse
2821 4940 3035 4996 inficias
3084 4942 3242 4997 iverit
3268 4944 3290 4996 ?
3319 4942 3443 4997 Haec
3474 4956 3654 4999 autem
3680 4961 3711 4998 a
3742 4947 3940 5001 Platone

2378 5039 2660 5085 mutuatus
2698 5041 2804 5094 est,
2837 5033 2995 5102 cujus
3039 5032 3153 5089 haec
3195 5035 3353 5089 verba
3393 5047 3524 5090 sunt
3559 5056 3574 5090 :
3604 5037 3748 5092 Cum
3798 5042 3938 5094 Deus.

2376 5121 2641 5190 quidquid
2672 5122 2725 5175 itt
2759 5123 3016 5177 cernendi
3040 5137 3260 5179 sensum
3281 5129 3521 5193 caderet,
3548 5133 3936 5199 assuntpsisset,

2377 5229 2489 5268 non
2523 5215 2877 5282 tranquillum
2913 5225 2968 5270 et
2999 5219 3267 5287 quietum,
3306 5222 3400 5275 sed
3435 5223 3802 5279 immoderate
3843 5227 3938 5294 agi-

2375 5315 2544 5360 tatum
2569 5315 2621 5361 et
2643 5305 3001 5375 fluctuans,ex
3027 5311 3338 5366 inordinato
3362 5313 3416 5367 in
3440 5315 3691 5371 ordinem
3714 5320 3934 5375 adduxit.

2375 5394 2574 5450 Verum
2596 5394 2834 5453 fortasse
2865 5400 3134 5471 quispiam
3167 5403 3594 5473 addubitaverit,
3628 5423 3756 5464 cum
3788 5410 3936 5465 loses

2372 5482 2516 5538 dicat
2544 5501 2558 5538 :
2597 5482 2664 5538 In
2697 5487 2961 5557 principio
2983 5491 3181 5546 creavit
3207 5491 3347 5548 Deus
3375 5498 3563 5550 calum
3595 5509 3646 5552 et
3676 5501 3934 5574 terram”,

2604 5640 2741 5698 ibid.
2784 5643 2837 5699 1.
