4024 6292
302 283 437 350 ΗΠ

1212 274 1532 336 ΝΙΟΕΤᾹΞ
1571 273 1648 331 IN
1691 271 1910 331 OllAT.
1953 269 2151 328 XLllI
2195 268 2254 325 S.
2293 266 2520 323 GllEG.

3410 252 3544 322 1418

302 421 364 461 ac
389 413 572 474 postea
606 398 920 467 subiungat:
950 395 1012 450 Et
1045 395 1180 448 dixit
1207 391 1521 447 Deus:lt'ial
1547 389 1639 442 lux
1665 389 1868 472 “,quid
1904 397 1945 450 Α
1983 385 2124 438 Dens
2166 382 2484 453 organicum
2526 394 2552 431 a
2601 376 2869 448 principio
2903 391 3248 446 nequaquam
3286 377 3543 442 ostendit,

303 511 481 551 causa:
525 493 631 558 sil,
688 508 786 547 cur
822 489 1133 558 Tbeologus
1216 487 1383 540 Deum
1443 499 1580 550 opus
1643 497 1802 535 suum
1846 496 1872 532 n

306 589 509 642 lumine
543 586 884 653 auspicatum
918 595 1040 635 esse
1061 580 1229 633 dicat.
1267 576 1420 643 Quod
1453 576 1613 629 etiam
1642 589 1745 626 non
1777 572 1876 624 hoc

305 691 512 735 tantum
542 678 663 730 loco
697 676 848 738 dicit,
880 675 972 729 sed
1011 673 1063 727 in
1091 671 1237 742 poesi
1269 684 1486 740 quoque
1520 682 1640 730 sua,
1681 665 1734 719 in
1772 679 1875 734 qua

304 769 377 824 ita
406 769 602 823 cecinit
633 785 647 822 :

374 894 646 962 Principio
675 893 849 946 lnnteu
882 908 1118 944 summus
1153 891 1452 944 Madet-ator
1473 890 1669 959 olympi

379 962 548 1027 Fecit,
586 973 640 1014 ut
672 979 884 1015 accessu
916 963 1045 1014 lucis
1070 962 1368 1030 jucundior
1399 977 1525 1014 esset

377 1035 511 1087 Tota
543 1036 713 1100 operis
748 1034 923 1101 magni
955 1032 1116 1099 facies
1144 1046 1162 1083 :
1196 1047 1256 1083 ac
1289 1041 1468 1097 postea
1499 1030 1685 1101 «etiam

373 1104 670 1165 Sidereum,
699 1100 906 1171 [acinus
938 1101 1196 1166 mirabile,
1230 1101 1380 1153 duxit
1406 1104 1459 1152 in
1491 1100 1688 1152 orbem.

311 1217 373 1268 Et
408 1230 530 1284 qua:
558 1225 883 1283 sequuntur.

381 1305 487 1360 Sed
536 1305 722 1358 multis
785 1305 961 1359 modis
1017 1305 1158 1358 hanc
1211 1305 1612 1359 dubitationem
1669 1304 1883 1358 solvere

308 1398 454 1462 licet,
496 1406 661 1465 atque
700 1397 991 1450 ostendere
1023 1395 1303 1467 ,Tbeologi
1341 1397 1505 1450 verba
1552 1412 1675 1450 cum
1721 1395 1886 1451 Mosis

308 1487 490 1542 verbis
532 1503 875 1556 nequaquam
929 1503 1195 1558 pugnare.
1251 1488 1495 1541 Primum
1539 1489 1665 1557 quia
1710 1487 1887 1542 Moses

312 1594 528 1647 quoque
587 1579 702 1644 ipse
756 1588 878 1648 post
924 1579 1083 1648 primi
1141 1579 1265 1633 εαξιί
1322 1579 1650 1632 creationem
1701 1578 1884 1632 lumen

312 1668 544 1732 factum,
575 1668 770 1722 deimle
804 1670 1230 1733 ﬁrmamentum,
1266 1668 1320 1721 in
1352 1682 1461 1737 quo
1504 1677 1558 1722 ct
1600 1667 1769 1721 solem
1833 1678 1888 1720 et

311 1760 488 1814 sidera
535 1759 796 1814 collocata
837 1773 957 1814 esse
1007 1760 1224 1816 asserit.
1274 1758 1475 1813 Eodem
1526 1760 1670 1813 enim
1728 1755 1890 1810 modo

315 1848 622 1918 Tbeologus
662 1865 879 1919 quoque
917 1851 1094 1904 lucem
1127 1852 1364 1920 primum
1407 1847 1681 1904 conditam
1724 1847 1892 1907 fuisse

311 1939 408 2002 ait,
461 1937 658 1992 deinde
707 1941 908 1994 coelum
971 1939 1074 1993 hoc
1135 1940 1309 1993 stellis
1355 1939 1693 2002 distinctum,
1745 1938 1890 2006 quod

313 2030 475 2084 ctiam
515 2029 918 2084 ﬁrmamentum
973 2031 1316 2084 nominatum
1355 2039 1459 2094 est,
1489 2047 1551 2084 ac
1585 2033 1758 2098 primo
1791 2031 1893 2084 lioc

317 2122 457 2176 coelo
503 2121 732 2175 inferius
769 2129 872 2184 est,
901 2121 1046 2190 quod
1092 2120 1335 2190 profanis
1357 2136 1575 2190 quoque
1613 2120 1894 2188 scriptori-

319 2215 444 2278 bus,
474 2213 640 2269 Mosis
677 2213 982 2268 doctrinam
1015 2212 1436 2278 suﬂ‘urantibus,
1471 2227 1533 2265 ac
1565 2211 1670 2266 sibi
1719 2209 1894 2264 vindi-

320 2307 590 2368 cantibus,
627 2307 820 2359 caelum
863 2302 1133 2360 sideribus
1167 2321 1356 2359 carens
1395 2304 1614 2359 dicitur.
1650 2303 1896 2357 Secundo

319 2399 472 2468 juxta
507 2397 748 2467 Gregorii
788 2397 1020 2467 Nysseni
1060 2407 1385 2450 sententiam
1419 2397 1491 2450 ita
1523 2397 1667 2450 hunc
1691 2397 1892 2450 nodum

323 2491 595 2560 explicare
648 2504 942 2560 possumus
993 2506 1005 2541 :
1056 2488 1198 2542 Deus
1254 2488 1564 2541 universam
1613 2488 1894 2542 materiam

322 2581 486 2637 simul
527 2580 756 2646 creavit,
805 2595 872 2633 ex
903 2595 1010 2649 qua
1058 2579 1241 2633 onmia
1295 2582 1558 2647 producta
1603 2589 1750 2633 sunt.
1787 2575 1898 2631 llac

320 2686 484 2740 porro
508 2679 711 2731 creata,
741 2670 911 2738 prima
957 2669 1069 2727 lux.
1095 2678 1280 2738 utpote
1318 2669 1492 2738 magis
1519 2668 1731 2729 elﬁcax,
1774 2667 1897 2722 dis-

323 2770 474 2818 creta
525 2771 580 2817 et
630 2769 876 2830 separata
901 2771 1002 2825 est,
1027 2771 1191 2830 atque
1221 2761 1444 2814 exsiliit.
1474 2759 1603 2813 Post
1629 2761 1734 2813 alia
1785 2773 1899 2812 ma-

326 2854 463 2908 teria
500 2854 567 2907 ad
600 2853 722 2909 (ξωιί
765 2853 1120 2915 creationem,
1170 2852 1275 2905 alia
1333 2851 1399 2904 ad
1450 2860 1608 2903 terra:
1651 2861 1896 2903 constru-
1943 2845 1947 2852 ’

326 2948 567 3002 ctionem
612 2959 892 3016 assumpta
925 2957 1026 3010 cst,
1070 2957 1232 3014 atque
1259 2945 1330 2998 ita
1370 2943 1685 2996 universum
1723 2941 1902 3013 perfe-

1986 1394 2130 1447 enim
2191 1393 2480 1456 luminare,

1982 477 2032 530 id
2069 487 2174 538 est,
2205 474 2360 543 quasi
2398 473 2451 525 in
2486 484 2693 539 organo
2738 469 2971 538 quodam
3025 479 3078 523 et
3123 484 3350 536 corpore
3381 469 3549 536 (velut

1983 569 2033 621 in
2078 565 2226 638 vase)
2255 563 2730 631 circumscriptum
2764 572 2814 615 et
2843 561 3188 621 conclusum,
3215 559 3374 629 quale
3405 575 3550 614 nunc

1981 659 2244 721 cernitur,
2280 672 2401 710 cuin
2436 655 2567 709 solis
2596 654 2726 706 orbe
2764 655 3093 715 continetur,
3127 666 3313 705 verum
3366 651 3553 704 incor-

1982 765 2207 821 poreum
2237 764 2299 802 ae
2343 747 2476 802 solis
2525 761 2739 816 expers.
2776 743 2914 798 Nam
2941 759 3066 797 emn
3096 743 3339 797 nondum
3389 743 3554 797 solari

1982 846 2114 898 orbe
2135 841 2612 911 circumscriptum
2653 848 2816 902 esset,
2850 839 3227 905 incorporeum
3260 846 3416 901 erat;
3449 835 3554 888 hoc

1981 938 2124 990 enim
2191 934 2464 1005 signiﬁcat
2525 931 2766 1002 ἀνήλιον.
2836 930 3032 984 Postea
3091 929 3267 998 ipsum
3333 928 3436 982 soli
3494 942 3558 982 ac

1984 1027 2258 1082 sideribus
2286 1026 2455 1089 dedit,
2493 1026 2596 1080 hoc
2635 1033 2740 1089 est,
2793 1022 3178 1092 primigeuium
3218 1022 3397 1076 lumen
3447 1022 3557 1074 illis

1987 1117 2352 1170 lnminaribus
2406 1127 2658 1168 summus
2714 1113 3046 1167 architectus
3103 1111 3361 1180 imposuit
3401 1129 3413 1164 :
3449 1125 3558 1164 non

1987 1211 2132 1280 quod
2189 1207 2412 1262 luminis
2459 1207 2686 1260 alterius
2718 1205 2902 1274 inopia
2958 1214 3314 1274 premeretur,
3350 1204 3445 1259 sed
3490 1219 3560 1257 ne

1989 1303 2169 1354 lutncn
2232 1299 2362 1354 illud
2417 1301 2564 1354 iners
2613 1314 2677 1353 ac
2734 1299 3006 1366 torpidum
3056 1309 3318 1351 maneret.
3372 1294 3562 1364 Neque

2552 1391 2736 1444 lumen
2786 1389 2964 1458 ipsum
3022 1399 3124 1455 est,
3189 1391 3280 1444 sed
3339 1387 3564 1442 luminis

1991 1485 2468 1553 conceptaculum.
2502 1483 2642 1550 Quid
2695 1492 2877 1536 autem
2919 1497 3100 1536 causa:
3131 1482 3254 1546 fuit,
3280 1497 3380 1536 cur
3411 1481 3564 1550 prius

1996 1577 2205 1636 lumen.
2251 1575 2453 1629 deinde
2505 1574 2732 1630 luminis
2787 1574 3266 1644 conceptaculum,
3306 1574 3408 1626 hoc
3461 1583 3565 1636 est,

1994 1665 2230 1720 solarem
2287 1665 2474 1719 urbem
2541 1663 2792 1718 crearet?
2860 1661 3127 1716 Nimirum
3193 1671 3249 1715 ut
3313 1677 3566 1732 magnum

1995 1757 2274 1826 quoddam
2314 1764 2368 1810 et
2415 1755 2632 1825 insigne
2673 1755 2998 1808 miraculum
3029 1753 3236 1809 ederet.
3276 1753 3410 1807 Nam
3445 1769 3566 1807 cum

1996 1849 2049 1903 in
2102 1847 2328 1918 reliquis
2376 1848 2644 1902 creaturis
2699 1846 2983 1901 materiam
3033 1846 3182 1914 prius
3232 1845 3573 1900 condidisset

1996 1942 2102 2012 (est
2154 1952 2334 1995 autem
2388 1941 2618 1994 materia
2676 1941 2751 2004 id,
2811 1939 2960 2008 quod
3016 1939 3316 2006 unicuique
3373 1939 3452 1992 rei
3503 1940 3574 1991 ad

1995 2034 2290 2087 essentiam
2350 2033 2618 2101 subjacet,
2673 2031 2822 2085 velut
2882 2039 3119 2097 quatuor
3165 2027 3479 2098 elementa),
3507 2044 3572 2083 ac

1995 2123 2193 2175 deinde
2254 2122 2486 2175 formam
2543 2121 2834 2176 indidisset
2882 2137 2894 2172 :
2949 2119 3038 2172 bic
3096 2131 3274 2173 tamen
3340 2120 3572 2174 formam

2001 2217 2154 2284 prius
2197 2213 2424 2279 ereavit,
2481 2215 2583 2266 hoc
2616 2223 2722 2274 est,
2777 2212 2960 2265 lumen
3012 2211 3166 2280 (solis
3213 2213 3356 2266 enim
3403 2210 3576 2266 forma

2000 2305 2182 2359 lumen
2238 2313 2354 2368 est,
2417 2304 2500 2358 sol
2555 2315 2735 2357 autem
2763 2303 2987 2356 luminis
3047 2305 3323 2372 materia),
3387 2315 3575 2373 postea

2001 2405 2180 2449 autem
2232 2396 2518 2448 materiam
2553 2395 2784 2456 ellinxit,
2829 2394 2932 2448 hoc
2983 2408 3086 2459 est,
3124 2398 3303 2452 solare
3352 2413 3576 2467 corpus,

2003 2503 2067 2541 ac
2098 2487 2426 2541 solem.diei
2462 2497 2741 2557 parentem
2773 2485 3071 2543 fabricatus
3123 2500 3224 2544 est.
3262 2490 3334 2542 Ita
3370 2491 3578 2559 produ-

2001 2592 2089 2636 cto
2129 2581 2340 2634 lumine
2389 2581 2596 2648 primus
2629 2580 2770 2643 dies,
2814 2589 2869 2634 et
2917 2583 3194 2636 secundus
3242 2592 3581 2643 numeratur,

2004 2689 2070 2729 ac
2122 2673 2204 2729 sic
2253 2673 2516 2741 deinceps
2572 2686 2746 2741 usque
2794 2675 2862 2727 ad
2915 2673 3228 2742 septimum,
3290 2690 3398 2743 quo
3439 2675 3582 2730 Deus

2005 2767 2275 2837 requievit
2300 2767 2367 2820 ab
2395 2765 2651 2819 omnibus
2675 2767 2958 2836 operibus,
2991 2782 3112 2836 qua:
3139 2766 3360 2832 fecerat,
3393 2783 3583 2837 quem-

2007 2860 2300 2915 admodum
2347 2867 2576 2913 testatur
2634 2856 2940 2926 Scriptura.
2986 2859 3186 2912 Diebus
3233 2859 3380 2912 cnim
3425 2859 3584 2930 opili-

2007 2956 2153 3011 cium
2201 2951 2296 3006 Dei
2347 2950 2627 3004 dividitur.
2683 2950 2868 3004 Primo
2910 2951 3109 3005 ctenim
3143 2951 3234 3004 lux
3287 2953 3428 3006 facta
3479 2965 3580 3017 cst,

329 3049 609 3098 ctumest.
651 3040 834 3095 Tertia
864 3040 1198 3095 diﬁicnltans
1237 3037 1435 3093 solutio
1463 3052 1636 3102 eaque
1665 3037 1900 3091 exactis-
1931 3076 1973 3132 ο
2007 3063 2130 3117 φωρ
2185 3053 2238 3099 et
2291 3042 2488 3097 diﬂusa
2535 3052 2588 3097 et
2645 3044 2876 3096 collecta
2938 3053 3048 3098 tres
3104 3044 3220 3098 dies
3271 3053 3395 3100 ante
3452 3046 3585 3101 solis

332 3133 470 3190 sima
492 3135 606 3188 lucc
635 3148 755 3188 esse
787 3135 976 3202 possit.
1022 3130 1165 3185 lnter
1206 3130 1548 3186 eﬂectionem
1588 3138 1642 3183 et
1667 3129 1902 3182 fabrica-

333 3227 535 3282 tionem
567 3226 857 3281 discrimen
880 3225 1220 3281 constituunt
1253 3240 1376 3278 cum
1413 3223 1507 3277 alii
1538 3223 1691 3276 multi
1709 3223 1906 3276 eruditi

335 3319 475 3384 viri,
530 3329 640 3373 tum
697 3328 921 3375 sanctus
979 3325 1032 3372 et
1110 3317 1470 3387 pliilosOpbus
1545 3324 1599 3369 et
1660 3314 1905 3386 martyrii

337 3407 496 3462 laude
555 3408 737 3462 clarus
786 3416 840 3461 et
889 3405 1119 3462 celebris
1169 3402 1443 3459 Justinus.
1501 3401 1637 3456 Nam
1693 3401 1906 3462 factor,

342 3500 489 3554 nulla
531 3500 634 3554 alia
668 3515 726 3553 re
758 3498 1043 3569 indigens,
1087 3512 1186 3552 sua
1243 3497 1416 3564 ipsius
1447 3496 1495 3548 vi
1539 3503 1594 3549 et
1645 3501 1910 3562 potestate

344 3606 480 3660 opus
509 3590 694 3646 edicit.
735 3590 805 3643 At
846 3589 1162 3653 fabricator,
1200 3589 1309 3642 vim
1358 3586 1560 3656 opiﬁcii
1599 3587 1683 3639 sui
1720 3601 1750 3639 a
1794 3601 1911 3637 ma-

347 3684 482 3737 teria
527 3683 822 3752 accipiens,
869 3697 1007 3751 Opus
1062 3680 1378 3733 fabricatur.
1423 3678 1691 3743 Quoniam
1743 3677 1911 3744 igitur

343 3773 448 3828 boc
487 3774 642 3842 prius
672 3779 1012 3840 assumptum
1046 3777 1151 3832 est,
1187 3779 1240 3822 et
1268 3785 1364 3838 pro
1393 3779 1542 3822 certo
1566 3782 1630 3820 ac
1655 3765 1911 3820 confesso

340 3865 592 3928 habetur,
623 3863 880 3916 nimirum
912 3861 1173 3915 factorem
1213 3875 1277 3912 ex
1332 3858 1506 3912 nihilo
1542 3858 1738 3918 facere,
1792 3856 1912 3925 opi-

344 3958 498 4010 licem
546 3965 724 4008 autem
755 3969 821 4008 ex
868 3953 1116 4020 subjeCta
1168 3952 1420 4014 matezia,
1475 3949 1768 4004 videndum
1797 3950 1912 4018 jam

342 4057 507 4119 atque
557 4046 1100 4101 animadvertendum
1162 4053 1352 4108 restat,
1394 4058 1559 4111 quam
1611 4048 1802 4095 exacte
1849 4055 1914 4094 ac

344 4157 472 4196 vere
523 4141 636 4194 base
695 4138 1006 4207 Tbeologus
1063 4135 1285 4189 dixerit.
1355 4135 1474 4188 Non
1523 4133 1670 4188 enim
1729 4133 1910 4186 dixit:

343 4211 712 4287 Conveniebat
751 4229 860 4284 Deo
903 4229 1237 4283 creationem
1287 4242 1319 4281 a
1375 4227 1581 4280 lumine
1633 4225 1910 4293 exordiri;

345 4341 471 4380 nam
514 4325 568 4379 id
602 4341 630 4378 a
668 4326 897 4380 veritate
937 4321 1170 4375 alienum
1207 4320 1442 4386 fuisset;
1480 4319 1575 4375 sed
1608 4320 1908 4388 Opiticium,

2012 3136 2343 3195 creationem
2377 3135 2542 3201 fecit;
2578 3133 2846 3194 secundo.
2927 3135 3368 3201 ﬁrmamentum;
3402 3137 3584 3199 tertio,

2012 3243 2283 3300 aquarum
2314 3227 2586 3292 collectio,
2633 3235 2898 3295 terraeque
2941 3228 3313 3296 germinatio;
3364 3238 3584 3297 quarto.

2011 3321 2334 3385 luminaria;
2390 3319 2604 3388 quinto,
2654 3317 2912 3372 animalia
2964 3333 3029 3372 ex
3079 3320 3237 3388 aquis
3281 3321 3586 3390 producta;

2013 3424 2190 3479 sexto,
2239 3412 2497 3467 animalia
2546 3410 2855 3476 terrestria,
2904 3421 2958 3464 et
2991 3412 3175 3466 bomo.
3215 3409 3368 3477 Quod
3401 3423 3584 3466 autem

2014 3507 2128 3560 haec
2158 3520 2322 3575 Opera
2362 3520 2428 3558 eo
2457 3503 2653 3557 ordine
2697 3501 2997 3556 constituta
3048 3503 3174 3566 sint,
3227 3513 3286 3555 ut
3338 3504 3484 3557 aliud
3517 3503 3588 3557 sit

2015 3597 2278 3665 primum,
2306 3594 2452 3647 aliud
2480 3593 2802 3659 secundum,
2850 3609 2914 3647 ac
2956 3594 3202 3662 deincps,
3240 3610 3348 3647 non
3387 3603 3590 3648 temere

2024 3704 2087 3742 ac
2120 3689 2324 3742 l'rustra
2363 3685 2560 3740 factum
2611 3697 2718 3750 est,
2752 3687 2846 3740 sed
2893 3696 3112 3755 propter
3147 3687 3386 3742 rationes
3415 3700 3586 3755 quas-

2016 3777 2142 3831 dam
2191 3791 2421 3831 nreanas
2471 3785 2526 3829 et
2571 3775 2896 3831 ineﬁ'abiles.
2951 3776 3134 3831 Rebus
3191 3777 3338 3832 enim
3389 3780 3590 3833 creatis

2015 3869 2206 3922 ordine
2235 3882 2372 3936 opus
2404 3879 2539 3923 erat.
2569 3867 2758 3924 Ordini
2788 3883 2951 3937 porro
2982 3867 3266 3923 familiaris
3296 3879 3348 3923 et
3373 3884 3592 3924 accom-

2016 3961 2212 4014 modus
2249 3969 2332 4014 est
2383 3976 2668 4024 numerus,
2721 3969 2780 4014 ut
2825 3959 2978 4012 Philo
3031 3959 3291 4016 llebrants
3345 3960 3590 4030 scripsit.

2017 4050 2251 4106 Proinde
2301 4051 2442 4104 baud
2493 4051 2675 4104 subito
2715 4062 2879 4120 atque
2908 4051 3199 4106 confertim
3232 4052 3415 4121 opifex
3461 4051 3592 4107 Ver-

2018 4142 2174 4206 bum,
2202 4142 2407 4213 Deique
2457 4143 2652 4206 Filius,
2712 4144 2896 4197 omnia
2955 4145 3009 4197 in
3100 4161 3282 4211 rerum
3341 4153 3590 4198 naturam

2019 4233 2256 4299 extulit,
2304 4233 2430 4287 licet
2477 4233 2683 4302 alioqui
2738 4235 2922 4288 omnia
2983 4235 3161 4290 facere
3216 4237 3427 4304 possit,
3479 4250 3591 4288 non

2020 4327 2183 4380 modo
2210 4327 2373 4394 jussu
2405 4342 2570 4395 atque
2604 4328 2858 4394 imperio,
2892 4328 2988 4382 sed
3039 4329 3155 4382 sola
3186 4330 3350 4382 etiam
3382 4329 3591 4396 cogita-

347 4419 491 4490 quod
521 4419 738 4490 quidem
769 4431 960 4472 verum
1015 4424 1118 4470 est.
1166 4413 1376 4470 Coalum
1431 4413 1604 4474 enim,
1641 4423 1695 4467 et
1743 4422 1913 4477 terra,
1948 4423 1994 4480 ι)
2023 4418 2198 4472 tione.
2254 4417 2377 4486 Ipse
2421 4418 2565 4472 enim
2595 4418 2755 4480 dixit,
2792 4429 2842 4471 et
2868 4419 3012 4486 facta
3054 4429 3200 4481 sunt;
3231 4420 3339 4488 ipse
3365 4419 3596 4472 manda-

347 4524 654 4582 caateraque
691 4511 981 4570 elementa,
1031 4524 1097 4562 ex
1145 4508 1291 4560 nulla
1333 4506 1560 4561 materia
1593 4507 1917 4576 prtcjacente

349 4605 491 4660 facta
527 4614 675 4668 sunt,
706 4603 869 4672 idque
915 4601 1113 4654 creatio
1143 4599 1342 4654 dicitur
1374 4615 1388 4652 :
1417 4609 1472 4653 at
1501 4602 1831 4666 animantes,
1863 4609 1920 4654 et

353 4697 573 4765 stirpes,
621 4707 673 4750 ct
727 4695 933 4750 semina
965 4709 1030 4747 ex
1067 4692 1150 4746 bis
1198 4691 1339 4745 facta
1383 4701 1532 4754 sunt,
1567 4691 1670 4746 boe
1701 4701 1806 4756 est,
1847 4707 1912 4746 ex

351 4803 585 4859 quatuor
643 4789 948 4847 elementis,
1015 4797 1178 4847 terra,
1236 4800 1398 4854 aqua,
1461 4800 1606 4849 aere,
1664 4793 1718 4838 et
1773 4785 1917 4854 igne,

351 4893 514 4950 atque
563 4880 616 4934 id
665 4879 944 4949 opiﬁcium
994 4878 1326 4931 nominatur.
1381 4875 1565 4946 Itaque
1617 4875 1758 4932 Deus
1811 4891 1918 4930 non

351 4974 707 5036 creationem,
754 4971 846 5026 scd
892 4969 1156 5038 opiﬁcium
1197 4984 1354 5022 suum
1408 4984 1440 5022 a
1488 4969 1692 5022 lumine
1758 4983 1918 5022 orsus

353 5073 454 5120 est.
497 5063 628 5117 Nam
678 5077 804 5117 cum
852 5078 917 5115 ex
967 5061 1252 5115 eletnentis
1280 5059 1392 5129 jam
1446 5077 1475 5113 a
1534 5076 1593 5113 se
1635 5060 1917 5129 productis

355 5156 662 5211 animantes
711 5163 766 5209 ct
817 5154 1026 5224 plantas
1077 5168 1141 5208 ac
1190 5151 1401 5206 semina
1462 5151 1670 5206 eilicerc
1718 5152 1914 5217 voluit,

357 5253 469 5299 tum
498 5244 735 5313 primum
769 5244 906 5298 dixit
938 5261 952 5299 :
994 5241 1114 5296 Fiat
1152 5245 1245 5297 tua:
1268 5243 1311 5275 ⁶¹
1356 5261 1370 5297 :
1403 5245 1614 5307 deinde,
1655 5245 1920 5301 Germinet

361 5343 502 5387 terra
524 5334 569 5364 “
597 5349 612 5389 :
637 5334 738 5388 Et:
773 5333 1080 5387 Producant
1100 5348 1250 5402 aqua:
1275 5333 1484 5401 reptilia
1515 5343 1563 5388 et
1589 5334 1825 5389 volatilia
1852 5339 1918 5390 ⁵³.

361 5426 464 5480 Et:
501 5425 762 5478 Producat
800 5439 944 5480 terra
976 5428 1208 5479 animant
1238 5426 1514 5493 viventem,
1537 5427 1921 5496 quadrupedia,
1968 5433 1971 5437 ’

360 5529 408 5570 et
450 5516 680 5584 reptitia,
708 5529 753 5570 et
782 5517 978 5570 bestias
1000 5517 1067 5573 ⁸⁸.
1108 5519 1284 5584 Atque
1318 5517 1418 5570 hoc
1449 5519 1707 5573 sensib'le
1739 5518 1922 5574 lumen

431 5668 476 5700 ⁶⁰
493 5668 628 5725 Gen.
668 5687 708 5736 ι,
735 5673 788 5726 '5.
883 5673 923 5703 ⁶¹
957 5672 1110 5736 ibid.,
1140 5671 1192 5724 5.
1267 5673 1312 5704 ⁶¹
1342 5672 1474 5726 ibid.
1515 5675 1599 5728 ll.

677 5767 948 5826 l'ATnoL.
993 5764 1110 5824 Gn.
1159 5764 1463 5824 CXXVII.

1662 5675 1706 5706 ⁸³
1729 5673 1859 5729 ibid.
1889 5673 1979 5728 ‘20.

2025 4511 2118 4573 vit,
2144 4517 2194 4562 et
2225 4521 2403 4563 creata
2442 4521 2564 4562 sunt
2584 4511 2728 4561 ‘5'“.
2767 4510 2905 4574 Quid
2932 4518 3112 4564 autem
3148 4511 3270 4564 dico
3301 4528 3320 4565 :
3351 4512 3524 4580 Dixit,
3548 4522 3600 4567 et

2027 4601 2174 4669 facta
2215 4609 2359 4662 sunt,
2394 4615 2516 4653 cum
2542 4599 2806 4667 cogitatio
2833 4601 2946 4654 sola
2982 4603 3282 4669 perfectum
3319 4619 3457 4674 opus
3489 4605 3598 4658 Deo

2029 4691 2190 4746 sistat
2251 4705 2315 4742 ac
2391 4693 2782 4760 reprzesentet?
2824 4691 3026 4746 llorum
3073 4702 3252 4748 autem
3306 4698 3596 4751 verborum

2029 4782 2354 4838 sententiam
2382 4781 2691 4852 Tbeologus
2715 4800 2742 4836 a
2773 4785 2912 4838 libro
2944 4783 3132 4839 Judith
3163 4788 3398 4856 accepit,
3429 4789 3594 4842 Deum

2028 4874 2114 4928 bis
2159 4874 2340 4928 verbis
2395 4875 2725 4943 alloquentis
2760 4893 2773 4928 :
2813 4875 3093 4945 Cogitasti,
3140 4894 3218 4930 ac-
3244 4890 3439 4946 prasto
3480 4879 3599 4948 fue-

2027 4974 2148 5017 runt
2178 4965 2272 5018 tibi
2314 4967 2518 5032 omnia,
2567 4982 2683 5035 quia
2724 4967 2896 5035 fecisti
2925 4966 2990 5022 "'.
3025 4967 3180 5033 Quod
3213 4969 3260 5024 si
3294 4954 3600 5038 postremus

2029 5057 2192 5112 homo
2237 5060 2417 5114 editus
2466 5070 2590 5124 est,
2651 5061 2812 5130 idque
2859 5077 2988 5115 cum
3045 5064 3111 5117 ad
3164 5063 3452 5132 imaginem
3504 5061 3600 5116 Dei

2025 5150 2237 5216 factus,
2290 5167 2566 5221 manuque
2613 5153 2796 5206 divina
2850 5151 3060 5208 ellictns
3117 5153 3321 5218 fuerit,
3374 5153 3602 5208 minime

2023 5243 2332 5298 mirandum
2374 5254 2479 5298 est.
2524 5243 2660 5298 Nam
2703 5261 2829 5300 eum
2870 5260 3062 5301 eorum
3114 5263 3236 5314 qua:
3273 5256 3434 5300 terra:
3485 5260 3602 5299 am-

2023 5339 2182 5407 plexu
2214 5337 2587 5402 continentur,
2620 5355 2848 5408 regnum
2877 5355 2942 5394 ac
2981 5339 3346 5408 principatum
3381 5337 3568 5391 habitu
3588 5367 3604 5378 ι

2026 5446 2120 5484 rus
2153 5436 2320 5493 esset,
2379 5429 2760 5483 adornandum
2809 5430 2967 5500 prius
3018 5438 3137 5482 erat
3195 5429 3476 5497 palatium,
3549 5438 3605 5482 ct

2025 5521 2329 5575 animantia
2353 5536 2416 5574 ea
2445 5521 2648 5591 quibus
2674 5536 2914 5589 praeesse
2953 5521 3206 5588 debebat,
3237 5519 3602 5589 procreanda,

2054 5676 2100 5706 ⁶δ
2128 5675 2259 5730 ibid.
2285 5673 2375 5729 2L
2423 5676 2544 5711 ‘5'“
2566 5675 2710 5732 Psal.
2741 5689 2965 5742 chvnt,
3001 5673 3054 5729 5.
3134 5675 3180 5709 "
3203 5675 3410 5731 Juditb.
3442 5691 3517 5742 ιι,
3550 5676 3602 5749 ιι,

3173 5764 3249 5826 45
