4076 6292
625 208 761 274 1419

2030 202 2280 261 ADDEN
2292 202 2379 260 DA
2390 245 2404 259 .

3710 200 3822 263 tua

623 323 812 390 sicque
843 316 1063 373 demum
1103 316 1240 387 ipse,
1273 316 1528 372 omnibus
1562 317 1673 385 jam
1704 315 1821 370 suis
1860 314 2189 368 satellitibus
2222 320 2264 374 Α
2298 312 2496 367 festum
2547 322 2598 366 et
2646 312 3115 368 commemoratio.
3155 312 3329 381 Atque
3375 310 3507 367 adeo
3540 328 3593 381 pr
3611 312 3713 366 ima
3753 317 3822 370 illa

623 414 881 482 stipatus,
919 407 1349 464 introducendus
1388 418 1528 473 erat,
1576 416 1634 461 ut
1678 405 1942 461 mundum
1978 406 2183 474 ingrcs-

622 519 738 568 sus,
764 508 1082 572 paupertate
1104 506 1269 569 atque
1297 499 1479 568 inopia
1508 499 1730 553 minime
1760 498 2059 563 laboraret,
2091 497 2186 551 sed

621 595 827 649 divitiis
860 591 1038 646 statim
1072 599 1128 644 et
1158 591 1327 659 copiis
1354 590 1621 645 alllueret.
1866 640 1903 665 ἠ,

693 683 811 737 Col.
841 682 937 735 (ill
973 681 1033 733 Β.
1081 680 1233 745 Quod
1267 682 1333 745 si,
1368 682 1507 749 quod
1550 697 1781 747 eramus,
1808 683 2188 752 permansisse-

617 791 764 837 mus,
792 780 899 826 etc.
933 771 1130 837 Homo,
1166 788 1264 825 nec
1293 783 1416 826 actu
1442 773 1711 837 mortalis,
1742 788 1841 826 nec
1866 773 2187 829 immortalis

619 875 836 922 creatus
859 876 960 930 est,
996 879 1182 919 verum
1218 864 1428 919 medius
1456 865 1597 918 inter
1624 864 1788 919 Deum
1821 874 1877 919 et
1906 866 2184 919 materiam

610 960 823 1023 Tactus,
879 959 932 1011 in
989 972 1050 1011 ca
1097 972 1262 1011 causa
1305 966 1446 1018 erat,
1491 967 1547 1009 ut
1595 956 1638 1010 si
1694 966 1963 1027 praecepto
2002 956 2186 1011 dixino

623 1050 919 1120 paruisset,
954 1047 1063 1101 Deo
1093 1048 1363 1108 unirctur,
1416 1056 1579 1115 atque
1620 1046 1676 1099 in
1719 1046 2183 1100 immortalitatem

620 1155 957 1199 assercretur
992 1156 1006 1193 :
1044 1140 1089 1193 si
1152 1146 1334 1191 autem
1397 1138 1567 1206 legem
1623 1137 1970 1206 inl‘rcgissct,
2023 1138 2186 1191 morti

622 1233 895 1288 obnoxius
929 1230 1255 1291 elliccretur,
1299 1242 1362 1281 ac
1395 1240 1491 1294 pro
1528 1227 1847 1296 impassibili
1890 1226 2183 1295 passibilis,

608 1340 719 1394 pro
746 1320 1039 1376 immortali
1075 1317 1321 1373 mortalis
1352 1317 1523 1371 ﬁeret.
1559 1316 1714 1383 Quod
1744 1319 1904 1371 etiam
1937 1320 2037 1371 hoc
2065 1318 2186 1370 loco

623 1415 932 1484 Theologus
994 1411 1218 1473 indicat,
1281 1424 1403 1463 cum
1451 1408 1580 1462 ait:
1631 1408 1689 1462 Si
1749 1408 1893 1477 quod
1929 1421 2183 1471 eramus,

603 1507 1146 1575 pernmnsissemus,
1177 1500 1281 1553 hoc
1315 1507 1397 1553 est
1454 1498 1596 1567 puri,
1636 1499 1930 1553 luissemus
1959 1497 2010 1551 id
2040 1497 2183 1566 quod

620 1612 728 1650 non
779 1608 1022 1653 eramus,
1092 1592 1195 1645 hoc
1253 1598 1337 1644 est
1399 1590 1754 1654 immortales,
1811 1588 2069 1642 nimirum
2118 1589 2183 1642 ad

618 1687 943 1742 immortalis
991 1685 1114 1738 vita:
1152 1683 1383 1753 lignum,
1422 1682 1697 1751 prmterito
1729 1681 1972 1736 scientiae
2017 1682 2183 1751 ligno,

618 1781 967 1834 accedentes.
1018 1776 1278 1843 Quaznam
1329 1783 1511 1827 autem
1565 1775 1761 1843 planta:
1795 1775 1914 1830 ista:
1960 1773 2183 1838 fuerint,

618 1873 752 1928 satis
792 1871 1012 1940 c0piose
1058 1869 1111 1922 in
1153 1865 1450 1936 superioris
1477 1866 1745 1922 orationis
1789 1866 2185 1922 commentario

610 1981 649 2020 a
678 1964 834 2019 nobis
871 1962 1197 2032 explicatum
1238 1972 1342 2016 est.
1390 1957 1688 2029 Postquam
1730 1970 1911 2016 autem
1945 1960 2097 2029 juxta
2132 1958 2185 2012 id

616 2057 762 2127 quod
809 2058 863 2111 in
898 2056 1041 2109 libro
1083 2057 1377 2127 Sapientiae
1412 2057 1644 2111 habetur
1675 2072 1690 2109 :
1719 2052 1935 2109 Invidia
1981 2050 2185 2105 diaboli

616 2153 840 2205 mors’in
873 2152 1127 2205 mundum
1157 2152 1376 2205 intravit
1401 2152 1471 2217 ⁸⁸,
1503 2165 1568 2204 ac
1609 2165 1703 2220 per
1730 2147 1974 2202 fraudem
2007 2146 2185 2202 homi-

615 2260 736 2299 nem
792 2245 1095 2313 surripuit,
1152 2244 1358 2299 idcirco
1423 2243 1567 2298 Dcus
1633 2243 1796 2297 homo
1846 2240 1941 2301 ﬁt,
2012 2254 2185 2308 eoque

616 2337 955 2406 paupertatis
993 2336 1162 2401 venit,
1192 2344 1251 2391 ut
1285 2337 1339 2390 in
1363 2350 1582 2392 carnem
1609 2334 1990 2404 compingatur
2021 2341 2187 2401 atque

621 2438 946 2489 crassescat,
977 2437 1038 2483 ut
1078 2443 1198 2492 nos,
1244 2429 1401 2496 juxta
1441 2427 1763 2497 Apostolum
1792 2427 1857 2488 ⁸⁸.
1891 2426 2010 2494 ejus
2048 2436 2183 2491 pau-

615 2527 826 2588 pertate
880 2520 1235 2573 ditescamus.
1294 2520 1371 2572 Ac
1416 2518 1676 2587 patitur,
1741 2530 1847 2568 non
1909 2523 2185 2584 quatenus

619 2608 784 2671 Deus,
811 2609 903 2662 sed
934 2594 1118 2663 nostra
1146 2609 1435 2677 passione;
1472 2609 1523 2662 id
1553 2619 1657 2671 est,
1691 2615 1963 2677 quatenus
1992 2609 2179 2662 homo.

611 2698 871 2753 Nostrum
901 2699 1046 2753 enim
1074 2707 1158 2753 est
1198 2709 1363 2769 atque
1389 2699 1688 2754 humanum
1727 2700 1806 2755 sic
1836 2702 1970 2769 pati.
2010 2697 2183 2753 Porro

612 2787 1076 2857 quemadmodum
1115 2790 1182 2843 ab
1229 2789 1608 2843 incarnatione
1646 2792 1849 2857 passio,
1893 2789 1967 2844 ita
1998 2804 2028 2842 a
2060 2803 2183 2858 pas-

616 2882 770 2937 sione
809 2895 956 2936 mors
1000 2879 1155 2934 fluxit
1190 2899 1202 2934 :
1242 2891 1356 2935 tum
1406 2881 1762 2943 resurrectio,
1802 2895 1833 2934 a
1880 2894 1987 2950 qua
2040 2893 2181 2933 no‘.a

2291 403 2572 459 Dominica
2607 406 2753 459 velut
2778 404 3194 459 interliminium
3225 405 3492 474 quoddam
3528 416 3613 459 est
3643 405 3824 464 funeris

2290 515 2353 553 ac
2393 500 2704 569 scpuiturm,
2742 514 2864 568 quae
2914 499 2967 552 in
3015 513 3213 562 magno
3252 496 3487 552 Sabbato
3520 500 3824 568 celebratur,

2290 598 2343 643 et
2378 588 2818 652 resurrectionis,
2867 578 2986 658 qua:
3013 589 3202 642 eadem
3235 588 3349 657 ipsa
3386 587 3670 643 Dominica
3711 608 3824 645 eou-

2291 681 2430 750 tigit.
2479 681 2775 749 sepulturae
2812 681 3029 749 quidem
3062 679 3248 745 linem,
3286 683 3703 737 resurrectionis
3742 701 3825 736 an-

2290 781 2396 826 tem
2425 771 2754 841 principium
2803 772 3028 825 habens.
3065 771 3142 824 Ac
3176 772 3423 840 proinde.
3475 783 3539 827 ut
3589 777 3640 825 in
3675 778 3827 829 medio

2288 865 2485 934 posita,
2533 864 2806 919 maestitiae
2840 878 2903 917 ac
2930 863 3223 933 voluptatis
3279 865 3534 933 utrinque
3586 867 3825 936 particeps

2291 968 2376 1011 est
2411 974 2426 1011 :
2462 971 2523 1010 ac
2562 957 2677 1009 lia-.c
2726 969 2864 1017 nova
2908 954 3191 1019 Dominica
3246 970 3351 1007 non
3390 956 3502 1022 jam
3553 957 3822 1012 conﬁnium

2287 1056 2390 1113 est,
2451 1055 2509 1102 ut
2560 1048 2716 1102 triste
2773 1045 2978 1115 aliquid
3038 1061 3222 1101 secum
3278 1046 3488 1113 aderat,
3544 1049 3639 1102 sed
3692 1049 3825 1116 plane

2290 1138 2723 1210 regenerationis
2765 1146 2818 1192 et
2852 1137 3279 1195 resurrectionis
3331 1149 3436 1201 est,
3489 1150 3550 1195 ut
3589 1145 3825 1210 quemad-

2290 1231 2509 1285 modum
2550 1229 2724 1298 prima
2777 1229 2986 1285 creatio
3037 1244 3068 1282 a
3107 1229 3386 1284 Dominico
3431 1231 3522 1286 die
3576 1233 3736 1301 coepit
3767 1234 3825 1293 {id
3884 1274 3887 1279 .

2288 1329 2473 1376 autem
2507 1335 2573 1373 ex
2608 1335 2678 1373 co
2709 1318 3073 1390 liquidissime
3100 1328 3335 1386 constat,
3374 1321 3522 1391 quod
3564 1323 3617 1376 in
3666 1322 3825 1377 mundi

2288 1411 2564 1466 creatione
2593 1425 2623 1464 a
2660 1410 2943 1465 Dominico
2985 1410 3075 1465 die
3107 1413 3372 1481 septimus
3406 1413 3527 1467 dies
3560 1413 3825 1467 Sabhatmu

2291 1512 2632 1565 numeratur,
2657 1517 2768 1572 quo
2802 1502 2945 1558 Deus
2976 1502 3043 1556 ab
3058 1504 3314 1572 operibus
3344 1504 3467 1560 suis
3493 1506 3825 1576 conquievit},

2289 1593 2370 1648 sic
2404 1595 2565 1647 etiam
2591 1593 2830 1648 secunda
2864 1595 3068 1648 creatio
3097 1594 3164 1649 ab
3185 1597 3375 1651 eodem
3408 1596 3502 1650 die
3531 1597 3825 1666 principium

2287 1684 2537 1753 accipiat.
2586 1684 2764 1754 At'que
2813 1684 2944 1739 illud
2976 1687 3137 1740 etiam
3170 1686 3265 1741 tibi
3309 1687 3821 1743 animadvertendum

2287 1782 2392 1837 est,
2436 1788 2633 1828 novam
2687 1773 2829 1829 hanc
2881 1773 3244 1840 Dominicam,
3285 1784 3651 1845 praeterquam
3700 1778 3820 1844 quod

2286 1864 2506 1919 easdem
2538 1867 2927 1935 prmrogativas
2967 1866 3150 1929 habet,
3184 1881 3321 1934 quas
3346 1868 3530 1935 prima
3552 1866 3821 1926 Dominica,

2285 1953 2395 2007 alia
2442 1953 2727 2024 privilegia
2774 1955 2998 2024 insuper
3042 1955 3263 2021 habere,
3297 1956 3510 2025 quibus
3553 1957 3641 2011 illa
3681 1966 3824 2011 caret.

2285 2041 2420 2096 Nam
2452 2051 2512 2097 ut
2542 2042 2630 2098 illa
2668 2044 2869 2113 prioris
2897 2045 3199 2099 creatinnis
3228 2046 3405 2115 prima
3463 2055 3547 2101 est
3582 2065 3596 2100 :
3628 2045 3694 2100 ita
3730 2045 3820 2099 lure

2285 2149 2504 2203 quoque
2545 2135 2821 2200 secundae,
2850 2134 2954 2188 hoc
3000 2143 3104 2196 est,
3162 2149 3333 2188 novae.
3368 2134 3454 2190 Ad
3484 2137 3605 2188 hare
3640 2148 3821 2203 quoque

2288 2226 2464 2294 prima
2497 2233 2579 2280 est
2623 2239 2839 2286 earum,
2877 2240 2997 2294 qum
3028 2236 3212 2295 postea
3262 2235 3602 2296 sequuntur.
3635 2226 3706 2279 Ad
3741 2224 3833 2297 hoe

2285 2316 2547 2369 eximium
2580 2317 2738 2372 habet
2785 2331 2924 2372 nova
2958 2316 3260 2381 Dominica,
3290 2318 3434 2387 quod
3474 2318 3632 2372 etiam
3668 2325 3817 2370 octara
3860 2312 3866 2317 ’

2287 2409 2402 2463 dies
2443 2418 2529 2464 est
2560 2411 2628 2462 ab
2675 2407 2740 2464 iis
2797 2424 2918 2478 quae
2947 2424 3067 2463 cam
3117 2419 3548 2479 pratcesscruut.
3584 2407 3745 2475 Quare
3781 2405 3815 2461 si

2285 2502 2409 2575 quis
2441 2516 2634 2555 novam
2668 2500 3006 2555 Dominicam
3034 2515 3158 2554 cum
3186 2499 3632 2554 Resutrertionis
3666 2497 3812 2550 Domi-

2286 2594 2408 2649 nica
2446 2592 2695 2648 conferre
2727 2591 2982 2654 voluerit,
3023 2591 3397 2646 sublimiorem
3427 2593 3573 2645 hanc
3602 2597 3649 2644 et
3679 2604 3704 2643 a
3725 2588 3814 2640 ‘mi—

2288 2684 2592 2739 rahiliorem
2625 2698 2747 2737 esse
2778 2683 3087 2745 aliirmabit,
3123 2694 3178 2737 ut
3203 2698 3325 2752 quae
3351 2684 3648 2753 spiritualis
3679 2692 3813 2735 matc-

2286 2776 2491 2845 riaeque
2540 2774 2779 2842 expertis
2835 2775 3127 2829 Dominicm
3181 2775 3339 2844 quasi
3399 2774 3705 2845 prwludium
3743 2770 3812 2832 sit,

2288 2869 2567 2935 beatmque
2601 2866 2720 2919 vitae
2757 2865 3032 2933 primitiae,
3067 2872 3169 2920 hoc
3198 2874 3302 2932 est,
3335 2866 3595 2921 secunda:
3623 2865 3808 2918 creatio-

627 2980 905 3033 ereatura,
961 2968 1010 3024 id
1048 2980 1153 3036 est,
1200 2978 1408 3023 naturae
1457 2976 1657 3070 mitrae
1710 2969 1977 3023 recreatio
2022 2977 2180 3037 atque

2291 2957 2393 3021 nis,
2444 2973 2568 3027 qua:
2612 2960 3069 3012 resurrectionem
3117 2970 3514 3026 consequetur,
3568 2957 3641 3011 vel
3691 2966 3808 3007 nova:

613 3060 964 3121 instauratio,
997 3059 1186 3128 prima:
1221 3058 1590 3129 generationis
1626 3059 1839 3129 lapsum
1872 3073 1934 3112 ac
1963 3058 2181 3113 confra-

602 3146 855 3201 ctionem
883 3162 1086 3202 sanans
1116 3155 1169 3201 et
1196 3149 1433 3216 erigens.
1466 3148 1645 3215 Atque
1685 3148 1755 3201 ob
1784 3146 1928 3201 hanc
1961 3162 2180 3202 causam

598 3246 744 3308 post
797 3237 993 3292 lestum
1043 3236 1269 3291 Pascha:
1312 3236 1512 3293 festum
1559 3237 1941 3292 Encazniorum
1992 3253 2184 3294 omnes

613 3330 953 3386 celebramus
984 3344 1000 3383 :
1031 3344 1096 3383 ac
1142 3344 1333 3384 rursus
1374 3344 1475 3399 ego
1498 3329 1907 3384 declamaturus
1950 3329 2179 3398 prodeo,

613 3421 995 3476 Enca'niorum
1035 3422 1198 3476 modo
1226 3429 1280 3475 et
1322 3421 1550 3488 ratione,
1598 3418 1792 3476 salutis
1824 3435 1957 3476 meae
1982 3419 2179 3476 festum

612 3525 800 3579 agens.

688 3600 823 3655 Ibid.
862 3600 926 3656 (ἶ.
969 3599 1109 3665 Quid
1135 3600 1322 3668 igitur,
1351 3599 1547 3654 dixerit
1580 3601 1865 3671 quispiam,
1906 3610 2013 3657 etc.
2045 3602 2180 3657 Lum

614 3691 952 3746 Dominicam
1009 3692 1150 3746 hanc
1192 3690 1504 3746 Encrcninm
1546 3705 1813 3759 vocasset,
1860 3710 1958 3764 per
1996 3694 2187 3766 anthy-

614 3784 916 3853 pophoram
965 3784 1276 3853 quempiam
1327 3786 1536 3841 inducit
1576 3787 1946 3842 sciscitantem
1994 3786 2181 3853 :Quid

615 3877 737 3931 ais?
770 3877 851 3931 An
889 3877 1170 3932 Dominica
1196 3878 1368 3948 prima
1402 3877 1714 3935 Enctenium
1756 3896 1864 3933 non
1899 3891 2035 3945 erat,
2068 3880 2179 3944 illa,

598 3968 862 4036 inquam,
925 3984 1046 4038 quae
1099 3971 1277 4040 magni
1332 3969 1553 4025 Sabbati
1613 3983 1864 4035 noctem,
1925 3972 2182 4042 illamque

616 4057 883 4109 luminum
931 4060 1308 4127 gestationem,
1343 4072 1464 4127 qua:
1501 4067 1611 4112 tum
1661 4059 1985 4124 celebratur,
2014 4073 2178 4112 exce-

616 4146 732 4216 pit?
772 4144 913 4211 Quid
949 4145 1116 4216 igitur
1150 4145 1239 4200 h—ic
1279 4147 1532 4201 secunda!
1564 4147 1865 4202 Dominicae
1904 4145 2181 4201 Encarnio-

615 4254 736 4292 rum
767 4253 968 4293 nomen
1000 4238 1241 4294 tribuis?
1295 4239 1446 4295 Hanc
1474 4240 1837 4310 objectionem
1884 4240 1956 4293 ita
1996 4240 2176 4304 solvit,

2286 3050 2719 3104 conversationis
2774 3049 3116 3118 rationisque
3166 3050 3311 3112 vitzr,
3370 3064 3500 3117 qua:
3548 3047 3601 3100 in
3654 3054 3807 3098 octavo

2286 3137 2534 3208 nullique
2582 3140 2921 3195 successioni
2976 3139 3218 3194 obnoxio
3265 3141 3477 3194 sarculo
3525 3138 3684 3192 futura
3718 3145 3801 3187 est.

2293 3228 2410 3286 Hoc
2440 3231 2562 3286 loco
2604 3230 2849 3287 nonnulli
2877 3231 3241 3301 objectioncm
3290 3241 3536 3310 moyent,
3565 3231 3800 3283 dicentes:

2284 3320 2428 3389 Quid
2482 3321 2699 3377 tandem
2739 3320 3071 3392 Theologus,
3110 3337 3234 3376 cum
3278 3318 3697 3376 Resurrectionis
3723 3314 3802 3365 Do-

2286 3414 2543 3469 minicam
2591 3413 2745 3467 festis
2797 3414 3051 3467 omnibus
3104 3412 3449 3481 superiorem
3485 3425 3593 3467 esse
3622 3406 3800 3464 dixerit,

2286 3520 2431 3559 nunc
2471 3519 2665 3560 rursus
2698 3504 2801 3559 diei
2835 3503 3270 3559 Resurrcctionis
3301 3501 3658 3558 Encacniorum
3685 3497 3795 3550 diem

2288 3598 2599 3667 anteponit,
2657 3614 2721 3653 ac
2772 3599 3175 3668 quodammodo
3235 3614 3426 3654 secum
3473 3594 3690 3668 pugnat?
3732 3590 3798 3645 Ad

2288 3691 2451 3757 hujus
2491 3688 2816 3758 objectiouis
2845 3691 3172 3746 solutionem
3219 3706 3284 3746 ea
3313 3690 3501 3745 ali’erre
3530 3689 3659 3747 licet.
3695 3695 3801 3752 qua:

2287 3785 2338 3837 in
2368 3788 2469 3837 hac
2500 3783 2689 3837 eadem
2721 3782 2969 3838 oratione
2996 3784 3154 3852 paulo
3179 3783 3411 3838 inferius
3440 3784 3549 3840 ait:
3574 3778 3672 3833 Nec
3695 3789 3800 3828 vero

2288 3877 2400 3928 lucc
2429 3890 2495 3928 eo
2525 3890 2554 3927 a
2582 3888 2665 3928 me
2695 3873 2971 3940 dicuntur,
2997 3876 3139 3945 quod
3175 3886 3225 3931 te
3253 3878 3444 3931 eodem
3477 3887 3668 3942 semper
3684 3878 3797 3923 statu

2288 3982 2508 4021 manere
2547 3965 2732 4030 velim,
2784 3966 2877 4021 sed
2917 3979 2974 4021 ut
3005 3977 3265 4037 perpetuo
3309 3976 3363 4022 et
3409 3963 3647 4022 laudabili
3682 3971 3795 4014 moto

2286 4058 2531 4130 agiteris,
2580 4071 2642 4112 ac
2693 4071 2831 4112 nova
2882 4059 3106 4113 onmiuo
3145 4068 3396 4113 creatura
3446 4061 3541 4114 sis.
3575 4051 3797 4121 Quemad-

2285 4151 2506 4205 modum
2539 4152 2702 4221 igitur
2729 4166 2854 4204 eum
2891 4149 2986 4218 qui
3014 4150 3331 4217 innovatur,
3364 4150 3546 4218 seipso
3564 4142 3795 4201 sublimio-

2288 4258 2399 4295 rem
2436 4254 2489 4297 et
2516 4242 2843 4297 diviniorcm
2880 4241 2994 4294 ﬁeri
3028 4240 3407 4310 perspicimus,
3439 4239 3644 4294 virtutis
3674 4234 3795 4288 nimi-

615 4331 760 4400 quod
801 4331 893 4386 illa
930 4331 1372 4387 Resurrectionis
1402 4333 1680 4387 Dominica
1725 4331 2007 4386 salutifera
2053 4332 2175 4386 erit.
2217 4317 2258 4370 D
2288 4348 2406 4386 rum
2459 4333 2838 4403 progressibus
2890 4343 2942 4386 ct
2999 4330 3347 4386 incrementis
3413 4330 3793 4400 fulgescentemi

575 4462 583 4467 .
616 4421 675 4474 In
705 4422 818 4490 ipsa
870 4422 1016 4477 enim
1056 4423 1286 4477 salutem
1339 4424 1620 4476 consecuti
1652 4437 1865 4484 sumus,
1920 4423 2174 4477 nimirum

604 4511 728 4579 l‘jus
767 4513 1024 4569 beneficio
1079 4528 1141 4567 cx
1186 4522 1359 4567 morte
1402 4521 1457 4567 et
1500 4515 1852 4582 corruptione
1895 4513 1963 4567 ad
2008 4515 2174 4569 vitam

601 4604 974 4657 immortalem
1046 4613 1101 4658 et
1156 4603 1619 4672 incorruptionem
1664 4613 1920 4658 aeternam
1977 4605 2174 4659 immu-

2285 4426 2365 4479 sic
2392 4425 2552 4480 etiam
2587 4437 2779 4478 omnes
2808 4433 2995 4477 nostra
3029 4436 3190 4476 causa
3222 4423 3559 4492 excogitatos
3578 4423 3795 4475 solemnes

2283 4519 2399 4572 dies
2440 4517 2633 4586 seipsis
2683 4514 3030 4569 sublimiores
3065 4515 3120 4568 in
3164 4513 3323 4568 nobis
3351 4513 3472 4567 fieri
3514 4510 3791 4567 credendum

2287 4617 2390 4672 cst,
2427 4622 2549 4662 cum
2580 4606 2923 4676 mysterium,
2949 4604 3090 4674 quod
3131 4619 3223 4672 per
3253 4619 3346 4658 eos
3377 4605 3690 4674 designatur,
3710 4596 3791 4649 vim

606 4692 710 4745 tati
748 4708 761 4744 :
799 4693 910 4745 haec
951 4701 1136 4747 autem
1168 4708 1306 4747 nova
1347 4691 1653 4756 Dominica,
1689 4694 1869 4748 natale
1919 4704 2006 4747 est
2056 4696 2168 4748 illiu

2288 4715 2436 4754 suam
2463 4711 2517 4753 et
2552 4697 2860 4752 facultatem
2898 4696 3145 4750 numeris
3166 4695 3426 4750 omnibus
3458 4693 3725 4749 absolutam
3752 4685 3790 4736 in

610 4790 666 4835 et
688 4783 1160 4837 connuemoratio.
1206 4784 1301 4836 illa
1335 4784 1478 4836 enim
1509 4786 1841 4839 resurrectio
1870 4797 2009 4851 erat,
2063 4787 2177 4844 haec

615 4883 801 4925 autem
854 4870 1276 4924 resurrectionis
1326 4870 1471 4924 illius
1521 4873 1716 4925 l'estum
1751 4883 1804 4927 et
1837 4873 2172 4931 Encaanium.

609 4960 683 5014 Et
714 4957 1176 5028 quemadmodum
1210 4958 1445 5011 natalitii
1479 4959 1621 5024 dies,
1644 4976 1767 5015 cum
1808 4944 2172 5031 celebrantur,

608 5066 802 5107 eorum
849 5050 942 5119 qui
977 5049 1273 5121 gignuntur
1347 5053 1915 5110 commemorationem
1953 5058 2169 5123 habent,

608 5157 793 5197 attnuo
816 5141 1068 5202 videlicet
1096 5141 1305 5198 circulo
1332 5145 1728 5211 procreationis
1760 5148 1997 5218 ipsorum
2026 5151 2169 5205 diem

607 5233 900 5287 revehente
930 5249 944 5286 :
972 5231 1052 5286 sic
1100 5231 1266 5286 etiam
1318 5247 1456 5287 nova
1491 5234 1603 5289 haec
1644 5238 1946 5305 Dominica,
2006 5256 2169 5310 quam

607 5324 948 5392 septenarius
981 5322 1194 5377 dierum
1236 5323 1501 5379 circuitus
1538 5323 1719 5394 ellicit,
1751 5329 1867 5384 sive
1913 5333 2169 5397 restituit,

606 5415 793 5483 primae
845 5413 1140 5470 Dominicm
1193 5414 1373 5471 natale
1415 5416 1633 5484 dicitur,
1692 5420 1839 5490 quod
1903 5422 2050 5477 illius
2101 5428 2170 5480 sit

674 5573 717 5603 ⁸⁸
743 5572 869 5643 Sep.
904 5587 962 5639 ll,
993 5578 1082 5631 Ἡ.
1160 5576 1203 5609 ⁶⁹
1229 5574 1271 5629 ll
1304 5574 1430 5632 Cor.
1465 5593 1585 5643 vm,
1627 5578 1679 5632 9.

2290 4791 2451 4845 nobis
2482 4789 2611 4843 edit.
2642 4787 2907 4853 Quocirca
2934 4801 3045 4842 non
3074 4788 3171 4842 abs
3199 4802 3256 4841 re
3284 4801 3482 4841 novam
3506 4781 3789 4838 Dominicam

2286 4880 2508 4933 sublimi
2539 4878 2912 4934 sublimiorem
2941 4876 3247 4948 Theologus
3276 4878 3433 4941 dixit,
3458 4873 3594 4946 quod
3621 4878 3789 4936 semper

2288 4971 2483 5026 eadem
2531 4972 2647 5028 dies
2681 4969 2964 5027 nobiseum
3001 4970 3092 5036 sit,
3133 4985 3363 5039 seseque
3394 4974 3622 5040 superet.
3648 4962 3791 5017 Prima

2283 5065 2428 5117 enim
2485 5063 2768 5117 Dominica
2826 5061 3085 5134 mysterio
3144 5077 3247 5116 suo
3307 5062 3410 5116 hoc
3462 5060 3624 5115 solum
3671 5049 3791 5107 nobis

2281 5153 2456 5219 alie-rt,
2491 5164 2550 5209 ut
2585 5154 2750 5207 vitam
2780 5154 2847 5207 ab
2890 5152 3039 5208 omni
3070 5167 3255 5208 crassa
3297 5163 3351 5208 et
3376 5150 3608 5207 terrestri
3632 5140 3788 5210 imagi-

2284 5242 2503 5297 natione
2549 5251 2739 5312 purget
2773 5259 2786 5295 :
2819 5250 2874 5296 at
2917 5257 3075 5296 nova:
3108 5240 3403 5297 Dominicze
3436 5236 3676 5295 beneﬁcio
3711 5232 3791 5283 hoc

2279 5332 2686 5403 consequimur,
2739 5341 2796 5385 ut
2851 5332 3007 5387 bonis
3065 5334 3346 5398 omnibus,
3406 5342 3624 5400 quorum
3671 5319 3790 5392 prior

2284 5424 2560 5479 llontinica
2597 5423 2743 5478 velut
2794 5423 3064 5494 primitias
3096 5425 3361 5493 quasdam
3399 5420 3658 5479 attulerat,
3685 5422 3785 5482 per-
