4076 6292
316 227 448 296 1421

1227 226 1552 286 NItIE'l‘AS
1599 225 1674 285 IN
1714 221 1934 283 URA'I'.
1977 219 2173 280 XLlll
2219 222 2275 281 S.
2321 222 2549 282 GilEt}.

3420 217 3555 281 142⁵3

316 345 588 398 fruamur.
627 339 706 393 Ad
755 337 870 393 hate
901 338 1074 408 prima
1117 335 1418 399 Dominica,
1465 337 1882 392 resurrectionis
1918 341 1956 391 A
1992 336 2281 390 interdicta
2323 335 2712 404 signiﬁcatur),
2755 350 2818 392 ac
2868 345 3048 390 vetera
3097 335 3207 400 illa,
3255 351 3318 389 ex
3353 337 3553 403 quibus

318 435 495 496 illius,
543 446 652 500 qua
700 438 850 486 certo
880 431 1049 484 animi
1081 431 1362 500 proposito
1409 440 1462 485 et
1505 432 1780 484 voluntate
1820 430 1886 482 ad

323 527 577 579 virtutem
603 523 929 584 excitamur,
959 523 1184 591 ﬁguram
1214 521 1383 590 gerit;
1415 522 1652 576 secunda
1680 531 1887 582 autem,

330 611 624 666 voluntarii
657 612 878 666 habitus
911 611 977 664 ad
1009 610 1360 680 perfectionis
1399 612 1680 666 scientiam
1719 611 1887 680 ﬁgura

319 714 424 760 est.
463 703 634 767 Adde,
663 704 807 772 quod
843 703 932 756 illa
967 703 1203 756 futuram
1247 705 1702 758 resurrectionem
1738 703 1888 755 desi—

317 804 495 865 gnat:
530 793 644 848 haec
690 793 865 863 ipsam
919 793 1219 848 divinitatis
1264 796 1657 863 acccptionem.
1707 794 1891 859 Quare

320 889 534 957 optimo
587 887 715 955 jure
764 885 986 939 sublimi
1037 887 1212 955 prima
1260 885 1542 940 Dominica
1597 886 1889 941 sublimior

1995 428 2361 496 transgressio
2395 429 2547 482 nobis
2579 437 2698 482 orta
2721 441 2824 491 est,
2852 430 3269 498 contrariusque
3295 443 3552 482 sensuum

1996 534 2150 579 usus,
2187 518 2240 570 in
2278 519 2379 571 hoc
2417 519 2594 571 solum
2629 519 2990 572 recordemini
3025 527 3085 572 ut
3121 533 3186 572 ea
3219 518 3460 588 fugiatis,
3487 533 3557 572 ne

1994 627 2091 680 per
2119 611 2312 665 borum
2341 611 2665 665 oblivionem
2697 612 2751 664 in
2780 612 3028 666 eamdem
3057 626 3251 665 rursus
3279 610 3555 664 incidatis.

1989 703 2206 771 Alioqui
2253 703 2423 767 enim,
2485 717 2586 757 nec
2636 717 2698 756 ea
2749 704 3014 758 memoria
3066 702 3359 756 recolenda
3405 711 3556 765 sunt,

1993 794 2098 848 nisi
2149 794 2220 847 ob
2263 794 2404 846 hanc
2441 808 2602 846 unam
2653 807 2896 858 causam,
2951 802 3010 847 ut
3053 808 3114 847 ea
3158 793 3399 847 vitemus
3437 808 3560 862 qua:

1992 887 2153 940 nobis
2185 887 2695 940 condemnationem
2729 886 3058 939 attulerunt.

318 955 463 1033 nova
503 978 647 1032 dicta
674 988 757 1031 est
792 994 806 1031 :
835 977 1296 1047 quandoquidem.
1320 987 1373 1032 et
1400 978 1670 1032 deiﬁcalio
1709 955 1981 1032 incor-‘ié~
2063 977 2197 1029 ibid.
2225 977 2285 1030 B.
2330 976 2556 1030 Pulcher
2579 986 2692 1030 erat
2719 976 2789 1032 ad
2817 992 3104 1047 aspectant,
3139 986 3244 1033 etc.
3287 979 3389 1034 llic
3435 996 3563 1034 scn-

316 1070 601 1139 ruptione,
635 1082 689 1121 et
721 1069 990 1122 bonorum
1017 1069 1297 1138 perceptio
1325 1069 1644 1124 habitudine
1670 1085 1699 1122 a
1729 1069 1888 1123 malis

315 1161 598 1222 liberata,
657 1167 713 1212 et
757 1159 999 1214 caelestis
1052 1169 1216 1229 atque
1281 1161 1646 1230 sempiternus
1716 1168 1891 1214 statue

319 1251 610 1319 praesentis
659 1251 783 1305 vitae
838 1260 986 1306 statu
1031 1260 1085 1305 et
1123 1251 1435 1306 conditione
1484 1250 1773 1306 sublimior
1809 1261 1892 1306 est

311 1357 386 1397 ac
415 1343 784 1411 praestantior.
814 1341 968 1408 Quod
1000 1346 1162 1398 etiam
1193 1345 1370 1414 ipsum
1403 1343 1662 1400 Salomon
1691 1344 1889 1406 innuit,

309 1449 446 1489 cum
495 1435 610 1486 ait:
647 1433 727 1486 Da
775 1445 978 1504 partem
1022 1445 1241 1504 septem,
1280 1448 1435 1505 atque
1475 1437 1637 1488 etiam
1683 1433 1887 1498 octo",

309 1532 529 1594 septem
585 1525 804 1594 quidem
861 1527 1003 1580 hanc
1059 1527 1225 1581 vitam
1289 1529 1599 1594 nominans,
1659 1536 1720 1581 ut
1770 1541 1892 1596 quae

313 1616 517 1669 eadem
547 1629 670 1670 cum
713 1615 1032 1685 septenario
1071 1631 1299 1672 numero
1347 1633 1602 1672 mensura
1636 1617 1886 1683 ﬁniatur;

1991 1085 2086 1124 sus
2115 1070 2360 1132 instruit,
2393 1085 2423 1122 a
2466 1071 2667 1136 quibus
2707 1073 2867 1125 morti
2911 1073 3088 1127 aditus
3119 1075 3427 1142 patefactus
3456 1085 3560 1127 cst.

1993 1160 2265 1230 Scriptum
2312 1162 2458 1216 enim
2511 1169 2592 1217 est
2622 1165 2673 1217 in
2710 1165 2848 1217 libro
2875 1163 3100 1221 Genesis
3139 1181 3153 1218 :
3189 1163 3255 1218 Et
3284 1165 3413 1220 vidit
3447 1183 3564 1218 mu-

1992 1250 2092 1303 lier
2149 1253 2290 1322 quod
2321 1253 2519 1322 lignum
2554 1255 2743 1307 bonum
2778 1266 2890 1308 erat
2925 1257 3179 1323 adesum,
3211 1267 3258 1310 et
3286 1257 3563 1324 pulchrum

1992 1345 2061 1394 ad
2094 1343 2492 1412 intelligendum
2535 1345 2601 1399 ⁷³.
2658 1345 2926 1411 Quoniam
2987 1348 3150 1418 igitur
3213 1349 3420 1402 fructus
3475 1349 3564 1402 iile

1991 1442 2105 1486 tum
2138 1434 2254 1488 visu
2296 1436 2720 1504 pulcherrimus,
2748 1448 2858 1491 tum
2892 1451 3146 1509 perceptu
3179 1441 3562 1502 suavissimus,

1993 1539 2094 1579 nos
2121 1540 2218 1594 per
2245 1528 2452 1596 primos
2486 1539 2737 1597 parentes
2771 1531 3033 1584 inescavit
3062 1543 3226 1601 atque
3270 1533 3565 1592 interemit.

1992 1616 2240 1670 colorum
2308 1618 2516 1673 nitores
2569 1619 2794 1687 posthac
2853 1619 3148 1690 fugiamus,
3240 1623 3414 1677 visum
3473 1627 3564 1692 qui

311 1714 450 1758 octo
476 1715 656 1759 autem
700 1703 964 1762 futuram.
1012 1706 1060 1762 ls
1094 1723 1256 1777 porro
1302 1722 1460 1762 suam
1512 1709 1732 1778 utrique
1769 1708 1894 1762 vitae
1925 1729 1965 1782 Β
1997 1709 2298 1778 principem
2332 1711 2476 1764 inter
2517 1725 2716 1765 sensus
2747 1713 2923 1766 locum
2966 1721 3132 1777 tenet,
3177 1714 3510 1784 castigantes
3547 1733 3563 1769 :

311 1804 535 1865 partem
591 1795 724 1860 dat,
776 1798 870 1865 qui
936 1796 1026 1852 hic
1084 1799 1308 1866 quidem
1367 1799 1527 1854 bonis
1586 1797 1897 1854 aetionibus

316 1896 492 1955 atque
522 1887 781 1956 operibus
808 1887 1039 1952 studuit,
1076 1891 1128 1942 in
1163 1890 1332 1944 altero
1372 1899 1551 1945 autem
1592 1906 1708 1945 aevo
1738 1891 1897 1945 resti-

319 1987 482 2032 tutus
511 1988 614 2042 cst,
671 1978 776 2032 hoc
822 1989 926 2043 est,
965 1981 1021 2034 in
1065 1981 1369 2037 caelestium
1405 1984 1672 2037 bonorum
1706 1997 1895 2052 perce-

319 2070 516 2140 ptione
562 2071 920 2128 constitutus.
963 2073 1141 2140 Atque
1174 2073 1338 2127 etiam
1387 2071 1556 2128 David
1596 2074 1724 2128 huic
1758 2075 1896 2129 duos

316 2159 570 2228 psalmos
611 2160 864 2216 accinere
893 2161 1130 2226 videtur,
1167 2171 1384 2218 sextum
1423 2172 1478 2218 et
1521 2164 1894 2229 undecimum,

315 2249 527 2317 quibus
561 2250 777 2304 titulum
812 2251 1010 2306 indidit
1041 2269 1056 2306 :
1091 2252 1163 2318 De
1192 2262 1398 2319 octava,
1433 2254 1893 2324 quemadmodum

316 2346 382 2389 et
414 2336 539 2390 huic
563 2334 942 2392 Encaeniorum
968 2337 1076 2394 diei
1105 2342 1464 2396 centesimum
1491 2355 1692 2394 nonum
1727 2341 1893 2403 dicat,

316 2433 734 2490 inuovationem
764 2436 960 2492 domus
988 2437 1316 2495 inscribens.
1345 2437 1456 2494 Nos
1489 2451 1669 2494 autem
1709 2439 1898 2504 hujus-

317 2525 472 2578 modi
523 2529 720 2583 domus
766 2545 978 2594 sumus,
1028 2534 1229 2600 quibus
1280 2532 1335 2586 in
1378 2533 1604 2588 honoris
1651 2532 1895 2587 habitum

313 2627 430 2674 est.
466 2626 523 2670 ut
567 2621 824 2688 templum
859 2621 975 2685 Dei,
1015 2633 1069 2675 et
1099 2624 1298 2685 simus,
1342 2633 1396 2677 et
1427 2625 1800 2690 nominemur,
1842 2635 1896 2678 et

316 2705 716 2760 iniciantur“.
765 2709 909 2765 Deus
958 2712 1104 2765 enim
1164 2727 1260 2780 per
1305 2710 1600 2766 Jeremiam
1655 2717 1894 2782 quodam

315 2798 450 2850 loco
490 2797 564 2850 ita
611 2797 899 2867 loquitur:
932 2799 1258 2855 Inhabitabo
1302 2803 1356 2855 in
1404 2802 1514 2856 illis
1563 2812 1613 2856 ct
1647 2804 1893 2858 inambu-

318 2887 452 2941 labo
479 2887 554 2940 ".
613 2889 815 2943 Paulus
869 2907 1088 2960 quoque
1131 2893 1196 2946 ad
1252 2893 1566 2950 Corinthios
1617 2896 1683 2950 ad
1748 2897 1895 2952 hunc

317 2980 550 3030 modum
604 2979 797 3033 scribit
827 2996 842 3033 :
873 2978 1144 3050 Templum
1178 2981 1274 3035 Dei
1314 2983 1532 3036 viventis
1576 2985 1700 3038 estis
1727 2986 1791 3039 ⁷³.
1828 2987 1894 3040 Et

2001 1812 2100 1856 nec
2133 1801 2200 1855 ad
2232 1811 2484 1865 externa,
2517 1802 2608 1856 sed
2641 1802 2708 1856 ad
2745 1818 2844 1858 nos
2873 1805 3020 1873 ipsos
3049 1805 3236 1861 oculos
3261 1806 3566 1871 ﬂectannts,

1995 1884 2150 1960 juxta
2183 1891 2313 1947 illud
2341 1893 2742 1948 Deuteronomii
2779 1904 3109 1966 praeceptum
3149 1916 3164 1952 :
3204 1896 3428 1952 Attende
3472 1898 3569 1952 tibi

1999 1985 2100 2052 ipsi
2127 1983 2196 2048 "’,
2223 1995 2388 2054 atque
2431 1983 2852 2041 Proverbiortnn
2901 1997 3180 2042 auctorem
3221 1988 3568 2044 Salomonem

1998 2073 2286 2127 audiamus
2348 2073 2615 2129 dicentem
2647 2075 2692 2106 ⁸ο
2728 2094 2740 2129 :
2775 2073 2853 2130 Ne
2891 2085 2942 2131 tc
2971 2087 3188 2146 superet
3216 2079 3428 2134 eximiae
3457 2079 3571 2134 for-

1999 2179 2100 2217 mae
2134 2163 2431 2231 cupiditas,
2465 2179 2566 2218 nec
2595 2180 2700 2219 una
2739 2179 2863 2219 cum
2899 2167 3175 2237 palpebris
3203 2168 3255 2223 in
3293 2177 3570 2224 transver-

1997 2268 2117 2308 sum
2177 2253 2487 2323 abripiaris,
2524 2269 2634 2311 non
2678 2257 2856 2312 solum
2913 2273 2981 2312 ex
3033 2274 3172 2314 vano
3236 2270 3294 2314 et
3353 2261 3573 2316 curioso

1998 2353 2245 2414 aspectu,
2271 2345 2389 2410 sed,
2421 2347 2466 2401 si
2504 2346 2616 2400 ﬁeri
2653 2356 2854 2418 potest,
2885 2365 2953 2404 ne
2990 2365 3055 2404 ex
3091 2348 3314 2406 fortuito
3351 2352 3571 2422 quidem

1997 2446 2162 2506 atque
2191 2437 2367 2491 obiter
2397 2453 2518 2492 sese
2545 2439 2861 2508 obiiciente;
2894 2456 3082 2495 verum
3127 2445 3362 2513 teipsum
3396 2445 3478 2499 vel
3505 2446 3574 2499 ad

1999 2531 2168 2582 levem
2189 2541 2361 2597 usque
2383 2543 2447 2582 ac
2479 2529 2782 2597 neglectum
2802 2540 3151 2600 prospectum
3167 2537 3466 2600 communi,
3486 2544 3574 2590 at-

1997 2637 2104 2690 que
2134 2621 2324 2675 oculos
2347 2622 2668 2691 comprime.
2698 2622 2965 2676 Caeterum
2993 2633 3212 2693 prepter
3243 2628 3320 2681 rei
3343 2628 3576 2682 diﬁicul-

1999 2721 2160 2766 tatem
2188 2712 2430 2767 additum
2461 2721 2563 2767 est:
2588 2712 2642 2766 Si
2677 2713 2790 2767 ﬁeri
2824 2714 3219 2783 potest.Videre
3236 2733 3398 2786 porro
3444 2718 3578 2774 nihil

1995 2803 2140 2858 aliud
2166 2812 2270 2868 est,
2306 2819 2470 2874 quam
2499 2804 2823 2873 simpliciter
2845 2808 3132 2876 inspicere.
3161 2809 3299 2866 liuic
3323 2815 3577 2885 utrinque

1996 2907 2349 2965 opponuntur
2408 2897 2626 2952 curiose
2686 2895 2912 2962 intueri,
2959 2907 3013 2953 et
3071 2903 3357 2970 neglectim
3415 2918 3578 2977 atque

1998 2987 2177 3040 obiter
2207 2986 2472 3054 aspicere,
2503 2985 2648 3039 velut
2679 3000 2942 3043 excessus
2975 2996 3029 3042 et
3078 2991 3342 3048 defectus.
3377 2993 3580 3051 Viden-

317 3084 523 3124 rursus
563 3087 576 3123 :
610 3070 688 3124 An
740 3073 973 3137 nescitis,
1024 3072 1164 3142 quod
1211 3073 1461 3140 templum
1505 3075 1598 3129 Dei
1648 3078 1795 3142 estis,
1847 3087 1895 3132 et
1924 3055 1968 3116 (ἶ
2001 3072 2130 3126 dum
2166 3071 2348 3139 itaque
2380 3071 2475 3125 tibi
2509 3081 2609 3136 est,
2653 3088 2721 3126 ne
2773 3089 2898 3128 cum
2946 3077 3220 3146 palpebris
3263 3083 3578 3152 abripiaris,

317 3162 564 3232 Spiritus
598 3163 696 3216 Dei
723 3163 926 3219 habitat
962 3166 1016 3219 in
1061 3167 1245 3221 vobis?
1272 3165 1332 3220 Si
1358 3168 1472 3237 quis
1524 3171 1774 3236 templum
1806 3170 1903 3223 Dei

315 3251 621 3317 violaverit,
659 3253 923 3321 disperdet
946 3255 1098 3308 illum
1133 3255 1295 3309 Deus.
1333 3254 1606 3324 Templum
1634 3258 1774 3310 enim
1804 3256 1903 3312 Dei

311 3354 572 3396 sanctum
616 3352 716 3409 est,
756 3344 894 3413 quod
955 3347 1082 3399 estis
1124 3362 1212 3400 vos
1233 3347 1299 3399 ⁷⁸.
1341 3346 1422 3401 Eu
1450 3349 1728 3417 quomodo
1760 3351 1901 3419 apud

311 3435 616 3490 Jeremiam
669 3435 868 3491 domus
923 3435 1038 3502 Dei,
1085 3435 1229 3508 apud
1270 3437 1588 3508 Apostolum
1639 3440 1899 3508 templum

322 3525 428 3579 Dei
484 3525 856 3580 nominemur.
913 3527 966 3582 ls
1009 3542 1172 3596 porro
1221 3529 1484 3596 templum
1545 3527 1638 3582 Dci
1696 3529 1904 3583 violare

314 3615 553 3682 dicitur,
605 3618 696 3688 qui
745 3620 1003 3675 obscenis
1033 3635 1098 3675 ac
1151 3621 1478 3676 meretriciis
1519 3622 1903 3692 congressibus

319 3725 552 3766 carnem
599 3711 870 3778 inquinat,
911 3727 975 3766 ac
1003 3727 1162 3766 coeno
1193 3713 1442 3767 involvit.

398 3803 520 3856 Col.
561 3802 666 3856 6M
715 3803 780 3856 A.
824 3801 1199 3856 Enca'niorum
1251 3805 1511 3857 rationem
1555 3804 1778 3858 habetis.
1833 3805 1900 3858 At

319 3911 415 3949 vos
480 3893 839 3955 innovemini,
909 3901 1014 3948 etc.
1077 3893 1462 3947 Encaaniorum
1515 3894 1784 3947 rationem
1848 3904 1903 3948 et

321 3982 750 4051 explicationem
809 3981 1102 4038 didicistis.
1148 3982 1436 4052 Reliquum
1483 3992 1588 4048 est,
1631 3993 1693 4038 ut
1743 3985 1901 4038 inno-

323 4073 558 4138 vemini,
601 4081 788 4140 atque,
826 4083 888 4127 ut
936 4074 1231 4142 Apostolus
1279 4075 1526 4143 loquitur
1555 4076 1624 4140 ⁷⁵,
1662 4061 1928 4130 veterenr

325 4165 640 4231 hominem,
675 4165 777 4219 hoc
809 4173 917 4232 est,
957 4176 1268 4235 peccatum,
1301 4166 1448 4234 quod
1497 4167 1711 4221 senium
1743 4168 1902 4223 nobis

327 4271 387 4316 et
447 4265 777 4312 vetustatem
839 4257 1176 4328 importavit,
1234 4258 1545 4328 abjiciatis;
1597 4271 1780 4328 atque,
1845 4269 1905 4313 ut

2003 3170 2164 3229 atque
2202 3159 2312 3215 Eva
2375 3161 2471 3215 tibi
2530 3162 2713 3216 animo
2766 3170 3137 3234 proponenda,
3191 3187 3312 3241 qua:
3357 3177 3578 3243 quidem

2003 3252 2186 3306 dulcis
2213 3251 2513 3320 impostura
2542 3259 2681 3316 erat,
2719 3253 2790 3308 ob
2841 3257 3194 3326 conspicuam
3251 3263 3424 3331 ipsius
3464 3266 3580 3320 for-

2004 3359 2171 3404 mam,
2221 3352 2276 3395 et
2329 3343 2627 3398 incantatio
2665 3343 2855 3409 chara,
2905 3357 3124 3417 prepter
3173 3353 3488 3409 illicientcm
3526 3369 3578 3414 ct

2002 3434 2352 3488 deiicientem
2381 3434 2738 3505 voluptatem.
2791 3435 3014 3492 Femina
3053 3442 3224 3506 enim,
3255 3445 3400 3500 velut
3428 3463 3578 3516 esca,

2003 3541 2207 3578 marem
2240 3525 2306 3578 ad
2337 3539 2394 3579 se
2426 3527 2611 3590 trahit,
2653 3542 2716 3582 ac
2766 3544 2978 3584 veneno
3038 3533 3230 3598 inficit,
3291 3538 3578 3608 voluptua-

2005 3617 2209 3682 riisque
2241 3616 2506 3684 gestibus,
2560 3627 2614 3671 et
2665 3623 3033 3681 sermonibus.
3087 3642 3152 3680 ac
3207 3629 3388 3696 rebus,
3418 3633 3575 3699 quasi

2003 3705 2334 3772 quibusdam
2367 3707 2677 3776 praestigiis,
2711 3709 3048 3776 ludiﬁcatur,
3078 3716 3280 3783 quibus
3315 3719 3380 3771 ad
3421 3736 3577 3774 accr-

2005 3796 2289 3850 bissimum
2349 3797 2544 3851 anima:
2604 3800 2884 3854 interitum
2954 3814 3008 3858 et
3067 3807 3294 3861 exitium
3365 3811 3578 3867 illectus

2004 3888 2357 3954 pertrahitur.
2383 3885 2517 3942 Nam
2572 3891 2616 3944 si
2667 3892 2754 3946 illa
2785 3933 2800 3957 ,
2837 3909 2957 3962 qua:
2983 3899 3200 3966 propria
3233 3910 3368 3966 crat,
3404 3903 3584 3956 socia-

2002 3990 2108 4044 que
2137 3987 2190 4031 et
2220 3978 2535 4033 auxiliatrix
2563 3982 2686 4036 data
2722 3987 2917 4048 fuerat,
2944 3988 3121 4042 virum
3159 3991 3413 4059 perdidit,
3467 4010 3578 4062 quo

2003 4080 2160 4138 pacto
2194 4072 2451 4125 meretrix
2509 4082 2561 4124 et
2621 4075 2797 4130 aliena
2853 4079 3016 4133 saluti
3065 4080 3248 4135 futura
3275 4085 3577 4140 est‘IOculi

2005 4164 2171 4232 igitur
2231 4163 2311 4217 sic
2365 4178 2724 4218 coerceantur
2794 4169 2847 4221 in
2906 4172 3201 4240 palpebris,
3243 4190 3350 4228 non
3415 4191 3576 4230 secus

2004 4254 2244 4322 atquein
2274 4255 2502 4323 nuptiali
2534 4258 2798 4320 thalamo,
2828 4261 3071 4329 virgineo
3100 4277 3250 4346 more
3273 4274 3578 4330 versantes,

325 4353 476 4406 idem
508 4350 806 4419 Apostolus
847 4350 1196 4414 admonet",
1243 4349 1298 4404 in
1346 4350 1587 4405 novitate
1618 4351 1741 4405 vita:
1785 4366 1902 4404 am-
1933 4387 1977 4443 Ι)
2007 4364 2107 4402 nec
2162 4349 2489 4417 procacibus
2554 4359 2610 4403 et
2661 4351 2952 4420 impudicis
3015 4353 3258 4408 motibus
3328 4355 3581 4410 aculeum

322 4443 553 4509 buletis,
596 4458 660 4498 ac
709 4445 1028 4509 versemini,
1083 4444 1186 4498 hoc
1217 4452 1321 4506 est,
1354 4458 1478 4497 cum
1511 4444 1732 4507 virtute,
1776 4459 1900 4514 qua:

329 4535 586 4591 alumnos
633 4551 763 4591 suos
792 4537 1038 4599 innovat,
1085 4550 1149 4589 ac
1187 4536 1418 4605 juvenes
1465 4536 1646 4598 efﬁcit,
1679 4536 1894 4591 vivatis.

325 4624 388 4677 ιιι
449 4635 632 4680 autem
691 4626 1101 4695 assequemini,
1176 4627 1223 4680 si
1284 4627 1677 4680 continentiam
1747 4629 1900 4682 velut

329 4717 581 4781 frenum,
612 4719 870 4772 omnibus
913 4733 1174 4772 sensuum
1218 4717 1600 4772 instrumentis
1646 4717 1900 4786 injeceri-

326 4807 404 4861 tis
443 4810 535 4876 (ex
585 4809 787 4878 quibus
818 4809 1014 4862 anima:
1051 4821 1201 4863 mors
1240 4809 1439 4873 oritur,
1467 4809 1622 4878 juxta
1655 4809 1708 4862 id
1752 4810 1897 4879 quod

323 4898 409 4953 ait
449 4897 721 4956 Jeretnias
755 4919 770 4957 :
801 4900 1054 4955 Ascendit
1104 4915 1243 4952 mors
1286 4913 1378 4968 per
1423 4898 1679 4968 fenestras
1699 4898 1803 4969 '7);
1852 4900 1898 4954 si

327 5006 446 5047 non
499 4993 603 5048 hoc
659 5003 756 5048 aut
823 4994 957 5048 illud
1013 4994 1362 5057 membrum,
1429 4991 1525 5046 sed
1587 4993 1768 5045 omnia
1828 4993 1898 5046 ita

323 5086 608 5152 rexeritis,
663 5096 723 5140 ut
771 5087 1204 5156 unumquodque
1261 5084 1372 5154 regi
1417 5093 1581 5153 atque
1631 5085 1684 5138 in
1722 5084 1898 5138 olIicio

323 5180 604 5235 contineri
631 5180 1001 5250 castigariquc
1047 5187 1244 5233 natura
1279 5187 1656 5246 comparatum
1688 5185 1772 5230 est
1804 5194 1818 5243 ;
1852 5179 1898 5232 si

325 5271 572 5341 denique
620 5272 875 5326 vitiosam
940 5285 1158 5325 omnem
1222 5270 1352 5339 ligni
1409 5266 1560 5324 vetiti
1609 5267 1900 5321 manduca-

329 5360 534 5416 tionem
586 5359 946 5416 exsecremini
1003 5364 1125 5430 (per
1185 5360 1392 5430 lignum
1460 5360 1605 5414 enim
1655 5358 1903 5427 voluptas

894 5499 939 5530 "‘
963 5499 1008 5553 ll
1043 5499 1248 5560 COLVI,
1284 5499 1369 5554 16.
1447 5499 1490 5528 ⁷³
1519 5499 1601 5552 Ιιη‹

894 5609 900 5624 .
939 5586 1020 5634 Ill,
1050 5571 1102 5625 9.
1180 5572 1224 5602 "
1251 5568 1409 5624 Rom.
1445 5585 1517 5634 vr,
1553 5571 1601 5620 4.

401 5498 446 5530 ὀ
472 5496 650 5554 Ecclc.
681 5499 816 5562 “,2.

333 5569 423 5636 16,
457 5571 542 5622 Π.
621 5571 666 5603 τ’
688 5570 900 5627 Coloss.
939 5586 1020 5634 Ill,
1050 5571 1102 5625 9.

331 5655 406 5710 vt,
443 5639 514 5693 25
547 5655 700 5713 seqq.

1447 5499 1490 5528 "’
1519 5499 1646 5562 ltnn,
1671 5495 1843 5550 Levit.
1874 5496 2128 5559 “vni-2;
2173 5493 2189 5546 l
2223 5495 2351 5549 Cor.
2384 5496 2551 5560 ΠΛΟ.

1680 5569 1721 5599 ’⁷
1746 5567 1945 5623 tierent.
1977 5584 2049 5634 Ix,
2081 5574 2170 5620 2i.

2003 4445 2322 4501 excitantes.
2355 4443 2529 4512 Atque
2573 4445 2737 4498 etiam
2787 4446 3010 4515 insuper
3040 4447 3371 4515 voluptatem
3411 4465 3584 4519 usque

2005 4537 2072 4590 ad
2107 4542 2298 4604 gustus
2351 4549 2572 4588 sensum
2636 4543 2690 4588 et
2749 4533 2934 4588 fauces
2995 4551 3269 4601 aversare,
3319 4537 3385 4590 ad
3443 4553 3583 4606 quas

2007 4626 2162 4680 cibus
2189 4625 2368 4679 omnis
2399 4624 2702 4678 devolvitur
2733 4643 2747 4678 ;
2782 4634 2856 4687 et,
2902 4625 3049 4692 quod
3108 4635 3235 4680 ante
3269 4630 3584 4697 perceptio-

2006 4733 2131 4772 nem
2179 4717 2409 4771 charum
2454 4717 2779 4781 habebatur,
2813 4716 2954 4770 idem
2988 4705 3303 4786 perceptum
3343 4722 3586 4776 vanescit

2006 4817 2060 4863 et
2081 4809 2465 4862 contemnitur.
2527 4807 2669 4874 Quin
2727 4807 2857 4861 illud
2892 4809 2988 4862 tibi
3022 4824 3240 4879 quoque
3277 4812 3583 4866 cavendum

2008 4909 2114 4966 est,
2153 4915 2219 4954 ne
2279 4909 2331 4954 te
2387 4899 2624 4954 olfactus
2685 4899 2982 4954 effeminet.
3021 4899 3202 4969 Turpe
3239 4903 3382 4956 enim
3413 4912 3498 4958 est
3529 4913 3586 4958 ct

2011 4992 2272 5047 muliebre
2316 5001 2478 5062 atque
2535 5009 2563 5046 a
2614 4994 2731 5045 viro
2765 4993 3004 5046 alienum
3053 4997 3341 5063 unguentis
3371 5005 3423 5048 et
3451 4995 3586 5048 odo-

2011 5099 2129 5134 rum
2189 5085 2552 5137 suavitatibus
2607 5083 2682 5136 uti
2726 5099 2739 5136 :
2777 5084 2980 5146 alioqui
3034 5087 3196 5138 ctiam
3257 5087 3585 5142 immodicus

2009 5173 2323 5242 hujusmodi
2362 5190 2541 5227 rerum
2577 5190 2708 5226 usus
2756 5174 3058 5231 salaciores
3103 5192 3284 5230 mares
3321 5185 3486 5245 atque
3514 5183 3582 5231 ad

2008 5281 2302 5320 venereum
2334 5280 2689 5334 congressum
2722 5269 3106 5336 propensiores
3132 5269 3330 5323 reddit.
3376 5269 3583 5324 Ferunt

2009 5360 2154 5412 enim
2211 5357 2570 5412 Commodum
2625 5359 3045 5428 imperatorem,
3107 5375 3231 5414 cum
3297 5370 3584 5429 grassante

2663 5497 2707 5528 ⁷³
2728 5495 2769 5549 ll
2803 5495 2930 5550 Cor.
2961 5511 3033 5558 vr,
3071 5494 3154 5548 16.
3230 5493 3314 5546 ⁷⁸1
3350 5493 3473 5546 Cor.
3499 5510 3582 5556 ttt,

2247 5566 2290 5598 ⁷⁸
2331 5564 2463 5619 Gen.
2496 5569 2647 5632 nt,6.
2744 5569 2788 5599 ⁷³
2826 5567 2980 5620 Deut.
3012 5580 3182 5629 xxvu,
3221 5566 3272 5621 9.
3335 5566 3380 5594 ⁵ο
3423 5567 3584 5618 ιιι-ιγ.
