  <div class='ocr_page' id='page_1' title='image "/cluster/home/n/w/nwhite01/storage/ocr_20150623/127/mdp.39015038085968/187.png"; bbox 0 0 4076 6292; ppageno 0'>
   <div class='ocr_carea' id='block_1_1' title="bbox 629 172 764 238">
    <p class='ocr_par' dir='ltr' id='par_1_1' title="bbox 629 172 764 238">
     <span class='ocr_line' id='line_1_1' title="bbox 629 172 764 238; baseline -0.007 0"><span class='ocrx_word' id='word_1_1' title='bbox 629 172 764 238; x_wconf 71' lang='grc'><strong>1423</strong></span> 
     </span>
    </p>
   </div>
   <div class='ocr_carea' id='block_1_2' title="bbox 2036 166 2410 225">
    <p class='ocr_par' dir='ltr' id='par_1_2' title="bbox 2036 166 2410 225">
     <span class='ocr_line' id='line_1_2' title="bbox 2036 166 2410 225; baseline 0.008 -3"><span class='ocrx_word' id='word_1_2' title='bbox 2036 168 2075 222; x_wconf 84' lang='grc' dir='ltr'>Α</span> <span class='ocrx_word' id='word_1_3' title='bbox 2090 166 2410 225; x_wconf 81' lang='lat' dir='ltr'><strong>DDENDA.</strong></span> 
     </span>
    </p>
   </div>
   <div class='ocr_carea' id='block_1_3' title="bbox 3714 170 3824 231">
    <p class='ocr_par' dir='ltr' id='par_1_3' title="bbox 3714 170 3824 231">
     <span class='ocr_line' id='line_1_3' title="bbox 3714 170 3824 231; baseline 0.018 -2"><span class='ocrx_word' id='word_1_4' title='bbox 3714 170 3824 231; x_wconf 61' lang='lat'><strong>142$</strong></span> 
     </span>
    </p>
   </div>
   <div class='ocr_carea' id='block_1_4' title="bbox 621 271 3827 355">
    <p class='ocr_par' dir='ltr' id='par_1_4' title="bbox 621 271 3827 355">
     <span class='ocr_line' id='line_1_4' title="bbox 621 271 3827 355; baseline -0.002 -14"><span class='ocrx_word' id='word_1_5' title='bbox 621 282 915 355; x_wconf 70' lang='lat' dir='ltr'><strong>aliquando</strong></span> <span class='ocrx_word' id='word_1_6' title='bbox 946 288 1099 351; x_wconf 87' lang='lat' dir='ltr'><strong>peste</strong></span> <span class='ocrx_word' id='word_1_7' title='bbox 1135 277 1428 348; x_wconf 78' lang='lat' dir='ltr'><strong>unguentis</strong></span> <span class='ocrx_word' id='word_1_8' title='bbox 1465 290 1597 331; x_wconf 88' lang='lat' dir='ltr'><strong>usus</strong></span> <span class='ocrx_word' id='word_1_9' title='bbox 1636 282 1800 340; x_wconf 78' lang='lat' dir='ltr'><strong>esset;</strong></span> <span class='ocrx_word' id='word_1_10' title='bbox 1843 289 1904 328; x_wconf 79' lang='lat' dir='ltr'><strong>ex</strong></span> <span class='ocrx_word' id='word_1_11' title='bbox 1934 288 1997 327; x_wconf 87' lang='lat' dir='ltr'><strong>ea</strong></span> <span class='ocrx_word' id='word_1_12' title='bbox 2032 289 2090 329; x_wconf 90' lang='lat' dir='ltr'><strong>re</strong></span> <span class='ocrx_word' id='word_1_13' title='bbox 2119 274 2184 328; x_wconf 88' lang='lat' dir='ltr'><strong>ad</strong></span> <span class='ocrx_word' id='word_1_14' title='bbox 2214 281 2263 337; x_wconf 73' lang='grc' dir='ltr'><strong>Α</strong></span> <span class='ocrx_word' id='word_1_15' title='bbox 2292 272 2396 326; x_wconf 89' lang='lat' dir='ltr'><strong>cati</strong></span> <span class='ocrx_word' id='word_1_16' title='bbox 2425 271 2707 340; x_wconf 84' lang='lat' dir='ltr'><strong>abjiciens,</strong></span> <span class='ocrx_word' id='word_1_17' title='bbox 2742 280 2904 342; x_wconf 87' lang='lat' dir='ltr'><strong>atque</strong></span> <span class='ocrx_word' id='word_1_18' title='bbox 2950 271 3290 329; x_wconf 79' lang='lat' dir='ltr'><strong>innovatoris</strong></span> <span class='ocrx_word' id='word_1_19' title='bbox 3327 271 3569 342; x_wconf 84' lang='lat' dir='ltr'><strong>Spiritus</strong></span> <span class='ocrx_word' id='word_1_20' title='bbox 3595 292 3751 345; x_wconf 85' lang='lat' dir='ltr'><strong>opera</strong></span> <span class='ocrx_word' id='word_1_21' title='bbox 3774 285 3827 336; x_wconf 79' lang='lat' dir='ltr'><strong>ad</strong></span> 
     </span>
    </p>
   </div>
   <div class='ocr_carea' id='block_1_5' title="bbox 623 365 2187 442">
    <p class='ocr_par' dir='ltr' id='par_1_5' title="bbox 623 365 2187 442">
     <span class='ocr_line' id='line_1_5' title="bbox 623 365 2187 442; baseline -0.007 -12"><span class='ocrx_word' id='word_1_22' title='bbox 623 375 898 431; x_wconf 86' lang='lat' dir='ltr'><strong>libidinem</strong></span> <span class='ocrx_word' id='word_1_23' title='bbox 931 372 1160 442; x_wconf 88' lang='lat' dir='ltr'><strong>majores</strong></span> <span class='ocrx_word' id='word_1_24' title='bbox 1190 369 1435 424; x_wconf 82' lang='lat' dir='ltr'><strong>ﬂammas</strong></span> <span class='ocrx_word' id='word_1_25' title='bbox 1457 367 1789 436; x_wconf 88' lang='lat' dir='ltr'><strong>concepisse.</strong></span> <span class='ocrx_word' id='word_1_26' title='bbox 1826 365 2060 421; x_wconf 84' lang='lat' dir='ltr'><strong>Proinde</strong></span> <span class='ocrx_word' id='word_1_27' title='bbox 2091 380 2187 419; x_wconf 91' lang='lat' dir='ltr'><strong>nec</strong></span> 
     </span>
    </p>
   </div>
   <div class='ocr_carea' id='block_1_6' title="bbox 623 456 2186 534">
    <p class='ocr_par' dir='ltr' id='par_1_6' title="bbox 623 456 2186 534">
     <span class='ocr_line' id='line_1_6' title="bbox 623 456 2186 534; baseline -0.008 -14"><span class='ocrx_word' id='word_1_28' title='bbox 623 483 717 534; x_wconf 89' lang='lat' dir='ltr'><strong>per</strong></span> <span class='ocrx_word' id='word_1_29' title='bbox 745 465 998 519; x_wconf 84' lang='lat' dir='ltr'><strong>olfa‘ctnm</strong></span> <span class='ocrx_word' id='word_1_30' title='bbox 1034 460 1390 524; x_wconf 72' lang='lat' dir='ltr'><strong>edemineris,</strong></span> <span class='ocrx_word' id='word_1_31' title='bbox 1417 472 1517 513; x_wconf 93' lang='lat' dir='ltr'><strong>nec</strong></span> <span class='ocrx_word' id='word_1_32' title='bbox 1542 474 1640 527; x_wconf 89' lang='lat' dir='ltr'><strong>per</strong></span> <span class='ocrx_word' id='word_1_33' title='bbox 1683 466 1885 510; x_wconf 87' lang='lat' dir='ltr'><strong>laetum</strong></span> <span class='ocrx_word' id='word_1_34' title='bbox 1914 456 2186 511; x_wconf 79' lang='lat' dir='ltr'><strong>encrveris</strong></span> 
     </span>
    </p>
   </div>
   <div class='ocr_carea' id='block_1_7' title="bbox 560 546 2186 615">
    <p class='ocr_par' dir='ltr' id='par_1_7' title="bbox 560 546 2186 615">
     <span class='ocr_line' id='line_1_7' title="bbox 560 546 2186 615; baseline -0.004 -10"><span class='ocrx_word' id='word_1_35' title='bbox 560 550 565 555; x_wconf 81' lang='grc'><em>’</em></span> <span class='ocrx_word' id='word_1_36' title='bbox 622 565 676 606; x_wconf 79' lang='lat' dir='ltr'><strong>ct</strong></span> <span class='ocrx_word' id='word_1_37' title='bbox 705 554 1041 615; x_wconf 88' lang='lat' dir='ltr'><strong>emolliaris;</strong></span> <span class='ocrx_word' id='word_1_38' title='bbox 1076 566 1263 605; x_wconf 83' lang='lat' dir='ltr'><strong>verum</strong></span> <span class='ocrx_word' id='word_1_39' title='bbox 1312 549 1571 603; x_wconf 73' lang='lat' dir='ltr'><strong>laevitates</strong></span> <span class='ocrx_word' id='word_1_40' title='bbox 1605 562 1796 602; x_wconf 85' lang='lat' dir='ltr'><strong>omnes</strong></span> <span class='ocrx_word' id='word_1_41' title='bbox 1837 555 1893 602; x_wconf 90' lang='lat' dir='ltr'><strong>et</strong></span> <span class='ocrx_word' id='word_1_42' title='bbox 1934 546 2186 600; x_wconf 73' lang='lat' dir='ltr'><strong>mollities</strong></span> 
     </span>
    </p>
   </div>
   <div class='ocr_carea' id='block_1_8' title="bbox 621 639 2183 717">
    <p class='ocr_par' dir='ltr' id='par_1_8' title="bbox 621 639 2183 717">
     <span class='ocr_line' id='line_1_8' title="bbox 621 639 2183 717; baseline -0.006 -16"><span class='ocrx_word' id='word_1_43' title='bbox 621 649 767 717; x_wconf 83' lang='lat' dir='ltr'><strong>fuge.</strong></span> <span class='ocrx_word' id='word_1_44' title='bbox 816 646 1045 699; x_wconf 86' lang='lat' dir='ltr'><strong>.Tactum</strong></span> <span class='ocrx_word' id='word_1_45' title='bbox 1110 651 1291 697; x_wconf 90' lang='lat' dir='ltr'><strong>autem</strong></span> <span class='ocrx_word' id='word_1_46' title='bbox 1341 641 1495 708; x_wconf 87' lang='lat' dir='ltr'><strong>dicit,</strong></span> <span class='ocrx_word' id='word_1_47' title='bbox 1532 656 1637 695; x_wconf 93' lang='lat' dir='ltr'><strong>non</strong></span> <span class='ocrx_word' id='word_1_48' title='bbox 1689 654 1814 694; x_wconf 90' lang='lat' dir='ltr'><strong>eum</strong></span> <span class='ocrx_word' id='word_1_49' title='bbox 1846 647 2055 694; x_wconf 87' lang='lat' dir='ltr'><strong>tantum</strong></span> <span class='ocrx_word' id='word_1_50' title='bbox 2089 639 2183 709; x_wconf 89' lang='lat' dir='ltr'><strong>qui</strong></span> 
     </span>
    </p>
   </div>
   <div class='ocr_carea' id='block_1_9' title="bbox 622 731 2185 802">
    <p class='ocr_par' dir='ltr' id='par_1_9' title="bbox 622 731 2185 802">
     <span class='ocr_line' id='line_1_9' title="bbox 622 731 2185 802; baseline -0.004 -11"><span class='ocrx_word' id='word_1_51' title='bbox 622 752 784 792; x_wconf 89' lang='lat' dir='ltr'><strong>manu</strong></span> <span class='ocrx_word' id='word_1_52' title='bbox 814 736 893 800; x_wconf 84' lang='lat' dir='ltr'><strong>tit,</strong></span> <span class='ocrx_word' id='word_1_53' title='bbox 918 734 1012 789; x_wconf 88' lang='lat' dir='ltr'><strong>sed</strong></span> <span class='ocrx_word' id='word_1_54' title='bbox 1062 749 1185 789; x_wconf 92' lang='lat' dir='ltr'><strong>eum</strong></span> <span class='ocrx_word' id='word_1_55' title='bbox 1238 732 1402 787; x_wconf 91' lang='lat' dir='ltr'><strong>etiam</strong></span> <span class='ocrx_word' id='word_1_56' title='bbox 1436 731 1531 802; x_wconf 93' lang='lat' dir='ltr'><strong>qui</strong></span> <span class='ocrx_word' id='word_1_57' title='bbox 1579 731 1633 785; x_wconf 91' lang='lat' dir='ltr'><strong>in</strong></span> <span class='ocrx_word' id='word_1_58' title='bbox 1670 739 1781 786; x_wconf 92' lang='lat' dir='ltr'><strong>toto</strong></span> <span class='ocrx_word' id='word_1_59' title='bbox 1807 746 2036 801; x_wconf 89' lang='lat' dir='ltr'><strong>corpore</strong></span> <span class='ocrx_word' id='word_1_60' title='bbox 2064 746 2185 786; x_wconf 88' lang='lat' dir='ltr'><strong>ser-</strong></span> 
     </span>
    </p>
   </div>
   <div class='ocr_carea' id='block_1_10' title="bbox 618 823 2182 893">
    <p class='ocr_par' dir='ltr' id='par_1_10' title="bbox 618 823 2182 893">
     <span class='ocr_line' id='line_1_10' title="bbox 618 823 2182 893; baseline -0.004 -9"><span class='ocrx_word' id='word_1_61' title='bbox 618 838 796 883; x_wconf 82' lang='lat' dir='ltr'><strong>vatur.</strong></span> <span class='ocrx_word' id='word_1_62' title='bbox 846 825 940 881; x_wconf 80' lang='lat' dir='ltr'><strong>Vis</strong></span> <span class='ocrx_word' id='word_1_63' title='bbox 988 829 1132 881; x_wconf 87' lang='lat' dir='ltr'><strong>enim</strong></span> <span class='ocrx_word' id='word_1_64' title='bbox 1189 832 1244 880; x_wconf 92' lang='lat' dir='ltr'><strong>et</strong></span> <span class='ocrx_word' id='word_1_65' title='bbox 1294 823 1525 879; x_wconf 75' lang='lat' dir='ltr'><strong>facultas</strong></span> <span class='ocrx_word' id='word_1_66' title='bbox 1569 823 1819 893; x_wconf 89' lang='lat' dir='ltr'><strong>tangendi</strong></span> <span class='ocrx_word' id='word_1_67' title='bbox 1862 837 1959 892; x_wconf 89' lang='lat' dir='ltr'><strong>per</strong></span> <span class='ocrx_word' id='word_1_68' title='bbox 2017 829 2182 877; x_wconf 89' lang='lat' dir='ltr'><strong>totam</strong></span> 
     </span>
    </p>
   </div>
   <div class='ocr_carea' id='block_1_11' title="bbox 617 914 2188 988">
    <p class='ocr_par' dir='ltr' id='par_1_11' title="bbox 617 914 2188 988">
     <span class='ocr_line' id='line_1_11' title="bbox 617 914 2188 988; baseline -0.003 -17"><span class='ocrx_word' id='word_1_69' title='bbox 617 935 835 977; x_wconf 71' lang='lat' dir='ltr'><strong>carnem</strong></span> <span class='ocrx_word' id='word_1_70' title='bbox 866 933 1056 988; x_wconf 78' lang='lat' dir='ltr'><strong>sparsa</strong></span> <span class='ocrx_word' id='word_1_71' title='bbox 1114 928 1169 973; x_wconf 90' lang='lat' dir='ltr'><strong>et</strong></span> <span class='ocrx_word' id='word_1_72' title='bbox 1223 915 1418 972; x_wconf 79' lang='lat' dir='ltr'><strong>diﬂusa</strong></span> <span class='ocrx_word' id='word_1_73' title='bbox 1469 925 1573 980; x_wconf 90' lang='lat' dir='ltr'><strong>est,</strong></span> <span class='ocrx_word' id='word_1_74' title='bbox 1608 914 1849 984; x_wconf 73' lang='lat' dir='ltr'><strong>exceptis</strong></span> <span class='ocrx_word' id='word_1_75' title='bbox 1878 914 2026 984; x_wconf 83' lang='lat' dir='ltr'><strong>pilis.</strong></span> <span class='ocrx_word' id='word_1_76' title='bbox 2051 914 2188 969; x_wconf 88' lang='lat' dir='ltr'><strong>ossi-</strong></span> 
     </span>
    </p>
   </div>
   <div class='ocr_carea' id='block_1_12' title="bbox 620 1005 2185 1082">
    <p class='ocr_par' dir='ltr' id='par_1_12' title="bbox 620 1005 2185 1082">
     <span class='ocr_line' id='line_1_12' title="bbox 620 1005 2185 1082; baseline -0.004 -14"><span class='ocrx_word' id='word_1_77' title='bbox 620 1017 742 1081; x_wconf 89' lang='lat' dir='ltr'><strong>bus,</strong></span> <span class='ocrx_word' id='word_1_78' title='bbox 781 1011 1082 1082; x_wconf 86' lang='lat' dir='ltr'><strong>unguibus,</strong></span> <span class='ocrx_word' id='word_1_79' title='bbox 1132 1025 1195 1064; x_wconf 88' lang='lat' dir='ltr'><strong>ac</strong></span> <span class='ocrx_word' id='word_1_80' title='bbox 1238 1008 1442 1064; x_wconf 82' lang='lat' dir='ltr'><strong>nervis.</strong></span> <span class='ocrx_word' id='word_1_81' title='bbox 1495 1005 1621 1061; x_wconf 67' lang='lat' dir='ltr'><strong>llaec</strong></span> <span class='ocrx_word' id='word_1_82' title='bbox 1669 1006 1815 1061; x_wconf 90' lang='lat' dir='ltr'><strong>enim</strong></span> <span class='ocrx_word' id='word_1_83' title='bbox 1870 1006 1984 1061; x_wconf 88' lang='lat' dir='ltr'><strong>sola</strong></span> <span class='ocrx_word' id='word_1_84' title='bbox 2018 1022 2185 1063; x_wconf 90' lang='lat' dir='ltr'><strong>sensu</strong></span> 
     </span>
    </p>
   </div>
   <div class='ocr_carea' id='block_1_13' title="bbox 616 1095 2185 1168">
    <p class='ocr_par' dir='ltr' id='par_1_13' title="bbox 616 1095 2185 1168">
     <span class='ocr_line' id='line_1_13' title="bbox 616 1095 2185 1168; baseline -0.003 -12"><span class='ocrx_word' id='word_1_85' title='bbox 616 1108 823 1156; x_wconf 85' lang='lat' dir='ltr'><strong>carent.</strong></span> <span class='ocrx_word' id='word_1_86' title='bbox 881 1100 1019 1165; x_wconf 83' lang='lat' dir='ltr'><strong>Quid</strong></span> <span class='ocrx_word' id='word_1_87' title='bbox 1071 1097 1378 1168; x_wconf 72' lang='lat' dir='ltr'><strong>praeteran</strong></span> <span class='ocrx_word' id='word_1_88' title='bbox 1438 1095 1671 1151; x_wconf 84' lang='lat' dir='ltr'><strong>Auditus</strong></span> <span class='ocrx_word' id='word_1_89' title='bbox 1735 1104 1786 1149; x_wconf 93' lang='lat' dir='ltr'><strong>te</strong></span> <span class='ocrx_word' id='word_1_90' title='bbox 1841 1095 1896 1149; x_wconf 92' lang='lat' dir='ltr'><strong>in</strong></span> <span class='ocrx_word' id='word_1_91' title='bbox 1940 1095 2185 1151; x_wconf 86' lang='lat' dir='ltr'><strong>fraudem</strong></span> 
     </span>
    </p>
   </div>
   <div class='ocr_carea' id='block_1_14' title="bbox 616 1188 2183 1263">
    <p class='ocr_par' dir='ltr' id='par_1_14' title="bbox 616 1188 2183 1263">
     <span class='ocr_line' id='line_1_14' title="bbox 616 1188 2183 1263; baseline -0.005 -15"><span class='ocrx_word' id='word_1_92' title='bbox 616 1193 825 1263; x_wconf 75' lang='lat' dir='ltr'><strong>injecit,</strong></span> <span class='ocrx_word' id='word_1_93' title='bbox 863 1207 925 1245; x_wconf 91' lang='lat' dir='ltr'><strong>ac</strong></span> <span class='ocrx_word' id='word_1_94' title='bbox 959 1191 1393 1246; x_wconf 87' lang='lat' dir='ltr'><strong>circumventum</strong></span> <span class='ocrx_word' id='word_1_95' title='bbox 1420 1203 1657 1243; x_wconf 88' lang='lat' dir='ltr'><strong>rnrsusa</strong></span> <span class='ocrx_word' id='word_1_96' title='bbox 1693 1189 1917 1244; x_wconf 88' lang='lat' dir='ltr'><strong>veritate</strong></span> <span class='ocrx_word' id='word_1_97' title='bbox 1937 1188 2183 1254; x_wconf 82' lang='lat' dir='ltr'><strong>abduxit,</strong></span> 
     </span>
    </p>
   </div>
   <div class='ocr_carea' id='block_1_15' title="bbox 615 1278 2186 1356">
    <p class='ocr_par' dir='ltr' id='par_1_15' title="bbox 615 1278 2186 1356">
     <span class='ocr_line' id='line_1_15' title="bbox 615 1278 2186 1356; baseline -0.004 -19"><span class='ocrx_word' id='word_1_98' title='bbox 615 1283 1076 1356; x_wconf 83' lang='lat' dir='ltr'><strong>quemadmodum</strong></span> <span class='ocrx_word' id='word_1_99' title='bbox 1142 1281 1272 1336; x_wconf 91' lang='lat' dir='ltr'><strong>olim</strong></span> <span class='ocrx_word' id='word_1_100' title='bbox 1327 1279 1534 1351; x_wconf 88' lang='lat' dir='ltr'><strong>primos</strong></span> <span class='ocrx_word' id='word_1_101' title='bbox 1597 1287 1872 1348; x_wconf 87' lang='lat' dir='ltr'><strong>parentes.</strong></span> <span class='ocrx_word' id='word_1_102' title='bbox 1927 1278 2009 1334; x_wconf 87' lang='lat' dir='ltr'><strong>Ne</strong></span> <span class='ocrx_word' id='word_1_103' title='bbox 2068 1278 2186 1348; x_wconf 89' lang='lat' dir='ltr'><strong>ipse</strong></span> 
     </span>
    </p>
   </div>
   <div class='ocr_carea' id='block_1_16' title="bbox 615 1369 2186 1445">
    <p class='ocr_par' dir='ltr' id='par_1_16' title="bbox 615 1369 2186 1445">
     <span class='ocr_line' id='line_1_16' title="bbox 615 1369 2186 1445; baseline -0.006 -14"><span class='ocrx_word' id='word_1_104' title='bbox 615 1377 833 1445; x_wconf 85' lang='lat' dir='ltr'><strong>quidem</strong></span> <span class='ocrx_word' id='word_1_105' title='bbox 871 1376 924 1429; x_wconf 93' lang='lat' dir='ltr'><strong>in</strong></span> <span class='ocrx_word' id='word_1_106' title='bbox 953 1383 1232 1443; x_wconf 91' lang='lat' dir='ltr'><strong>posterum</strong></span> <span class='ocrx_word' id='word_1_107' title='bbox 1285 1373 1496 1426; x_wconf 89' lang='lat' dir='ltr'><strong>solutus</strong></span> <span class='ocrx_word' id='word_1_108' title='bbox 1540 1370 1633 1433; x_wconf 86' lang='lat' dir='ltr'><strong>sit,</strong></span> <span class='ocrx_word' id='word_1_109' title='bbox 1665 1369 1759 1424; x_wconf 89' lang='lat' dir='ltr'><strong>sed</strong></span> <span class='ocrx_word' id='word_1_110' title='bbox 1794 1370 1952 1424; x_wconf 90' lang='lat' dir='ltr'><strong>bonis</strong></span> <span class='ocrx_word' id='word_1_111' title='bbox 1978 1382 2186 1425; x_wconf 80' lang='lat' dir='ltr'><strong>sermo-</strong></span> 
     </span>
    </p>
   </div>
   <div class='ocr_carea' id='block_1_17' title="bbox 616 1457 2184 1542">
    <p class='ocr_par' dir='ltr' id='par_1_17' title="bbox 616 1457 2184 1542">
     <span class='ocr_line' id='line_1_17' title="bbox 616 1457 2184 1542; baseline -0.006 -21"><span class='ocrx_word' id='word_1_112' title='bbox 616 1468 775 1522; x_wconf 81' lang='lat' dir='ltr'><strong>nib‘us</strong></span> <span class='ocrx_word' id='word_1_113' title='bbox 804 1474 1008 1535; x_wconf 84' lang='lat' dir='ltr'><strong>pateat,</strong></span> <span class='ocrx_word' id='word_1_114' title='bbox 1073 1464 1140 1542; x_wconf 86' lang='lat' dir='ltr'><strong>ad</strong></span> <span class='ocrx_word' id='word_1_115' title='bbox 1190 1463 1368 1531; x_wconf 86' lang='lat' dir='ltr'><strong>turpia</strong></span> <span class='ocrx_word' id='word_1_116' title='bbox 1415 1469 1594 1531; x_wconf 62' lang='lat' dir='ltr'><strong>autem</strong></span> <span class='ocrx_word' id='word_1_117' title='bbox 1627 1459 1789 1515; x_wconf 88' lang='lat' dir='ltr'><strong>verba</strong></span> <span class='ocrx_word' id='word_1_118' title='bbox 1819 1466 1873 1513; x_wconf 90' lang='lat' dir='ltr'><strong>et</strong></span> <span class='ocrx_word' id='word_1_119' title='bbox 1913 1461 1979 1513; x_wconf 87' lang='lat' dir='ltr'><strong>ad</strong></span> <span class='ocrx_word' id='word_1_120' title='bbox 2037 1457 2184 1513; x_wconf 79' lang='lat' dir='ltr'><strong>frau-</strong></span> 
     </span>
    </p>
   </div>
   <div class='ocr_carea' id='block_1_18' title="bbox 613 1550 2179 1624">
    <p class='ocr_par' dir='ltr' id='par_1_18' title="bbox 613 1550 2179 1624">
     <span class='ocr_line' id='line_1_18' title="bbox 613 1550 2179 1624; baseline -0.005 -12"><span class='ocrx_word' id='word_1_121' title='bbox 613 1562 733 1614; x_wconf 88' lang='lat' dir='ltr'><strong>dem</strong></span> <span class='ocrx_word' id='word_1_122' title='bbox 785 1568 835 1614; x_wconf 92' lang='lat' dir='ltr'><strong>et</strong></span> <span class='ocrx_word' id='word_1_123' title='bbox 896 1556 1271 1613; x_wconf 83' lang='lat' dir='ltr'><strong>curiositatem</strong></span> <span class='ocrx_word' id='word_1_124' title='bbox 1331 1553 1629 1624; x_wconf 89' lang='lat' dir='ltr'><strong>composita</strong></span> <span class='ocrx_word' id='word_1_125' title='bbox 1674 1551 2010 1607; x_wconf 90' lang='lat' dir='ltr'><strong>obstruatur.</strong></span> <span class='ocrx_word' id='word_1_126' title='bbox 2038 1550 2179 1605; x_wconf 82' lang='lat' dir='ltr'><strong>Audi</strong></span> 
     </span>
    </p>
   </div>
   <div class='ocr_carea' id='block_1_19' title="bbox 2287 364 3828 435">
    <p class='ocr_par' dir='ltr' id='par_1_19' title="bbox 2287 364 3828 435">
     <span class='ocr_line' id='line_1_19' title="bbox 2287 364 3828 435; baseline 0.008 -18"><span class='ocrx_word' id='word_1_127' title='bbox 2287 364 2542 417; x_wconf 88' lang='lat' dir='ltr'><strong>virtutem</strong></span> <span class='ocrx_word' id='word_1_128' title='bbox 2571 364 2814 431; x_wconf 81' lang='lat' dir='ltr'><strong>migrans</strong></span> <span class='ocrx_word' id='word_1_129' title='bbox 2853 382 2865 416; x_wconf 89' lang='lat'><strong>:</strong></span> <span class='ocrx_word' id='word_1_130' title='bbox 2892 373 3048 434; x_wconf 86' lang='lat' dir='ltr'><strong>teque</strong></span> <span class='ocrx_word' id='word_1_131' title='bbox 3083 366 3154 418; x_wconf 85' lang='lat' dir='ltr'><strong>ita</strong></span> <span class='ocrx_word' id='word_1_132' title='bbox 3185 380 3460 435; x_wconf 82' lang='lat' dir='ltr'><strong>compara,</strong></span> <span class='ocrx_word' id='word_1_133' title='bbox 3481 380 3548 423; x_wconf 91' lang='lat' dir='ltr'><strong>ut</strong></span> <span class='ocrx_word' id='word_1_134' title='bbox 3576 370 3828 429; x_wconf 53' lang='lat' dir='ltr'><strong>inuentio</strong></span> 
     </span>
    </p>
   </div>
   <div class='ocr_carea' id='block_1_20' title="bbox 2290 455 3894 518">
    <p class='ocr_par' dir='ltr' id='par_1_20' title="bbox 2290 455 3894 518">
     <span class='ocr_line' id='line_1_20' title="bbox 2290 455 3894 518; baseline 0.008 -11"><span class='ocrx_word' id='word_1_135' title='bbox 2290 468 2354 509; x_wconf 91' lang='lat' dir='ltr'><strong>ac</strong></span> <span class='ocrx_word' id='word_1_136' title='bbox 2389 455 2508 508; x_wconf 81' lang='lat' dir='ltr'><strong>vitae</strong></span> <span class='ocrx_word' id='word_1_137' title='bbox 2541 455 2595 508; x_wconf 91' lang='lat' dir='ltr'><strong>in</strong></span> <span class='ocrx_word' id='word_1_138' title='bbox 2629 456 2823 511; x_wconf 87' lang='lat' dir='ltr'><strong>melius</strong></span> <span class='ocrx_word' id='word_1_139' title='bbox 2874 457 3160 511; x_wconf 84' lang='lat' dir='ltr'><strong>immutata</strong></span> <span class='ocrx_word' id='word_1_140' title='bbox 3212 460 3349 511; x_wconf 85' lang='lat' dir='ltr'><strong>ratio</strong></span> <span class='ocrx_word' id='word_1_141' title='bbox 3406 460 3600 515; x_wconf 62' lang='lat' dir='ltr'><strong>animus</strong></span> <span class='ocrx_word' id='word_1_142' title='bbox 3650 462 3826 518; x_wconf 82' lang='lat' dir='ltr'><strong>festum</strong></span> <span class='ocrx_word' id='word_1_143' title='bbox 3888 490 3894 499; x_wconf 91' lang='grc'><strong>·</strong></span> 
     </span>
    </p>
   </div>
   <div class='ocr_carea' id='block_1_21' title="bbox 2290 542 2501 597">
    <p class='ocr_par' dir='ltr' id='par_1_21' title="bbox 2290 542 2501 597">
     <span class='ocr_line' id='line_1_21' title="bbox 2290 542 2501 597; baseline 0.005 -3"><span class='ocrx_word' id='word_1_144' title='bbox 2290 542 2382 596; x_wconf 84' lang='lat' dir='ltr'><strong>tibi</strong></span> <span class='ocrx_word' id='word_1_145' title='bbox 2413 543 2501 597; x_wconf 92' lang='lat' dir='ltr'><strong>sit.</strong></span> 
     </span>
    </p>
   </div>
   <div class='ocr_carea' id='block_1_22' title="bbox 2358 632 3830 707">
    <p class='ocr_par' dir='ltr' id='par_1_22' title="bbox 2358 632 3830 707">
     <span class='ocr_line' id='line_1_22' title="bbox 2358 632 3830 707; baseline 0.011 -23"><span class='ocrx_word' id='word_1_146' title='bbox 2358 632 2494 688; x_wconf 86' lang='lat' dir='ltr'><strong>ibid.</strong></span> <span class='ocrx_word' id='word_1_147' title='bbox 2557 634 2647 688; x_wconf 90' lang='lat' dir='ltr'><strong>Ira</strong></span> <span class='ocrx_word' id='word_1_148' title='bbox 2704 637 2799 690; x_wconf 87' lang='lat' dir='ltr'><strong>tibi</strong></span> <span class='ocrx_word' id='word_1_149' title='bbox 2844 637 3095 692; x_wconf 75' lang='lat' dir='ltr'><strong>adversus</strong></span> <span class='ocrx_word' id='word_1_150' title='bbox 3156 647 3443 707; x_wconf 74' lang='lat' dir='ltr'><strong>serpentem</strong></span> <span class='ocrx_word' id='word_1_151' title='bbox 3500 643 3830 699; x_wconf 75' lang='lat' dir='ltr'><strong>soiamcni-</strong></span> 
     </span>
    </p>
   </div>
   <div class='ocr_carea' id='block_1_23' title="bbox 2289 725 3827 803">
    <p class='ocr_par' dir='ltr' id='par_1_23' title="bbox 2289 725 3827 803">
     <span class='ocr_line' id='line_1_23' title="bbox 2289 725 3827 803; baseline 0.008 -25"><span class='ocrx_word' id='word_1_152' title='bbox 2289 734 2420 791; x_wconf 84' lang='lat' dir='ltr'><strong>stat,</strong></span> <span class='ocrx_word' id='word_1_153' title='bbox 2448 736 2554 781; x_wconf 90' lang='lat' dir='ltr'><strong>etc.</strong></span> <span class='ocrx_word' id='word_1_154' title='bbox 2587 725 2878 797; x_wconf 85' lang='lat' dir='ltr'><strong>Postquam</strong></span> <span class='ocrx_word' id='word_1_155' title='bbox 2908 744 3104 785; x_wconf 86' lang='lat' dir='ltr'><strong>sensus</strong></span> <span class='ocrx_word' id='word_1_156' title='bbox 3127 732 3260 785; x_wconf 90' lang='lat' dir='ltr'><strong>satis</strong></span> <span class='ocrx_word' id='word_1_157' title='bbox 3281 746 3535 787; x_wconf 84' lang='lat' dir='ltr'><strong>accurate</strong></span> <span class='ocrx_word' id='word_1_158' title='bbox 3567 735 3827 803; x_wconf 81' lang='lat' dir='ltr'><strong>instruxit,</strong></span> 
     </span>
    </p>
   </div>
   <div class='ocr_carea' id='block_1_24' title="bbox 2287 817 3828 896">
    <p class='ocr_par' dir='ltr' id='par_1_24' title="bbox 2287 817 3828 896">
     <span class='ocr_line' id='line_1_24' title="bbox 2287 817 3828 896; baseline 0.008 -27"><span class='ocrx_word' id='word_1_159' title='bbox 2287 829 2435 870; x_wconf 89' lang='lat' dir='ltr'><strong>nunc</strong></span> <span class='ocrx_word' id='word_1_160' title='bbox 2485 817 2647 871; x_wconf 86' lang='lat' dir='ltr'><strong>etiam</strong></span> <span class='ocrx_word' id='word_1_161' title='bbox 2710 818 2777 872; x_wconf 88' lang='lat' dir='ltr'><strong>de</strong></span> <span class='ocrx_word' id='word_1_162' title='bbox 2829 821 3001 876; x_wconf 89' lang='lat' dir='ltr'><strong>tribus</strong></span> <span class='ocrx_word' id='word_1_163' title='bbox 3044 820 3238 876; x_wconf 69' lang='lat' dir='ltr'><strong>animm</strong></span> <span class='ocrx_word' id='word_1_164' title='bbox 3285 823 3534 890; x_wconf 84' lang='lat' dir='ltr'><strong>partibus</strong></span> <span class='ocrx_word' id='word_1_165' title='bbox 3589 838 3828 896; x_wconf 66' lang='lat' dir='ltr'><strong>praecepta</strong></span> 
     </span>
    </p>
   </div>
   <div class='ocr_carea' id='block_1_25' title="bbox 2287 908 3828 984">
    <p class='ocr_par' dir='ltr' id='par_1_25' title="bbox 2287 908 3828 984">
     <span class='ocr_line' id='line_1_25' title="bbox 2287 908 3828 984; baseline 0.005 -21"><span class='ocrx_word' id='word_1_166' title='bbox 2287 908 2473 965; x_wconf 86' lang='lat' dir='ltr'><strong>tradit.</strong></span> <span class='ocrx_word' id='word_1_167' title='bbox 2514 908 2818 966; x_wconf 82' lang='lat' dir='ltr'><strong>Facultates</strong></span> <span class='ocrx_word' id='word_1_168' title='bbox 2851 913 2995 966; x_wconf 90' lang='lat' dir='ltr'><strong>enim</strong></span> <span class='ocrx_word' id='word_1_169' title='bbox 3031 912 3228 967; x_wconf 69' lang='lat' dir='ltr'><strong>animm</strong></span> <span class='ocrx_word' id='word_1_170' title='bbox 3260 914 3314 967; x_wconf 89' lang='lat' dir='ltr'><strong>in</strong></span> <span class='ocrx_word' id='word_1_171' title='bbox 3360 925 3571 984; x_wconf 83' lang='lat' dir='ltr'><strong>partem</strong></span> <span class='ocrx_word' id='word_1_172' title='bbox 3614 918 3828 971; x_wconf 79' lang='lat' dir='ltr'><strong>rationa-</strong></span> 
     </span>
    </p>
   </div>
   <div class='ocr_carea' id='block_1_26' title="bbox 2286 1000 3829 1073">
    <p class='ocr_par' dir='ltr' id='par_1_26' title="bbox 2286 1000 3829 1073">
     <span class='ocr_line' id='line_1_26' title="bbox 2286 1000 3829 1073; baseline 0.006 -20"><span class='ocrx_word' id='word_1_173' title='bbox 2286 1000 2416 1065; x_wconf 86' lang='lat' dir='ltr'><strong>lem,</strong></span> <span class='ocrx_word' id='word_1_174' title='bbox 2452 1009 2507 1058; x_wconf 90' lang='lat' dir='ltr'><strong>et</strong></span> <span class='ocrx_word' id='word_1_175' title='bbox 2537 1003 2763 1057; x_wconf 88' lang='lat' dir='ltr'><strong>rationis</strong></span> <span class='ocrx_word' id='word_1_176' title='bbox 2789 1012 3060 1073; x_wconf 83' lang='lat' dir='ltr'><strong>expertem</strong></span> <span class='ocrx_word' id='word_1_177' title='bbox 3084 1004 3420 1061; x_wconf 88' lang='lat' dir='ltr'><strong>dividuntur.</strong></span> <span class='ocrx_word' id='word_1_178' title='bbox 3456 1006 3640 1062; x_wconf 85' lang='lat' dir='ltr'><strong>Partis</strong></span> <span class='ocrx_word' id='word_1_179' title='bbox 3661 1008 3829 1063; x_wconf 87' lang='lat' dir='ltr'><strong>deinde</strong></span> 
     </span>
    </p>
   </div>
   <div class='ocr_carea' id='block_1_27' title="bbox 2287 1091 3829 1169">
    <p class='ocr_par' dir='ltr' id='par_1_27' title="bbox 2287 1091 3829 1169">
     <span class='ocr_line' id='line_1_27' title="bbox 2287 1091 3829 1169; baseline 0.007 -25"><span class='ocrx_word' id='word_1_180' title='bbox 2287 1105 2317 1144; x_wconf 91' lang='lat' dir='ltr'><strong>a</strong></span> <span class='ocrx_word' id='word_1_181' title='bbox 2377 1091 2590 1146; x_wconf 86' lang='lat' dir='ltr'><strong>ratione</strong></span> <span class='ocrx_word' id='word_1_182' title='bbox 2636 1093 2827 1150; x_wconf 71' lang='lat' dir='ltr'><strong>alienae</strong></span> <span class='ocrx_word' id='word_1_183' title='bbox 2872 1104 3051 1164; x_wconf 87' lang='lat' dir='ltr'><strong>partes</strong></span> <span class='ocrx_word' id='word_1_184' title='bbox 3104 1105 3235 1150; x_wconf 89' lang='lat' dir='ltr'><strong>sunt</strong></span> <span class='ocrx_word' id='word_1_185' title='bbox 3289 1096 3428 1161; x_wconf 63' lang='lat' dir='ltr'><strong>dua),</strong></span> <span class='ocrx_word' id='word_1_186' title='bbox 3482 1097 3680 1163; x_wconf 76' lang='lat' dir='ltr'><strong>aitera,</strong></span> <span class='ocrx_word' id='word_1_187' title='bbox 3734 1115 3829 1169; x_wconf 69' lang='lat' dir='ltr'><strong>qua</strong></span> 
     </span>
    </p>
   </div>
   <div class='ocr_carea' id='block_1_28' title="bbox 2287 1184 3828 1261">
    <p class='ocr_par' dir='ltr' id='par_1_28' title="bbox 2287 1184 3828 1261">
     <span class='ocr_line' id='line_1_28' title="bbox 2287 1184 3828 1261; baseline 0.006 -25"><span class='ocrx_word' id='word_1_188' title='bbox 2287 1184 2553 1239; x_wconf 88' lang='lat' dir='ltr'><strong>rationem</strong></span> <span class='ocrx_word' id='word_1_189' title='bbox 2604 1187 2753 1239; x_wconf 91' lang='lat' dir='ltr'><strong>nullo</strong></span> <span class='ocrx_word' id='word_1_190' title='bbox 2801 1187 2962 1241; x_wconf 88' lang='lat' dir='ltr'><strong>modo</strong></span> <span class='ocrx_word' id='word_1_191' title='bbox 3006 1189 3181 1251; x_wconf 80' lang='lat' dir='ltr'><strong>audit,</strong></span> <span class='ocrx_word' id='word_1_192' title='bbox 3240 1190 3331 1243; x_wconf 89' lang='lat' dir='ltr'><strong>sed</strong></span> <span class='ocrx_word' id='word_1_193' title='bbox 3385 1198 3596 1245; x_wconf 61' lang='lat' dir='ltr'><strong>natura:</strong></span> <span class='ocrx_word' id='word_1_194' title='bbox 3632 1191 3828 1261; x_wconf 86' lang='lat' dir='ltr'><strong>imperio</strong></span> 
     </span>
    </p>
   </div>
   <div class='ocr_carea' id='block_1_29' title="bbox 2286 1272 3830 1352">
    <p class='ocr_par' dir='ltr' id='par_1_29' title="bbox 2286 1272 3830 1352">
     <span class='ocr_line' id='line_1_29' title="bbox 2286 1272 3830 1352; baseline 0.005 -26"><span class='ocrx_word' id='word_1_195' title='bbox 2286 1272 2642 1342; x_wconf 78' lang='lat' dir='ltr'><strong>gubernatur,</strong></span> <span class='ocrx_word' id='word_1_196' title='bbox 2674 1275 2980 1344; x_wconf 89' lang='lat' dir='ltr'><strong>cujusmodi</strong></span> <span class='ocrx_word' id='word_1_197' title='bbox 3026 1288 3114 1333; x_wconf 90' lang='lat' dir='ltr'><strong>est</strong></span> <span class='ocrx_word' id='word_1_198' title='bbox 3153 1292 3216 1332; x_wconf 87' lang='lat' dir='ltr'><strong>ea</strong></span> <span class='ocrx_word' id='word_1_199' title='bbox 3272 1293 3399 1348; x_wconf 63' lang='lat' dir='ltr'><strong>quas</strong></span> <span class='ocrx_word' id='word_1_200' title='bbox 3432 1280 3616 1334; x_wconf 83' lang='lat' dir='ltr'><strong>alendi</strong></span> <span class='ocrx_word' id='word_1_201' title='bbox 3668 1296 3730 1335; x_wconf 84' lang='lat' dir='ltr'><strong>ac</strong></span> <span class='ocrx_word' id='word_1_202' title='bbox 3766 1284 3830 1352; x_wconf 77' lang='lat' dir='ltr'><strong>gi-</strong></span> 
     </span>
    </p>
   </div>
   <div class='ocr_carea' id='block_1_30' title="bbox 2285 1364 3831 1442">
    <p class='ocr_par' dir='ltr' id='par_1_30' title="bbox 2285 1364 3831 1442">
     <span class='ocr_line' id='line_1_30' title="bbox 2285 1364 3831 1442; baseline 0.007 -26"><span class='ocrx_word' id='word_1_203' title='bbox 2285 1364 2481 1433; x_wconf 87' lang='lat' dir='ltr'><strong>gnendi</strong></span> <span class='ocrx_word' id='word_1_204' title='bbox 2532 1365 2636 1419; x_wconf 92' lang='lat' dir='ltr'><strong>vim</strong></span> <span class='ocrx_word' id='word_1_205' title='bbox 2699 1367 2883 1433; x_wconf 86' lang='lat' dir='ltr'><strong>habet,</strong></span> <span class='ocrx_word' id='word_1_206' title='bbox 2931 1382 2995 1425; x_wconf 85' lang='lat' dir='ltr'><strong>ac</strong></span> <span class='ocrx_word' id='word_1_207' title='bbox 3050 1367 3279 1425; x_wconf 74' lang='lat' dir='ltr'><strong>facultas</strong></span> <span class='ocrx_word' id='word_1_208' title='bbox 3316 1385 3379 1424; x_wconf 87' lang='lat' dir='ltr'><strong>ea</strong></span> <span class='ocrx_word' id='word_1_209' title='bbox 3426 1386 3535 1442; x_wconf 88' lang='lat' dir='ltr'><strong>qua</strong></span> <span class='ocrx_word' id='word_1_210' title='bbox 3573 1375 3831 1441; x_wconf 83' lang='lat' dir='ltr'><strong>pulsantur</strong></span> 
     </span>
    </p>
   </div>
   <div class='ocr_carea' id='block_1_31' title="bbox 2284 1456 3829 1534">
    <p class='ocr_par' dir='ltr' id='par_1_31' title="bbox 2284 1456 3829 1534">
     <span class='ocr_line' id='line_1_31' title="bbox 2284 1456 3829 1534; baseline 0.007 -26"><span class='ocrx_word' id='word_1_211' title='bbox 2284 1456 2518 1510; x_wconf 74' lang='lat' dir='ltr'><strong>arteriae.</strong></span> <span class='ocrx_word' id='word_1_212' title='bbox 2541 1456 2749 1525; x_wconf 82' lang='lat' dir='ltr'><strong>Altera,</strong></span> <span class='ocrx_word' id='word_1_213' title='bbox 2772 1473 2893 1528; x_wconf 64' lang='lat' dir='ltr'><strong>quae</strong></span> <span class='ocrx_word' id='word_1_214' title='bbox 2913 1459 3112 1515; x_wconf 87' lang='lat' dir='ltr'><strong>rationi</strong></span> <span class='ocrx_word' id='word_1_215' title='bbox 3138 1459 3516 1530; x_wconf 84' lang='lat' dir='ltr'><strong>obtemperat,</strong></span> <span class='ocrx_word' id='word_1_216' title='bbox 3540 1478 3665 1534; x_wconf 70' lang='lat' dir='ltr'><strong>qua:</strong></span> <span class='ocrx_word' id='word_1_217' title='bbox 3691 1465 3829 1519; x_wconf 85' lang='lat' dir='ltr'><strong>etiam</strong></span> 
     </span>
    </p>
   </div>
   <div class='ocr_carea' id='block_1_32' title="bbox 2288 1545 3829 1618">
    <p class='ocr_par' dir='ltr' id='par_1_32' title="bbox 2288 1545 3829 1618">
     <span class='ocr_line' id='line_1_32' title="bbox 2288 1545 3829 1618; baseline 0.006 -19"><span class='ocrx_word' id='word_1_218' title='bbox 2288 1545 2343 1599; x_wconf 93' lang='lat' dir='ltr'><strong>in</strong></span> <span class='ocrx_word' id='word_1_219' title='bbox 2391 1546 2528 1601; x_wconf 83' lang='lat' dir='ltr'><strong>iram</strong></span> <span class='ocrx_word' id='word_1_220' title='bbox 2579 1556 2634 1602; x_wconf 92' lang='lat' dir='ltr'><strong>et</strong></span> <span class='ocrx_word' id='word_1_221' title='bbox 2683 1548 3035 1618; x_wconf 85' lang='lat' dir='ltr'><strong>cupiditatem</strong></span> <span class='ocrx_word' id='word_1_222' title='bbox 3083 1550 3369 1606; x_wconf 83' lang='lat' dir='ltr'><strong>dividitur.</strong></span> <span class='ocrx_word' id='word_1_223' title='bbox 3406 1553 3502 1607; x_wconf 86' lang='lat' dir='ltr'><strong>Est</strong></span> <span class='ocrx_word' id='word_1_224' title='bbox 3533 1564 3716 1610; x_wconf 77' lang='lat' dir='ltr'><strong>autem</strong></span> <span class='ocrx_word' id='word_1_225' title='bbox 3747 1556 3829 1618; x_wconf 82' lang='lat' dir='ltr'><strong>ira,</strong></span> 
     </span>
    </p>
   </div>
   <div class='ocr_carea' id='block_1_33' title="bbox 610 1632 3831 1717">
    <p class='ocr_par' dir='ltr' id='par_1_33' title="bbox 610 1632 3831 1717">
     <span class='ocr_line' id='line_1_33' title="bbox 610 1632 3831 1717; baseline -0.003 -13"><span class='ocrx_word' id='word_1_226' title='bbox 610 1648 962 1706; x_wconf 84' lang='lat' dir='ltr'><strong>Salomonem</strong></span> <span class='ocrx_word' id='word_1_227' title='bbox 1001 1647 1071 1715; x_wconf 82' lang='lat'><strong>&quot;,</strong></span> <span class='ocrx_word' id='word_1_228' title='bbox 1111 1655 1275 1717; x_wconf 88' lang='lat' dir='ltr'><strong>atque</strong></span> <span class='ocrx_word' id='word_1_229' title='bbox 1322 1660 1385 1701; x_wconf 88' lang='lat' dir='ltr'><strong>os</strong></span> <span class='ocrx_word' id='word_1_230' title='bbox 1442 1655 1591 1700; x_wconf 93' lang='lat' dir='ltr'><strong>tuum</strong></span> <span class='ocrx_word' id='word_1_231' title='bbox 1656 1642 1805 1713; x_wconf 87' lang='lat' dir='ltr'><strong>aperi</strong></span> <span class='ocrx_word' id='word_1_232' title='bbox 1859 1643 2024 1697; x_wconf 88' lang='lat' dir='ltr'><strong>verbo</strong></span> <span class='ocrx_word' id='word_1_233' title='bbox 2066 1642 2183 1709; x_wconf 89' lang='lat' dir='ltr'><strong>Dei,</strong></span> <span class='ocrx_word' id='word_1_234' title='bbox 2219 1635 2258 1690; x_wconf 89' lang='grc' dir='ltr'><strong>Β</strong></span> <span class='ocrx_word' id='word_1_235' title='bbox 2286 1633 2442 1703; x_wconf 85' lang='lat' dir='ltr'><strong>quasi</strong></span> <span class='ocrx_word' id='word_1_236' title='bbox 2493 1632 2648 1689; x_wconf 76' lang='lat' dir='ltr'><strong>miles</strong></span> <span class='ocrx_word' id='word_1_237' title='bbox 2683 1636 2931 1705; x_wconf 90' lang='lat' dir='ltr'><strong>quidam,</strong></span> <span class='ocrx_word' id='word_1_238' title='bbox 2972 1637 3203 1693; x_wconf 79' lang='lat' dir='ltr'><strong>rationis</strong></span> <span class='ocrx_word' id='word_1_239' title='bbox 3259 1640 3510 1715; x_wconf 75' lang='lat' dir='ltr'><strong>satelles,</strong></span> <span class='ocrx_word' id='word_1_240' title='bbox 3543 1644 3831 1713; x_wconf 75' lang='lat' dir='ltr'><strong>cupiditatis</strong></span> 
     </span>
    </p>
   </div>
   <div class='ocr_carea' id='block_1_34' title="bbox 616 1729 2182 1807">
    <p class='ocr_par' dir='ltr' id='par_1_34' title="bbox 616 1729 2182 1807">
     <span class='ocr_line' id='line_1_34' title="bbox 616 1729 2182 1807; baseline -0.003 -13"><span class='ocrx_word' id='word_1_241' title='bbox 616 1742 717 1797; x_wconf 88' lang='lat' dir='ltr'><strong>hoc</strong></span> <span class='ocrx_word' id='word_1_242' title='bbox 764 1749 866 1807; x_wconf 87' lang='lat' dir='ltr'><strong>est,</strong></span> <span class='ocrx_word' id='word_1_243' title='bbox 911 1753 1033 1794; x_wconf 91' lang='lat' dir='ltr'><strong>cum</strong></span> <span class='ocrx_word' id='word_1_244' title='bbox 1082 1738 1267 1792; x_wconf 89' lang='lat' dir='ltr'><strong>utilem</strong></span> <span class='ocrx_word' id='word_1_245' title='bbox 1304 1736 1593 1806; x_wconf 88' lang='lat' dir='ltr'><strong>quemdam</strong></span> <span class='ocrx_word' id='word_1_246' title='bbox 1623 1743 1676 1790; x_wconf 91' lang='lat' dir='ltr'><strong>et</strong></span> <span class='ocrx_word' id='word_1_247' title='bbox 1705 1729 2028 1805; x_wconf 83' lang='lat' dir='ltr'><strong>frugiferum</strong></span> <span class='ocrx_word' id='word_1_248' title='bbox 2065 1749 2182 1790; x_wconf 90' lang='lat' dir='ltr'><strong>ser-</strong></span> 
     </span>
    </p>
   </div>
   <div class='ocr_carea' id='block_1_35' title="bbox 613 1826 2181 1897">
    <p class='ocr_par' dir='ltr' id='par_1_35' title="bbox 613 1826 2181 1897">
     <span class='ocr_line' id='line_1_35' title="bbox 613 1826 2181 1897; baseline -0.007 -9"><span class='ocrx_word' id='word_1_249' title='bbox 613 1847 831 1888; x_wconf 87' lang='lat' dir='ltr'><strong>monem</strong></span> <span class='ocrx_word' id='word_1_250' title='bbox 882 1830 1175 1886; x_wconf 84' lang='lat' dir='ltr'><strong>habiturus</strong></span> <span class='ocrx_word' id='word_1_251' title='bbox 1207 1844 1289 1894; x_wconf 84' lang='lat' dir='ltr'><strong>es,</strong></span> <span class='ocrx_word' id='word_1_252' title='bbox 1325 1838 1438 1884; x_wconf 89' lang='lat' dir='ltr'><strong>tum</strong></span> <span class='ocrx_word' id='word_1_253' title='bbox 1476 1827 1693 1883; x_wconf 89' lang='lat' dir='ltr'><strong>demum</strong></span> <span class='ocrx_word' id='word_1_254' title='bbox 1727 1841 1788 1881; x_wconf 89' lang='lat' dir='ltr'><strong>os</strong></span> <span class='ocrx_word' id='word_1_255' title='bbox 1823 1837 1973 1881; x_wconf 92' lang='lat' dir='ltr'><strong>tuum</strong></span> <span class='ocrx_word' id='word_1_256' title='bbox 2009 1826 2181 1897; x_wconf 86' lang='lat' dir='ltr'><strong>aperi,</strong></span> 
     </span>
    </p>
   </div>
   <div class='ocr_carea' id='block_1_36' title="bbox 614 1918 2180 1991">
    <p class='ocr_par' dir='ltr' id='par_1_36' title="bbox 614 1918 2180 1991">
     <span class='ocr_line' id='line_1_36' title="bbox 614 1918 2180 1991; baseline -0.003 -14"><span class='ocrx_word' id='word_1_257' title='bbox 614 1933 673 1977; x_wconf 92' lang='lat' dir='ltr'><strong>ut</strong></span> <span class='ocrx_word' id='word_1_258' title='bbox 705 1938 829 1978; x_wconf 91' lang='lat' dir='ltr'><strong>eum</strong></span> <span class='ocrx_word' id='word_1_259' title='bbox 852 1921 1053 1976; x_wconf 87' lang='lat' dir='ltr'><strong>Davide</strong></span> <span class='ocrx_word' id='word_1_260' title='bbox 1075 1920 1191 1990; x_wconf 90' lang='lat' dir='ltr'><strong>ipse</strong></span> <span class='ocrx_word' id='word_1_261' title='bbox 1218 1935 1436 1991; x_wconf 90' lang='lat' dir='ltr'><strong>quoque</strong></span> <span class='ocrx_word' id='word_1_262' title='bbox 1462 1919 1643 1974; x_wconf 89' lang='lat' dir='ltr'><strong>dicas:</strong></span> <span class='ocrx_word' id='word_1_263' title='bbox 1670 1918 1742 1973; x_wconf 69' lang='lat' dir='ltr'><strong>Os</strong></span> <span class='ocrx_word' id='word_1_264' title='bbox 1775 1935 1946 1972; x_wconf 89' lang='lat' dir='ltr'><strong>meum</strong></span> <span class='ocrx_word' id='word_1_265' title='bbox 1978 1919 2180 1988; x_wconf 86' lang='lat' dir='ltr'><strong>aperui,</strong></span> 
     </span>
    </p>
   </div>
   <div class='ocr_carea' id='block_1_37' title="bbox 612 2006 2185 2080">
    <p class='ocr_par' dir='ltr' id='par_1_37' title="bbox 612 2006 2185 2080">
     <span class='ocr_line' id='line_1_37' title="bbox 612 2006 2185 2080; baseline -0.005 -13"><span class='ocrx_word' id='word_1_266' title='bbox 612 2023 661 2067; x_wconf 87' lang='lat' dir='ltr'><strong>et</strong></span> <span class='ocrx_word' id='word_1_267' title='bbox 695 2012 900 2067; x_wconf 73' lang='lat' dir='ltr'><strong>attraxi</strong></span> <span class='ocrx_word' id='word_1_268' title='bbox 930 2011 1174 2080; x_wconf 76' lang='lat' dir='ltr'><strong>spiritum</strong></span> <span class='ocrx_word' id='word_1_269' title='bbox 1204 2006 1271 2063; x_wconf 82' lang='lat'><strong>&quot;.</strong></span> <span class='ocrx_word' id='word_1_270' title='bbox 1327 2007 1483 2076; x_wconf 83' lang='lat' dir='ltr'><strong>Quod</strong></span> <span class='ocrx_word' id='word_1_271' title='bbox 1541 2008 1587 2063; x_wconf 88' lang='lat' dir='ltr'><strong>si</strong></span> <span class='ocrx_word' id='word_1_272' title='bbox 1640 2011 1705 2062; x_wconf 90' lang='lat' dir='ltr'><strong>ad</strong></span> <span class='ocrx_word' id='word_1_273' title='bbox 1756 2007 1972 2062; x_wconf 86' lang='lat' dir='ltr'><strong>sordida</strong></span> <span class='ocrx_word' id='word_1_274' title='bbox 2005 2017 2062 2063; x_wconf 88' lang='lat' dir='ltr'><strong>et</strong></span> <span class='ocrx_word' id='word_1_275' title='bbox 2088 2006 2185 2060; x_wconf 88' lang='lat' dir='ltr'><strong>ob-</strong></span> 
     </span>
    </p>
   </div>
   <div class='ocr_carea' id='block_1_38' title="bbox 615 2099 2180 2173">
    <p class='ocr_par' dir='ltr' id='par_1_38' title="bbox 615 2099 2180 2173">
     <span class='ocr_line' id='line_1_38' title="bbox 615 2099 2180 2173; baseline -0.004 -16"><span class='ocrx_word' id='word_1_276' title='bbox 615 2117 771 2157; x_wconf 83' lang='lat' dir='ltr'><strong>scena</strong></span> <span class='ocrx_word' id='word_1_277' title='bbox 822 2103 983 2157; x_wconf 83' lang='lat' dir='ltr'><strong>verba</strong></span> <span class='ocrx_word' id='word_1_278' title='bbox 1039 2099 1364 2173; x_wconf 84' lang='lat' dir='ltr'><strong>proferenda</strong></span> <span class='ocrx_word' id='word_1_279' title='bbox 1411 2114 1474 2155; x_wconf 88' lang='lat' dir='ltr'><strong>os</strong></span> <span class='ocrx_word' id='word_1_280' title='bbox 1522 2109 1672 2153; x_wconf 91' lang='lat' dir='ltr'><strong>tuum</strong></span> <span class='ocrx_word' id='word_1_281' title='bbox 1720 2099 2021 2171; x_wconf 88' lang='lat' dir='ltr'><strong>aperueris,</strong></span> <span class='ocrx_word' id='word_1_282' title='bbox 2068 2108 2180 2152; x_wconf 91' lang='lat' dir='ltr'><strong>tum</strong></span> 
     </span>
    </p>
   </div>
   <div class='ocr_carea' id='block_1_39' title="bbox 621 2188 2180 2266">
    <p class='ocr_par' dir='ltr' id='par_1_39' title="bbox 621 2188 2180 2266">
     <span class='ocr_line' id='line_1_39' title="bbox 621 2188 2180 2266; baseline -0.003 -19"><span class='ocrx_word' id='word_1_283' title='bbox 621 2195 873 2266; x_wconf 73' lang='lat' dir='ltr'><strong>spiritum</strong></span> <span class='ocrx_word' id='word_1_284' title='bbox 895 2192 1122 2248; x_wconf 88' lang='lat' dir='ltr'><strong>minime</strong></span> <span class='ocrx_word' id='word_1_285' title='bbox 1144 2192 1403 2257; x_wconf 62' lang='lat' dir='ltr'><strong>attrahcs,</strong></span> <span class='ocrx_word' id='word_1_286' title='bbox 1442 2191 1535 2246; x_wconf 92' lang='lat' dir='ltr'><strong>sed</strong></span> <span class='ocrx_word' id='word_1_287' title='bbox 1566 2200 1791 2244; x_wconf 89' lang='lat' dir='ltr'><strong>mortem</strong></span> <span class='ocrx_word' id='word_1_288' title='bbox 1823 2192 2025 2260; x_wconf 86' lang='lat' dir='ltr'><strong>potius.</strong></span> <span class='ocrx_word' id='word_1_289' title='bbox 2048 2188 2180 2243; x_wconf 83' lang='lat' dir='ltr'><strong>Nam</strong></span> 
     </span>
    </p>
   </div>
   <div class='ocr_carea' id='block_1_40' title="bbox 614 2281 2181 2351">
    <p class='ocr_par' dir='ltr' id='par_1_40' title="bbox 614 2281 2181 2351">
     <span class='ocr_line' id='line_1_40' title="bbox 614 2281 2181 2351; baseline -0.005 -9"><span class='ocrx_word' id='word_1_290' title='bbox 614 2303 678 2342; x_wconf 89' lang='lat' dir='ltr'><strong>os</strong></span> <span class='ocrx_word' id='word_1_291' title='bbox 728 2294 976 2341; x_wconf 90' lang='lat' dir='ltr'><strong>nostrum</strong></span> <span class='ocrx_word' id='word_1_292' title='bbox 1033 2299 1138 2339; x_wconf 85' lang='lat' dir='ltr'><strong>una</strong></span> <span class='ocrx_word' id='word_1_293' title='bbox 1184 2299 1248 2338; x_wconf 79' lang='lat' dir='ltr'><strong>ex</strong></span> <span class='ocrx_word' id='word_1_294' title='bbox 1308 2281 1561 2338; x_wconf 81' lang='lat' dir='ltr'><strong>fenestris</strong></span> <span class='ocrx_word' id='word_1_295' title='bbox 1615 2281 1719 2337; x_wconf 82' lang='lat' dir='ltr'><strong>illis</strong></span> <span class='ocrx_word' id='word_1_296' title='bbox 1764 2291 1866 2346; x_wconf 89' lang='lat' dir='ltr'><strong>est,</strong></span> <span class='ocrx_word' id='word_1_297' title='bbox 1908 2296 2001 2350; x_wconf 89' lang='lat' dir='ltr'><strong>per</strong></span> <span class='ocrx_word' id='word_1_298' title='bbox 2026 2296 2181 2351; x_wconf 84' lang='lat' dir='ltr'><strong>quas,</strong></span> 
     </span>
    </p>
   </div>
   <div class='ocr_carea' id='block_1_41' title="bbox 609 2376 2183 2447">
    <p class='ocr_par' dir='ltr' id='par_1_41' title="bbox 609 2376 2183 2447">
     <span class='ocr_line' id='line_1_41' title="bbox 609 2376 2183 2447; baseline -0.006 -13"><span class='ocrx_word' id='word_1_299' title='bbox 609 2393 735 2434; x_wconf 85' lang='lat' dir='ltr'><strong>cum</strong></span> <span class='ocrx_word' id='word_1_300' title='bbox 774 2391 1118 2447; x_wconf 86' lang='lat' dir='ltr'><strong>nequaquam</strong></span> <span class='ocrx_word' id='word_1_301' title='bbox 1177 2384 1318 2430; x_wconf 71' lang='grc' dir='ltr'>ιροιθ</span> <span class='ocrx_word' id='word_1_302' title='bbox 1362 2376 1701 2446; x_wconf 85' lang='lat' dir='ltr'><strong>aperiuntur,</strong></span> <span class='ocrx_word' id='word_1_303' title='bbox 1740 2385 1963 2429; x_wconf 73' lang='lat' dir='ltr'><strong>mortem</strong></span> <span class='ocrx_word' id='word_1_304' title='bbox 1993 2388 2183 2429; x_wconf 68' lang='lat'><strong>3500!}-</strong></span> 
     </span>
    </p>
   </div>
   <div class='ocr_carea' id='block_1_42' title="bbox 608 2449 2026 2526">
    <p class='ocr_par' dir='ltr' id='par_1_42' title="bbox 608 2449 2026 2526">
     <span class='ocr_line' id='line_1_42' title="bbox 608 2449 2026 2526; baseline -0.005 -1"><span class='ocrx_word' id='word_1_305' title='bbox 608 2472 742 2526; x_wconf 85' lang='lat' dir='ltr'><strong>dere</strong></span> <span class='ocrx_word' id='word_1_306' title='bbox 780 2468 1046 2524; x_wconf 73' lang='lat' dir='ltr'><strong>Ieremias</strong></span> <span class='ocrx_word' id='word_1_307' title='bbox 1084 2476 1314 2523; x_wconf 87' lang='lat' dir='ltr'><strong>testatur</strong></span> <span class='ocrx_word' id='word_1_308' title='bbox 1345 2466 1412 2521; x_wconf 82' lang='grc'><strong>⁸³.</strong></span> <span class='ocrx_word' id='word_1_309' title='bbox 2019 2449 2026 2457; x_wconf 67' lang='grc'><strong>’</strong></span> 
     </span>
    </p>
   </div>
   <div class='ocr_carea' id='block_1_43' title="bbox 688 2557 2182 2630">
    <p class='ocr_par' dir='ltr' id='par_1_43' title="bbox 688 2557 2182 2630">
     <span class='ocr_line' id='line_1_43' title="bbox 688 2557 2182 2630; baseline -0.005 -13"><span class='ocrx_word' id='word_1_310' title='bbox 688 2563 819 2619; x_wconf 89' lang='lat' dir='ltr'><strong>Ibid.</strong></span> <span class='ocrx_word' id='word_1_311' title='bbox 872 2563 936 2616; x_wconf 87' lang='lat' dir='ltr'><strong>C.</strong></span> <span class='ocrx_word' id='word_1_312' title='bbox 992 2560 1125 2616; x_wconf 84' lang='lat' dir='ltr'><strong>Cum</strong></span> <span class='ocrx_word' id='word_1_313' title='bbox 1182 2560 1455 2630; x_wconf 85' lang='lat' dir='ltr'><strong>quidpiam</strong></span> <span class='ocrx_word' id='word_1_314' title='bbox 1493 2574 1691 2619; x_wconf 85' lang='lat' dir='ltr'><strong>eorum,</strong></span> <span class='ocrx_word' id='word_1_315' title='bbox 1747 2573 1862 2625; x_wconf 75' lang='lat' dir='ltr'><strong>qua:</strong></span> <span class='ocrx_word' id='word_1_316' title='bbox 1906 2557 2182 2609; x_wconf 72' lang='lat' dir='ltr'><strong>interdicta</strong></span> 
     </span>
    </p>
   </div>
   <div class='ocr_carea' id='block_1_44' title="bbox 610 2648 2184 2721">
    <p class='ocr_par' dir='ltr' id='par_1_44' title="bbox 610 2648 2184 2721">
     <span class='ocr_line' id='line_1_44' title="bbox 610 2648 2184 2721; baseline -0.003 -13"><span class='ocrx_word' id='word_1_317' title='bbox 610 2664 753 2719; x_wconf 76' lang='lat' dir='ltr'><strong>sunt,</strong></span> <span class='ocrx_word' id='word_1_318' title='bbox 813 2661 920 2707; x_wconf 89' lang='lat' dir='ltr'><strong>etc.</strong></span> <span class='ocrx_word' id='word_1_319' title='bbox 989 2650 1181 2705; x_wconf 90' lang='lat' dir='ltr'><strong>Docuit</strong></span> <span class='ocrx_word' id='word_1_320' title='bbox 1249 2648 1561 2721; x_wconf 83' lang='lat' dir='ltr'><strong>Theologus</strong></span> <span class='ocrx_word' id='word_1_321' title='bbox 1619 2649 1890 2717; x_wconf 86' lang='lat' dir='ltr'><strong>quomodo</strong></span> <span class='ocrx_word' id='word_1_322' title='bbox 1945 2649 2184 2718; x_wconf 87' lang='lat' dir='ltr'><strong>quinque</strong></span> 
     </span>
    </p>
   </div>
   <div class='ocr_carea' id='block_1_45' title="bbox 612 2741 2187 2812">
    <p class='ocr_par' dir='ltr' id='par_1_45' title="bbox 612 2741 2187 2812">
     <span class='ocr_line' id='line_1_45' title="bbox 612 2741 2187 2812; baseline -0.004 -11"><span class='ocrx_word' id='word_1_323' title='bbox 612 2744 861 2802; x_wconf 88' lang='lat' dir='ltr'><strong>sensibus</strong></span> <span class='ocrx_word' id='word_1_324' title='bbox 896 2744 974 2799; x_wconf 91' lang='lat' dir='ltr'><strong>uti</strong></span> <span class='ocrx_word' id='word_1_325' title='bbox 1000 2742 1297 2797; x_wconf 84' lang='lat' dir='ltr'><strong>debeamus</strong></span> <span class='ocrx_word' id='word_1_326' title='bbox 1327 2759 1340 2796; x_wconf 89' lang='lat'><strong>:</strong></span> <span class='ocrx_word' id='word_1_327' title='bbox 1376 2756 1442 2796; x_wconf 78' lang='lat' dir='ltr'><strong>ex</strong></span> <span class='ocrx_word' id='word_1_328' title='bbox 1486 2741 1685 2812; x_wconf 83' lang='lat' dir='ltr'><strong>quibus</strong></span> <span class='ocrx_word' id='word_1_329' title='bbox 1715 2741 1864 2796; x_wconf 89' lang='lat' dir='ltr'><strong>visus</strong></span> <span class='ocrx_word' id='word_1_330' title='bbox 1906 2744 1970 2799; x_wconf 71' lang='lat' dir='ltr'><strong>ad</strong></span> <span class='ocrx_word' id='word_1_331' title='bbox 2007 2753 2187 2796; x_wconf 85' lang='lat' dir='ltr'><strong>rectas</strong></span> 
     </span>
    </p>
   </div>
   <div class='ocr_carea' id='block_1_46' title="bbox 615 2833 2180 2900">
    <p class='ocr_par' dir='ltr' id='par_1_46' title="bbox 615 2833 2180 2900">
     <span class='ocr_line' id='line_1_46' title="bbox 615 2833 2180 2900; baseline -0.003 -10"><span class='ocrx_word' id='word_1_332' title='bbox 615 2838 786 2891; x_wconf 84' lang='lat' dir='ltr'><strong>lineas</strong></span> <span class='ocrx_word' id='word_1_333' title='bbox 820 2835 1015 2900; x_wconf 86' lang='lat' dir='ltr'><strong>cernit,</strong></span> <span class='ocrx_word' id='word_1_334' title='bbox 1062 2834 1298 2889; x_wconf 84' lang='lat' dir='ltr'><strong>olfactus</strong></span> <span class='ocrx_word' id='word_1_335' title='bbox 1329 2844 1510 2888; x_wconf 87' lang='lat' dir='ltr'><strong>autem</strong></span> <span class='ocrx_word' id='word_1_336' title='bbox 1542 2842 1597 2887; x_wconf 90' lang='lat' dir='ltr'><strong>et</strong></span> <span class='ocrx_word' id='word_1_337' title='bbox 1630 2834 1847 2888; x_wconf 88' lang='lat' dir='ltr'><strong>auditus</strong></span> <span class='ocrx_word' id='word_1_338' title='bbox 1875 2848 1977 2889; x_wconf 90' lang='lat' dir='ltr'><strong>non</strong></span> <span class='ocrx_word' id='word_1_339' title='bbox 2004 2833 2180 2887; x_wconf 90' lang='lat' dir='ltr'><strong>solum</strong></span> 
     </span>
    </p>
   </div>
   <div class='ocr_carea' id='block_1_47' title="bbox 608 2924 2181 2996">
    <p class='ocr_par' dir='ltr' id='par_1_47' title="bbox 608 2924 2181 2996">
     <span class='ocr_line' id='line_1_47' title="bbox 608 2924 2181 2996; baseline -0.004 -13"><span class='ocrx_word' id='word_1_340' title='bbox 608 2928 679 2984; x_wconf 90' lang='lat' dir='ltr'><strong>ad</strong></span> <span class='ocrx_word' id='word_1_341' title='bbox 732 2936 940 2985; x_wconf 85' lang='lat' dir='ltr'><strong>rectam</strong></span> <span class='ocrx_word' id='word_1_342' title='bbox 997 2926 1215 2993; x_wconf 75' lang='lat' dir='ltr'><strong>lineam,</strong></span> <span class='ocrx_word' id='word_1_343' title='bbox 1248 2925 1343 2981; x_wconf 83' lang='lat' dir='ltr'><strong>sed</strong></span> <span class='ocrx_word' id='word_1_344' title='bbox 1408 2926 1771 2996; x_wconf 87' lang='lat' dir='ltr'><strong>undecunque</strong></span> <span class='ocrx_word' id='word_1_345' title='bbox 1812 2926 2027 2994; x_wconf 82' lang='lat' dir='ltr'><strong>prOpria</strong></span> <span class='ocrx_word' id='word_1_346' title='bbox 2079 2924 2181 2979; x_wconf 86' lang='lat' dir='ltr'><strong>sibi</strong></span> 
     </span>
    </p>
   </div>
   <div class='ocr_carea' id='block_1_48' title="bbox 612 3014 2177 3097">
    <p class='ocr_par' dir='ltr' id='par_1_48' title="bbox 612 3014 2177 3097">
     <span class='ocr_line' id='line_1_48' title="bbox 612 3014 2177 3097; baseline -0.006 -22"><span class='ocrx_word' id='word_1_347' title='bbox 612 3016 834 3075; x_wconf 77' lang='lat' dir='ltr'><strong>sensilia</strong></span> <span class='ocrx_word' id='word_1_348' title='bbox 862 3018 1154 3089; x_wconf 89' lang='lat' dir='ltr'><strong>arripiunt,</strong></span> <span class='ocrx_word' id='word_1_349' title='bbox 1189 3016 1471 3097; x_wconf 56' lang='lat' dir='ltr'><strong>nimirum</strong></span> <span class='ocrx_word' id='word_1_350' title='bbox 1495 3015 1585 3070; x_wconf 88' lang='lat' dir='ltr'><strong>ille</strong></span> <span class='ocrx_word' id='word_1_351' title='bbox 1624 3014 1843 3079; x_wconf 84' lang='lat' dir='ltr'><strong>odores,</strong></span> <span class='ocrx_word' id='word_1_352' title='bbox 1881 3014 1968 3069; x_wconf 86' lang='lat' dir='ltr'><strong>hic</strong></span> <span class='ocrx_word' id='word_1_353' title='bbox 1999 3028 2177 3069; x_wconf 87' lang='lat' dir='ltr'><strong>voces.</strong></span> 
     </span>
    </p>
   </div>
   <div class='ocr_carea' id='block_1_49' title="bbox 615 3106 2182 3180">
    <p class='ocr_par' dir='ltr' id='par_1_49' title="bbox 615 3106 2182 3180">
     <span class='ocr_line' id='line_1_49' title="bbox 615 3106 2182 3180; baseline -0.004 -15"><span class='ocrx_word' id='word_1_354' title='bbox 615 3111 785 3166; x_wconf 86' lang='lat' dir='ltr'><strong>Porro</strong></span> <span class='ocrx_word' id='word_1_355' title='bbox 810 3120 1006 3174; x_wconf 88' lang='lat' dir='ltr'><strong>tactus,</strong></span> <span class='ocrx_word' id='word_1_356' title='bbox 1044 3110 1137 3180; x_wconf 89' lang='lat' dir='ltr'><strong>qui</strong></span> <span class='ocrx_word' id='word_1_357' title='bbox 1163 3109 1408 3162; x_wconf 91' lang='lat' dir='ltr'><strong>omnium</strong></span> <span class='ocrx_word' id='word_1_358' title='bbox 1467 3106 1824 3162; x_wconf 87' lang='lat' dir='ltr'><strong>animantium</strong></span> <span class='ocrx_word' id='word_1_359' title='bbox 1878 3106 2182 3161; x_wconf 87' lang='lat' dir='ltr'><strong>communis</strong></span> 
     </span>
    </p>
   </div>
   <div class='ocr_carea' id='block_1_50' title="bbox 609 3195 2182 3271">
    <p class='ocr_par' dir='ltr' id='par_1_50' title="bbox 609 3195 2182 3271">
     <span class='ocr_line' id='line_1_50' title="bbox 609 3195 2182 3271; baseline -0.006 -15"><span class='ocrx_word' id='word_1_360' title='bbox 609 3210 714 3267; x_wconf 89' lang='lat' dir='ltr'><strong>est,</strong></span> <span class='ocrx_word' id='word_1_361' title='bbox 748 3210 800 3255; x_wconf 89' lang='lat' dir='ltr'><strong>et</strong></span> <span class='ocrx_word' id='word_1_362' title='bbox 822 3213 1035 3271; x_wconf 85' lang='lat' dir='ltr'><strong>gustus,</strong></span> <span class='ocrx_word' id='word_1_363' title='bbox 1070 3214 1169 3254; x_wconf 85' lang='lat' dir='ltr'><strong>nec</strong></span> <span class='ocrx_word' id='word_1_364' title='bbox 1217 3199 1516 3254; x_wconf 88' lang='lat' dir='ltr'><strong>secundum</strong></span> <span class='ocrx_word' id='word_1_365' title='bbox 1571 3205 1771 3250; x_wconf 91' lang='lat' dir='ltr'><strong>rectam</strong></span> <span class='ocrx_word' id='word_1_366' title='bbox 1826 3195 2048 3256; x_wconf 87' lang='lat' dir='ltr'><strong>lineam,</strong></span> <span class='ocrx_word' id='word_1_367' title='bbox 2084 3209 2182 3247; x_wconf 90' lang='lat' dir='ltr'><strong>nec</strong></span> 
     </span>
    </p>
   </div>
   <div class='ocr_carea' id='block_1_51' title="bbox 613 3287 2178 3362">
    <p class='ocr_par' dir='ltr' id='par_1_51' title="bbox 613 3287 2178 3362">
     <span class='ocr_line' id='line_1_51' title="bbox 613 3287 2178 3362; baseline -0.007 -16"><span class='ocrx_word' id='word_1_368' title='bbox 613 3292 979 3362; x_wconf 88' lang='lat' dir='ltr'><strong>undecunque</strong></span> <span class='ocrx_word' id='word_1_369' title='bbox 1032 3290 1279 3360; x_wconf 87' lang='lat' dir='ltr'><strong>subjecta</strong></span> <span class='ocrx_word' id='word_1_370' title='bbox 1353 3287 1461 3342; x_wconf 86' lang='lat' dir='ltr'><strong>sibi</strong></span> <span class='ocrx_word' id='word_1_371' title='bbox 1525 3287 1748 3340; x_wconf 79' lang='lat' dir='ltr'><strong>sensilia</strong></span> <span class='ocrx_word' id='word_1_372' title='bbox 1805 3292 2178 3357; x_wconf 75' lang='lat' dir='ltr'><strong>cognoscunt:</strong></span> 
     </span>
    </p>
   </div>
   <div class='ocr_carea' id='block_1_52' title="bbox 612 3375 2181 3448">
    <p class='ocr_par' dir='ltr' id='par_1_52' title="bbox 612 3375 2181 3448">
     <span class='ocr_line' id='line_1_52' title="bbox 612 3375 2181 3448; baseline -0.006 -8"><span class='ocrx_word' id='word_1_373' title='bbox 612 3399 803 3440; x_wconf 69' lang='lat' dir='ltr'><strong>lverum</strong></span> <span class='ocrx_word' id='word_1_374' title='bbox 854 3393 965 3437; x_wconf 87' lang='lat' dir='ltr'><strong>tum</strong></span> <span class='ocrx_word' id='word_1_375' title='bbox 1021 3384 1222 3447; x_wconf 90' lang='lat' dir='ltr'><strong>solum,</strong></span> <span class='ocrx_word' id='word_1_376' title='bbox 1256 3396 1381 3435; x_wconf 87' lang='lat' dir='ltr'><strong>cum</strong></span> <span class='ocrx_word' id='word_1_377' title='bbox 1418 3378 1721 3448; x_wconf 89' lang='lat' dir='ltr'><strong>pr0piuqua</strong></span> <span class='ocrx_word' id='word_1_378' title='bbox 1775 3379 1909 3444; x_wconf 86' lang='lat' dir='ltr'><strong>ipsis</strong></span> <span class='ocrx_word' id='word_1_379' title='bbox 1958 3375 2181 3431; x_wconf 84' lang='lat' dir='ltr'><strong>fuerint.</strong></span> 
     </span>
    </p>
   </div>
   <div class='ocr_carea' id='block_1_53' title="bbox 616 3467 2182 3544">
    <p class='ocr_par' dir='ltr' id='par_1_53' title="bbox 616 3467 2182 3544">
     <span class='ocr_line' id='line_1_53' title="bbox 616 3467 2182 3544; baseline -0.003 -16"><span class='ocrx_word' id='word_1_380' title='bbox 616 3475 910 3544; x_wconf 85' lang='lat' dir='ltr'><strong>Postquam</strong></span> <span class='ocrx_word' id='word_1_381' title='bbox 947 3473 1111 3543; x_wconf 80' lang='lat' dir='ltr'><strong>igitur</strong></span> <span class='ocrx_word' id='word_1_382' title='bbox 1147 3474 1214 3528; x_wconf 88' lang='lat' dir='ltr'><strong>de</strong></span> <span class='ocrx_word' id='word_1_383' title='bbox 1263 3472 1348 3526; x_wconf 76' lang='lat' dir='ltr'><strong>liis</strong></span> <span class='ocrx_word' id='word_1_384' title='bbox 1382 3468 1753 3540; x_wconf 76' lang='lat' dir='ltr'><strong>pertractavit,</strong></span> <span class='ocrx_word' id='word_1_385' title='bbox 1796 3481 1943 3521; x_wconf 86' lang='lat' dir='ltr'><strong>nunc</strong></span> <span class='ocrx_word' id='word_1_386' title='bbox 1970 3467 2036 3520; x_wconf 91' lang='lat' dir='ltr'><strong>de</strong></span> <span class='ocrx_word' id='word_1_387' title='bbox 2068 3482 2182 3524; x_wconf 52' lang='lat' dir='ltr'><strong>ltiti?</strong></span> 
     </span>
    </p>
   </div>
   <div class='ocr_carea' id='block_1_54' title="bbox 614 3560 2183 3637">
    <p class='ocr_par' dir='ltr' id='par_1_54' title="bbox 614 3560 2183 3637">
     <span class='ocr_line' id='line_1_54' title="bbox 614 3560 2183 3637; baseline -0.008 -12"><span class='ocrx_word' id='word_1_388' title='bbox 614 3568 866 3625; x_wconf 90' lang='lat' dir='ltr'><strong>morandi</strong></span> <span class='ocrx_word' id='word_1_389' title='bbox 910 3580 1127 3637; x_wconf 84' lang='lat' dir='ltr'><strong>quoque</strong></span> <span class='ocrx_word' id='word_1_390' title='bbox 1173 3564 1428 3620; x_wconf 86' lang='lat' dir='ltr'><strong>facultate</strong></span> <span class='ocrx_word' id='word_1_391' title='bbox 1477 3560 1716 3624; x_wconf 84' lang='lat' dir='ltr'><strong>disserit,</strong></span> <span class='ocrx_word' id='word_1_392' title='bbox 1752 3574 1873 3629; x_wconf 74' lang='lat' dir='ltr'><strong>quae</strong></span> <span class='ocrx_word' id='word_1_393' title='bbox 1903 3561 2183 3615; x_wconf 72' lang='lat' dir='ltr'><strong>memoriae</strong></span> 
     </span>
    </p>
   </div>
   <div class='ocr_carea' id='block_1_55' title="bbox 615 3648 2182 3725">
    <p class='ocr_par' dir='ltr' id='par_1_55' title="bbox 615 3648 2182 3725">
     <span class='ocr_line' id='line_1_55' title="bbox 615 3648 2182 3725; baseline -0.007 -9"><span class='ocrx_word' id='word_1_394' title='bbox 615 3670 671 3717; x_wconf 88' lang='lat' dir='ltr'><strong>et</strong></span> <span class='ocrx_word' id='word_1_395' title='bbox 705 3657 1126 3715; x_wconf 71' lang='lat' dir='ltr'><strong>reminiscentiae</strong></span> <span class='ocrx_word' id='word_1_396' title='bbox 1160 3668 1321 3709; x_wconf 88' lang='lat' dir='ltr'><strong>causa</strong></span> <span class='ocrx_word' id='word_1_397' title='bbox 1375 3665 1429 3709; x_wconf 92' lang='lat' dir='ltr'><strong>et</strong></span> <span class='ocrx_word' id='word_1_398' title='bbox 1474 3651 1909 3725; x_wconf 86' lang='lat' dir='ltr'><strong>promptuarium</strong></span> <span class='ocrx_word' id='word_1_399' title='bbox 1938 3660 2040 3708; x_wconf 89' lang='lat' dir='ltr'><strong>est.</strong></span> <span class='ocrx_word' id='word_1_400' title='bbox 2082 3648 2182 3706; x_wconf 84' lang='lat' dir='ltr'><strong>0r-</strong></span> 
     </span>
    </p>
   </div>
   <div class='ocr_carea' id='block_1_56' title="bbox 614 3741 2183 3823">
    <p class='ocr_par' dir='ltr' id='par_1_56' title="bbox 614 3741 2183 3823">
     <span class='ocr_line' id='line_1_56' title="bbox 614 3741 2183 3823; baseline -0.006 -18"><span class='ocrx_word' id='word_1_401' title='bbox 614 3764 817 3823; x_wconf 87' lang='lat' dir='ltr'><strong>ganum</strong></span> <span class='ocrx_word' id='word_1_402' title='bbox 863 3757 1045 3803; x_wconf 88' lang='lat' dir='ltr'><strong>autem</strong></span> <span class='ocrx_word' id='word_1_403' title='bbox 1085 3762 1149 3801; x_wconf 87' lang='lat' dir='ltr'><strong>ac</strong></span> <span class='ocrx_word' id='word_1_404' title='bbox 1198 3745 1356 3807; x_wconf 79' lang='lat' dir='ltr'><strong>sedes</strong></span> <span class='ocrx_word' id='word_1_405' title='bbox 1395 3744 1540 3798; x_wconf 89' lang='lat' dir='ltr'><strong>illius</strong></span> <span class='ocrx_word' id='word_1_406' title='bbox 1587 3751 1670 3799; x_wconf 88' lang='lat' dir='ltr'><strong>est</strong></span> <span class='ocrx_word' id='word_1_407' title='bbox 1700 3741 1971 3809; x_wconf 82' lang='lat' dir='ltr'><strong>posterior</strong></span> <span class='ocrx_word' id='word_1_408' title='bbox 2004 3741 2183 3796; x_wconf 90' lang='lat' dir='ltr'><strong>tunica</strong></span> 
     </span>
    </p>
   </div>
   <div class='ocr_carea' id='block_1_57' title="bbox 613 3830 2183 3900">
    <p class='ocr_par' dir='ltr' id='par_1_57' title="bbox 613 3830 2183 3900">
     <span class='ocr_line' id='line_1_57' title="bbox 613 3830 2183 3900; baseline -0.01 0"><span class='ocrx_word' id='word_1_409' title='bbox 613 3839 848 3900; x_wconf 89' lang='lat' dir='ltr'><strong>cerebri.</strong></span> <span class='ocrx_word' id='word_1_410' title='bbox 875 3837 1186 3894; x_wconf 76' lang='lat' dir='ltr'><strong>Meminisse</strong></span> <span class='ocrx_word' id='word_1_411' title='bbox 1221 3845 1400 3890; x_wconf 89' lang='lat' dir='ltr'><strong>autem</strong></span> <span class='ocrx_word' id='word_1_412' title='bbox 1445 3833 1628 3889; x_wconf 86' lang='lat' dir='ltr'><strong>anima</strong></span> <span class='ocrx_word' id='word_1_413' title='bbox 1664 3832 1885 3897; x_wconf 89' lang='lat' dir='ltr'><strong>dicitur,</strong></span> <span class='ocrx_word' id='word_1_414' title='bbox 1917 3846 2041 3890; x_wconf 90' lang='lat' dir='ltr'><strong>cum</strong></span> <span class='ocrx_word' id='word_1_415' title='bbox 2073 3830 2183 3885; x_wconf 86' lang='lat' dir='ltr'><strong>for-</strong></span> 
     </span>
    </p>
   </div>
   <div class='ocr_carea' id='block_1_58' title="bbox 619 3924 2180 4002">
    <p class='ocr_par' dir='ltr' id='par_1_58' title="bbox 619 3924 2180 4002">
     <span class='ocr_line' id='line_1_58' title="bbox 619 3924 2180 4002; baseline -0.015 -13"><span class='ocrx_word' id='word_1_416' title='bbox 619 3949 738 3989; x_wconf 87' lang='lat' dir='ltr'><strong>mas</strong></span> <span class='ocrx_word' id='word_1_417' title='bbox 767 3943 932 4002; x_wconf 85' lang='lat' dir='ltr'><strong>atque</strong></span> <span class='ocrx_word' id='word_1_418' title='bbox 971 3930 1357 4000; x_wconf 75' lang='lat' dir='ltr'><strong>impressiones</strong></span> <span class='ocrx_word' id='word_1_419' title='bbox 1394 3940 1582 3981; x_wconf 89' lang='lat' dir='ltr'><strong>earum</strong></span> <span class='ocrx_word' id='word_1_420' title='bbox 1637 3940 1842 3989; x_wconf 84' lang='lat' dir='ltr'><strong>rerum,</strong></span> <span class='ocrx_word' id='word_1_421' title='bbox 1887 3940 2024 3994; x_wconf 82' lang='lat' dir='ltr'><strong>quas</strong></span> <span class='ocrx_word' id='word_1_422' title='bbox 2060 3924 2180 3994; x_wconf 77' lang='grc' dir='ltr'><strong>ορί.</strong></span> 
     </span>
    </p>
   </div>
   <div class='ocr_carea' id='block_1_59' title="bbox 540 4016 2177 4090">
    <p class='ocr_par' dir='ltr' id='par_1_59' title="bbox 540 4016 2177 4090">
     <span class='ocr_line' id='line_1_59' title="bbox 540 4016 2177 4090; baseline -0.005 -10"><span class='ocrx_word' id='word_1_423' title='bbox 540 4048 547 4055; x_wconf 85' lang='grc'><strong>-</strong></span> <span class='ocrx_word' id='word_1_424' title='bbox 616 4026 782 4080; x_wconf 88' lang='lat' dir='ltr'><strong>nione</strong></span> <span class='ocrx_word' id='word_1_425' title='bbox 819 4021 1089 4090; x_wconf 73' lang='lat' dir='ltr'><strong>concepit,</strong></span> <span class='ocrx_word' id='word_1_426' title='bbox 1143 4019 1354 4073; x_wconf 86' lang='lat' dir='ltr'><strong>retinet.</strong></span> <span class='ocrx_word' id='word_1_427' title='bbox 1391 4016 1558 4088; x_wconf 89' lang='lat' dir='ltr'><strong>Igitur</strong></span> <span class='ocrx_word' id='word_1_428' title='bbox 1596 4017 1663 4072; x_wconf 92' lang='lat' dir='ltr'><strong>de</strong></span> <span class='ocrx_word' id='word_1_429' title='bbox 1689 4016 1739 4072; x_wconf 91' lang='lat' dir='ltr'><strong>vi</strong></span> <span class='ocrx_word' id='word_1_430' title='bbox 1780 4016 2177 4084; x_wconf 81' lang='lat' dir='ltr'><strong>memoratricc,</strong></span> 
     </span>
    </p>
   </div>
   <div class='ocr_carea' id='block_1_60' title="bbox 613 4100 2179 4186">
    <p class='ocr_par' dir='ltr' id='par_1_60' title="bbox 613 4100 2179 4186">
     <span class='ocr_line' id='line_1_60' title="bbox 613 4100 2179 4186; baseline -0.004 -16"><span class='ocrx_word' id='word_1_431' title='bbox 613 4115 844 4186; x_wconf 84' lang='lat' dir='ltr'><strong>ejusque</strong></span> <span class='ocrx_word' id='word_1_432' title='bbox 863 4124 985 4168; x_wconf 86' lang='lat' dir='ltr'><strong>aetu</strong></span> <span class='ocrx_word' id='word_1_433' title='bbox 1019 4120 1276 4177; x_wconf 87' lang='lat' dir='ltr'><strong>tractans,</strong></span> <span class='ocrx_word' id='word_1_434' title='bbox 1306 4100 1381 4165; x_wconf 86' lang='lat' dir='ltr'><strong>ait</strong></span> <span class='ocrx_word' id='word_1_435' title='bbox 1413 4127 1427 4164; x_wconf 92' lang='lat'><strong>:</strong></span> <span class='ocrx_word' id='word_1_436' title='bbox 1461 4109 1519 4165; x_wconf 89' lang='lat' dir='ltr'><strong>Si</strong></span> <span class='ocrx_word' id='word_1_437' title='bbox 1547 4108 1677 4181; x_wconf 86' lang='lat' dir='ltr'><strong>quid</strong></span> <span class='ocrx_word' id='word_1_438' title='bbox 1700 4123 1888 4166; x_wconf 87' lang='lat' dir='ltr'><strong>eorum</strong></span> <span class='ocrx_word' id='word_1_439' title='bbox 1929 4123 2052 4178; x_wconf 78' lang='lat' dir='ltr'><strong>quae</strong></span> <span class='ocrx_word' id='word_1_440' title='bbox 2074 4122 2179 4163; x_wconf 90' lang='lat' dir='ltr'><strong>nou</strong></span> 
     </span>
    </p>
   </div>
   <div class='ocr_carea' id='block_1_61' title="bbox 611 4199 2180 4277">
    <p class='ocr_par' dir='ltr' id='par_1_61' title="bbox 611 4199 2180 4277">
     <span class='ocr_line' id='line_1_61' title="bbox 611 4199 2180 4277; baseline -0.009 -10"><span class='ocrx_word' id='word_1_441' title='bbox 611 4222 893 4273; x_wconf 84' lang='lat' dir='ltr'><strong>concessa,</strong></span> <span class='ocrx_word' id='word_1_442' title='bbox 916 4206 1009 4261; x_wconf 91' lang='lat' dir='ltr'><strong>sed</strong></span> <span class='ocrx_word' id='word_1_443' title='bbox 1047 4203 1338 4264; x_wconf 85' lang='lat' dir='ltr'><strong>interdicta</strong></span> <span class='ocrx_word' id='word_1_444' title='bbox 1374 4202 1613 4265; x_wconf 86' lang='lat' dir='ltr'><strong>fuerunt,</strong></span> <span class='ocrx_word' id='word_1_445' title='bbox 1666 4200 1914 4257; x_wconf 87' lang='lat' dir='ltr'><strong>illecebra</strong></span> <span class='ocrx_word' id='word_1_446' title='bbox 1944 4199 2180 4277; x_wconf 86' lang='lat' dir='ltr'><strong>quadam</strong></span> 
     </span>
    </p>
   </div>
   <div class='ocr_carea' id='block_1_62' title="bbox 2286 1723 3827 1806">
    <p class='ocr_par' dir='ltr' id='par_1_62' title="bbox 2286 1723 3827 1806">
     <span class='ocr_line' id='line_1_62' title="bbox 2286 1723 3827 1806; baseline 0.009 -30"><span class='ocrx_word' id='word_1_447' title='bbox 2286 1723 2503 1779; x_wconf 79' lang='lat' dir='ltr'><strong>vindex.</strong></span> <span class='ocrx_word' id='word_1_448' title='bbox 2545 1724 2682 1779; x_wconf 84' lang='lat' dir='ltr'><strong>Nam</strong></span> <span class='ocrx_word' id='word_1_449' title='bbox 2712 1741 2838 1781; x_wconf 91' lang='lat' dir='ltr'><strong>cum</strong></span> <span class='ocrx_word' id='word_1_450' title='bbox 2878 1728 3113 1798; x_wconf 90' lang='lat' dir='ltr'><strong>alicujus</strong></span> <span class='ocrx_word' id='word_1_451' title='bbox 3164 1731 3239 1784; x_wconf 90' lang='lat' dir='ltr'><strong>rei</strong></span> <span class='ocrx_word' id='word_1_452' title='bbox 3291 1731 3597 1803; x_wconf 84' lang='lat' dir='ltr'><strong>cupiditate</strong></span> <span class='ocrx_word' id='word_1_453' title='bbox 3625 1738 3827 1806; x_wconf 83' lang='lat' dir='ltr'><strong>corripi-</strong></span> 
     </span>
    </p>
   </div>
   <div class='ocr_carea' id='block_1_63' title="bbox 2286 1821 3832 1893">
    <p class='ocr_par' dir='ltr' id='par_1_63' title="bbox 2286 1821 3832 1893">
     <span class='ocr_line' id='line_1_63' title="bbox 2286 1821 3832 1893; baseline 0.009 -23"><span class='ocrx_word' id='word_1_454' title='bbox 2286 1832 2433 1884; x_wconf 89' lang='lat' dir='ltr'><strong>mur,</strong></span> <span class='ocrx_word' id='word_1_455' title='bbox 2469 1825 2634 1888; x_wconf 89' lang='lat' dir='ltr'><strong>atque</strong></span> <span class='ocrx_word' id='word_1_456' title='bbox 2664 1834 2693 1873; x_wconf 87' lang='lat' dir='ltr'><strong>a</strong></span> <span class='ocrx_word' id='word_1_457' title='bbox 2730 1821 2987 1890; x_wconf 87' lang='lat' dir='ltr'><strong>quopiam</strong></span> <span class='ocrx_word' id='word_1_458' title='bbox 3031 1822 3196 1877; x_wconf 88' lang='lat' dir='ltr'><strong>nobis</strong></span> <span class='ocrx_word' id='word_1_459' title='bbox 3219 1823 3672 1893; x_wconf 87' lang='lat' dir='ltr'><strong>impedimentum</strong></span> <span class='ocrx_word' id='word_1_460' title='bbox 3699 1827 3832 1885; x_wconf 72' lang='lat' dir='ltr'><strong>adet-</strong></span> 
     </span>
    </p>
   </div>
   <div class='ocr_carea' id='block_1_64' title="bbox 2286 1912 3826 1988">
    <p class='ocr_par' dir='ltr' id='par_1_64' title="bbox 2286 1912 3826 1988">
     <span class='ocr_line' id='line_1_64' title="bbox 2286 1912 3826 1988; baseline 0.005 -25"><span class='ocrx_word' id='word_1_461' title='bbox 2286 1920 2395 1975; x_wconf 89' lang='lat' dir='ltr'><strong>tur;</strong></span> <span class='ocrx_word' id='word_1_462' title='bbox 2438 1912 2542 1980; x_wconf 31' lang='lat' dir='ltr'><strong>ira,</strong></span> <span class='ocrx_word' id='word_1_463' title='bbox 2573 1912 2839 1967; x_wconf 82' lang='lat' dir='ltr'><strong>adversus</strong></span> <span class='ocrx_word' id='word_1_464' title='bbox 2885 1927 3008 1966; x_wconf 89' lang='lat' dir='ltr'><strong>eum</strong></span> <span class='ocrx_word' id='word_1_465' title='bbox 3073 1914 3441 1980; x_wconf 88' lang='lat' dir='ltr'><strong>incendimur,</strong></span> <span class='ocrx_word' id='word_1_466' title='bbox 3478 1918 3625 1972; x_wconf 83' lang='lat' dir='ltr'><strong>velut</strong></span> <span class='ocrx_word' id='word_1_467' title='bbox 3659 1919 3826 1988; x_wconf 78' lang='lat' dir='ltr'><strong>injuria</strong></span> 
     </span>
    </p>
   </div>
   <div class='ocr_carea' id='block_1_65' title="bbox 2286 2002 3830 2080">
    <p class='ocr_par' dir='ltr' id='par_1_65' title="bbox 2286 2002 3830 2080">
     <span class='ocr_line' id='line_1_65' title="bbox 2286 2002 3830 2080; baseline 0.006 -25"><span class='ocrx_word' id='word_1_468' title='bbox 2286 2002 2486 2071; x_wconf 66' lang='lat' dir='ltr'><strong>affecti,</strong></span> <span class='ocrx_word' id='word_1_469' title='bbox 2524 2004 2782 2059; x_wconf 87' lang='lat' dir='ltr'><strong>nimirum</strong></span> <span class='ocrx_word' id='word_1_470' title='bbox 2841 2005 3051 2060; x_wconf 86' lang='lat' dir='ltr'><strong>ratione</strong></span> <span class='ocrx_word' id='word_1_471' title='bbox 3094 2022 3210 2059; x_wconf 81' lang='lat' dir='ltr'><strong>eam</strong></span> <span class='ocrx_word' id='word_1_472' title='bbox 3252 2022 3367 2063; x_wconf 83' lang='lat' dir='ltr'><strong>rem</strong></span> <span class='ocrx_word' id='word_1_473' title='bbox 3403 2008 3491 2063; x_wconf 86' lang='lat' dir='ltr'><strong>ira</strong></span> <span class='ocrx_word' id='word_1_474' title='bbox 3526 2020 3585 2063; x_wconf 86' lang='lat' dir='ltr'><strong>et</strong></span> <span class='ocrx_word' id='word_1_475' title='bbox 3616 2011 3830 2080; x_wconf 84' lang='lat' dir='ltr'><strong>indigna-</strong></span> 
     </span>
    </p>
   </div>
   <div class='ocr_carea' id='block_1_66' title="bbox 2287 2094 3824 2171">
    <p class='ocr_par' dir='ltr' id='par_1_66' title="bbox 2287 2094 3824 2171">
     <span class='ocr_line' id='line_1_66' title="bbox 2287 2094 3824 2171; baseline 0.006 -25"><span class='ocrx_word' id='word_1_476' title='bbox 2287 2094 2431 2148; x_wconf 86' lang='lat' dir='ltr'><strong>tione</strong></span> <span class='ocrx_word' id='word_1_477' title='bbox 2457 2094 2673 2163; x_wconf 79' lang='lat' dir='ltr'><strong>dignam</strong></span> <span class='ocrx_word' id='word_1_478' title='bbox 2695 2094 2997 2165; x_wconf 85' lang='lat' dir='ltr'><strong>judicante.</strong></span> <span class='ocrx_word' id='word_1_479' title='bbox 3029 2095 3486 2168; x_wconf 82' lang='lat' dir='ltr'><strong>Quandoquidem</strong></span> <span class='ocrx_word' id='word_1_480' title='bbox 3516 2102 3675 2171; x_wconf 79' lang='lat' dir='ltr'><strong>igitur</strong></span> <span class='ocrx_word' id='word_1_481' title='bbox 3705 2104 3824 2156; x_wconf 84' lang='lat' dir='ltr'><strong>nulla</strong></span> 
     </span>
    </p>
   </div>
   <div class='ocr_carea' id='block_1_67' title="bbox 2287 2185 3822 2267">
    <p class='ocr_par' dir='ltr' id='par_1_67' title="bbox 2287 2185 3822 2267">
     <span class='ocr_line' id='line_1_67' title="bbox 2287 2185 3822 2267; baseline 0.005 -27"><span class='ocrx_word' id='word_1_482' title='bbox 2287 2187 2443 2241; x_wconf 90' lang='lat' dir='ltr'><strong>nobis</strong></span> <span class='ocrx_word' id='word_1_483' title='bbox 2476 2185 2676 2258; x_wconf 90' lang='lat' dir='ltr'><strong>injuria</strong></span> <span class='ocrx_word' id='word_1_484' title='bbox 2728 2198 2879 2244; x_wconf 85' lang='lat' dir='ltr'><strong>tanta</strong></span> <span class='ocrx_word' id='word_1_485' title='bbox 2920 2204 2952 2244; x_wconf 87' lang='lat' dir='ltr'><strong>a</strong></span> <span class='ocrx_word' id='word_1_486' title='bbox 2978 2190 3233 2267; x_wconf 85' lang='lat' dir='ltr'><strong>quopiam</strong></span> <span class='ocrx_word' id='word_1_487' title='bbox 3274 2190 3426 2246; x_wconf 84' lang='lat' dir='ltr'><strong>illata</strong></span> <span class='ocrx_word' id='word_1_488' title='bbox 3468 2204 3576 2259; x_wconf 89' lang='lat' dir='ltr'><strong>est,</strong></span> <span class='ocrx_word' id='word_1_489' title='bbox 3600 2206 3822 2264; x_wconf 74' lang='lat' dir='ltr'><strong>quanta:</strong></span> 
     </span>
    </p>
   </div>
   <div class='ocr_carea' id='block_1_68' title="bbox 2285 2281 3823 2356">
    <p class='ocr_par' dir='ltr' id='par_1_68' title="bbox 2285 2281 3823 2356">
     <span class='ocr_line' id='line_1_68' title="bbox 2285 2281 3823 2356; baseline 0.005 -22"><span class='ocrx_word' id='word_1_490' title='bbox 2285 2288 2555 2346; x_wconf 83' lang='lat' dir='ltr'><strong>serpente,</strong></span> <span class='ocrx_word' id='word_1_491' title='bbox 2586 2289 2641 2336; x_wconf 87' lang='lat' dir='ltr'><strong>et</strong></span> <span class='ocrx_word' id='word_1_492' title='bbox 2669 2294 2736 2335; x_wconf 90' lang='lat' dir='ltr'><strong>eo</strong></span> <span class='ocrx_word' id='word_1_493' title='bbox 2772 2281 2864 2352; x_wconf 90' lang='lat' dir='ltr'><strong>qui</strong></span> <span class='ocrx_word' id='word_1_494' title='bbox 2894 2296 2993 2351; x_wconf 88' lang='lat' dir='ltr'><strong>per</strong></span> <span class='ocrx_word' id='word_1_495' title='bbox 3025 2282 3204 2351; x_wconf 79' lang='lat' dir='ltr'><strong>ipsum</strong></span> <span class='ocrx_word' id='word_1_496' title='bbox 3242 2293 3300 2338; x_wconf 88' lang='lat' dir='ltr'><strong>et</strong></span> <span class='ocrx_word' id='word_1_497' title='bbox 3331 2282 3388 2337; x_wconf 88' lang='lat' dir='ltr'><strong>in</strong></span> <span class='ocrx_word' id='word_1_498' title='bbox 3436 2285 3565 2354; x_wconf 78' lang='lat' dir='ltr'><strong>ipso</strong></span> <span class='ocrx_word' id='word_1_499' title='bbox 3603 2286 3823 2356; x_wconf 61' lang='lat' dir='ltr'><strong>loquebar</strong></span> 
     </span>
    </p>
   </div>
   <div class='ocr_carea' id='block_1_69' title="bbox 2224 2371 3820 2442">
    <p class='ocr_par' dir='ltr' id='par_1_69' title="bbox 2224 2371 3820 2442">
     <span class='ocr_line' id='line_1_69' title="bbox 2224 2371 3820 2442; baseline 0.003 -18"><span class='ocrx_word' id='word_1_500' title='bbox 2224 2390 2241 2417; x_wconf 61' lang='grc' dir='ltr'><em>ί</em></span> <span class='ocrx_word' id='word_1_501' title='bbox 2287 2381 2395 2434; x_wconf 90' lang='lat' dir='ltr'><strong>tur,</strong></span> <span class='ocrx_word' id='word_1_502' title='bbox 2432 2371 2883 2442; x_wconf 88' lang='lat' dir='ltr'><strong>diabolo(ipsius</strong></span> <span class='ocrx_word' id='word_1_503' title='bbox 2938 2375 3084 2429; x_wconf 89' lang='lat' dir='ltr'><strong>enim</strong></span> <span class='ocrx_word' id='word_1_504' title='bbox 3146 2372 3338 2431; x_wconf 82' lang='lat' dir='ltr'><strong>fraude</strong></span> <span class='ocrx_word' id='word_1_505' title='bbox 3384 2384 3447 2429; x_wconf 89' lang='lat' dir='ltr'><strong>et</strong></span> <span class='ocrx_word' id='word_1_506' title='bbox 3496 2377 3712 2440; x_wconf 87' lang='lat' dir='ltr'><strong>scelere,</strong></span> <span class='ocrx_word' id='word_1_507' title='bbox 3733 2386 3820 2429; x_wconf 81' lang='lat' dir='ltr'><strong>tuin</strong></span> 
     </span>
    </p>
   </div>
   <div class='ocr_carea' id='block_1_70' title="bbox 2282 2465 3818 2541">
    <p class='ocr_par' dir='ltr' id='par_1_70' title="bbox 2282 2465 3818 2541">
     <span class='ocr_line' id='line_1_70' title="bbox 2282 2465 3818 2541; baseline 0.005 -26"><span class='ocrx_word' id='word_1_508' title='bbox 2282 2465 2559 2533; x_wconf 85' lang='lat' dir='ltr'><strong>paradiso,</strong></span> <span class='ocrx_word' id='word_1_509' title='bbox 2617 2477 2729 2519; x_wconf 88' lang='lat' dir='ltr'><strong>tum</strong></span> <span class='ocrx_word' id='word_1_510' title='bbox 2772 2466 3175 2522; x_wconf 88' lang='lat' dir='ltr'><strong>immortalitate</strong></span> <span class='ocrx_word' id='word_1_511' title='bbox 3223 2467 3597 2541; x_wconf 84' lang='lat' dir='ltr'><strong>excidimus),</strong></span> <span class='ocrx_word' id='word_1_512' title='bbox 3654 2470 3818 2525; x_wconf 80' lang='lat' dir='ltr'><strong>idcirco</strong></span> 
     </span>
    </p>
   </div>
   <div class='ocr_carea' id='block_1_71' title="bbox 2283 2554 3819 2629">
    <p class='ocr_par' dir='ltr' id='par_1_71' title="bbox 2283 2554 3819 2629">
     <span class='ocr_line' id='line_1_71' title="bbox 2283 2554 3819 2629; baseline 0.003 -20"><span class='ocrx_word' id='word_1_513' title='bbox 2283 2556 2417 2609; x_wconf 88' lang='lat' dir='ltr'><strong>dicit</strong></span> <span class='ocrx_word' id='word_1_514' title='bbox 2447 2556 2487 2609; x_wconf 82' lang='lat'><strong>&#39;1‘</strong></span> <span class='ocrx_word' id='word_1_515' title='bbox 2496 2556 2758 2627; x_wconf 85' lang='lat' dir='ltr'><strong>heologus</strong></span> <span class='ocrx_word' id='word_1_516' title='bbox 2790 2575 2802 2612; x_wconf 92' lang='lat'><strong>:</strong></span> <span class='ocrx_word' id='word_1_517' title='bbox 2846 2555 2929 2613; x_wconf 26' lang='lat' dir='ltr'><strong>lla.</strong></span> <span class='ocrx_word' id='word_1_518' title='bbox 2958 2554 3063 2613; x_wconf 78' lang='lat' dir='ltr'><strong>tibi</strong></span> <span class='ocrx_word' id='word_1_519' title='bbox 3086 2560 3254 2629; x_wconf 89' lang='lat' dir='ltr'><strong>juste,</strong></span> <span class='ocrx_word' id='word_1_520' title='bbox 3286 2568 3345 2613; x_wconf 89' lang='lat' dir='ltr'><strong>et.</strong></span> <span class='ocrx_word' id='word_1_521' title='bbox 3362 2564 3664 2617; x_wconf 86' lang='lat' dir='ltr'><strong>secundum</strong></span> <span class='ocrx_word' id='word_1_522' title='bbox 3692 2572 3819 2615; x_wconf 78' lang='lat' dir='ltr'><strong>natu-</strong></span> 
     </span>
    </p>
   </div>
   <div class='ocr_carea' id='block_1_72' title="bbox 2284 2649 3815 2724">
    <p class='ocr_par' dir='ltr' id='par_1_72' title="bbox 2284 2649 3815 2724">
     <span class='ocr_line' id='line_1_72' title="bbox 2284 2649 3815 2724; baseline 0.003 -24"><span class='ocrx_word' id='word_1_523' title='bbox 2284 2663 2424 2713; x_wconf 88' lang='lat' dir='ltr'><strong>ram,</strong></span> <span class='ocrx_word' id='word_1_524' title='bbox 2454 2649 2717 2705; x_wconf 84' lang='lat' dir='ltr'><strong>adversus</strong></span> <span class='ocrx_word' id='word_1_525' title='bbox 2776 2662 3080 2718; x_wconf 88' lang='lat' dir='ltr'><strong>serpentem</strong></span> <span class='ocrx_word' id='word_1_526' title='bbox 3115 2651 3409 2717; x_wconf 77' lang='lat' dir='ltr'><strong>excitetur,</strong></span> <span class='ocrx_word' id='word_1_527' title='bbox 3440 2668 3481 2707; x_wconf 82' lang='lat' dir='ltr'><strong>a</strong></span> <span class='ocrx_word' id='word_1_528' title='bbox 3511 2669 3617 2723; x_wconf 83' lang='lat' dir='ltr'><strong>quo</strong></span> <span class='ocrx_word' id='word_1_529' title='bbox 3650 2655 3815 2724; x_wconf 82' lang='lat' dir='ltr'><strong>gravis-</strong></span> 
     </span>
    </p>
   </div>
   <div class='ocr_carea' id='block_1_73' title="bbox 2283 2737 3819 2817">
    <p class='ocr_par' dir='ltr' id='par_1_73' title="bbox 2283 2737 3819 2817">
     <span class='ocr_line' id='line_1_73' title="bbox 2283 2737 3819 2817; baseline 0 -26"><span class='ocrx_word' id='word_1_530' title='bbox 2283 2737 2420 2791; x_wconf 90' lang='lat' dir='ltr'><strong>sime</strong></span> <span class='ocrx_word' id='word_1_531' title='bbox 2451 2737 2614 2794; x_wconf 62' lang='lat' dir='ltr'><strong>laesus</strong></span> <span class='ocrx_word' id='word_1_532' title='bbox 2647 2753 2731 2802; x_wconf 83' lang='lat' dir='ltr'><strong>es,</strong></span> <span class='ocrx_word' id='word_1_533' title='bbox 2775 2754 2896 2795; x_wconf 89' lang='lat' dir='ltr'><strong>cum</strong></span> <span class='ocrx_word' id='word_1_534' title='bbox 2934 2754 3045 2809; x_wconf 88' lang='lat' dir='ltr'><strong>quo</strong></span> <span class='ocrx_word' id='word_1_535' title='bbox 3073 2741 3237 2817; x_wconf 82' lang='lat' dir='ltr'><strong>etiam</strong></span> <span class='ocrx_word' id='word_1_536' title='bbox 3289 2739 3619 2817; x_wconf 82' lang='lat' dir='ltr'><strong>inimicitias</strong></span> <span class='ocrx_word' id='word_1_537' title='bbox 3667 2753 3819 2811; x_wconf 82' lang='lat' dir='ltr'><strong>gerere</strong></span> 
     </span>
    </p>
   </div>
   <div class='ocr_carea' id='block_1_74' title="bbox 2286 2826 3815 2902">
    <p class='ocr_par' dir='ltr' id='par_1_74' title="bbox 2286 2826 3815 2902">
     <span class='ocr_line' id='line_1_74' title="bbox 2286 2826 3815 2902; baseline 0.001 -22"><span class='ocrx_word' id='word_1_538' title='bbox 2286 2826 2381 2881; x_wconf 83' lang='lat' dir='ltr'><strong>tibi</strong></span> <span class='ocrx_word' id='word_1_539' title='bbox 2408 2828 2726 2899; x_wconf 83' lang='lat' dir='ltr'><strong>imperatum</strong></span> <span class='ocrx_word' id='word_1_540' title='bbox 2753 2839 2860 2885; x_wconf 87' lang='lat' dir='ltr'><strong>est.</strong></span> <span class='ocrx_word' id='word_1_541' title='bbox 2893 2830 3209 2885; x_wconf 76' lang='lat' dir='ltr'><strong>(nimicitias</strong></span> <span class='ocrx_word' id='word_1_542' title='bbox 3236 2831 3406 2896; x_wconf 86' lang='lat' dir='ltr'><strong>enim,</strong></span> <span class='ocrx_word' id='word_1_543' title='bbox 3452 2833 3645 2902; x_wconf 80' lang='lat' dir='ltr'><strong>inquit,</strong></span> <span class='ocrx_word' id='word_1_544' title='bbox 3663 2846 3815 2900; x_wconf 66' lang='lat' dir='ltr'><strong>porta-</strong></span> 
     </span>
    </p>
   </div>
   <div class='ocr_carea' id='block_1_75' title="bbox 2285 2921 3813 2992">
    <p class='ocr_par' dir='ltr' id='par_1_75' title="bbox 2285 2921 3813 2992">
     <span class='ocr_line' id='line_1_75' title="bbox 2285 2921 3813 2992; baseline 0.003 -21"><span class='ocrx_word' id='word_1_545' title='bbox 2285 2921 2421 2973; x_wconf 86' lang='lat' dir='ltr'><strong>inter</strong></span> <span class='ocrx_word' id='word_1_546' title='bbox 2447 2928 2496 2974; x_wconf 87' lang='lat' dir='ltr'><strong>te</strong></span> <span class='ocrx_word' id='word_1_547' title='bbox 2523 2929 2572 2974; x_wconf 84' lang='lat' dir='ltr'><strong>et</strong></span> <span class='ocrx_word' id='word_1_548' title='bbox 2606 2922 2744 2975; x_wconf 78' lang='lat' dir='ltr'><strong>inter</strong></span> <span class='ocrx_word' id='word_1_549' title='bbox 2771 2933 3058 2990; x_wconf 75' lang='lat' dir='ltr'><strong>serpentem</strong></span> <span class='ocrx_word' id='word_1_550' title='bbox 3086 2922 3153 2977; x_wconf 74' lang='lat'><strong>“.</strong></span> <span class='ocrx_word' id='word_1_551' title='bbox 3186 2922 3644 2992; x_wconf 75' lang='lat' dir='ltr'><strong>Concupisceutia</strong></span> <span class='ocrx_word' id='word_1_552' title='bbox 3668 2931 3813 2978; x_wconf 81' lang='lat' dir='ltr'><strong>autent</strong></span> 
     </span>
    </p>
   </div>
   <div class='ocr_carea' id='block_1_76' title="bbox 2283 3012 3813 3086">
    <p class='ocr_par' dir='ltr' id='par_1_76' title="bbox 2283 3012 3813 3086">
     <span class='ocr_line' id='line_1_76' title="bbox 2283 3012 3813 3086; baseline 0.002 -20"><span class='ocrx_word' id='word_1_553' title='bbox 2283 3013 2351 3066; x_wconf 89' lang='lat' dir='ltr'><strong>ad</strong></span> <span class='ocrx_word' id='word_1_554' title='bbox 2381 3012 2585 3066; x_wconf 90' lang='lat' dir='ltr'><strong>nullam</strong></span> <span class='ocrx_word' id='word_1_555' title='bbox 2613 3029 2724 3068; x_wconf 91' lang='lat' dir='ltr'><strong>rem</strong></span> <span class='ocrx_word' id='word_1_556' title='bbox 2753 3016 2969 3070; x_wconf 78' lang='lat' dir='ltr'><strong>noxiam</strong></span> <span class='ocrx_word' id='word_1_557' title='bbox 3000 3024 3052 3069; x_wconf 92' lang='lat' dir='ltr'><strong>et</strong></span> <span class='ocrx_word' id='word_1_558' title='bbox 3079 3014 3660 3086; x_wconf 56' lang='lat' dir='ltr'><strong>periculosamsedad</strong></span> <span class='ocrx_word' id='word_1_559' title='bbox 3679 3014 3813 3069; x_wconf 79' lang='lat' dir='ltr'><strong>Deum</strong></span> 
     </span>
    </p>
   </div>
   <div class='ocr_carea' id='block_1_77' title="bbox 2284 3104 3813 3176">
    <p class='ocr_par' dir='ltr' id='par_1_77' title="bbox 2284 3104 3813 3176">
     <span class='ocr_line' id='line_1_77' title="bbox 2284 3104 3813 3176; baseline 0 -18"><span class='ocrx_word' id='word_1_560' title='bbox 2284 3104 2467 3160; x_wconf 88' lang='lat' dir='ltr'><strong>omnis</strong></span> <span class='ocrx_word' id='word_1_561' title='bbox 2506 3106 2842 3171; x_wconf 86' lang='lat' dir='ltr'><strong>intendatur,</strong></span> <span class='ocrx_word' id='word_1_562' title='bbox 2903 3122 3062 3176; x_wconf 86' lang='lat' dir='ltr'><strong>quem</strong></span> <span class='ocrx_word' id='word_1_563' title='bbox 3111 3119 3173 3162; x_wconf 89' lang='lat' dir='ltr'><strong>ut</strong></span> <span class='ocrx_word' id='word_1_564' title='bbox 3220 3121 3288 3162; x_wconf 79' lang='lat' dir='ltr'><strong>ex</strong></span> <span class='ocrx_word' id='word_1_565' title='bbox 3344 3115 3466 3161; x_wconf 85' lang='lat' dir='ltr'><strong>toto</strong></span> <span class='ocrx_word' id='word_1_566' title='bbox 3505 3110 3655 3163; x_wconf 89' lang='lat' dir='ltr'><strong>corde</strong></span> <span class='ocrx_word' id='word_1_567' title='bbox 3694 3119 3813 3158; x_wconf 80' lang='lat' dir='ltr'><strong>ames</strong></span> 
     </span>
    </p>
   </div>
   <div class='ocr_carea' id='block_1_78' title="bbox 2285 3196 3812 3269">
    <p class='ocr_par' dir='ltr' id='par_1_78' title="bbox 2285 3196 3812 3269">
     <span class='ocr_line' id='line_1_78' title="bbox 2285 3196 3812 3269; baseline -0.002 -18"><span class='ocrx_word' id='word_1_568' title='bbox 2285 3196 2380 3252; x_wconf 83' lang='lat' dir='ltr'><strong>tibi</strong></span> <span class='ocrx_word' id='word_1_569' title='bbox 2408 3196 2494 3251; x_wconf 79' lang='lat' dir='ltr'><strong>lex.</strong></span> <span class='ocrx_word' id='word_1_570' title='bbox 2527 3197 2643 3267; x_wconf 87' lang='lat' dir='ltr'><strong>lege</strong></span> <span class='ocrx_word' id='word_1_571' title='bbox 2667 3198 3023 3269; x_wconf 76' lang='lat' dir='ltr'><strong>prtrscripsit,</strong></span> <span class='ocrx_word' id='word_1_572' title='bbox 3053 3207 3110 3259; x_wconf 87' lang='lat' dir='ltr'><strong>nt</strong></span> <span class='ocrx_word' id='word_1_573' title='bbox 3136 3213 3260 3252; x_wconf 90' lang='lat' dir='ltr'><strong>cum</strong></span> <span class='ocrx_word' id='word_1_574' title='bbox 3295 3198 3513 3254; x_wconf 84' lang='lat' dir='ltr'><strong>Davide</strong></span> <span class='ocrx_word' id='word_1_575' title='bbox 3535 3213 3645 3253; x_wconf 75' lang='lat' dir='ltr'><strong>vere</strong></span> <span class='ocrx_word' id='word_1_576' title='bbox 3665 3197 3812 3252; x_wconf 73' lang='lat' dir='ltr'><strong>dicere</strong></span> 
     </span>
    </p>
   </div>
   <div class='ocr_carea' id='block_1_79' title="bbox 2283 3286 3807 3357">
    <p class='ocr_par' dir='ltr' id='par_1_79' title="bbox 2283 3286 3807 3357">
     <span class='ocr_line' id='line_1_79' title="bbox 2283 3286 3807 3357; baseline -0.001 -17"><span class='ocrx_word' id='word_1_577' title='bbox 2283 3288 2466 3357; x_wconf 81' lang='lat' dir='ltr'><strong>possis</strong></span> <span class='ocrx_word' id='word_1_578' title='bbox 2498 3303 2512 3343; x_wconf 86' lang='lat'><strong>:</strong></span> <span class='ocrx_word' id='word_1_579' title='bbox 2547 3288 2789 3353; x_wconf 81' lang='lat' dir='ltr'><strong>Domine,</strong></span> <span class='ocrx_word' id='word_1_580' title='bbox 2823 3298 2944 3345; x_wconf 79' lang='lat' dir='ltr'><strong>ante</strong></span> <span class='ocrx_word' id='word_1_581' title='bbox 2971 3300 3020 3344; x_wconf 89' lang='lat' dir='ltr'><strong>te</strong></span> <span class='ocrx_word' id='word_1_582' title='bbox 3047 3305 3198 3344; x_wconf 87' lang='lat' dir='ltr'><strong>omne</strong></span> <span class='ocrx_word' id='word_1_583' title='bbox 3225 3289 3555 3344; x_wconf 66' lang='lat' dir='ltr'><strong>desiderium</strong></span> <span class='ocrx_word' id='word_1_584' title='bbox 3583 3304 3731 3343; x_wconf 74' lang='lat' dir='ltr'><strong>aream</strong></span> <span class='ocrx_word' id='word_1_585' title='bbox 3752 3286 3807 3338; x_wconf 82' lang='grc'><strong>⁸⁸.</strong></span> 
     </span>
    </p>
   </div>
   <div class='ocr_carea' id='block_1_80' title="bbox 2284 3378 3810 3459">
    <p class='ocr_par' dir='ltr' id='par_1_80' title="bbox 2284 3378 3810 3459">
     <span class='ocr_line' id='line_1_80' title="bbox 2284 3378 3810 3459; baseline 0.001 -28"><span class='ocrx_word' id='word_1_586' title='bbox 2284 3378 2444 3435; x_wconf 83' lang='lat' dir='ltr'><strong>Ratio</strong></span> <span class='ocrx_word' id='word_1_587' title='bbox 2503 3383 2961 3459; x_wconf 60' lang='lat' dir='ltr'><strong>prastantissima</strong></span> <span class='ocrx_word' id='word_1_588' title='bbox 3032 3397 3166 3452; x_wconf 82' lang='lat' dir='ltr'><strong>pars</strong></span> <span class='ocrx_word' id='word_1_589' title='bbox 3217 3382 3453 3448; x_wconf 65' lang='lat' dir='ltr'><strong>anima,</strong></span> <span class='ocrx_word' id='word_1_590' title='bbox 3517 3382 3810 3447; x_wconf 72' lang='lat' dir='ltr'><strong>maximeque</strong></span> 
     </span>
    </p>
   </div>
   <div class='ocr_carea' id='block_1_81' title="bbox 2283 3468 3806 3544">
    <p class='ocr_par' dir='ltr' id='par_1_81' title="bbox 2283 3468 3806 3544">
     <span class='ocr_line' id='line_1_81' title="bbox 2283 3468 3806 3544; baseline -0.003 -19"><span class='ocrx_word' id='word_1_591' title='bbox 2283 3469 2486 3534; x_wconf 81' lang='lat' dir='ltr'><strong>divina,</strong></span> <span class='ocrx_word' id='word_1_592' title='bbox 2519 3471 2666 3526; x_wconf 91' lang='lat' dir='ltr'><strong>velut</strong></span> <span class='ocrx_word' id='word_1_593' title='bbox 2707 3472 2899 3544; x_wconf 81' lang='lat' dir='ltr'><strong>auriga</strong></span> <span class='ocrx_word' id='word_1_594' title='bbox 2925 3471 3167 3542; x_wconf 86' lang='lat' dir='ltr'><strong>quidam,</strong></span> <span class='ocrx_word' id='word_1_595' title='bbox 3197 3472 3461 3528; x_wconf 84' lang='lat' dir='ltr'><strong>omnibus</strong></span> <span class='ocrx_word' id='word_1_596' title='bbox 3511 3472 3698 3542; x_wconf 66' lang='lat' dir='ltr'><strong>praesit,</strong></span> <span class='ocrx_word' id='word_1_597' title='bbox 3725 3468 3806 3521; x_wconf 83' lang='lat' dir='ltr'><strong>hoc</strong></span> 
     </span>
    </p>
   </div>
   <div class='ocr_carea' id='block_1_82' title="bbox 2282 3558 3808 3634">
    <p class='ocr_par' dir='ltr' id='par_1_82' title="bbox 2282 3558 3808 3634">
     <span class='ocr_line' id='line_1_82' title="bbox 2282 3558 3808 3634; baseline -0.002 -18"><span class='ocrx_word' id='word_1_598' title='bbox 2282 3572 2388 3625; x_wconf 87' lang='lat' dir='ltr'><strong>est,</strong></span> <span class='ocrx_word' id='word_1_599' title='bbox 2445 3570 2501 3617; x_wconf 84' lang='lat' dir='ltr'><strong>et</strong></span> <span class='ocrx_word' id='word_1_600' title='bbox 2555 3562 2649 3617; x_wconf 67' lang='lat' dir='ltr'><strong>irae</strong></span> <span class='ocrx_word' id='word_1_601' title='bbox 2701 3572 2755 3618; x_wconf 86' lang='lat' dir='ltr'><strong>et</strong></span> <span class='ocrx_word' id='word_1_602' title='bbox 2814 3563 3098 3634; x_wconf 89' lang='lat' dir='ltr'><strong>cupiditati</strong></span> <span class='ocrx_word' id='word_1_603' title='bbox 3141 3572 3195 3619; x_wconf 87' lang='lat' dir='ltr'><strong>et</strong></span> <span class='ocrx_word' id='word_1_604' title='bbox 3239 3565 3518 3628; x_wconf 70' lang='lat' dir='ltr'><strong>sensibus,</strong></span> <span class='ocrx_word' id='word_1_605' title='bbox 3564 3577 3655 3616; x_wconf 85' lang='lat' dir='ltr'><strong>nec</strong></span> <span class='ocrx_word' id='word_1_606' title='bbox 3685 3558 3808 3629; x_wconf 79' lang='lat' dir='ltr'><strong>quod</strong></span> 
     </span>
    </p>
   </div>
   <div class='ocr_carea' id='block_1_83' title="bbox 2282 3651 3811 3723">
    <p class='ocr_par' dir='ltr' id='par_1_83' title="bbox 2282 3651 3811 3723">
     <span class='ocr_line' id='line_1_83' title="bbox 2282 3651 3811 3723; baseline -0.003 -17"><span class='ocrx_word' id='word_1_607' title='bbox 2282 3651 2635 3722; x_wconf 71' lang='lat' dir='ltr'><strong>praestantius</strong></span> <span class='ocrx_word' id='word_1_608' title='bbox 2656 3663 2765 3715; x_wconf 88' lang='lat' dir='ltr'><strong>est,</strong></span> <span class='ocrx_word' id='word_1_609' title='bbox 2784 3651 2955 3722; x_wconf 87' lang='lat' dir='ltr'><strong>idest,</strong></span> <span class='ocrx_word' id='word_1_610' title='bbox 2971 3668 3122 3708; x_wconf 81' lang='lat' dir='ltr'><strong>mens</strong></span> <span class='ocrx_word' id='word_1_611' title='bbox 3143 3654 3212 3710; x_wconf 89' lang='lat' dir='ltr'><strong>ab</strong></span> <span class='ocrx_word' id='word_1_612' title='bbox 3230 3654 3474 3709; x_wconf 87' lang='lat' dir='ltr'><strong>inferiori</strong></span> <span class='ocrx_word' id='word_1_613' title='bbox 3493 3652 3811 3723; x_wconf 83' lang='lat' dir='ltr'><strong>deprimatur,</strong></span> 
     </span>
    </p>
   </div>
   <div class='ocr_carea' id='block_1_84' title="bbox 2284 3744 3810 3817">
    <p class='ocr_par' dir='ltr' id='par_1_84' title="bbox 2284 3744 3810 3817">
     <span class='ocr_line' id='line_1_84' title="bbox 2284 3744 3810 3817; baseline -0.004 -18"><span class='ocrx_word' id='word_1_614' title='bbox 2284 3744 2388 3799; x_wconf 87' lang='lat' dir='ltr'><strong>ltoc</strong></span> <span class='ocrx_word' id='word_1_615' title='bbox 2413 3753 2518 3810; x_wconf 88' lang='lat' dir='ltr'><strong>est,</strong></span> <span class='ocrx_word' id='word_1_616' title='bbox 2548 3744 2616 3800; x_wconf 82' lang='lat' dir='ltr'><strong>ab</strong></span> <span class='ocrx_word' id='word_1_617' title='bbox 2645 3759 2708 3801; x_wconf 87' lang='lat' dir='ltr'><strong>ea</strong></span> <span class='ocrx_word' id='word_1_618' title='bbox 2747 3754 2920 3814; x_wconf 89' lang='lat' dir='ltr'><strong>parte,</strong></span> <span class='ocrx_word' id='word_1_619' title='bbox 2953 3760 3072 3817; x_wconf 64' lang='lat' dir='ltr'><strong>quin</strong></span> <span class='ocrx_word' id='word_1_620' title='bbox 3097 3745 3381 3801; x_wconf 58' lang='lat' dir='ltr'><strong>adet-tibus</strong></span> <span class='ocrx_word' id='word_1_621' title='bbox 3421 3746 3637 3816; x_wconf 74' lang='lat' dir='ltr'><strong>agitatur</strong></span> <span class='ocrx_word' id='word_1_622' title='bbox 3670 3750 3810 3809; x_wconf 76' lang='lat' dir='ltr'><strong>atque</strong></span> 
     </span>
    </p>
   </div>
   <div class='ocr_carea' id='block_1_85' title="bbox 2282 3834 3809 3905">
    <p class='ocr_par' dir='ltr' id='par_1_85' title="bbox 2282 3834 3809 3905">
     <span class='ocr_line' id='line_1_85' title="bbox 2282 3834 3809 3905; baseline 0 -17"><span class='ocrx_word' id='word_1_623' title='bbox 2282 3849 2313 3888; x_wconf 84' lang='lat' dir='ltr'><strong>a</strong></span> <span class='ocrx_word' id='word_1_624' title='bbox 2341 3834 2561 3893; x_wconf 84' lang='lat' dir='ltr'><strong>ratione</strong></span> <span class='ocrx_word' id='word_1_625' title='bbox 2581 3850 2777 3893; x_wconf 83' lang='lat' dir='ltr'><strong>aversa</strong></span> <span class='ocrx_word' id='word_1_626' title='bbox 2803 3846 2906 3894; x_wconf 84' lang='lat' dir='ltr'><strong>est.</strong></span> <span class='ocrx_word' id='word_1_627' title='bbox 2946 3836 3089 3893; x_wconf 63' lang='lat' dir='ltr'><strong>lllu‘d</strong></span> <span class='ocrx_word' id='word_1_628' title='bbox 3116 3838 3281 3905; x_wconf 84' lang='lat' dir='ltr'><strong>etiam</strong></span> <span class='ocrx_word' id='word_1_629' title='bbox 3306 3839 3626 3900; x_wconf 60' lang='lat' dir='ltr'><strong>cavendum,</strong></span> <span class='ocrx_word' id='word_1_630' title='bbox 3645 3850 3705 3889; x_wconf 90' lang='lat' dir='ltr'><strong>ne</strong></span> <span class='ocrx_word' id='word_1_631' title='bbox 3730 3846 3809 3903; x_wconf 78' lang='lat' dir='ltr'><strong>pro</strong></span> 
     </span>
    </p>
   </div>
   <div class='ocr_carea' id='block_1_86' title="bbox 2282 3925 3804 3998">
    <p class='ocr_par' dir='ltr' id='par_1_86' title="bbox 2282 3925 3804 3998">
     <span class='ocr_line' id='line_1_86' title="bbox 2282 3925 3804 3998; baseline -0.001 -18"><span class='ocrx_word' id='word_1_632' title='bbox 2282 3936 2536 3995; x_wconf 81' lang='lat' dir='ltr'><strong>serpente</strong></span> <span class='ocrx_word' id='word_1_633' title='bbox 2587 3926 2822 3987; x_wconf 72' lang='lat' dir='ltr'><strong>fratrem</strong></span> <span class='ocrx_word' id='word_1_634' title='bbox 2889 3928 3017 3984; x_wconf 89' lang='lat' dir='ltr'><strong>odio</strong></span> <span class='ocrx_word' id='word_1_635' title='bbox 3066 3929 3373 3997; x_wconf 77' lang='lat' dir='ltr'><strong>insecteris,</strong></span> <span class='ocrx_word' id='word_1_636' title='bbox 3424 3930 3581 3998; x_wconf 80' lang='lat' dir='ltr'><strong>idque</strong></span> <span class='ocrx_word' id='word_1_637' title='bbox 3622 3925 3804 3981; x_wconf 79' lang='lat' dir='ltr'><strong>frustra.</strong></span> 
     </span>
    </p>
   </div>
   <div class='ocr_carea' id='block_1_87' title="bbox 2282 4016 3806 4091">
    <p class='ocr_par' dir='ltr' id='par_1_87' title="bbox 2282 4016 3806 4091">
     <span class='ocr_line' id='line_1_87' title="bbox 2282 4016 3806 4091; baseline -0.003 -20"><span class='ocrx_word' id='word_1_638' title='bbox 2282 4016 2480 4084; x_wconf 86' lang='lat' dir='ltr'><strong>Quidni</strong></span> <span class='ocrx_word' id='word_1_639' title='bbox 2507 4018 2654 4076; x_wconf 83' lang='lat' dir='ltr'><strong>enim</strong></span> <span class='ocrx_word' id='word_1_640' title='bbox 2685 4018 2913 4084; x_wconf 82' lang='lat' dir='ltr'><strong>frustra,</strong></span> <span class='ocrx_word' id='word_1_641' title='bbox 2949 4035 3080 4074; x_wconf 84' lang='lat' dir='ltr'><strong>cum</strong></span> <span class='ocrx_word' id='word_1_642' title='bbox 3109 4021 3218 4075; x_wconf 88' lang='lat' dir='ltr'><strong>alio</strong></span> <span class='ocrx_word' id='word_1_643' title='bbox 3239 4030 3437 4091; x_wconf 82' lang='lat' dir='ltr'><strong>agente</strong></span> <span class='ocrx_word' id='word_1_644' title='bbox 3478 4031 3535 4075; x_wconf 87' lang='lat' dir='ltr'><strong>et</strong></span> <span class='ocrx_word' id='word_1_645' title='bbox 3552 4018 3806 4088; x_wconf 74' lang='lat' dir='ltr'><strong>impellente</strong></span> 
     </span>
    </p>
   </div>
   <div class='ocr_carea' id='block_1_88' title="bbox 2283 4106 3805 4185">
    <p class='ocr_par' dir='ltr' id='par_1_88' title="bbox 2283 4106 3805 4185">
     <span class='ocr_line' id='line_1_88' title="bbox 2283 4106 3805 4185; baseline -0.005 -18"><span class='ocrx_word' id='word_1_646' title='bbox 2283 4110 2373 4164; x_wconf 86' lang='lat' dir='ltr'><strong>alii</strong></span> <span class='ocrx_word' id='word_1_647' title='bbox 2397 4109 2511 4180; x_wconf 83' lang='lat' dir='ltr'><strong>ipse</strong></span> <span class='ocrx_word' id='word_1_648' title='bbox 2541 4126 2889 4178; x_wconf 82' lang='lat' dir='ltr'><strong>succenseas,</strong></span> <span class='ocrx_word' id='word_1_649' title='bbox 2911 4113 3156 4182; x_wconf 86' lang='lat' dir='ltr'><strong>idemque</strong></span> <span class='ocrx_word' id='word_1_650' title='bbox 3168 4113 3264 4167; x_wconf 86' lang='lat' dir='ltr'><strong>tibi</strong></span> <span class='ocrx_word' id='word_1_651' title='bbox 3292 4113 3511 4172; x_wconf 81' lang='lat' dir='ltr'><strong>accidat</strong></span> <span class='ocrx_word' id='word_1_652' title='bbox 3533 4109 3667 4185; x_wconf 78' lang='lat' dir='ltr'><strong>quod</strong></span> <span class='ocrx_word' id='word_1_653' title='bbox 3688 4106 3805 4163; x_wconf 81' lang='lat' dir='ltr'><strong>caui-</strong></span> 
     </span>
    </p>
   </div>
   <div class='ocr_carea' id='block_1_89' title="bbox 2284 4205 3802 4283">
    <p class='ocr_par' dir='ltr' id='par_1_89' title="bbox 2284 4205 3802 4283">
     <span class='ocr_line' id='line_1_89' title="bbox 2284 4205 3802 4283; baseline -0.001 -25"><span class='ocrx_word' id='word_1_654' title='bbox 2284 4206 2406 4270; x_wconf 87' lang='lat' dir='ltr'><strong>bus,</strong></span> <span class='ocrx_word' id='word_1_655' title='bbox 2439 4207 2534 4282; x_wconf 84' lang='lat' dir='ltr'><strong>qui</strong></span> <span class='ocrx_word' id='word_1_656' title='bbox 2563 4205 2772 4283; x_wconf 84' lang='lat' dir='ltr'><strong>lapides</strong></span> <span class='ocrx_word' id='word_1_657' title='bbox 2803 4205 3075 4268; x_wconf 78' lang='lat' dir='ltr'><strong>mordent,</strong></span> <span class='ocrx_word' id='word_1_658' title='bbox 3112 4219 3209 4261; x_wconf 85' lang='lat' dir='ltr'><strong>eos</strong></span> <span class='ocrx_word' id='word_1_659' title='bbox 3241 4205 3335 4275; x_wconf 88' lang='lat' dir='ltr'><strong>qui</strong></span> <span class='ocrx_word' id='word_1_660' title='bbox 3365 4207 3703 4276; x_wconf 79' lang='lat' dir='ltr'><strong>projeceruut.</strong></span> <span class='ocrx_word' id='word_1_661' title='bbox 3722 4213 3802 4251; x_wconf 72' lang='lat' dir='ltr'><strong>non</strong></span> 
     </span>
    </p>
   </div>
   <div class='ocr_carea' id='block_1_90' title="bbox 613 4291 3804 4373">
    <p class='ocr_par' dir='ltr' id='par_1_90' title="bbox 613 4291 3804 4373">
     <span class='ocr_line' id='line_1_90' title="bbox 613 4291 3804 4373; baseline -0.003 -16"><span class='ocrx_word' id='word_1_662' title='bbox 613 4301 854 4356; x_wconf 88' lang='lat' dir='ltr'><strong>animum</strong></span> <span class='ocrx_word' id='word_1_663' title='bbox 881 4309 1034 4352; x_wconf 90' lang='lat' dir='ltr'><strong>tuum</strong></span> <span class='ocrx_word' id='word_1_664' title='bbox 1066 4304 1254 4359; x_wconf 88' lang='lat' dir='ltr'><strong>tentet,</strong></span> <span class='ocrx_word' id='word_1_665' title='bbox 1286 4309 1350 4350; x_wconf 90' lang='lat' dir='ltr'><strong>ac</strong></span> <span class='ocrx_word' id='word_1_666' title='bbox 1398 4293 1510 4365; x_wconf 89' lang='lat' dir='ltr'><strong>jam</strong></span> <span class='ocrx_word' id='word_1_667' title='bbox 1566 4294 1794 4364; x_wconf 89' lang='lat' dir='ltr'><strong>jamque</strong></span> <span class='ocrx_word' id='word_1_668' title='bbox 1842 4293 1895 4346; x_wconf 93' lang='lat' dir='ltr'><strong>in</strong></span> <span class='ocrx_word' id='word_1_669' title='bbox 1933 4291 2174 4347; x_wconf 86' lang='lat' dir='ltr'><strong>fraudem</strong></span> <span class='ocrx_word' id='word_1_670' title='bbox 2208 4312 2252 4366; x_wconf 72' lang='grc' dir='ltr'>υ</span> <span class='ocrx_word' id='word_1_671' title='bbox 2281 4297 2597 4373; x_wconf 72' lang='lat' dir='ltr'><strong>attingunt?</strong></span> <span class='ocrx_word' id='word_1_672' title='bbox 2651 4298 2745 4353; x_wconf 76' lang='lat' dir='ltr'><strong>Ad.</strong></span> <span class='ocrx_word' id='word_1_673' title='bbox 2779 4298 3107 4353; x_wconf 81' lang='lat' dir='ltr'><strong>homicidam</strong></span> <span class='ocrx_word' id='word_1_674' title='bbox 3152 4297 3303 4351; x_wconf 78' lang='lat' dir='ltr'><strong>illum</strong></span> <span class='ocrx_word' id='word_1_675' title='bbox 3332 4297 3804 4368; x_wconf 69' lang='lat' dir='ltr'><strong>indignationisz</strong></span> 
     </span>
    </p>
   </div>
   <div class='ocr_carea' id='block_1_91' title="bbox 614 4380 2179 4461">
    <p class='ocr_par' dir='ltr' id='par_1_91' title="bbox 614 4380 2179 4461">
     <span class='ocr_line' id='line_1_91' title="bbox 614 4380 2179 4461; baseline -0.005 -17"><span class='ocrx_word' id='word_1_676' title='bbox 614 4390 977 4461; x_wconf 89' lang='lat' dir='ltr'><strong>impulsurum</strong></span> <span class='ocrx_word' id='word_1_677' title='bbox 1021 4386 1112 4451; x_wconf 89' lang='lat' dir='ltr'><strong>sit,</strong></span> <span class='ocrx_word' id='word_1_678' title='bbox 1151 4384 1207 4438; x_wconf 87' lang='lat' dir='ltr'><strong>in</strong></span> <span class='ocrx_word' id='word_1_679' title='bbox 1237 4382 1503 4438; x_wconf 87' lang='lat' dir='ltr'><strong>memoria</strong></span> <span class='ocrx_word' id='word_1_680' title='bbox 1534 4381 1672 4436; x_wconf 86' lang='lat' dir='ltr'><strong>habe</strong></span> <span class='ocrx_word' id='word_1_681' title='bbox 1703 4382 1954 4452; x_wconf 84' lang='lat' dir='ltr'><strong>quisnam</strong></span> <span class='ocrx_word' id='word_1_682' title='bbox 2010 4380 2179 4436; x_wconf 81' lang='lat' dir='ltr'><strong>[ueris</strong></span> 
     </span>
    </p>
   </div>
   <div class='ocr_carea' id='block_1_92' title="bbox 612 4472 2174 4546">
    <p class='ocr_par' dir='ltr' id='par_1_92' title="bbox 612 4472 2174 4546">
     <span class='ocr_line' id='line_1_92' title="bbox 612 4472 2174 4546; baseline -0.007 -9"><span class='ocrx_word' id='word_1_683' title='bbox 612 4493 740 4538; x_wconf 85' lang='lat' dir='ltr'><strong>ante</strong></span> <span class='ocrx_word' id='word_1_684' title='bbox 800 4482 1061 4538; x_wconf 89' lang='lat' dir='ltr'><strong>violatum</strong></span> <span class='ocrx_word' id='word_1_685' title='bbox 1130 4478 1224 4533; x_wconf 89' lang='lat' dir='ltr'><strong>Dei</strong></span> <span class='ocrx_word' id='word_1_686' title='bbox 1277 4483 1627 4546; x_wconf 60' lang='lat' dir='ltr'><strong>praeeptum,</strong></span> <span class='ocrx_word' id='word_1_687' title='bbox 1694 4489 1887 4543; x_wconf 88' lang='lat' dir='ltr'><strong>nempe</strong></span> <span class='ocrx_word' id='word_1_688' title='bbox 1938 4472 2174 4543; x_wconf 85' lang='lat' dir='ltr'><strong>paradisi</strong></span> 
     </span>
    </p>
   </div>
   <div class='ocr_carea' id='block_1_93' title="bbox 612 4566 2173 4637">
    <p class='ocr_par' dir='ltr' id='par_1_93' title="bbox 612 4566 2173 4637">
     <span class='ocr_line' id='line_1_93' title="bbox 612 4566 2173 4637; baseline -0.008 -8"><span class='ocrx_word' id='word_1_689' title='bbox 612 4573 770 4637; x_wconf 86' lang='lat' dir='ltr'><strong>civis,</strong></span> <span class='ocrx_word' id='word_1_690' title='bbox 794 4579 844 4626; x_wconf 88' lang='lat' dir='ltr'><strong>et</strong></span> <span class='ocrx_word' id='word_1_691' title='bbox 891 4586 985 4627; x_wconf 81' lang='lat' dir='ltr'><strong>rex</strong></span> <span class='ocrx_word' id='word_1_692' title='bbox 1026 4584 1212 4627; x_wconf 89' lang='lat' dir='ltr'><strong>eorum</strong></span> <span class='ocrx_word' id='word_1_693' title='bbox 1242 4581 1364 4637; x_wconf 69' lang='lat' dir='ltr'><strong>quae</strong></span> <span class='ocrx_word' id='word_1_694' title='bbox 1391 4576 1548 4621; x_wconf 73' lang='lat' dir='ltr'><strong>terra:</strong></span> <span class='ocrx_word' id='word_1_695' title='bbox 1583 4566 1870 4635; x_wconf 83' lang='lat' dir='ltr'><strong>complexu</strong></span> <span class='ocrx_word' id='word_1_696' title='bbox 1902 4575 2173 4632; x_wconf 89' lang='lat' dir='ltr'><strong>tenentur,</strong></span> 
     </span>
    </p>
   </div>
   <div class='ocr_carea' id='block_1_94' title="bbox 616 4655 2184 4727">
    <p class='ocr_par' dir='ltr' id='par_1_94' title="bbox 616 4655 2184 4727">
     <span class='ocr_line' id='line_1_94' title="bbox 616 4655 2184 4727; baseline -0.004 -12"><span class='ocrx_word' id='word_1_697' title='bbox 616 4675 779 4727; x_wconf 86' lang='lat' dir='ltr'><strong>atque</strong></span> <span class='ocrx_word' id='word_1_698' title='bbox 840 4660 895 4714; x_wconf 92' lang='lat' dir='ltr'><strong>in</strong></span> <span class='ocrx_word' id='word_1_699' title='bbox 953 4659 1126 4714; x_wconf 72' lang='lat' dir='ltr'><strong>beatae</strong></span> <span class='ocrx_word' id='word_1_700' title='bbox 1156 4659 1280 4712; x_wconf 74' lang='lat' dir='ltr'><strong>vita:</strong></span> <span class='ocrx_word' id='word_1_701' title='bbox 1333 4655 1543 4711; x_wconf 89' lang='lat' dir='ltr'><strong>ratione</strong></span> <span class='ocrx_word' id='word_1_702' title='bbox 1578 4656 1814 4726; x_wconf 90' lang='lat' dir='ltr'><strong>positus,</strong></span> <span class='ocrx_word' id='word_1_703' title='bbox 1848 4670 1877 4707; x_wconf 91' lang='lat' dir='ltr'><strong>a</strong></span> <span class='ocrx_word' id='word_1_704' title='bbox 1909 4670 2013 4724; x_wconf 84' lang='lat' dir='ltr'><strong>qua</strong></span> <span class='ocrx_word' id='word_1_705' title='bbox 2056 4670 2184 4724; x_wconf 91' lang='lat' dir='ltr'><strong>pro-</strong></span> 
     </span>
    </p>
   </div>
   <div class='ocr_carea' id='block_1_95' title="bbox 616 4742 2176 4820">
    <p class='ocr_par' dir='ltr' id='par_1_95' title="bbox 616 4742 2176 4820">
     <span class='ocr_line' id='line_1_95' title="bbox 616 4742 2176 4820; baseline -0.005 -15"><span class='ocrx_word' id='word_1_706' title='bbox 616 4754 801 4820; x_wconf 85' lang='lat' dir='ltr'><strong>lapsus</strong></span> <span class='ocrx_word' id='word_1_707' title='bbox 829 4749 1059 4819; x_wconf 89' lang='lat' dir='ltr'><strong>periisti.</strong></span> <span class='ocrx_word' id='word_1_708' title='bbox 1092 4749 1144 4802; x_wconf 87' lang='lat' dir='ltr'><strong>Si</strong></span> <span class='ocrx_word' id='word_1_709' title='bbox 1180 4749 1401 4818; x_wconf 87' lang='lat' dir='ltr'><strong>paulum</strong></span> <span class='ocrx_word' id='word_1_710' title='bbox 1433 4762 1462 4801; x_wconf 88' lang='lat' dir='ltr'><strong>a</strong></span> <span class='ocrx_word' id='word_1_711' title='bbox 1487 4761 1613 4801; x_wconf 88' lang='lat' dir='ltr'><strong>vera</strong></span> <span class='ocrx_word' id='word_1_712' title='bbox 1649 4756 1706 4803; x_wconf 92' lang='lat' dir='ltr'><strong>et</strong></span> <span class='ocrx_word' id='word_1_713' title='bbox 1748 4754 1895 4799; x_wconf 90' lang='lat' dir='ltr'><strong>recta</strong></span> <span class='ocrx_word' id='word_1_714' title='bbox 1926 4742 2176 4800; x_wconf 87' lang='lat' dir='ltr'><strong>doctrina</strong></span> 
     </span>
    </p>
   </div>
   <div class='ocr_carea' id='block_1_96' title="bbox 615 4836 2178 4909">
    <p class='ocr_par' dir='ltr' id='par_1_96' title="bbox 615 4836 2178 4909">
     <span class='ocr_line' id='line_1_96' title="bbox 615 4836 2178 4909; baseline -0.003 -13"><span class='ocrx_word' id='word_1_715' title='bbox 615 4840 973 4905; x_wconf 84' lang='lat' dir='ltr'><strong>aberraveris,</strong></span> <span class='ocrx_word' id='word_1_716' title='bbox 1023 4848 1232 4893; x_wconf 88' lang='lat' dir='ltr'><strong>rectum</strong></span> <span class='ocrx_word' id='word_1_717' title='bbox 1281 4840 1383 4893; x_wconf 86' lang='lat' dir='ltr'><strong>iter</strong></span> <span class='ocrx_word' id='word_1_718' title='bbox 1442 4852 1635 4893; x_wconf 85' lang='lat' dir='ltr'><strong>rursus</strong></span> <span class='ocrx_word' id='word_1_719' title='bbox 1669 4838 1871 4907; x_wconf 89' lang='lat' dir='ltr'><strong>arripe,</strong></span> <span class='ocrx_word' id='word_1_720' title='bbox 1909 4843 2072 4909; x_wconf 84' lang='lat' dir='ltr'><strong>atque</strong></span> <span class='ocrx_word' id='word_1_721' title='bbox 2109 4836 2178 4892; x_wconf 88' lang='lat' dir='ltr'><strong>ab</strong></span> 
     </span>
    </p>
   </div>
   <div class='ocr_carea' id='block_1_97' title="bbox 614 4929 2180 4999">
    <p class='ocr_par' dir='ltr' id='par_1_97' title="bbox 614 4929 2180 4999">
     <span class='ocr_line' id='line_1_97' title="bbox 614 4929 2180 4999; baseline -0.004 -10"><span class='ocrx_word' id='word_1_722' title='bbox 614 4946 803 4989; x_wconf 79' lang='lat' dir='ltr'><strong>errore</strong></span> <span class='ocrx_word' id='word_1_723' title='bbox 845 4942 898 4985; x_wconf 89' lang='lat' dir='ltr'><strong>et</strong></span> <span class='ocrx_word' id='word_1_724' title='bbox 943 4930 1282 4999; x_wconf 86' lang='lat' dir='ltr'><strong>digressione</strong></span> <span class='ocrx_word' id='word_1_725' title='bbox 1318 4931 1383 4984; x_wconf 90' lang='lat' dir='ltr'><strong>ad</strong></span> <span class='ocrx_word' id='word_1_726' title='bbox 1428 4930 1660 4998; x_wconf 87' lang='lat' dir='ltr'><strong>leipsum</strong></span> <span class='ocrx_word' id='word_1_727' title='bbox 1709 4929 2180 4999; x_wconf 87' lang='lat' dir='ltr'><strong>redi,priusquam</strong></span> 
     </span>
    </p>
   </div>
   <div class='ocr_carea' id='block_1_98' title="bbox 613 5018 2184 5089">
    <p class='ocr_par' dir='ltr' id='par_1_98' title="bbox 613 5018 2184 5089">
     <span class='ocr_line' id='line_1_98' title="bbox 613 5018 2184 5089; baseline -0.003 -11"><span class='ocrx_word' id='word_1_728' title='bbox 613 5022 841 5078; x_wconf 84' lang='lat' dir='ltr'><strong>omnino</strong></span> <span class='ocrx_word' id='word_1_729' title='bbox 886 5037 916 5077; x_wconf 90' lang='lat' dir='ltr'><strong>a</strong></span> <span class='ocrx_word' id='word_1_730' title='bbox 958 5021 1167 5074; x_wconf 86' lang='lat' dir='ltr'><strong>ratione</strong></span> <span class='ocrx_word' id='word_1_731' title='bbox 1195 5018 1433 5082; x_wconf 78' lang='lat' dir='ltr'><strong>excidas,</strong></span> <span class='ocrx_word' id='word_1_732' title='bbox 1467 5027 1629 5089; x_wconf 89' lang='lat' dir='ltr'><strong>atque</strong></span> <span class='ocrx_word' id='word_1_733' title='bbox 1670 5020 1720 5073; x_wconf 95' lang='lat' dir='ltr'><strong>in</strong></span> <span class='ocrx_word' id='word_1_734' title='bbox 1766 5019 2046 5074; x_wconf 85' lang='lat' dir='ltr'><strong>brutorum</strong></span> <span class='ocrx_word' id='word_1_735' title='bbox 2090 5035 2184 5074; x_wconf 86' lang='lat' dir='ltr'><strong>na—</strong></span> 
     </span>
    </p>
   </div>
   <div class='ocr_carea' id='block_1_99' title="bbox 616 5113 2181 5185">
    <p class='ocr_par' dir='ltr' id='par_1_99' title="bbox 616 5113 2181 5185">
     <span class='ocr_line' id='line_1_99' title="bbox 616 5113 2181 5185; baseline -0.003 -15"><span class='ocrx_word' id='word_1_736' title='bbox 616 5127 792 5170; x_wconf 85' lang='lat' dir='ltr'><strong>turam</strong></span> <span class='ocrx_word' id='word_1_737' title='bbox 821 5113 1136 5185; x_wconf 77' lang='lat' dir='ltr'><strong>degeneres,</strong></span> <span class='ocrx_word' id='word_1_738' title='bbox 1167 5126 1514 5182; x_wconf 64' lang='lat' dir='ltr'><strong>praecepsque</strong></span> <span class='ocrx_word' id='word_1_739' title='bbox 1573 5115 1639 5165; x_wconf 90' lang='lat' dir='ltr'><strong>ad</strong></span> <span class='ocrx_word' id='word_1_740' title='bbox 1687 5113 1912 5166; x_wconf 79' lang='lat' dir='ltr'><strong>exitium</strong></span> <span class='ocrx_word' id='word_1_741' title='bbox 1956 5113 2181 5166; x_wconf 84' lang='lat' dir='ltr'><strong>animae-</strong></span> 
     </span>
    </p>
   </div>
   <div class='ocr_carea' id='block_1_100' title="bbox 615 5203 2183 5276">
    <p class='ocr_par' dir='ltr' id='par_1_100' title="bbox 615 5203 2183 5276">
     <span class='ocr_line' id='line_1_100' title="bbox 615 5203 2183 5276; baseline 0.001 -17"><span class='ocrx_word' id='word_1_742' title='bbox 615 5222 721 5276; x_wconf 89' lang='lat' dir='ltr'><strong>quc</strong></span> <span class='ocrx_word' id='word_1_743' title='bbox 752 5205 1028 5261; x_wconf 87' lang='lat' dir='ltr'><strong>interitum</strong></span> <span class='ocrx_word' id='word_1_744' title='bbox 1053 5218 1199 5257; x_wconf 88' lang='lat' dir='ltr'><strong>ruas.</strong></span> <span class='ocrx_word' id='word_1_745' title='bbox 1232 5203 1414 5274; x_wconf 85' lang='lat' dir='ltr'><strong>Atque</strong></span> <span class='ocrx_word' id='word_1_746' title='bbox 1436 5219 1500 5258; x_wconf 79' lang='lat' dir='ltr'><strong>ex</strong></span> <span class='ocrx_word' id='word_1_747' title='bbox 1534 5205 1700 5260; x_wconf 88' lang='lat' dir='ltr'><strong>veteri</strong></span> <span class='ocrx_word' id='word_1_748' title='bbox 1748 5221 1922 5262; x_wconf 83' lang='lat' dir='ltr'><strong>novus</strong></span> <span class='ocrx_word' id='word_1_749' title='bbox 1946 5205 2183 5273; x_wconf 73' lang='lat' dir='ltr'><strong>edicere,</strong></span> 
     </span>
    </p>
   </div>
   <div class='ocr_carea' id='block_1_101' title="bbox 615 5294 2184 5366">
    <p class='ocr_par' dir='ltr' id='par_1_101' title="bbox 615 5294 2184 5366">
     <span class='ocr_line' id='line_1_101' title="bbox 615 5294 2184 5366; baseline -0.001 -16"><span class='ocrx_word' id='word_1_750' title='bbox 615 5296 666 5350; x_wconf 90' lang='lat' dir='ltr'><strong>id</strong></span> <span class='ocrx_word' id='word_1_751' title='bbox 703 5303 807 5361; x_wconf 91' lang='lat' dir='ltr'><strong>est,</strong></span> <span class='ocrx_word' id='word_1_752' title='bbox 837 5296 1017 5349; x_wconf 88' lang='lat' dir='ltr'><strong>bonus</strong></span> <span class='ocrx_word' id='word_1_753' title='bbox 1073 5308 1140 5347; x_wconf 87' lang='lat' dir='ltr'><strong>ex</strong></span> <span class='ocrx_word' id='word_1_754' title='bbox 1194 5294 1461 5362; x_wconf 86' lang='lat' dir='ltr'><strong>improbo,</strong></span> <span class='ocrx_word' id='word_1_755' title='bbox 1516 5295 1708 5350; x_wconf 88' lang='lat' dir='ltr'><strong>sordes</strong></span> <span class='ocrx_word' id='word_1_756' title='bbox 1760 5294 2014 5350; x_wconf 81' lang='lat' dir='ltr'><strong>videlicet</strong></span> <span class='ocrx_word' id='word_1_757' title='bbox 2054 5310 2184 5366; x_wconf 84' lang='lat' dir='ltr'><strong>pec-</strong></span> 
     </span>
    </p>
   </div>
   <div class='ocr_carea' id='block_1_102' title="bbox 681 5469 1931 5534">
    <p class='ocr_par' dir='ltr' id='par_1_102' title="bbox 681 5469 1931 5534">
     <span class='ocr_line' id='line_1_102' title="bbox 681 5469 1931 5534; baseline 0.001 -11"><span class='ocrx_word' id='word_1_758' title='bbox 681 5472 726 5502; x_wconf 80' lang='lat'><strong>&quot;</strong></span> <span class='ocrx_word' id='word_1_759' title='bbox 767 5470 927 5526; x_wconf 82' lang='lat' dir='ltr'><strong>Prov.</strong></span> <span class='ocrx_word' id='word_1_760' title='bbox 970 5485 1117 5533; x_wconf 56' lang='grc' dir='ltr'>χχιιι,</span> <span class='ocrx_word' id='word_1_761' title='bbox 1148 5471 1202 5527; x_wconf 91' lang='grc'><strong>8.</strong></span> <span class='ocrx_word' id='word_1_762' title='bbox 1313 5469 1363 5501; x_wconf 82' lang='grc'><strong>⁸²</strong></span> <span class='ocrx_word' id='word_1_763' title='bbox 1402 5471 1544 5526; x_wconf 88' lang='lat' dir='ltr'><strong>Psal.</strong></span> <span class='ocrx_word' id='word_1_764' title='bbox 1588 5487 1775 5534; x_wconf 75' lang='lat' dir='ltr'><strong>cxvnt,</strong></span> <span class='ocrx_word' id='word_1_765' title='bbox 1808 5470 1931 5524; x_wconf 76' lang='grc'><strong>151.</strong></span> 
     </span>
    </p>
   </div>
   <div class='ocr_carea' id='block_1_103' title="bbox 615 5539 1713 5605">
    <p class='ocr_par' dir='ltr' id='par_1_103' title="bbox 615 5539 1713 5605">
     <span class='ocr_line' id='line_1_103' title="bbox 615 5539 1713 5605; baseline -0.001 -9"><span class='ocrx_word' id='word_1_766' title='bbox 615 5544 663 5578; x_wconf 70' lang='grc'><strong>³⁸</strong></span> <span class='ocrx_word' id='word_1_767' title='bbox 691 5539 848 5596; x_wconf 73' lang='lat' dir='ltr'><strong>Rom.</strong></span> <span class='ocrx_word' id='word_1_768' title='bbox 885 5555 996 5605; x_wconf 76' lang='lat' dir='ltr'><strong>xw,</strong></span> <span class='ocrx_word' id='word_1_769' title='bbox 1038 5542 1125 5596; x_wconf 81' lang='grc'><strong>15.</strong></span> <span class='ocrx_word' id='word_1_770' title='bbox 1202 5541 1245 5575; x_wconf 77' lang='grc'><strong>⁸⁷</strong></span> <span class='ocrx_word' id='word_1_771' title='bbox 1289 5541 1444 5596; x_wconf 77' lang='lat' dir='ltr'><strong>liozn.</strong></span> <span class='ocrx_word' id='word_1_772' title='bbox 1477 5558 1592 5605; x_wconf 83' lang='lat' dir='ltr'><strong>vni,</strong></span> <span class='ocrx_word' id='word_1_773' title='bbox 1624 5542 1713 5595; x_wconf 74' lang='lat'><strong>29.</strong></span> 
     </span>
    </p>
   </div>
   <div class='ocr_carea' id='block_1_104' title="bbox 2045 5469 2558 5533">
    <p class='ocr_par' dir='ltr' id='par_1_104' title="bbox 2045 5469 2558 5533">
     <span class='ocr_line' id='line_1_104' title="bbox 2045 5469 2558 5533; baseline 0.012 -11"><span class='ocrx_word' id='word_1_774' title='bbox 2045 5471 2090 5502; x_wconf 81' lang='grc'><strong>⁸³</strong></span> <span class='ocrx_word' id='word_1_775' title='bbox 2127 5469 2326 5525; x_wconf 82' lang='lat' dir='ltr'><strong>Jerem.</strong></span> <span class='ocrx_word' id='word_1_776' title='bbox 2364 5488 2438 5533; x_wconf 76' lang='lat' dir='ltr'><strong>IS.</strong></span> <span class='ocrx_word' id='word_1_777' title='bbox 2470 5474 2558 5528; x_wconf 68' lang='lat'><strong>2!.</strong></span> 
     </span>
    </p>
   </div>
   <div class='ocr_carea' id='block_1_105' title="bbox 1791 5540 2237 5606">
    <p class='ocr_par' dir='ltr' id='par_1_105' title="bbox 1791 5540 2237 5606">
     <span class='ocr_line' id='line_1_105' title="bbox 1791 5540 2237 5606; baseline 0.002 -13"><span class='ocrx_word' id='word_1_778' title='bbox 1791 5541 1837 5572; x_wconf 80' lang='grc'><strong>⁸⁸</strong></span> <span class='ocrx_word' id='word_1_779' title='bbox 1854 5540 2114 5606; x_wconf 74' lang='lat' dir='ltr'><strong>l’sal.xxr,</strong></span> <span class='ocrx_word' id='word_1_780' title='bbox 2149 5542 2237 5594; x_wconf 73' lang='lat'><strong>‘25.</strong></span> 
     </span>
    </p>
   </div>
   <div class='ocr_carea' id='block_1_106' title="bbox 2278 4387 3803 4456">
    <p class='ocr_par' dir='ltr' id='par_1_106' title="bbox 2278 4387 3803 4456">
     <span class='ocr_line' id='line_1_106' title="bbox 2278 4387 3803 4456; baseline -0.003 -14"><span class='ocrx_word' id='word_1_781' title='bbox 2278 4387 2550 4447; x_wconf 77' lang='lat' dir='ltr'><strong>ﬂammam</strong></span> <span class='ocrx_word' id='word_1_782' title='bbox 2579 4398 2861 4455; x_wconf 85' lang='lat' dir='ltr'><strong>converte,</strong></span> <span class='ocrx_word' id='word_1_783' title='bbox 2892 4388 2958 4443; x_wconf 91' lang='lat' dir='ltr'><strong>ad</strong></span> <span class='ocrx_word' id='word_1_784' title='bbox 2992 4388 3142 4442; x_wconf 91' lang='lat' dir='ltr'><strong>illum</strong></span> <span class='ocrx_word' id='word_1_785' title='bbox 3184 4388 3390 4456; x_wconf 84' lang='lat' dir='ltr'><strong>peccati</strong></span> <span class='ocrx_word' id='word_1_786' title='bbox 3420 4387 3803 4447; x_wconf 65' lang='lat' dir='ltr'><strong>architecturae!</strong></span> 
     </span>
    </p>
   </div>
   <div class='ocr_carea' id='block_1_107' title="bbox 2279 4473 3802 4545">
    <p class='ocr_par' dir='ltr' id='par_1_107' title="bbox 2279 4473 3802 4545">
     <span class='ocr_line' id='line_1_107' title="bbox 2279 4473 3802 4545; baseline -0.002 -16"><span class='ocrx_word' id='word_1_787' title='bbox 2279 4473 2527 4544; x_wconf 84' lang='lat' dir='ltr'><strong>opiﬁcem</strong></span> <span class='ocrx_word' id='word_1_788' title='bbox 2570 4494 2587 4531; x_wconf 86' lang='lat'><strong>:</strong></span> <span class='ocrx_word' id='word_1_789' title='bbox 2623 4475 2843 4531; x_wconf 79' lang='lat' dir='ltr'><strong>fratrem</strong></span> <span class='ocrx_word' id='word_1_790' title='bbox 2882 4485 3088 4542; x_wconf 87' lang='lat' dir='ltr'><strong>autem,</strong></span> <span class='ocrx_word' id='word_1_791' title='bbox 3122 4475 3214 4544; x_wconf 84' lang='lat' dir='ltr'><strong>qui</strong></span> <span class='ocrx_word' id='word_1_792' title='bbox 3268 4475 3415 4530; x_wconf 88' lang='lat' dir='ltr'><strong>illius</strong></span> <span class='ocrx_word' id='word_1_793' title='bbox 3467 4476 3684 4545; x_wconf 84' lang='lat' dir='ltr'><strong>impulsu</strong></span> <span class='ocrx_word' id='word_1_794' title='bbox 3710 4483 3802 4538; x_wconf 79' lang='lat' dir='ltr'><strong>pec-</strong></span> 
     </span>
    </p>
   </div>
   <div class='ocr_carea' id='block_1_108' title="bbox 2280 4565 3803 4641">
    <p class='ocr_par' dir='ltr' id='par_1_108' title="bbox 2280 4565 3803 4641">
     <span class='ocr_line' id='line_1_108' title="bbox 2280 4565 3803 4641; baseline -0.003 -19"><span class='ocrx_word' id='word_1_795' title='bbox 2280 4575 2389 4632; x_wconf 85' lang='lat' dir='ltr'><strong>cat,</strong></span> <span class='ocrx_word' id='word_1_796' title='bbox 2420 4566 2701 4630; x_wconf 87' lang='lat' dir='ltr'><strong>miserare,</strong></span> <span class='ocrx_word' id='word_1_797' title='bbox 2723 4582 2821 4637; x_wconf 90' lang='lat' dir='ltr'><strong>pro</strong></span> <span class='ocrx_word' id='word_1_798' title='bbox 2851 4582 2981 4638; x_wconf 90' lang='lat' dir='ltr'><strong>quo,</strong></span> <span class='ocrx_word' id='word_1_799' title='bbox 3006 4568 3150 4623; x_wconf 86' lang='lat' dir='ltr'><strong>sicut</strong></span> <span class='ocrx_word' id='word_1_800' title='bbox 3170 4567 3467 4641; x_wconf 84' lang='lat' dir='ltr'><strong>Apostolus</strong></span> <span class='ocrx_word' id='word_1_801' title='bbox 3491 4571 3556 4623; x_wconf 74' lang='lat' dir='ltr'><strong>ad</strong></span> <span class='ocrx_word' id='word_1_802' title='bbox 3575 4565 3803 4619; x_wconf 72' lang='lat' dir='ltr'><strong>Romanos</strong></span> 
     </span>
    </p>
   </div>
   <div class='ocr_carea' id='block_1_109' title="bbox 2282 4656 3803 4721">
    <p class='ocr_par' dir='ltr' id='par_1_109' title="bbox 2282 4656 3803 4721">
     <span class='ocr_line' id='line_1_109' title="bbox 2282 4656 3803 4721; baseline -0.004 -10"><span class='ocrx_word' id='word_1_803' title='bbox 2282 4656 2471 4711; x_wconf 89' lang='lat' dir='ltr'><strong>scribit</strong></span> <span class='ocrx_word' id='word_1_804' title='bbox 2502 4656 2565 4719; x_wconf 82' lang='grc'><strong>⁸⁸,</strong></span> <span class='ocrx_word' id='word_1_805' title='bbox 2598 4656 2847 4715; x_wconf 86' lang='lat' dir='ltr'><strong>Christus</strong></span> <span class='ocrx_word' id='word_1_806' title='bbox 2889 4669 3141 4717; x_wconf 85' lang='lat' dir='ltr'><strong>mortuus</strong></span> <span class='ocrx_word' id='word_1_807' title='bbox 3182 4667 3284 4721; x_wconf 87' lang='lat' dir='ltr'><strong>est,</strong></span> <span class='ocrx_word' id='word_1_808' title='bbox 3330 4667 3383 4712; x_wconf 93' lang='lat' dir='ltr'><strong>et</strong></span> <span class='ocrx_word' id='word_1_809' title='bbox 3429 4674 3562 4717; x_wconf 45' lang='lat' dir='ltr'><strong>cum.</strong></span> <span class='ocrx_word' id='word_1_810' title='bbox 3601 4656 3722 4709; x_wconf 87' lang='lat' dir='ltr'><strong>Deus</strong></span> <span class='ocrx_word' id='word_1_811' title='bbox 3755 4661 3803 4702; x_wconf 76' lang='lat' dir='ltr'><strong>ac</strong></span> 
     </span>
    </p>
   </div>
   <div class='ocr_carea' id='block_1_110' title="bbox 2290 4736 3801 4817">
    <p class='ocr_par' dir='ltr' id='par_1_110' title="bbox 2290 4736 3801 4817">
     <span class='ocr_line' id='line_1_110' title="bbox 2290 4736 3801 4817; baseline -0.001 -16"><span class='ocrx_word' id='word_1_812' title='bbox 2290 4748 2549 4802; x_wconf 87' lang='lat' dir='ltr'><strong>Dominus</strong></span> <span class='ocrx_word' id='word_1_813' title='bbox 2582 4759 2746 4810; x_wconf 87' lang='lat' dir='ltr'><strong>esset.</strong></span> <span class='ocrx_word' id='word_1_814' title='bbox 2777 4749 2944 4804; x_wconf 84' lang='lat' dir='ltr'><strong>frater</strong></span> <span class='ocrx_word' id='word_1_815' title='bbox 2984 4760 3121 4809; x_wconf 68' lang='lat' dir='ltr'><strong>tuus,</strong></span> <span class='ocrx_word' id='word_1_816' title='bbox 3147 4747 3371 4808; x_wconf 63' lang='lat' dir='ltr'><strong>enectus</strong></span> <span class='ocrx_word' id='word_1_817' title='bbox 3400 4760 3508 4807; x_wconf 87' lang='lat' dir='ltr'><strong>est.</strong></span> <span class='ocrx_word' id='word_1_818' title='bbox 3538 4736 3646 4817; x_wconf 78' lang='lat' dir='ltr'><strong>Ipse</strong></span> <span class='ocrx_word' id='word_1_819' title='bbox 3670 4741 3801 4800; x_wconf 71' lang='lat' dir='ltr'><strong>enim.</strong></span> 
     </span>
    </p>
   </div>
   <div class='ocr_carea' id='block_1_111' title="bbox 2287 4830 3802 4912">
    <p class='ocr_par' dir='ltr' id='par_1_111' title="bbox 2287 4830 3802 4912">
     <span class='ocr_line' id='line_1_111' title="bbox 2287 4830 3802 4912; baseline -0.008 -19"><span class='ocrx_word' id='word_1_820' title='bbox 2287 4849 2345 4894; x_wconf 92' lang='lat' dir='ltr'><strong>ut</strong></span> <span class='ocrx_word' id='word_1_821' title='bbox 2375 4839 2578 4909; x_wconf 83' lang='lat' dir='ltr'><strong>Paulus</strong></span> <span class='ocrx_word' id='word_1_822' title='bbox 2631 4851 2860 4897; x_wconf 86' lang='lat' dir='ltr'><strong>testatur</strong></span> <span class='ocrx_word' id='word_1_823' title='bbox 2892 4840 2967 4906; x_wconf 75' lang='lat'><strong>°’,_</strong></span> <span class='ocrx_word' id='word_1_824' title='bbox 2993 4852 3078 4897; x_wconf 90' lang='lat' dir='ltr'><strong>est</strong></span> <span class='ocrx_word' id='word_1_825' title='bbox 3106 4842 3501 4912; x_wconf 83' lang='lat' dir='ltr'><strong>primogenitus</strong></span> <span class='ocrx_word' id='word_1_826' title='bbox 3558 4841 3608 4892; x_wconf 90' lang='lat' dir='ltr'><strong>in</strong></span> <span class='ocrx_word' id='word_1_827' title='bbox 3655 4830 3802 4888; x_wconf 86' lang='lat' dir='ltr'><strong>multis</strong></span> 
     </span>
    </p>
   </div>
   <div class='ocr_carea' id='block_1_112' title="bbox 2286 4928 3800 5005">
    <p class='ocr_par' dir='ltr' id='par_1_112' title="bbox 2286 4928 3800 5005">
     <span class='ocr_line' id='line_1_112' title="bbox 2286 4928 3800 5005; baseline -0.009 -17"><span class='ocrx_word' id='word_1_828' title='bbox 2286 4935 2570 4990; x_wconf 82' lang='lat' dir='ltr'><strong>fratribus.</strong></span> <span class='ocrx_word' id='word_1_829' title='bbox 2605 4936 2783 5005; x_wconf 85' lang='lat' dir='ltr'><strong>Atque</strong></span> <span class='ocrx_word' id='word_1_830' title='bbox 2809 4936 2941 4991; x_wconf 89' lang='lat' dir='ltr'><strong>adeo</strong></span> <span class='ocrx_word' id='word_1_831' title='bbox 2966 4935 3079 5005; x_wconf 90' lang='lat' dir='ltr'><strong>ipse</strong></span> <span class='ocrx_word' id='word_1_832' title='bbox 3097 4935 3237 5004; x_wconf 86' lang='lat' dir='ltr'><strong>apud</strong></span> <span class='ocrx_word' id='word_1_833' title='bbox 3265 4935 3515 4989; x_wconf 85' lang='lat' dir='ltr'><strong>Davidem</strong></span> <span class='ocrx_word' id='word_1_834' title='bbox 3538 4932 3600 4985; x_wconf 76' lang='lat' dir='ltr'><strong>ai</strong></span> <span class='ocrx_word' id='word_1_835' title='bbox 3625 4928 3800 4981; x_wconf 80' lang='lat' dir='ltr'><strong>Patrem</strong></span> 
     </span>
    </p>
   </div>
   <div class='ocr_carea' id='block_1_113' title="bbox 2286 5013 3800 5098">
    <p class='ocr_par' dir='ltr' id='par_1_113' title="bbox 2286 5013 3800 5098">
     <span class='ocr_line' id='line_1_113' title="bbox 2286 5013 3800 5098; baseline -0.009 -16"><span class='ocrx_word' id='word_1_836' title='bbox 2286 5032 2357 5082; x_wconf 82' lang='lat' dir='ltr'><strong>ita</strong></span> <span class='ocrx_word' id='word_1_837' title='bbox 2382 5028 2621 5098; x_wconf 88' lang='lat' dir='ltr'><strong>loquitur</strong></span> <span class='ocrx_word' id='word_1_838' title='bbox 2647 5046 2660 5081; x_wconf 90' lang='lat'>:</span> <span class='ocrx_word' id='word_1_839' title='bbox 2689 5028 2939 5082; x_wconf 80' lang='lat' dir='ltr'><strong>Narrabo</strong></span> <span class='ocrx_word' id='word_1_840' title='bbox 2965 5044 3146 5083; x_wconf 83' lang='lat' dir='ltr'><strong>nomen</strong></span> <span class='ocrx_word' id='word_1_841' title='bbox 3181 5038 3326 5083; x_wconf 85' lang='lat' dir='ltr'><strong>tuum</strong></span> <span class='ocrx_word' id='word_1_842' title='bbox 3353 5027 3603 5097; x_wconf 75' lang='lat' dir='ltr'><strong>fratribus</strong></span> <span class='ocrx_word' id='word_1_843' title='bbox 3628 5013 3800 5073; x_wconf 72' lang='lat' dir='ltr'><strong>nteit“.</strong></span> 
     </span>
    </p>
   </div>
   <div class='ocr_carea' id='block_1_114' title="bbox 2284 5109 3803 5186">
    <p class='ocr_par' dir='ltr' id='par_1_114' title="bbox 2284 5109 3803 5186">
     <span class='ocr_line' id='line_1_114' title="bbox 2284 5109 3803 5186; baseline -0.01 -16"><span class='ocrx_word' id='word_1_844' title='bbox 2284 5117 2361 5170; x_wconf 83' lang='lat' dir='ltr'><strong>Ae</strong></span> <span class='ocrx_word' id='word_1_845' title='bbox 2420 5125 2680 5186; x_wconf 67' lang='lat' dir='ltr'><strong>praetcrea</strong></span> <span class='ocrx_word' id='word_1_846' title='bbox 2749 5117 2977 5185; x_wconf 65' lang='lat' dir='ltr'><strong>ipsemet</strong></span> <span class='ocrx_word' id='word_1_847' title='bbox 3040 5117 3093 5170; x_wconf 91' lang='lat' dir='ltr'><strong>in</strong></span> <span class='ocrx_word' id='word_1_848' title='bbox 3143 5114 3435 5184; x_wconf 75' lang='lat' dir='ltr'><strong>Evangelia</strong></span> <span class='ocrx_word' id='word_1_849' title='bbox 3472 5113 3537 5167; x_wconf 90' lang='lat' dir='ltr'><strong>ad</strong></span> <span class='ocrx_word' id='word_1_850' title='bbox 3587 5109 3803 5164; x_wconf 78' lang='lat' dir='ltr'><strong>mulieres</strong></span> 
     </span>
    </p>
   </div>
   <div class='ocr_carea' id='block_1_115' title="bbox 2285 5187 3802 5277">
    <p class='ocr_par' dir='ltr' id='par_1_115' title="bbox 2285 5187 3802 5277">
     <span class='ocr_line' id='line_1_115' title="bbox 2285 5187 3802 5277; baseline 0.001 -16"><span class='ocrx_word' id='word_1_851' title='bbox 2285 5208 2541 5262; x_wconf 84' lang='lat' dir='ltr'><strong>diccbat:</strong></span> <span class='ocrx_word' id='word_1_852' title='bbox 2584 5206 2686 5272; x_wconf 79' lang='lat' dir='ltr'><strong>Ite,</strong></span> <span class='ocrx_word' id='word_1_853' title='bbox 2729 5209 3042 5261; x_wconf 85' lang='lat' dir='ltr'><strong>annuntiate</strong></span> <span class='ocrx_word' id='word_1_854' title='bbox 3081 5206 3336 5277; x_wconf 77' lang='lat' dir='ltr'><strong>fratribus</strong></span> <span class='ocrx_word' id='word_1_855' title='bbox 3383 5207 3507 5259; x_wconf 77' lang='lat' dir='ltr'><strong>meis</strong></span> <span class='ocrx_word' id='word_1_856' title='bbox 3530 5203 3593 5256; x_wconf 74' lang='lat'><strong>&quot;’.</strong></span> <span class='ocrx_word' id='word_1_857' title='bbox 3618 5198 3691 5260; x_wconf 71' lang='grc' dir='ltr'><strong>Εἰ.</strong></span> <span class='ocrx_word' id='word_1_858' title='bbox 3729 5187 3802 5262; x_wconf 66' lang='lat' dir='ltr'><strong>qui</strong></span> 
     </span>
    </p>
   </div>
   <div class='ocr_carea' id='block_1_116' title="bbox 2285 5288 3800 5370">
    <p class='ocr_par' dir='ltr' id='par_1_116' title="bbox 2285 5288 3800 5370">
     <span class='ocr_line' id='line_1_116' title="bbox 2285 5288 3800 5370; baseline -0.004 -18"><span class='ocrx_word' id='word_1_859' title='bbox 2285 5300 2546 5353; x_wconf 89' lang='lat' dir='ltr'><strong>virtutum</strong></span> <span class='ocrx_word' id='word_1_860' title='bbox 2603 5297 2888 5370; x_wconf 90' lang='lat' dir='ltr'><strong>splendore</strong></span> <span class='ocrx_word' id='word_1_861' title='bbox 2934 5308 2991 5355; x_wconf 91' lang='lat' dir='ltr'><strong>et</strong></span> <span class='ocrx_word' id='word_1_862' title='bbox 3046 5298 3214 5368; x_wconf 82' lang='lat' dir='ltr'><strong>gloria</strong></span> <span class='ocrx_word' id='word_1_863' title='bbox 3246 5297 3425 5362; x_wconf 80' lang='lat' dir='ltr'><strong>ﬂoret,</strong></span> <span class='ocrx_word' id='word_1_864' title='bbox 3465 5311 3531 5349; x_wconf 86' lang='lat' dir='ltr'><strong>ne</strong></span> <span class='ocrx_word' id='word_1_865' title='bbox 3577 5288 3800 5345; x_wconf 74' lang='lat' dir='ltr'><strong>invideas.</strong></span> 
     </span>
    </p>
   </div>
   <div class='ocr_carea' id='block_1_117' title="bbox 2662 5458 3794 5540">
    <p class='ocr_par' dir='ltr' id='par_1_117' title="bbox 2662 5458 3794 5540">
     <span class='ocr_line' id='line_1_117' title="bbox 2662 5458 3794 5540; baseline -0.014 -11"><span class='ocrx_word' id='word_1_866' title='bbox 2662 5473 2866 5528; x_wconf 66' lang='lat' dir='ltr'><strong>8‘Gen.</strong></span> <span class='ocrx_word' id='word_1_867' title='bbox 2901 5490 2978 5540; x_wconf 86' lang='lat' dir='ltr'><strong>nr,</strong></span> <span class='ocrx_word' id='word_1_868' title='bbox 3017 5475 3103 5530; x_wconf 79' lang='lat' dir='ltr'><strong>i5.</strong></span> <span class='ocrx_word' id='word_1_869' title='bbox 3217 5475 3261 5507; x_wconf 79' lang='grc'><strong>⁸³</strong></span> <span class='ocrx_word' id='word_1_870' title='bbox 3302 5472 3447 5529; x_wconf 88' lang='lat' dir='ltr'><strong>Psal.</strong></span> <span class='ocrx_word' id='word_1_871' title='bbox 3483 5482 3671 5530; x_wconf 77' lang='lat' dir='ltr'><strong>xxxvii,</strong></span> <span class='ocrx_word' id='word_1_872' title='bbox 3724 5458 3794 5514; x_wconf 81' lang='grc' dir='ltr'><strong>ιο.</strong></span> 
     </span>
    </p>
   </div>
   <div class='ocr_carea' id='block_1_118' title="bbox 2315 5544 2932 5609">
    <p class='ocr_par' dir='ltr' id='par_1_118' title="bbox 2315 5544 2932 5609">
     <span class='ocr_line' id='line_1_118' title="bbox 2315 5544 2932 5609; baseline 0.005 -13"><span class='ocrx_word' id='word_1_873' title='bbox 2315 5544 2360 5575; x_wconf 71' lang='grc'><strong>⁸³</strong></span> <span class='ocrx_word' id='word_1_874' title='bbox 2394 5544 2582 5598; x_wconf 82' lang='lat' dir='ltr'><strong>Matth.</strong></span> <span class='ocrx_word' id='word_1_875' title='bbox 2616 5559 2805 5609; x_wconf 79' lang='lat' dir='ltr'><strong>xxvur,</strong></span> <span class='ocrx_word' id='word_1_876' title='bbox 2846 5546 2932 5599; x_wconf 77' lang='grc'><strong>10.</strong></span> 
     </span>
    </p>
   </div>
  </div>
