4024 6292
261 467 401 532 1425

1138 465 1460 527 NICETAS
1503 465 1583 526 IN
1624 463 1849 524 ORAT.
1888 463 2088 523 XLIII
2130 464 2191 526 S.
2228 464 2457 525 GREG.

3359 456 3501 519 1426

258 577 387 634 illud
425 586 697 648 cogitans,
725 578 870 648 quod
927 587 983 635 tu
1038 593 1260 649 quoque
1312 578 1574 633 invidiam
1623 577 1823 633 diaboli
1858 584 1898 640 Α
1931 588 1982 631 et
2007 579 2312 633 institutum
2343 579 2634 649 delegeris,
2664 579 2731 634 da
2773 591 2992 643 operam
3046 584 3099 628 ut
3139 574 3191 627 in
3233 590 3297 626 eo
3324 591 3499 632 novos-

260 667 502 733 sensisti,
533 668 602 723 ab
649 683 826 738 eoque
878 670 956 724 ita
1000 668 1233 725 inﬂexus
1270 685 1351 735 es,
1390 684 1449 724 ut
1486 668 1675 733 Deum,
1703 683 1826 723 cum

258 756 587 825 cognitionis
613 756 761 827 ligno
783 759 1172 825 interdixisset,
1209 760 1300 815 tibi
1336 760 1574 813 invidere
1602 775 1829 828 persua-

257 848 412 903 deres
439 865 453 901 :
482 862 605 918 quae
640 850 736 903 tibi
768 851 1129 920 prolapsionis
1146 867 1313 906 causa
1349 850 1469 905 fuit.
1507 850 1828 920 Lacrymam

260 941 495 997 hominis
525 942 580 996 in
614 951 666 997 te
703 942 969 999 intuentis
997 955 1048 999 et
1076 944 1428 1015 plorantis,ae
1457 945 1830 999 misericordia

260 1034 576 1102 indigentis,
609 1050 679 1089 nc
707 1036 998 1091 crudeliter
1026 1046 1366 1103 contemnas,
1398 1039 1527 1092 illud
1552 1046 1830 1105 reputans,

261 1136 312 1179 te
341 1126 529 1180 multis
561 1141 779 1196 quoque
824 1128 1081 1198 lacrymis
1124 1127 1283 1198 digna
1321 1143 1542 1196 passum
1573 1143 1714 1193 esse,
1745 1127 1833 1181 ni-

261 1216 457 1270 mirum
488 1218 745 1285 paradiso
770 1219 1142 1285 exturbatum,
1179 1220 1359 1274 morti
1391 1227 1447 1274 et
1490 1218 1833 1289 eorruptioni

264 1307 557 1372 addictum,
574 1311 845 1364 sexcentis
861 1319 1205 1378 peccatorum
1224 1311 1514 1381 generibus
1530 1310 1834 1365 involutum

263 1407 427 1469 atque
453 1409 901 1469 conspurcatum.
937 1402 1000 1456 Et
1034 1411 1213 1458 tamen
1246 1402 1677 1458 misericordiam
1704 1416 1835 1457 con-

263 1497 487 1544 secutus
512 1502 593 1554 es,
631 1491 964 1559 paradisum,
1007 1507 1169 1561 quem
1219 1494 1421 1547 veteris
1446 1492 1636 1546 Adami
1677 1491 1834 1559 culpa

268 1578 607 1647 perdideras,
635 1582 758 1633 novi
786 1581 977 1635 Adami
1018 1582 1280 1637 beneﬁcio
1309 1597 1500 1637 rursus
1527 1589 1835 1639 assecutus.

264 1669 563 1740 Pauperem
598 1687 826 1727 vacuum
859 1690 926 1727 ne
956 1688 986 1728 a
1034 1682 1083 1728 te
1118 1674 1270 1729 abire
1309 1674 1502 1741 jnbeas
1533 1691 1547 1727 :
1578 1674 1834 1744 quoniam

266 1776 390 1817 cum
424 1771 480 1816 tu
511 1778 730 1833 quoque
754 1774 996 1821 extrema
1025 1767 1268 1821 omnium
1298 1767 1566 1821 bonorum
1602 1774 1841 1836 egestate

268 1853 614 1920 premereris.
652 1868 720 1908 eo
750 1855 1061 1909 divitiarum
1091 1871 1187 1925 per
1228 1857 1559 1927 baptismum
1589 1856 1837 1922 evasisti,

1929 671 2173 741 quotidie
2204 687 2527 741 progressus
2560 671 2746 725 facias.

1998 764 2116 818 Col.
2159 754 2271 818 613
2296 763 2356 818 Β.
2399 763 2531 829 Quae
2558 765 2650 817 sub
2673 764 2804 833 jugo
2833 765 2978 825 estis,
3007 761 3111 816 Deo
3143 778 3340 833 quoque
3367 777 3501 815 non-

1932 853 2064 908 nihil
2132 854 2254 908 date
2302 872 2316 908 :
2369 864 2776 923 prazoccupatte,
2838 863 2942 909 etc.
3002 852 3172 923 Leges
3211 853 3497 908 constituit

1933 943 2237 1015 Theologus
2267 952 2376 998 tam
2410 943 2714 1014 conjugatis
2750 943 3093 1006 mulieribus,
3123 955 3286 1010 quam
3320 956 3348 995 a
3386 955 3503 994 ma-

1934 1035 2175 1089 trimonii
2224 1035 2359 1105 jngo
2429 1035 2653 1096 liberis.
2717 1034 3059 1090 occasionem
3121 1032 3190 1087 ab
3240 1031 3501 1102 Aposmlo

1937 1136 2150 1189 nactus,
2184 1126 2275 1196 qui
2321 1126 2387 1181 ad
2424 1125 2738 1189 Corinthios
2769 1125 3014 1180 scribens
3063 1123 3282 1193 nuptias
3312 1122 3503 1177 vincu-

1936 1217 2044 1271 lum
2096 1216 2364 1280 nominat.
2410 1216 2775 1287 virginitatem
2828 1224 3008 1270 autem
3066 1214 3393 1269 solutionem
3451 1221 3507 1267 et

1935 1311 2263 1365 libertatem.
2290 1309 2381 1363 Ait
2404 1308 2546 1362 enim
2583 1326 2596 1359 :
2632 1307 2897 1373 Alligatus
2926 1324 2979 1361 es
3008 1307 3200 1360 uxori?
3224 1305 3334 1359 noli
3363 1321 3508 1375 qure-

1937 1417 2050 1455 rere
2072 1399 2404 1455 solutionem.
2432 1399 2653 1454 Solutus
2683 1414 2738 1453 es
2781 1397 2846 1451 ab
2887 1413 3049 1451 uxore
3069 1399 3094 1450 ?
3143 1398 3251 1451 noli
3278 1413 3509 1467 quwrere

1938 1508 2155 1547 uxorem
2185 1494 2255 1545 ".
2297 1491 2359 1545 Et
2385 1505 2579 1545 rursus
2612 1508 2625 1542 ε
2661 1490 2793 1554 Quae
2841 1504 2942 1542 non
2989 1489 3185 1557 nupsit,
3213 1498 3364 1541 curat
3393 1502 3510 1556 qua:

1938 1594 2057 1640 sttttl
2091 1584 2323 1647 Domini,
2354 1592 2410 1638 ut
2429 1584 2496 1638 sit
2521 1592 2705 1638 sancta
2737 1598 2952 1652 corpore
2985 1590 3036 1634 et
3065 1582 3274 1650 spiritu.
3299 1581 3429 1645 Qua:
3455 1581 3511 1633 in

1941 1678 2282 1731 matrimonio
2329 1685 2425 1741 est,
2451 1684 2603 1729 curat
2651 1691 2768 1744 quw
2814 1674 3139 1727 matrimonii
3195 1682 3337 1735 sunt,
3381 1688 3513 1740 quo—

1942 1768 2095 1820 modo
2131 1768 2397 1835 placitura
2439 1768 2503 1821 sit
2542 1769 2655 1821 viro
2683 1766 2754 1821 ’³.
2811 1764 3107 1831 Videamus
3151 1763 3315 1833 igitur
3346 1777 3508 1833 quam

1943 1859 2166 1927 pulchre
2196 1857 2457 1930 Theologi
2485 1858 2777 1913 consilium
2821 1872 2945 1911 eum
2982 1855 3294 1925 apostolicis
3329 1853 3511 1908 verbis

271 1952 330 1997 ut
358 1943 496 2000 deus
528 1945 753 2000 ell‘ectus
787 1948 881 2002 sis.
919 1946 1153 2004 Divinos
1187 1949 1333 2003 enim
1362 1943 1667 2019 baptismus
1694 1948 1836 2005 divi-
1866 1958 1913 2017 Β
1942 1958 2223 2005 consonet.
2278 1949 2432 2016 Quae,
2465 1950 2665 2018 inquit,
2702 1949 2805 2003 sub
2832 1948 2965 2017 jugo
2992 1947 3146 2009 estis,
3178 1943 3513 2000 matrimonii

271 2038 457 2093 nitatis
483 2048 565 2094 est
595 2039 849 2095 arrhabo.
885 2041 1041 2108 Quod
1087 2042 1131 2097 si
1156 2044 1413 2113 pauperis
1441 2042 1678 2113 inepiam
1712 2042 1846 2098 libe-

274 2128 485 2183 ralitate
511 2135 604 2183 tua
633 2129 921 2185 sublevare
957 2145 1065 2183 non
1108 2132 1209 2195 vis,
1249 2142 1303 2186 at
1338 2132 1469 2187 illud
1503 2133 1694 2187 saltem
1728 2148 1758 2188 a
1792 2141 1845 2188 te

274 2220 611 2291 impetretur,
629 2238 698 2277 ne
720 2223 784 2276 ad
813 2224 1068 2293 pauperis
1091 2227 1499 2294 oppressionem
1526 2226 1841 2281 divitiarum

275 2311 480 2366 auxilio
510 2313 774 2368 abutaris:
806 2313 943 2367 Nam
977 2313 1027 2367 id
1052 2329 1267 2385 quoque
1288 2330 1395 2371 non
1420 2319 1573 2386 parvi
1597 2316 1843 2371 beneﬁcii

274 2403 395 2458 loco
449 2403 759 2458 ducendum
811 2414 917 2470 est,
973 2420 1098 2461 eum
1157 2407 1308 2461 avari
1366 2409 1436 2462 ab
1489 2408 1687 2477 injuria
1740 2408 1844 2464 sibi

269 2504 595 2565 temperant.
626 2494 981 2565 Peregrinum
1028 2513 1099 2553 ne
1150 2508 1491 2566 contemnas,
1530 2516 1601 2555 ne
1654 2514 1848 2556 rursus

269 2585 528 2655 paradiso
551 2586 804 2641 exsulare
828 2588 1042 2657 cogaris
1070 2604 1086 2654 ;
1120 2603 1312 2642 verum
1368 2589 1547 2659 ipsum
1607 2592 1843 2660 suscipe,

271 2675 534 2744 quoniam
575 2677 692 2744 ipse
732 2678 895 2731 etiam
922 2677 1178 2735 Christus
1207 2689 1432 2750 propter
1467 2695 1593 2736 eum
1623 2696 1849 2754 peregre

275 2769 417 2837 apud
464 2784 570 2825 nos
616 2779 863 2826 versatus
910 2781 1015 2829 est.
1060 2771 1271 2828 Etenim
1323 2772 1482 2843 quasi
1534 2773 1747 2828 alienus
1780 2775 1849 2829 ad

275 2859 493 2929 propria
527 2861 693 2924 venit,
721 2870 781 2915 ut
831 2862 1177 2933 peregrinum
1227 2871 1451 2919 ornaret
1504 2872 1670 2933 atque
1728 2864 1852 2918 illu-

276 2959 499 3007 straret.
551 2952 721 3022 Cujus
777 2953 998 3024 quidem
1057 2955 1259 3011 Christi
1308 2970 1503 3011 omnes
1550 2956 1771 3010 advenae
1799 2965 1853 3009 et

278 3045 522 3114 hospites
554 3061 766 3112 sumus,
837 3058 949 3099 tum
1010 3047 1137 3116 quia
1183 3046 1319 3101 nihil
1369 3050 1651 3117 proprium
1685 3046 1850 3101 habe-

277 3149 436 3191 mus:
473 3138 644 3206 ipsius
670 3138 810 3192 enim
839 3148 967 3193 sunt
992 3140 1200 3201 omnia,
1224 3139 1378 3208 juxta
1410 3138 1541 3192 illttd
1585 3136 1802 3192 Davidis
1833 3153 1849 3192 :

284 3228 492 3283 Domini
522 3240 599 3284 est
626 3241 766 3286 terra
797 3241 844 3285 et
880 3230 1151 3300 plenitudo
1180 3231 1296 3298 eius
1332 3232 1416 3297 ὀς
1451 3238 1565 3286 tum
1602 3233 1729 3299 quia
1767 3232 1853 3284 hic

1942 2041 2074 2110 jugo
2106 2040 2412 2109 copulatae:
2448 2039 2891 2110 quandoquidem
2925 2044 3316 2108 praeoccupatae
3359 2036 3514 2099 estis,

1947 2132 2049 2186 hoe
2093 2140 2198 2197 est,
2240 2140 2522 2202 praeceptae
2588 2140 2755 2201 atque
2808 2131 3126 2199 praastriette
3183 2127 3513 2181 matrimonii

1946 2223 2197 2285 vinculis,
2231 2222 2394 2277 facite
2427 2231 2484 2276 ut
2523 2220 2840 2276 nonnullam
2867 2234 3082 2291 quoque
3110 2218 3274 2273 vestri
3306 2224 3513 2287 partem

1949 2316 2057 2372 Deo
2098 2315 2260 2379 detis,
2310 2330 2410 2370 nec
2447 2315 2655 2370 mundo
2690 2328 2920 2384 prorsus
2963 2312 3367 2382 astringamini.
3406 2309 3514 2365 Vos

1947 2417 2125 2464 autem
2159 2409 2418 2480 virgines,
2443 2424 2564 2480 qua:
2594 2409 2758 2464 nullis
2779 2409 3012 2463 vinculis
3044 2408 3246 2461 mundo
3280 2406 3518 2461 astricta:

1948 2500 2100 2566 estis,
2134 2500 2228 2556 sed
2260 2514 2324 2555 ea
2361 2508 2594 2566 tantum,
2627 2514 2747 2569 qua:
2775 2499 2867 2553 Dei
2897 2507 3050 2561 sunt,
3072 2496 3295 2561 curatis,
3331 2496 3514 2550 omnia

1949 2595 2003 2648 in
2028 2593 2343 2648 universum
2376 2593 2523 2647 date.
2564 2589 2751 2660 Neque
2786 2592 2931 2644 enim
2980 2589 3082 2644 sub
3111 2588 3238 2664 iugo
3273 2588 3426 2655 estis.
3460 2596 3520 2640 ut

1950 2702 2078 2757 pars
2110 2686 2284 2742 solum
2331 2686 2512 2756 aliqua
2556 2698 2584 2738 a
2632 2684 2789 2738 vobis
2818 2686 3143 2759 postulanda
3176 2688 3245 2740 sit
3283 2702 3296 2737 :
3332 2697 3517 2739 verum

1951 2779 2164 2842 solutae,
2197 2787 2360 2848 atque
2403 2793 2431 2830 a
2494 2773 2682 2829 mundi
2735 2782 2884 2834 euris
2924 2779 3126 2831 liberae.
3176 2778 3253 2829 Ac
3295 2773 3522 2840 proinde

1951 2869 2095 2940 quod
2131 2884 2256 2938 pars
2287 2866 2616 2936 coniugatis,
2664 2870 2767 2925 hoc
2811 2869 2966 2923 vobis
2998 2865 3303 2937 virginibus
3351 2872 3521 2918 totum

1952 2974 2055 3019 est.
2104 2961 2239 3016 Illud
2289 2969 2473 3016 autem
2520 2962 2627 3027 his,
2667 2976 2788 3032 quae
2832 2959 2972 3013 dicta
3029 2965 3180 3023 sunt,
3209 2954 3526 3009 necessario

1953 3055 2352 3126 adjungendum
2395 3065 2502 3123 est,
2537 3055 2680 3124 quod
2731 3052 2944 3107 etiamsi
2985 3049 3109 3127 quis
3157 3055 3418 3118 quantum
3457 3046 3523 3099 ad

1955 3162 2152 3216 corpus
2200 3146 2566 3216 virginitatem
2615 3144 2793 3200 colere
2840 3143 3106 3209 videatur,
3156 3140 3205 3198 si
3251 3147 3433 3193 tamen
3471 3138 3524 3191 in

1956 3239 2136 3292 anima
2180 3253 2403 3308 parvam
2434 3236 2724 3307 quamdam
2771 3233 3232 3306 concupiscentiae
3287 3230 3523 3284 radicem

279 3321 489 3377 ﬁl‘mam
521 3336 584 3378 ac
617 3324 866 3379 Slabi'cm
901 3324 1081 3379 sedem
1121 3339 1227 3377 ηοη
1261 3324 1543 3388 habemus.
1578 3339 1762 3378 verum
1786 3324 1851 3377 ml
1880 3304 1922 3361 θ
1955 3304 2210 3401 excipiat,
2249 3331 2293 3385 is
2335 3304 2463 3400 jam—
2499 3345 2599 3384 nec
2639 3304 2961 3383 libertatem
3010 3339 3111 3379 nec
3162 3322 3524 3392 virginitatem

278 3425 306 3466 s
331 3428 569 3482 'pernam
602 3416 828 3483 patriam
864 3430 1246 3484 properamus.
1287 3414 1343 3469 id
1378 3418 1519 3484 quod
1554 3431 1654 3471 nec
1693 3415 1855 3470 Davi-

281 3505 400 3556 dem
434 3504 588 3573 fugit,
637 3521 700 3559 ae
747 3506 970 3574 proinde
1018 3507 1082 3561 ad
1136 3505 1302 3562 Deum
1352 3506 1568 3561 diccbat
1598 3527 1610 3558 :
1642 3507 1854 3561 Advena

277 3610 372 3664 ego
407 3611 522 3648 sum
562 3597 702 3664 apud
745 3608 791 3651 te
834 3608 884 3651 et
919 3600 1249 3667 peregrinus,
1286 3600 1419 3652 sicut
1460 3616 1636 3653 omnes
1676 3609 1854 3668 patres

281 3685 384 3738 mei
410 3686 476 3742 “.
523 3684 708 3755 Egeuti
752 3697 980 3751 tectum,
1037 3697 1264 3749 vestem,
1312 3690 1492 3742 cibum
1547 3689 1856 3756 snppcdita,

278 3775 384 3830 hoc
418 3785 522 3841 est,
568 3792 794 3845 parvum
847 3776 1229 3839 diversorium,
1263 3785 1319 3833 et
1364 3779 1774 3843 indumentum,
1805 3789 1860 3833 et

278 3881 501 3934 panem,
532 3874 586 3918 et
622 3880 707 3919 res
735 3867 1099 3928 necessarias,
1131 3867 1331 3934 quibus
1364 3868 1499 3936 ipse,
1532 3869 1671 3921 ultra
1693 3883 1856 3937 quam

278 3972 419 4011 usus
452 3957 711 4026 postulet,
743 3957 998 4011 deliciose
1026 3956 1226 4013 amnis.
1250 3956 1436 4027 Neque
1461 3961 1606 4013 enim
1634 3959 1857 4015 domum

280 4048 604 4117 simpliciter
634 4049 821 4113 habes,
855 4050 948 4104 sed
981 4050 1214 4118 amplam
1238 4060 1292 4105 et
1332 4052 1676 4119 magnitlcam
1710 4069 1724 4116 ;
1757 4067 1860 4108 nec

278 4142 660 4195 indumentum
702 4155 889 4205 unum,
923 4141 1017 4196 sed
1048 4142 1218 4195 multa
1261 4151 1314 4196 et
1349 4143 1503 4196 vario
1536 4157 1698 4212 opere
1724 4158 1859 4198 cor:-

284 4233 425 4287 iceta
457 4250 471 4300 ;
512 4249 611 4286 nec
635 4248 826 4302 panem
853 4232 919 4287 ad
945 4234 1190 4302 corporis
1224 4233 1607 4289 necessitatem
1640 4233 1862 4289 demen-

281 4340 427 4391 sum,
462 4325 554 4380 sed
598 4325 794 4379 horrea
854 4325 1003 4379 omni
1053 4324 1331 4381 fructuum
1387 4340 1587 4396 genere
1636 4325 1860 4381 referta.

278 4415 514 4470 iiivitias
548 4431 613 4469 ne
643 4424 886 4486 expetas,
928 4416 1028 4470 nisi
1066 4417 1359 4487 indigentis
1384 4417 1580 4488 inopiae
1604 4417 1860 4473 solatium

286 4507 555 4562 allaturus
587 4509 680 4562 sis.
729 4504 963 4561 Remitte
994 4508 1237 4575 debenti,
1273 4509 1320 4564 si
1357 4508 1486 4579 quid
1527 4510 1710 4572 debet,
1748 4509 1864 4564 sive

285 4599 568 4671 pecunias,
619 4601 733 4654 sive
776 4599 1056 4669 injuriam,
1105 4599 1220 4655 sive
1267 4600 1505 4670 denique
1557 4601 1860 4670 simplicem
1899 4640 1938 4692 υ

287 4696 584 4763 quamdam
638 4690 1130 4761 cxpestnlationcm
1193 4707 1208 4744 :
1275 4691 1714 4760 quandoquidem
1767 4690 1861 4745 tibi

284 4799 504 4855 quoque
528 4782 783 4837 Christus
816 4789 1035 4851 peccata
1067 4781 1332 4835 adversus
1361 4780 1535 4849 ipsum
1570 4781 1864 4835 commissa

285 4881 638 4936 condonavit.
689 4879 947 4935 Miserere
1001 4876 1378 4931 misericordia
1420 4876 1640 4945 dignum
1678 4891 1692 4930 :
1724 4889 1862 4945 quo-

289 4975 435 5031 niam
470 4976 565 5030 tibi
589 4991 811 5046 quoque
844 4971 1274 5063 misericordiam
1304 4969 1567 5038 impertiit
1587 4968 1860 5021 Christus.

289 5066 646 5122 Humanitate
693 5082 820 5139 erga
865 5059 1175 5137 indigentes
1220 5063 1313 5116 Dei
1342 5059 1728 5131 benignitatem
1761 5060 1863 5112 bu«

293 5161 720 5229 manitatemque
756 5162 850 5214 tibi
896 5159 1125 5215 concilia
1159 5159 1374 5229 (justus
1400 5159 1542 5209 enim
1576 5153 1663 5207 ille
1696 5152 1858 5221 judex

292 5252 726 5308 misericordiam
756 5266 914 5306 suam
944 5260 1131 5306 nostra
1162 5245 1535 5304 misericordia
1566 5243 1860 5313 expendit)

290 5345 535 5416 quandiu
586 5347 708 5399 vitae
767 5354 978 5416 tempus
1044 5343 1304 5414 suppetit.
1380 5341 1484 5395 Per
1534 5336 1860 5392 laudabilem

246 5430 721 5508 aprézclaramque
770 5434 1206 5488 immutationem
1274 5438 1422 5484 tuam
1484 5428 1651 5481 vitam
1709 5425 1863 5479 vitm-

296 5544 405 5600 que
457 5528 721 5584 rationem
780 5527 1001 5590 innora,
1060 5525 1161 5578 hoc
1221 5530 1326 5583 cst,
1360 5520 1474 5573 sive
1531 5517 1863 5579 cmiibatum,

296 5623 417 5675 sive
449 5618 880 5680 matrimonium,
916 5617 1029 5671 sive
1059 5615 1207 5669 aliud
1235 5611 1504 5683 quoddam
1539 5608 1662 5664 vita:
1694 5619 1865 5677 genus

1954 3424 2149 3479 retinet
2178 3441 2194 3477 :
2228 3420 2325 3478 sed
2367 3439 2431 3476 ex
2459 3422 2600 3491 turpi
2632 3435 2695 3475 ac
2724 3418 2864 3474 {teda
2905 3417 3177 3487 voluptate
3204 3431 3365 3485 quam
3400 3429 3524 3467 sur-

1958 3517 2148 3587 ripuit,
2180 3518 2231 3571 in
2266 3516 2583 3571 servitutem
2620 3513 2832 3575 incidit,
2864 3510 3193 3581 virginitatis
3223 3509 3524 3562 libertatem

1958 3610 2081 3677 luga
2112 3609 2396 3662 deserens.
2437 3606 2589 3672 Quod
2627 3618 2756 3660 eum
2809 3603 3150 3673 exploratum
3197 3599 3463 3661 habeatis,
3497 3612 3532 3649 ο

1956 3701 2215 3770 virgines.
2258 3713 2324 3752 eo
2348 3696 2646 3751 studiosius
2677 3696 2834 3750 vobis
2868 3691 3303 3763 prospiciendum
3334 3699 3436 3755 est,
3463 3703 3531 3742 ne

1960 3790 2190 3859 turpiter
2215 3798 2269 3844 et
2298 3788 2516 3844 sordide
2549 3802 2613 3841 ac
2639 3786 2826 3841 furtim
2860 3787 3129 3853 impuram
3155 3792 3207 3838 et
3227 3780 3525 3835 adulteram

1960 3882 2288 3951 voluptatem
2324 3879 2571 3949 rapiatis,
2614 3893 2714 3934 nee
2750 3878 3046 3946 virgineam
3099 3874 3398 3928 libertatem
3444 3869 3525 3923 iu-

1960 3974 2143 4044 giatis,
2187 3975 2445 4028 nimirum
2482 3986 2607 4027 cum
2638 3972 2706 4026 iis
2732 3970 3061 4030 habitantes,
3095 3981 3232 4037 quos
3280 3964 3529 4018 συνεισά-

1961 4083 2144 4130 κτους,
2180 4066 2285 4120 lioc
2313 4074 2416 4129 est,
2458 4062 2852 4118 iutroductitios
2909 4062 3134 4125 dicunt;
3183 4059 3274 4129 qui
3315 4058 3532 4127 quidem

1967 4158 2071 4213 etsi
2106 4158 2437 4212 matrimonii
2462 4155 2578 4225 lege
2625 4166 2971 4223 nequaquam
3026 4152 3125 4206 viri
3179 4149 3336 4205 vestri
3388 4156 3532 4208 sunt,

1964 4261 2161 4303 natura
2221 4257 2402 4303 tamen
2467 4246 2569 4300 viri
2638 4253 2787 4300 sunt.
2846 4245 3015 4298 Porro
3069 4238 3529 4311 quemadmodum
3601 4245 3612 4252 ·

1966 4339 2303 4410 periculosus
2330 4347 2416 4393 est
2443 4336 2583 4408 ignis
2612 4334 2826 4403 stipula:
2849 4334 3126 4392 admotus,
3149 4329 3337 4383 eodem
3372 4328 3531 4380 modo

1965 4444 2154 4498 parum
2184 4434 2363 4481 tntum
2393 4435 2478 4481 est
2523 4422 2827 4496 virginibus
2856 4437 3002 4477 cura:
3036 4427 3199 4489 atque
3230 4416 3386 4472 cilicii
3424 4414 3521 4467 fra-

1967 4516 2105 4571 terni
2158 4522 2415 4584 praetextu
2467 4509 2868 4566 introductitios
2918 4509 3063 4562 viros
3097 4505 3297 4561 habere
3342 4510 3530 4555 contu-

1970 4603 2239 4659 bernales.
2290 4600 2424 4654 Nam
2472 4599 2686 4654 etiamsi
2726 4597 2962 4652 lortasse
3010 4593 3284 4665 pudicitia:
3319 4592 3531 4646 laudem

1971 4690 2224 4753 habeant,
2282 4688 2395 4742 lieri
2453 4696 2631 4740 tamen
2692 4699 2800 4738 non
2848 4690 3024 4749 potest
3057 4680 3214 4751 quin,
3265 4694 3388 4733 cum
3442 4693 3537 4733 eos

1969 4783 2268 4845 intuentur,
2309 4778 2599 4846 voluptatis
2623 4775 2949 4845 cogitatione
2977 4781 3286 4841 tangantur,
3318 4784 3383 4824 ac
3412 4784 3535 4839 per-

1969 4873 2145 4940 petuis
2187 4870 2387 4924 amoris
2430 4866 2797 4922 incitamentis
2845 4863 3173 4923 crucientur,
3204 4859 3540 4925 llatnmaequc

1970 4963 2364 5018 suseitabulum
2412 4968 2576 5030 atque
2628 4956 2919 5027 igniculum
2973 4954 3225 5009 habeant.
3270 4952 3378 5020 Ego
3411 4962 3538 5002 vero

1974 5064 2081 5104 non
2110 5048 2423 5114 hujusmodi
2460 5055 2670 5100 tantum
2705 5041 3044 5098 contubernii
3077 5035 3535 5093 necessitudinem

1972 5140 2312 5196 interdictam
2341 5139 2485 5200 volo,
2515 5137 2606 5190 sed
2630 5150 2750 5189 eam
2783 5147 2999 5203 quoque
3026 5145 3281 5186 exsecror
3310 5139 3534 5180 censue.

1970 5233 2235 5293 tudinem,
2268 5243 2386 5297 qua:
2423 5225 2816 5294 prospiciendis
2846 5233 2994 5279 trans
3042 5221 3311 5276 fenestras
3344 5224 3537 5285 practe-

1970 5324 2252 5380 rcuntibus
2298 5335 2394 5389 per
2445 5317 2679 5372 medium
2720 5300 2898 5370 aerem
2955 5311 3320 5368 contrahitur.
3381 5305 3535 5373 Saepe

1968 5417 2111 5472 enim
2162 5412 2378 5475 accidit,
2413 5419 2473 5464 ut
2505 5424 2602 5480 per
2630 5408 2999 5478 importunum
3035 5409 3312 5482 aspectum
3359 5396 3538 5450 aculei

1970 5507 2163 5561 mortis
2197 5505 2250 5556 in
2282 5512 2471 5571 pectus
2502 5499 2762 5568 irrepant.
2786 5491 3043 5549 Nonnulli
3067 5496 3249 5543 autem
3280 5488 3539 5556 ignoran-

1971 5610 2071 5665 tes,
2087 5612 2145 5653 ut
2166 5596 2399 5663 videtur,
2416 5595 2637 5665 quinam
2661 5593 2767 5647 sint
2793 5586 2949 5656 ii,qui
2974 5581 3330 5638 introductitii
3355 5578 3547 5634 dicun-

372 5853 417 5887 ³⁸
450 5850 594 5906 Psal.
630 5863 781 5915 xxut,
811 5850 859 5903 l.
935 5848 976 5879 ⁹¹
1019 5844 1161 5901 Psal.
1192 5856 1421 5908 xxxviii,
1461 5840 1544 5894 15.
1584 5837 1809 5893 Μ[(1οι-

1954 5876 1956 5885 ,
1986 5829 2079 5885 27.
2153 5831 2201 5864 εδ
2234 5802 2365 5885 ibid.
2390 5827 2478 5882 et.
