4076 6292
307 452 327 507 1
345 449 448 509 i=9

1182 424 1505 513 NICETLts
1543 453 1628 513 IN
1669 451 1898 514 ORAT.
1939 450 2142 512 XLttt
2184 454 2243 513 s.
2284 453 2515 513 ense.

3398 455 3536 520 ιωα

302 575 524 614 cursum
556 557 844 623 acceleres,
881 565 1044 627 atque
1068 560 1137 615 ad
1168 576 1251 625 ea,
1288 578 1408 633 qua:
1438 579 1468 619 a
1504 562 1679 619 fronte
1713 572 1862 628 sunt,
1896 566 1938 621 Α
1968 566 2085 617 cole
2111 605 2125 629 ,
2161 574 2213 619 ct
2242 564 2378 619 alios
2433 575 2795 635 temperantes
2851 566 3035 621 redde.
3089 566 3201 622 line
3258 569 3403 623 enim
3437 570 3534 623 τοῦ

300 647 530 701 extenda
540 647 636 701 ris.

367 740 484 796 Col.
535 739 640 795 6l8
690 739 753 794 Δ.
803 737 934 796 Heri
978 741 1047 794 ad
1094 746 1346 814 temporis
1398 744 1718 812 arbitrium,
1762 757 1863 802 etc.

301 831 567 898 Quoniam
597 830 850 886 dixerat:
881 831 937 886 Si
964 843 1110 888 recte
1132 834 1290 903 vivis,
1322 851 1544 891 cursum
1576 838 1867 901 contende;

301 925 342 978 si
367 933 545 977 autem
574 937 788 992 peccas,
819 923 1080 993 resipisce
1111 940 1127 979 :
1157 924 1313 980 docet
1336 942 1503 992 nunc,
1527 942 1631 995 qua
1655 929 1865 981 ratione

298 1015 539 1068 converti
580 1014 705 1083 quis
733 1014 923 1082 possit,
963 1015 1150 1085 aitque
1196 1033 1210 1070 :
1246 1018 1371 1071 Heri
1434 1033 1530 1086 pro
1561 1030 1864 1087 temporum

294 1115 439 1159 statu
470 1104 618 1157 varie
658 1104 886 1173 teipsum
939 1104 1234 1176 effingebas
1259 1149 1274 1174 ,
1305 1122 1368 1162 ac
1400 1092 1556 1162 fidem
1608 1116 1754 1163 tuam
1801 1107 1866 1162 ad

297 1207 541 1265 tempus,
561 1210 671 1265 quo
691 1195 926 1249 haeretici
956 1211 1136 1251 rerum
1171 1198 1533 1266 potiebantur.
1560 1213 1867 1253 accommo-

292 1289 501 1350 dabas;
538 1286 700 1340 hodie
740 1285 832 1340 Dei
868 1287 1022 1341 lldem
1054 1288 1294 1344 addisce.
1331 1289 1612 1360 Quousque
1650 1299 1873 1358 utroque

293 1379 491 1448 poplite
523 1377 851 1431 claudicabis
875 1379 921 1411 "
950 1378 973 1433 ?
1007 1379 1058 1434 id
1089 1389 1192 1443 est,
1231 1382 1283 1434 in
1325 1392 1611 1451 utramque
1635 1390 1866 1449 partem,

295 1473 353 1525 in
372 1478 563 1524 neutra
581 1470 682 1525 lide
700 1481 849 1524 recte
864 1472 996 1539 pede
1012 1471 1389 1537 incedens,sed
1403 1482 1455 1527 et
1468 1470 1867 1532 secundumDei

292 1560 626 1625 doctrinam,
655 1569 708 1613 et
737 1562 1034 1614 secundum
1062 1571 1364 1632 temporum
1392 1563 1553 1616 iidem
1577 1573 1867 1632 :egrotans.

293 1651 435 1706 Nam
472 1652 579 1706 nisi
610 1662 904 1721 azgrotares
925 1694 938 1717 ,
974 1654 1396 1725 haudquaquam
1430 1664 1537 1710 tam
1571 1654 1730 1710 facile
1764 1655 1873 1708 im-

297 1742 613 1797 mutareris.
641 1742 767 1797 Elite
793 1758 955 1811 porro
973 1743 1087 1797 haec
1112 1744 1273 1798 verba
1303 1753 1451 1807 sunt,
1483 1744 1548 1798 ad
1578 1744 1870 1814 prophetas

296 1833 698 1901 ignominiosos
732 1833 803 1887 ita
843 1833 1115 1902 loquentis
1141 1852 1159 1888 τ
1185 1835 1479 1905 Quousque
1520 1844 1736 1904 utroque
1770 1849 1868 1901 po-

296 1925 429 1992 plite
463 1924 838 1979 claudicabitis
860 1963 874 1987 ,
903 1941 1048 1979 nunc
1078 1925 1231 1988 Baal,
1267 1942 1411 1980 nunc
1447 1927 1554 1980 Deo
1586 1927 1869 1980 adhaeren-

299 2014 584 2072 tes?Nam
617 2016 892 2079 lsraelitae,
925 2019 1015 2087 qui
1049 2018 1278 2087 imperio
1314 2018 1498 2073 Achab
1531 2018 1869 2082 tenebantur,

301 2109 467 2163 simul
504 2117 557 2162 et
611 2109 875 2163 idolorum
929 2111 1094 2163 eultui
1148 2110 1345 2163 addicti
1380 2117 1570 2172 erant,
1621 2118 1673 2162 et
1706 2108 1871 2161 Deum

302 2201 625 2257 adorabant.
663 2200 819 2256 Unde
862 2200 1164 2271 subiunxit.
1225 2203 1287 2257 Si
1321 2200 1454 2256 Deus
1485 2212 1562 2257 est
1595 2203 1871 2264 Dominus,

305 2294 585 2363 sequimini
604 2310 749 2360 cum;
784 2297 830 2349 si
849 2305 1022 2349 autent
1038 2294 1175 2349 Baal
1195 2308 1290 2358 est,
1320 2297 1603 2365 se1uimini
1633 2314 1750 2350 eum
1781 2298 1869 2351 ⁸⁸⁴.

306 2384 443 2439 Nam
472 2401 574 2441 nec
616 2386 778 2451 Deus,
810 2388 1024 2455 inquit,
1057 2388 1446 2443 commentitiis
1478 2388 1582 2443 diis
1616 2388 1873 2444 honorem

307 2472 496 2531 haberi
530 2477 643 2531 vult
667 2517 681 2540 ,
733 2492 832 2532 nec
870 2478 923 2531 hi
976 2493 1166 2534 verum
1199 2478 1368 2534 Deum
1421 2480 1635 2533 adorari
1667 2480 1875 2534 volunt.

305 2568 418 2624 Vos
464 2577 641 2624 autem
672 2609 686 2635 ,
725 2582 838 2624 tum
872 2570 1022 2634 'lttec,
1055 2580 1168 2623 tum
1222 2571 1309 2625 illa
1360 2570 1625 2625 facientes
1649 2610 1663 2633 ,
1701 2570 1877 2624 neutri

305 2658 739 2712 benevolentiam
764 2665 965 2712 certam
992 2668 1043 2712 et
1070 2666 1408 2712 constantem
1437 2660 1690 2714 servatis.
1717 2659 1880 2715 Clau-

306 2746 457 2800 dicat
485 2753 666 2801 autem
707 2747 971 2801 ambobus
1008 2747 1321 2816 poplitibus,
1352 2748 1444 2816 qui
1478 2759 1712 2817 utroque
1745 2750 1880 2819 pede

307 2838 537 2895 claudus
567 2846 671 2892 est.
714 2837 917 2906 Ἰγνύαι
944 2837 1088 2893 enim
1121 2838 1379 2893 dicuntur
1424 2839 1756 2908 posteriores
1791 2855 1881 2911 ge-

308 2944 481 2983 nuum
518 2936 720 2998 partes,
741 2943 770 2982 a
802 2927 968 2983 verbo
1000 2926 1299 2998 ἄγνυσθαι,
1320 2930 1464 2998 quod
1499 2928 1771 3000 signiﬁcat
1797 2932 1880 2986 in-

309 3018 476 3090 fringi
513 3028 675 3089 atque
722 3019 943 3089 inﬂecti.
978 3018 1055 3074 Ne
1093 3033 1327 3088 semper,
1381 3020 1610 3075 consilio
1643 3022 1879 3091 quodam

309 3110 542 3177 scilicet,
576 3120 633 3166 at
662 3126 768 3167 non
798 3125 863 3167 ex
892 3111 1097 3177 animo,
1124 3124 1189 3166 ea
1219 3110 1369 3166 dicas
1400 3120 1493 3166 aut
1524 3112 1693 3168 facias
1716 3151 1731 3176 ,
1763 3128 1884 3182 quae

309 3217 429 3257 non.
454 3203 821 3258 conveniunt:
846 3203 980 3274 quin
1010 3203 1222 3274 petius,
1253 3202 1513 3273 quoniam
1562 3202 1874 3274 huiusmodi
1901 3221 1943 3280 α

309 3294 646 3364 dispensatio
671 3294 737 3349 ad
767 3294 1060 3365 perniciem
1085 3303 1137 3349 et
1159 3294 1497 3349 eversionem
1523 3294 1621 3351 abs
1644 3302 1693 3350 te
1718 3310 1882 3351 exco-

309 3387 481 3458 gitata
503 3392 606 3450 est,
637 3386 752 3441 haec
783 3385 947 3441 missa
977 3385 1080 3447 fac,
1130 3394 1294 3456 atque
1322 3385 1615 3456 aliquando
1641 3388 1880 3455 tandem,

311 3474 400 3529 vel
447 3482 551 3530 tuae
585 3476 781 3546 ipsius,
829 3475 919 3545 qui
975 3473 1232 3546 pestifera
1264 3475 1513 3532 doctrina
1561 3475 1799 3533 infectus
1829 3487 1883 3533 et

314 3574 608 3637 corruptus
637 3581 698 3622 es
724 3606 740 3632 ,
771 3568 853 3622 vel
884 3566 1118 3622 aliorum
1143 3605 1158 3630 ,
1191 3567 1391 3637 quibus
1439 3567 1754 3635 huiusmodi
1790 3581 1883 3624 tua

311 3658 649 3730 dispensatio
698 3660 843 3731 parit
894 3658 1327 3725 on‘endiculum,
1396 3659 1561 3723 saluti
1633 3661 1879 3716 consule.

315 3748 440 3805 Heri
488 3749 848 3805 honoriﬁcum
875 3748 1266 3812 existitnabas,
1307 3748 1377 3815 si,
1406 3749 1490 3803 vel
1514 3750 1748 3819 sapiens,
1802 3751 1884 3805 vel

310 3840 518 3908 justus,
564 3839 652 3894 vel
701 3839 822 3909 pius
863 3838 1158 3904 videreris,
1188 3852 1308 3892 cum
1336 3839 1404 3894 ab
1451 3839 1535 3893 his
1588 3840 1884 3895 virtutibus

316 3930 531 3985 alienus
591 3942 766 3991 esses,
822 3942 886 3982 ac
948 3927 1149 3983 frustra
1189 3937 1245 3982 et
1301 3928 1601 3983 insolenter
1656 3943 1749 3984 eas
1784 3929 1881 3983 tibi

314 4035 602 4091 arrogares
632 4038 646 4074 :
682 4018 845 4073 hodie
868 4059 884 4086 ,
917 4020 1018 4073 hac
1062 4019 1466 4074 existimatione
1514 4020 1700 4075 relicta
1724 4059 1739 4083 ,
1776 4033 1883 4074 non

315 4112 532 4178 videri,
558 4111 653 4167 sed
685 4125 808 4166 esse
836 4109 1078 4179 optimus
1109 4109 1284 4164 stude.
1314 4106 1511 4177 Opinio
1544 4108 1685 4163 enim
1717 4106 1881 4163 fallax

314 4214 400 4262 est
428 4202 785 4259 insomnium.
812 4199 1068 4256 Videntur
1090 4199 1233 4253 enim
1257 4198 1414 4254 nobis
1441 4199 1582 4252 inter
1604 4199 1885 4253 somnian-

316 4303 448 4355 dum
489 4316 552 4356 ac
596 4296 980 4354 dormiendum
1038 4293 1246 4366 aliquid
1300 4294 1520 4360 habere,
1576 4310 1674 4351 nec
1705 4305 1884 4350 tamen

320 4391 606 4447 habemus.
637 4392 706 4444 At
757 4388 932 4460 ipsum
967 4403 1090 4443 esse
1113 4426 1128 4453 ,
1164 4401 1345 4441 rerum
1378 4386 1659 4440 veritatem
1702 4385 1884 4441 habet.

319 4480 491 4537 Porro
515 4481 736 4546 divitias,
763 4495 885 4550 quae
909 4479 1160 4533 manibus
1185 4486 1459 4541 tenentur,
1484 4478 1888 4546 praestantiores

1897 1894 1947 1953 B

1972 652 2339 725 σωφρονιστοῦ
2362 657 2638 727 proprium
2665 668 2767 712 est.
2801 656 2971 713 Hodie.
2998 675 3149 713 mero
3174 661 3539 731 Ingnrgitatus

1969 762 2072 802 cs:
2103 761 2223 802 cras
2263 763 2419 817 aqua:
2446 749 2671 817 potione
2698 750 2843 804 sitim
2877 751 3029 807 seda.
3062 751 3236 807 llodie
3269 755 3338 807 ab
3369 752 3538 809 Amos

1971 838 2229 907 propheta
2269 838 2486 893 miseris
2526 840 2698 894 modis
2745 840 3039 909 exagitaris
3068 882 3083 906 ,
3158 852 3223 896 ut
3294 843 3349 897 in
3380 836 3537 899 lectis

1972 928 2224 983 eburneis
2246 928 2446 983 lascive
2477 930 2838 995 decumbens,
2863 945 2926 983 ac
2960 930 3237 999 primariis
3262 943 3316 988 et
3346 937 3540 1001 exqui-

1973 1018 2064 1073 siti
2102 1021 2260 1088 pretii
2309 1021 2601 1090 unguentis
2632 1022 2904 1077 delibutus
2929 1024 2977 1054 ’ν
3010 1041 3022 1077 :
3063 1020 3147 1077 lac
3181 1024 3425 1078 crastino
3456 1024 3540 1078 die

1973 1112 2162 1166 beatus
2199 1113 2511 1181 praediceris
2539 1154 2554 1176 ,
2600 1115 2857 1169 nimirum
2898 1115 3086 1169 humili
3119 1125 3292 1170 strato
3323 1132 3387 1170 ac
3418 1132 3540 1185 pcr-

1969 1203 2156 1273 vigilio
2196 1204 2500 1259 hesternam
2534 1206 2816 1261 mollitiem
2853 1223 3076 1262 curans.
3105 1209 3304 1277 Atque,
3338 1219 3395 1262 ut
3428 1224 3541 1261 rem

1972 1307 2080 1348 uno
2103 1294 2273 1350 verbo
2304 1296 2602 1363 absolvam,
2636 1296 3006 1366 pulcherrima
3035 1314 3265 1369 qumque
3295 1314 3392 1367 pro
3424 1308 3543 1350 tur-

1972 1384 2217 1452 pissimis
2252 1385 2565 1456 quibusque
2596 1388 2865 1441 substitue
2886 1429 2902 1454 ,
2956 1402 3055 1457 pro
3080 1389 3195 1443 risu
3222 1390 3539 1458 gravitatem

1972 1483 2026 1531 et
2051 1475 2327 1530 tristitiam
2355 1513 2371 1541 ,
2404 1490 2503 1546 pro
2534 1476 2822 1531 ambitioso
2869 1477 3015 1532 circa
3061 1478 3313 1533 vestitum
3364 1480 3542 1533 studio

1973 1565 2177 1619 cultum
2206 1565 2510 1635 simplicem
2541 1566 2875 1637 minimeque
2919 1576 3278 1632 accuratum,
3311 1584 3410 1638 pro
3451 1584 3543 1622 su-

1975 1657 2160 1725 perbia
2192 1664 2248 1711 et
2278 1658 2447 1711 animi
2477 1667 2689 1713 tumore
2720 1659 2982 1715 vilitatem
3022 1662 3075 1715 in
3107 1663 3349 1717 externis
3381 1662 3542 1717 rebus

1971 1761 2025 1804 et
2062 1750 2111 1801 in
2137 1759 2416 1821 aspectum
2453 1750 2803 1816 cadentibus,
2839 1767 2937 1821 pro
2975 1753 3279 1823 magnificis
3311 1754 3543 1815 aedibus.

1973 1854 2036 1895 ac
2057 1840 2403 1909 laquearibus
2420 1842 2600 1896 aureis
2618 1840 2971 1911 fulgentibus,
2990 1855 3278 1911 angustam
3297 1843 3541 1906 domum,

1976 1941 2070 1996 pro
2093 1927 2309 1981 sublimi
2343 1927 2491 1981 vultu
2524 1935 2576 1982 et
2624 1937 2768 1981 recta
2802 1928 2854 1982 in
2895 1928 3061 1983 altum
3104 1932 3313 1984 cervice
3339 1931 3545 1985 demis-

1973 2032 2094 2072 sum
2131 2017 2337 2069 vultum
2380 2025 2433 2070 et
2466 2017 2759 2086 abiectum.
2797 2019 2915 2073 Hoc
2947 2021 2992 2074 si
3023 2019 3217 2074 feceris
3241 2057 3256 2081 ,
3291 2021 3394 2074 erit
3425 2020 3545 2085 tibi,

1975 2116 2034 2162 ut
2059 2123 2180 2162 cum
2208 2107 2339 2161 Isaia
2364 2108 2662 2177 loquar”)
2695 2109 2889 2164 emtum
2919 2125 3118 2164 novum
3143 2122 3196 2166 et
3214 2122 3355 2167 terra
3383 2128 3543 2166 nova.

1974 2200 2108 2254 Nam
2149 2215 2272 2255 cum
2327 2199 2439 2255 haec
2479 2207 2603 2256 ante
2632 2201 2932 2258 Salvatoris
2974 2202 3408 2259 incarnationem
3439 2205 3543 2258 alia

1975 2290 2309 2355 viderentur,
2333 2292 2434 2345 alia
2462 2301 2643 2360 postea
2675 2292 2891 2362 cognita
2922 2301 3068 2348 sunt.
3094 2292 3247 2347 Prius
3276 2293 3542 2359 siquidem

1977 2384 2050 2438 dii
2083 2382 2442 2447 habebantur,
2467 2392 2653 2453 postea
2686 2394 2864 2438 autem
2890 2393 3173 2440 creaturae.
3209 2384 3330 2439 Tibi
3360 2392 3543 2438 autem

1978 2472 2085 2526 alio
2129 2471 2290 2525 modo
2336 2472 2448 2526 haec
2490 2484 2627 2526 nova
2664 2482 2863 2537 erunt,
2904 2488 3028 2527 cum
3067 2473 3174 2527 alia
3226 2473 3545 2542 percipienti

1979 2571 2141 2628 atque
2185 2560 2504 2628 intelligenti
2529 2602 2544 2628 ,
2583 2562 2746 2617 veluti
2785 2562 2950 2617 situm
2978 2603 2993 2627 ,
3029 2562 3256 2630 figuram
3280 2603 3293 2625 ,
3326 2562 3545 2629 elegan-

1981 2650 2135 2712 tiam,
2158 2649 2604 2719 magnitudinem,
2623 2649 2938 2716 utilitatem,
2954 2661 3065 2703 tutn
3085 2649 3309 2717 insuper
3325 2662 3546 2702 causam

1979 2747 2034 2792 et
2073 2739 2363 2804 rationem,
2400 2748 2621 2810 propter
2642 2755 2804 2809 quam
2832 2740 2897 2795 ad
2933 2741 3077 2794 hunc
3105 2742 3324 2793 modum
3353 2739 3548 2792 horum

1983 2830 2407 2899 unumquodque
2439 2829 2640 2883 factum
2674 2838 2772 2884 est.
2797 2829 2889 2882 Sic
2919 2830 3084 2900 enim,
3114 2841 3171 2882 ut
3201 2830 3404 2883 dictum
3441 2839 3549 2892 est,

1981 2918 2262 2987 cogitanti,
2294 2917 2534 2986 cognitio
2563 2930 2778 2985 quoque
2809 2916 2924 2982 ipsa
2956 2918 3011 2970 in
3045 2917 3239 2971 melius
3285 2917 3547 2969 immuta-

1984 3011 2147 3064 bitur.
2168 3008 2465 3063 Pbssumus
2483 3007 2644 3063 etiam
2675 3008 2782 3062 alio
2808 3007 2969 3063 modo
2999 3009 3143 3062 hunc
3179 3009 3355 3061 locum
3383 3010 3552 3074 expli-

1983 3115 2138 3166 care,
2174 3109 2232 3154 ut
2261 3114 2383 3153 cum
2402 3098 2662 3169 Gregorio
2692 3097 2937 3169 Nysseno
2961 3115 3055 3168 per
3090 3098 3289 3153 cmlum
3322 3115 3549 3161 novum,

1985 3191 2382 3246 ﬁrmamentum
2428 3191 2549 3246 fidei
2593 3191 2646 3244 in
2690 3189 2963 3245 Christum
3011 3190 3414 3259 intelligamus;
3458 3206 3552 3259 per

1985 3290 2181 3336 terram
2228 3289 2408 3335 autem
2444 3295 2638 3335 novam
2669 3294 2767 3334 cor
2795 3295 2991 3350 purum
3023 3290 3075 3336 et
3103 3280 3397 3350 integrum,
3425 3281 3549 3336 illa-

1984 3371 2202 3427 bentem
2237 3370 2289 3424 in
2324 3384 2382 3424 se
2416 3370 2654 3440 pluviam
2688 3370 2901 3424 bibens.

2057 3473 2186 3530 Ibid.
2216 3473 2278 3530 C.
2312 3472 2414 3529 Sed
2435 3475 2554 3543 jam
2583 3473 2652 3528 ad
2683 3473 2934 3543 temporis
2963 3490 3163 3542 quoque
3196 3475 3410 3542 festum,
3442 3483 3549 3529 etc.
3582 3470 3585 3471 ⁷

1984 3566 2288 3633 Quoniam,
2349 3565 2562 3634 inquit,
2634 3580 2827 3620 novam
2887 3554 3222 3619 Dominicam
3296 3564 3549 3621 laudibus

1985 3656 2258 3726 prosecuti
2275 3669 2486 3717 sumus,
2503 3655 2763 3711 abeanms
2777 3654 2913 3726 iam,
2938 3664 2999 3710 ut
3017 3665 3069 3710 et
3088 3671 3314 3710 vernum
3335 3665 3551 3722 tempus

1985 3762 2225 3819 congrua
2289 3745 2581 3801 festivitate
2629 3747 2990 3801 celebremus.
3046 3746 3338 3801 Concurrit
3404 3746 3548 3802 enim

1989 3841 2091 3894 hoc
2112 3848 2323 3906 tempus
2340 3853 2464 3893 cum
2490 3838 2868 3893 Encatniorum
2894 3837 3051 3905 festo,
3070 3854 3132 3893 ac
3156 3840 3408 3892 videntur
3432 3853 3551 3894 om-

1986 3932 2076 3987 nia
2098 3931 2300 3988 Christi
2323 3931 2709 3987 resurrectioni
2738 3931 3021 4001 gratulari.
3044 3930 3218 4002 Atque
3251 3940 3307 3984 nt
3324 3928 3555 3998 iucundi

1989 4022 2246 4103 temporis
2290 4021 2748 4093 iucundissimam
2784 4022 3203 4092 descriptionem
3237 4021 3553 4082 aderamus,

1986 4114 2263 4184 pictricem
2295 4113 2619 4178 orationem,
2651 4115 2809 4183 quasi
2838 4123 3194 4184 spectatores,
3237 4129 3555 4183 sequamur,

1988 4221 2052 4261 ac
2081 4204 2384 4269 videamus,
2417 4221 2664 4275 quaenam
2694 4208 2994 4265 describat,
3017 4216 3069 4260 et
3092 4207 3238 4260 velut
3260 4208 3330 4259 ob
3365 4205 3553 4259 oculos

1988 4305 2173 4368 ponat.
2211 4296 2353 4352 inter
2385 4298 2513 4351 anni
2550 4306 2790 4367 tempora
2844 4298 3207 4366 principatum
3258 4310 3349 4348 ver
3383 4300 3554 4357 tenet,

1991 4397 2215 4460 prepter
2244 4402 2337 4441 eas
2368 4387 2779 4451 oblectationes,
2810 4401 2948 4456 quas
2978 4386 3154 4441 affert.
3185 4386 3555 4454 Principatum

1991 4479 2173 4534 itidem
2195 4487 2342 4532 tenet
2363 4479 2503 4532 inter
2526 4479 2637 4533 dies
2660 4477 2939 4533 Dominica
2963 4477 3075 4538 illa.
3100 4477 3153 4530 in
3178 4492 3282 4547 qua
3302 4475 3557 4533 Christus

319 4580 448 4626 sunt
500 4573 608 4628 illis
656 4549 911 4642 quatiper
959 4572 1236 4626 somnium
1293 4571 1592 4639 tinguntur.
1650 4569 1885 4626 Proinde
1919 4549 1962 4604 θ
1993 4571 2308 4626 resurrexit.
2359 4569 2545 4640 Itaque
2578 4584 2672 4624 rex
2719 4578 3057 4636 temporum,
3088 4569 3191 4623 hoc
3238 4575 3342 4631 est,
3393 4583 3558 4622 verna

317 4670 484 4718 certe:
517 4677 579 4717 ac
608 4661 956 4717 subsistentis
986 4661 1257 4724 veritatis,
1290 4674 1454 4728 quam
1488 4674 1638 4713 vana:
1673 4660 1886 4728 Opinio-

318 4749 440 4816 nis,
475 4751 755 4820 antiquius
786 4749 879 4804 tibi
917 4749 986 4805 sit
1034 4747 1301 4803 studium.
1340 4746 1461 4801 Heri
1497 4748 1649 4801 vanis
1677 4758 1893 4816 specta-

316 4838 459 4897 culis
508 4840 750 4896 animum
794 4839 1123 4907 adjiciebas,
1178 4853 1241 4892 ac
1292 4838 1512 4903 visum,
1548 4838 1895 4909 reliquosque

325 4932 1117 5006 omneslsensus,obscenarum
1153 4946 1331 4985 rerum
1363 4938 1583 5001 aspectu
1609 4928 1851 4986 ftedahas
1876 4948 1889 4983 :

332 5024 495 5081 hodie
522 5041 551 5079 a
584 5026 745 5080 rebus
789 5039 1009 5079 sensum
1059 5021 1404 5077 moventibus
1430 5021 1659 5076 abducta
1691 5031 1893 5090 mente,

225 5156 239 5175 κ
328 5116 770 5173 intellectualiter
809 5130 1054 5186 operare,
1095 5117 1145 5170 in
1194 5117 1644 5184 sempiternarum
1710 5129 1889 5169 rerum

326 5208 699 5277 speculatione
769 5208 1011 5263 studium
1064 5217 1117 5262 et
1175 5221 1394 5275 operam
1468 5220 1697 5276 ponens.
1765 5204 1889 5260 Heri

325 5301 664 5355 conviciator
690 5316 811 5356 eras
868 5309 922 5354 et
977 5299 1265 5368 petulans,
1324 5298 1376 5353 id
1410 5308 1513 5364 est,
1575 5297 1809 5353 crudelis
1839 5288 1923 5352 ct'

323 5392 615 5462 impudens
675 5410 689 5446 :
747 5392 906 5446 hodie
972 5390 1165 5446 faustis
1214 5391 1397 5445 verbis
1450 5404 1897 5460 unumquemque

324 5495 676 5553 prosequere,
712 5492 875 5553 atque
905 5498 968 5535 ex
1008 5481 1224 5536 feritate
1250 5488 1305 5534 et
1336 5480 1659 5535 truculentia
1693 5478 1759 5531 ad
1797 5479 1896 5533 hu~

328 5572 642 5628 manitatcm
676 5573 865 5642 migra.
899 5571 1025 5627 lleri
1055 5571 1545 5627 comessationibus
1578 5577 1631 5624 et
1662 5572 1896 5640 crapula.-

326 5662 549 5721 deditus
602 5678 728 5720 eras
765 5681 778 5719 :
815 5663 979 5720 hodie
1009 5663 1331 5735 gravitatem
1375 5676 1437 5719 ac
1479 5661 1893 5732 temperantiam

394 5824 437 5860 ⁸³
478 5821 547 5877 lll
596 5820 727 5893 Reg.
759 5832 911 5887 xvttt,
946 5819 1037 5875 2|.
1114 5819 1178 5853 "‘
1215 5818 1343 5875 ibid.
1440 5819 1485 5852 ”
1516 5820 1677 5875 Amos
1711 5835 1781 5886 Vl,
1813 5818 1865 5875 4.

1988 4662 2303 4718 constitutio
2328 4701 2343 4724 ,
2378 4662 2507 4716 huic
2541 4661 2754 4715 dierum
2788 4660 3006 4730 regime,
3035 4660 3086 4713 id
3126 4668 3228 4725 est,
3261 4659 3557 4715 Dominicac

1990 4768 2244 4825 pompam
2275 4752 2450 4807 laetam
2486 4752 2732 4822 peragit,
2768 4751 2820 4804 id
2851 4759 2952 4816 est,
2989 4750 3350 4806 ministerium
3384 4750 3562 4820 quod-

1994 4850 2115 4899 dam
2152 4845 2252 4914 ipsi
2299 4844 2417 4899 obit
2447 4862 2461 4897 :
2495 4857 2550 4899 et
2583 4859 2708 4913 pars
2746 4842 2898 4909 anni,
2930 4842 3216 4911 imperium
3249 4840 3357 4895 diei
3398 4840 3566 4909 huius

1999 4949 2323 5001 agnoscens,
2364 4934 2521 5003 quasi
2573 4932 2779 4986 famula
2830 4931 3085 4997 dominae,
3131 4929 3398 5000 quidquid
3438 4929 3563 4998 pul-

1998 5024 2324 5079 cherrimum
2356 5041 2418 5079 ac
2467 5024 2717 5080 sensibus
2755 5022 3121 5092 gratissimum
3154 5023 3337 5089 habet,
3384 5019 3562 5075 oll‘ert.

2002 5117 2101 5179 Ac,
2137 5116 2183 5168 si
2212 5115 2377 5178 libet,
2416 5115 2567 5169 verni
2611 5115 2870 5181 temporis
2900 5114 3245 5170 ammnitates
3276 5124 3563 5166 recenseac

1998 5223 2139 5262 ntus.
2163 5205 2319 5261 Nunc
2339 5206 2535 5261 cadum
2549 5205 2905 5273 splendidius,
2927 5206 3183 5260 nimirum
3207 5199 3566 5258 tenebricos‘s

1998 5310 2052 5354 et
2088 5297 2402 5369 caliginosis
2439 5297 2677 5351 nubibus
2707 5337 2721 5362 ,
2751 5298 2905 5366 quasi
2936 5305 3087 5353 veste
3133 5294 3364 5364 quadam
3420 5298 3563 5355 atra,

1997 5398 2244 5446 exutum.
2294 5387 2451 5445 Nunc
2481 5389 2561 5444 sol
2594 5388 2917 5455 sublimior;
2958 5388 3064 5457 iam
3095 5385 3240 5440 enim
3280 5383 3346 5436 ab
3381 5380 3565 5435 humin-

1995 5480 2223 5535 lioribus
2257 5490 2310 5535 et
2351 5479 2680 5535 australibus
2714 5479 2961 5549 partibus
2985 5477 3054 5531 ad
3088 5473 3360 5535 Boreales,
3397 5479 3471 5535 et,
3509 5479 3574 5525 ut:

1994 5570 2100 5627 dici
2154 5570 2461 5636 consuevit,
2521 5585 2741 5625 currum
2797 5569 3075 5623 Arctieum
3173 5562 3565 5636 progreditur,

1996 5659 2214 5717 tametsi
2251 5659 2466 5715 interim
2502 5661 2568 5717 ab
2601 5657 2995 5731 [Equinoctiali
3047 5673 3154 5712 non
3211 5657 3371 5725 longe
3400 5652 3563 5709 absit.

1941 5819 2009 5853 ”‘
2040 5819 2139 5875 lsa.
2184 5832 2306 5887 ων,
2346 5818 2429 5874 l7.
