4076 6292
627 408 754 464 H31

2027 406 2405 468 ADDENDA.

3680 402 3788 468 M32

626 512 778 567 Nunc
800 513 940 568 lunae
963 516 1112 568 orbis
1135 515 1398 571 illustrior
1430 534 1445 567 :
1480 518 1655 572 hieme
1677 518 1821 574 enim
1849 520 2051 576 tristior
2076 530 2194 576 erat
2222 525 2265 579 Α
2296 537 2361 577 ac
2393 536 2613 578 sursum
2660 519 2853 575 oculos
2903 518 2971 575 ad
3024 516 3195 574 Deum
3227 517 3418 582 tendit,
3447 516 3717 586 ipsumque,
3741 531 3787 570 ιιι

626 611 679 655 ct
710 603 1018 665 obscurior,
1071 618 1292 675 propter
1320 608 1464 663 aeris
1497 610 1824 665 crassiticm.
1858 611 1925 665 Et
1952 613 2194 668 siderum

626 694 829 748 chorus
877 696 1066 758 purior
1105 698 1248 753 veris
1289 709 1532 769 tempore
1566 719 1580 755 :
1612 703 1872 771 quoniam
1924 718 2033 757 non
2084 706 2195 773 jam

627 794 848 855 propter
902 787 1251 842 immodicam
1305 790 1682 847 bumiditatem
1738 809 1973 863 vapores
2024 795 2200 851 crassi

626 876 955 931 excitantur.
993 878 1150 935 Nunc
1196 879 1417 948 ﬂuctus,
1476 885 1667 947 nubes,
1706 886 1893 949 venti,
1924 895 2097 950 terra,
2146 896 2200 942 et

627 968 824 1037 planta:
852 980 1057 1038 pacata:
1107 980 1238 1025 sunt
1265 982 1317 1025 et
1349 975 1676 1044 tranquillae,
1710 977 1921 1032 etiamsi
1958 993 2055 1046 per
2087 979 2200 1032 hie-

626 1074 768 1113 mem
800 1062 1144 1131 gravissimis
1173 1063 1414 1119 dissidiis
1445 1075 1499 1118 et
1527 1065 1682 1120 hellis
1711 1067 1851 1121 inter
1883 1082 1942 1121 se
1971 1066 2197 1121 conﬂic-

627 1161 891 1206 tarentur.
948 1152 1269 1222 Priusquam
1306 1156 1449 1208 enim
1497 1156 1801 1224 jucundum
1854 1168 1908 1213 et
1941 1159 2195 1214 blandum

625 1258 722 1297 ver
743 1245 899 1299 nobisI
926 1245 1213 1308 illuxisset,
1239 1245 1434 1301 ﬂuctus
1461 1247 1663 1316 impetu
1688 1251 1990 1306 vehementi
2020 1253 2197 1307 littora

626 1335 1020 1401 verberabant,
1056 1348 1109 1391 et
1153 1340 1327 1392 nubes
1370 1340 1535 1394 solent
1566 1341 1939 1406 obducrhant,
1969 1354 2022 1398 et
2051 1344 2198 1398 venti

625 1443 806 1484 aerem
859 1429 1300 1485 commovebant.
1354 1427 1522 1484 Terra
1554 1432 1779 1502 insuper
1815 1433 2029 1499 plantas
2061 1450 2197 1489 con-

628 1527 783 1572 sueto
818 1518 1077 1573 alimento
1121 1519 1370 1589 privabat
1410 1535 1424 1573 :
1477 1521 1580 1575 illae
1629 1522 1813 1576 itidem
1864 1524 2194 1592 voluptatem

627 1610 802 1663 oculis
836 1611 1194 1680 denegabant.
1224 1613 1477 1677 Atnune,
1524 1624 1812 1683 postquam
1844 1617 2202 1687 verisladvcn-

629 1712 720 1757 tus
755 1704 870 1758 hare
896 1704 1122 1757 dissidia
1147 1707 1491 1774 compressit,
1522 1704 1720 1759 ﬂuctus
1748 1705 1858 1774 jam
1894 1706 2203 1775 tranquilli-

630 1802 742 1849 tate
763 1795 1034 1861 fruentur,
1059 1795 1241 1849 littora
1276 1792 1596 1862 salutantes,
1620 1812 1681 1851 ac
1711 1796 1902 1865 leniter
1926 1797 2201 1867 complec-

2300 613 2575 668 fructuum
2635 621 2911 667 auctorem
2964 619 3020 663 et
3073 618 3472 679 porrectorem,
3511 608 3709 673 inrorat,
3740 624 3787 663 ac

2299 704 2508 759 sulcum
2529 700 2884 771 proscindens
2909 698 3146 754 laborem
3170 705 3488 767 praesentem
3505 710 3785 764 nequaquam

2299 806 2575 868 supputat,
2601 796 2695 852 sed
2750 810 2848 865 spe
2902 792 3101 848 fntune
3135 791 3328 847 messis
3365 800 3623 845 recreatur
3666 799 3786 857 atque

2300 890 2623 944 oblectatur.

2368 980 2487 1036 Col.
2530 980 2632 1035 619
2686 979 2751 1034 A.
2816 977 2973 1031 hunc
3014 982 3197 1046 pastor
3233 984 3283 1027 et
3353 969 3587 1024 bubulcus
3626 968 3786 1035 ﬁstulas

2300 1081 2506 1143 aptant,
2548 1079 2655 1127 etc.
2697 1070 2851 1125 Nunc
2909 1078 2964 1122 et
2997 1076 3199 1137 pastor,
3251 1075 3308 1118 et
3336 1061 3613 1121 bubulcus,
3642 1058 3786 1111 incisis

2300 1166 2523 1222 calamis
2542 1163 2839 1235 pastorales
2862 1161 3076 1223 ﬁstulas
3099 1156 3394 1213 conficiunt
3417 1169 3480 1208 ac
3496 1156 3785 1219 componunt,

2301 1258 2355 1311 in
2383 1271 2584 1325 easque
2614 1253 2942 1324 inspirantes
2968 1259 3021 1304 et
3047 1245 3389 1303 insufﬂantes
3420 1240 3663 1313 pastorale
3690 1253 3784 1291 car-

2301 1363 2427 1403 men
2463 1345 2830 1406 modulantur,
2865 1341 3122 1410 verisque
3164 1337 3439 1405 voluptate
3476 1330 3784 1403 perfruuntur,

2301 1440 2355 1493 in
2400 1439 2566 1508 petris
2626 1435 2707 1490 vel
2739 1432 3012 1489 umbrosis
3060 1427 3373 1490 arboribus,
3402 1431 3601 1493 propter
3641 1432 3784 1472 auram

2300 1540 2352 1584 et
2400 1528 2738 1585 moderatum
2792 1524 2925 1579 solis
2975 1523 3216 1577 calorem
3275 1518 3532 1574 sedentes.
3577 1510 3704 1565 Nunc
3745 1517 3785 1561 et

2302 1623 2605 1691 plantarum
2634 1618 2812 1672 cultor
2835 1617 3048 1684 plantas
3068 1609 3437 1672 circumfodit,
3464 1616 3514 1661 et
3539 1607 3784 1674 perpurgal.

2301 1725 2461 1782 atque
2494 1710 2642 1764 omni
2674 1710 2885 1763 ratione
2917 1706 3048 1760 colit
3083 1716 3179 1759 :et
3209 1714 3405 1770 auceps
3432 1697 3642 1753 calamos
3660 1702 3782 1782 quos-

2301 1781 2423 1856 dam
2464 1799 2736 1867 accipiens
2779 1813 2841 1850 ex
2903 1795 2972 1849 iis
3022 1792 3254 1848 aviculis
3284 1802 3472 1844 caveas
3511 1781 3717 1839 exstruit.
3735 1790 3781 1829 ac

630 1896 849 1941 tentes:
888 1887 1057 1940 nubes
1108 1887 1240 1942 solis
1287 1887 1584 1942 luminibus
1636 1888 1889 1943 crassitie
1936 1903 2034 1943 sua
2084 1904 2193 1943 non
2231 1866 2272 1920 Β
2300 1893 2542 1948 viscosos
2569 1866 2751 1943 ramos
2775 1888 3239 1957 inspectat,num
3272 1887 3486 1934 rectese
3512 1873 3779 1930 habeant,»

631 1977 721 2032 olli
758 1978 903 2039 ient,
968 1993 1061 2031 aer
1096 1979 1278 2046 quiete
1318 1979 1649 2047 perfruetur,
1692 1983 1890 2049 stirpes
1925 1980 2198 2046 germina-

632 2067 769 2120 bunt
792 2107 806 2130 ,
842 2074 984 2122 terra
1048 2069 1195 2137 ipsas
1227 2069 1469 2137 parentis
1502 2069 1675 2125 instar
1711 2070 2002 2135 nutriente,
2037 2080 2199 2140 atque

635 2157 702 2213 ad
754 2159 1225 2228 producendorum
1265 2158 1543 2219 fructuum
1591 2159 1858 2230 principia
1889 2175 1981 2215 eas
2012 2161 2203 2229 impel-

629 2250 813 2306 lente:
843 2266 906 2306 ac
935 2251 1192 2319 deinceps
1224 2251 1415 2306 harum
1449 2265 1629 2305 rerum
1661 2250 2022 2307 oblectatione
2054 2252 2198 2306 oculi

629 2345 801 2400 nostri
832 2344 1299 2399 exhilarabuntur.
1332 2344 1486 2401 Nunc
1527 2344 1707 2401 fontes
1743 2359 1959 2415 quoque
2017 2345 2199 2412 limpi-

628 2437 754 2493 dius
781 2438 1112 2499 scaturiunt,
1132 2446 1192 2513 ut
1217 2439 1308 2507 qui
1338 2453 1446 2493 non
1477 2438 1713 2508 amplius
1740 2436 2199 2493 avehementibus

628 2529 897 2585 imbribus
947 2531 1270 2588 turbentur,
1317 2528 1409 2582 sed
1465 2543 1632 2598 puros
1686 2527 1873 2582 latices
1927 2527 2197 2581 emittant.

627 2619 783 2674 Nunc
802 2632 991 2673 amnes
1014 2617 1295 2672 uberiores
1320 2616 1511 2681 ﬁniunt,
1537 2616 1911 2686 colliquefacta
1940 2617 2197 2672 nimirum

629 2710 797 2775 nive,
836 2709 1117 2778 glacieque
1170 2709 1407 2763 resoluta
1459 2728 1472 2762 :
1528 2708 1728 2777 quibus
1785 2709 1947 2762 rebus
2007 2707 2201 2764 hiemis

630 2811 875 2870 tempore
930 2797 1263 2868 proﬂuvium
1332 2813 1522 2853 eorum
1580 2797 1981 2867 impediebatur
2036 2807 2201 2867 atque

630 2892 997 2948 inliihehatnr.
1030 2893 1171 2959 Quin
1203 2890 1365 2946 etiam
1405 2901 1558 2961 prata
1588 2901 1641 2946 et
1671 2892 1812 2946 horti
1842 2907 2035 2947 suaves
2063 2892 2201 2946 odo-

629 2999 720 3040 res
779 2984 969 3049 edunt,
1010 2999 1076 3039 ac
1113 2985 1309 3054 plantae
1343 2984 1658 3047 virescunt,
1716 2993 1879 3054 atque
1911 2998 2202 3039 ornamen-

631 3087 743 3131 tum
775 3091 934 3132 suum
975 3075 1299 3146 proferunt;
1332 3085 1384 3129 et
1413 3091 1607 3131 recens
1643 3085 1829 3129 exorta
1880 3075 2045 3130 herba
2078 3083 2201 3128 ton-

630 3170 823 3233 detur,
851 3168 1087 3237 agnique
1133 3167 1337 3223 teneris
1366 3168 1594 3237 pedibus
1626 3167 1678 3221 in
1719 3166 2021 3222 virentibus
2051 3166 2200 3223 arvis
2226 3203 2272 3262 ο

630 3260 832 3314 lascive
859 3260 1123 3315 saltitant.

698 3348 816 3403 Col.
863 3350 966 3404 618
996 3350 1061 3411 D.
1139 3348 1296 3403 Nunc
1339 3350 1485 3402 navis
1520 3363 1641 3400 cum
1681 3346 2040 3408 celeusmatis,
2092 3355 2197 3401 etc.

630 3435 733 3503 Qui
766 3438 831 3491 de
862 3438 1027 3492 rebus
1056 3438 1398 3491 naturalibus
1424 3444 1749 3499 tractarunt,
1793 3450 1918 3490 cum
1950 3435 2055 3488 alia
2087 3436 2203 3490 ele-

634 3536 846 3587 menta.
895 3539 1008 3581 tum
1060 3543 1284 3597 aquam,
1313 3527 1633 3596 sphaericam
1703 3526 1907 3581 habere
1971 3527 2199 3597 figuram

632 3618 926 3673 aftlrmant.
989 3619 1231 3683 Idcirco,
1277 3635 1399 3672 cum
1455 3618 1609 3673 navis
1643 3634 1673 3673 e
1708 3629 1865 3687 portu
1924 3618 1979 3673 in
2033 3617 2202 3671 altum

632 3706 826 3770 fertur,
852 3706 1152 3775 ἀνάγεσθαι
1189 3706 1412 3774 dicitur,
1446 3708 1595 3761 velut
1644 3707 1712 3761 ab
1778 3707 2053 3761 humiliori
2081 3708 2203 3761 loco

635 3797 704 3851 ab
735 3797 1110 3852 sublimiorem
1157 3796 1457 3859 ascendens
1489 3813 1649 3852 :cum
1691 3809 1871 3853 autem
1910 3813 1940 3852 a
1974 3799 2111 3867 mari
2147 3799 2201 3852 in

637 3896 854 3958 portum
888 3890 1127 3960 appellit,
1163 3898 1297 3944 tunc
1326 3889 1652 3956 κατάγεται,
1685 3889 1738 3944 id
1777 3897 1881 3957 est,
1912 3889 2200 3956 descendit,

636 3979 894 4031 nimirum
952 3981 1021 4033 ab
1058 3980 1165 4033 alta
1195 3988 1249 4033 et
1274 3994 1512 4034 convexa
1558 3990 1711 4049 parte
1750 3979 1804 4033 in
1835 3979 2201 4034 humiliorem.

634 4069 789 4136 Quod
811 4077 1153 4139 perspectum
1176 4070 1379 4125 habens
1395 4069 1724 4143 TheOIOgus;
1750 4071 1858 4126 ait:
1878 4071 2032 4127 Nunc
2050 4071 2204 4126 navis

634 4175 760 4215 cum
817 4159 1167 4216 celeusmatis
1196 4178 1225 4215 e
1263 4173 1419 4231 portu
1443 4163 1623 4217 solvit.
1654 4162 1994 4218 Celeusmata
2024 4174 2202 4216 autem

633 4251 917 4307 cautiones
948 4252 1051 4307 illa:
1085 4260 1235 4319 sunt,
1269 4269 1405 4323 quas
1436 4264 1635 4317 nautae,
1664 4269 1787 4309 cum
1811 4254 1929 4309 vela
1982 4268 2201 4309 sursum

634 4344 884 4409 tendunt,
909 4344 1176 4400 modulari
1206 4346 1405 4401 solent.
1439 4345 1547 4400 Deo
1569 4359 1734 4415 porro
1756 4354 1907 4415 grata
1934 4360 1996 4399 ea
2021 4352 2201 4410 vocat,

635 4434 809 4489 utDei
840 4440 1158 4490 memoriam
1195 4437 1635 4505 complectentis,
1657 4445 1819 4506 atque
1852 4437 2024 4506 ipsius
2047 4437 2207 4490 auxi-

634 4528 765 4580 lium
798 4528 1104 4582 invocantia
1140 4546 1155 4595 ;
1196 4526 1531 4598 πτεροῦσθαι
1558 4538 1763 4589 autem,
1798 4528 1900 4582 hoc
1942 4538 2045 4585 est.
2073 4545 2198 4598 pen—
2230 4524 2284 4584 D
2311 4533 2452 4587 inter
2481 4545 2541 4585 se
2568 4527 2895 4597 compositio
2948 4525 3258 4581 universum
3288 4514 3534 4589 opillcium
3560 4514 3634 4557 sus

631 4618 715 4670 nis
743 4619 957 4681 instrui,
991 4634 1183 4673 navem
1234 4619 1476 4672 adhibito
1523 4619 1645 4672 velo
1685 4620 1836 4681 dicit,
1870 4619 2105 4675 fortasse
2138 4620 2207 4673 ab

632 4704 868 4761 Homero
910 4710 1051 4764 hanc
1094 4726 1283 4765 vocem
1336 4720 1639 4777 mutuatus,
1683 4711 1809 4780 quia
1851 4711 1964 4765 vela
2005 4725 2211 4780 pennas

633 4797 788 4851 navis
842 4799 1151 4866 appellavit,
1185 4801 1264 4853 vel
1294 4802 1454 4855 etiam
1509 4800 1741 4856 fortasse
1798 4802 1869 4856 ab
1916 4801 2074 4865 Isaia,
2136 4802 2204 4857 de

632 4891 958 4962 quibusdam
987 4891 1060 4943 ita
1088 4893 1342 4959 loquente
1369 4910 1381 4945 ε
1420 4890 1681 4945 Volabant
1714 4892 1771 4944 in
1801 4891 2043 4944 naribus.
2084 4889 2206 4957 Quo

633 4981 800 5036 verbo
823 4982 1109 5053 navigandi
1134 4990 1188 5034 et
1218 4982 1516 5051 remigandi
1543 4982 1876 5035 celeritatem
1913 4982 2203 5050 expressit,

632 5089 756 5129 cum
781 5072 1092 5142 hujusmodi
1115 5072 1463 5140 agitationem
1495 5086 1616 5126 cum
1649 5072 1827 5126 volatu
1847 5073 2204 5142 comparavit,

632 5165 851 5237 quando
885 5166 1061 5234 plenis
1097 5165 1253 5227 velis,
1285 5180 1349 5220 ac
1383 5175 1541 5220 vento
1576 5164 1642 5218 ad
1673 5164 1894 5235 puppim
1920 5165 2206 5219 commode

632 5271 682 5314 et
706 5268 1071 5327 congruenter
1101 5257 1282 5322 ﬂante,
1317 5258 1368 5311 in
1408 5256 1540 5311 mari
1577 5255 1845 5312 feruntur.
1876 5258 1953 5309 Ac
1994 5256 2205 5325 delphi-

633 5367 734 5410 nus
759 5354 943 5416 etiam,
973 5352 1178 5421 inquit,
1205 5366 1327 5403 cum
1350 5349 1752 5420 iucundissimo
1771 5347 1988 5405 sufﬂatu
2029 5364 2057 5403 e
2075 5364 2203 5418 pro-
2222 5392 2246 5421 θ

632 5444 797 5499 fundo
818 5446 882 5497 ad
901 5460 1054 5514 aqu't'
1074 5443 1414 5509 superﬁciem
1434 5439 1835 5509 ἄναπόμπεται,
1859 5440 1909 5494 id
1932 5449 2036 5509 est,
2056 5439 2210 5509 clla;

632 5549 722 5591 tur
741 5547 796 5592 et
822 5540 1156 5602 aseendit,ac
1183 5550 1425 5593 vectores
1451 5536 1601 5591 l:etos
1619 5543 1672 5590 et
1698 5535 1896 5588 hilares
1920 5536 2203 5604 prosequi-

632 5634 740 5679 tur.
762 5624 896 5680 Nam
940 5628 1250 5695 huiusmodi
1286 5626 1516 5696 piscium
1555 5625 1913 5680 saltitationes
1940 5626 2205 5694 tranquil-

634 5720 835 5772 litatem
874 5719 1137 5771 indicant.
1195 5719 1312 5772 Jam
1337 5719 1498 5771 etiam
1534 5727 1775 5771 aratrum
1797 5716 2036 5789 agricola
2056 5733 2203 5772 com-

636 5812 802 5879 pingit
831 5820 883 5865 et
912 5812 1213 5879 componit,
1238 5819 1289 5861 cl.
1318 5813 1479 5865 boves
1513 5820 1759 5865 aratores
1801 5810 1932 5875 iugo
1961 5811 2198 5873 stringit.

2297 1997 2501 2055 pennas
2525 1992 2581 2036 et
2607 1980 2844 2035 volatum
2871 1978 3050 2031 avium
3080 1974 3300 2028 curiose
3320 1968 3583 2055 explorat,
3602 1962 3684 2055 hoc
3702 1970 3774 2019 est.

2300 2048 2481 2128 utrum
2517 2072 2582 2125 ad
2612 2082 2794 2122 ramos
2815 2066 2960 2121 visco
2981 2065 3186 2118 oblitos
3214 2062 3411 2121 volent,
3435 2072 3496 2111 an
3523 2054 3615 2108 alio
3638 2048 3771 2103 feran-

2300 2175 2407 2218 tur.
2440 2166 2615 2232 Atque
2634 2162 2796 2215 etiam
2829 2160 3069 2227 piscator
3101 2155 3155 2210 in
3195 2151 3512 2224 profundum
3540 2142 3712 2214 aspicit,
3733 2144 3771 2192 et

2300 2268 2414 2314 rete
2465 2272 2623 2312 suum
2680 2262 2927 2323 apparat,
2974 2261 3030 2307 et
3074 2249 3131 2305 in
3191 2243 3405 2304 sublimi
3438 2238 3637 2311 quadam
3663 2239 3769 2304 petra

2301 2349 2498 2405 sedens
2537 2348 2810 2416 piscatur.
3662 2411 3696 2422 ﬂ
3738 2408 3748 2422 .

2370 2439 2505 2494 Ibid.
2538 2411 2694 2491 thmc
2731 2433 2931 2490 sedula
2952 2447 3108 2500 apes,
3142 2427 3329 2483 solutis
3356 2423 3543 2495 pennis,
3559 2427 3643 2474 etc.
3662 2411 3768 2465 Veri!

2301 2530 2464 2587 etiam
2519 2537 2765 2596 tempore
2822 2523 3043 2594 sapiens
3091 2528 3153 2576 et
3206 2516 3463 2574 industria
3504 2508 3766 2602 spinet-ef!

2301 2619 2441 2690 apud
2476 2590 2845 2678 Salomonem,
2878 2590 3113 2682 pennam
3146 2624 3303 2665 suam
3323 2644 3340 2670 ,
3387 2605 3450 2659 ah
3490 2600 3677 2655 hiberno
3691 2590 3764 2690 tri.

2301 2683 2451 2781 gere,
2478 2708 2631 2779 quasi
2663 2723 2695 2762 a
2721 2705 2941 2761 vinculo
2970 2702 3213 2773 quodam
3243 2702 3618 2770 torpescentem.
3643 2683 3763 2781 velut:

2300 2819 2408 2874 que
2455 2800 2844 2864 constrictam,
2875 2795 3061 2862 solvit,
3115 2802 3283 2863 atque
3336 2789 3401 2845 ab
3440 2781 3762 2842 alvearibus.ln

2303 2892 2500 2965 quibus
2543 2891 2772 2954 habitat,
2803 2903 2868 2946 ac
2894 2888 3000 2942 mel
3033 2894 3301 2955 tanquam
3336 2883 3389 2939 in
3418 2876 3601 2936 horreis
3629 2878 3762 2965 recon-

2303 2963 2403 3047 dit,
2450 2981 2748 3051 egreditur,
2800 2989 2854 3034 et
2904 2977 2958 3033 in
3014 2976 3237 3040 hortos,
3283 2981 3333 3028 et
3372 2968 3568 3024 ﬂoribus
3608 2963 3760 3051 ament

2304 3075 2421 3129 loca
2454 3050 2727 3133 convolat,
2750 3083 2815 3122 ac
2847 3081 3031 3123 ceram
3075 3064 3301 3135 quidem
3329 3076 3390 3118 es
3417 3050 3758 3140 ﬂoribus-apt"?

2303 3154 2529 3232 colligit,
2560 3158 2664 3214 mel
2720 3166 2925 3221 autem,
2976 3156 3080 3209 hoc
3127 3161 3235 3218 est,
3280 3130 3757 3232 inspersumﬂoribns

2305 3230 2606 3313 humorem,
2650 3264 2745 3304 ore
2775 3256 3089 3312 attractum,
3133 3244 3374 3299 favorum
3402 3230 3661 3293 caritatibus
3683 3230 3755 3274 int-

2303 3345 2487 3403 mittit.
2519 3344 2649 3410 Quae
2701 3344 2865 3398 etiam
2923 3353 3087 3395 causa
3152 3348 3254 3401 est,
3284 3350 3377 3392 cur
3417 3329 3548 3386 initio
3571 3317 3752 3377 acerbum

2303 3449 2465 3507 atque
2522 3449 2767 3489 amarum
2826 3433 2920 3496 sit,
2953 3440 3221 3487 caeterum
3273 3422 3505 3493 temporis
3544 3413 3756 3513 βτίξετθθξι

2303 3538 2623 3585 concoctum
2656 3526 2720 3583 ad
2750 3524 3021 3597 propriam
3053 3520 3483 3577 constitutionem
3498 3509 3758 3597 suavitatem:

2304 3636 2411 3691 que
2469 3619 2627 3674 redit.
2672 3590 2943 3688 Σύξηγξτες
2995 3629 3171 3682 porro
3221 3611 3457 3666 dicuntur
3491 3611 3590 3654 cava
3626 3590 3693 3643 illa
3717 3590 3757 3691 ct

2303 3688 2534 3781 oblonga
2593 3712 2700 3765 duo
2761 3707 2934 3767 mellis
2990 3704 3380 3776 promptuaria,
3414 3695 3582 3751 Diverso
3615 3688 3752 3735 autem

2304 3813 2468 3873 atque
2484 3801 2736 3871 opposito
2769 3798 2929 3854 modo
2951 3797 3057 3854 sibi
3088 3798 3319 3853 invicem
3350 3783 3629 3873 respomlsttlt
3651 3783 3756 3873 φη

2305 3871 2449 3949 niam
2483 3892 2586 3947 alia
2612 3891 2678 3947 ad
2704 3899 2907 3947 rectam
2949 3888 3154 3944 lineam
3184 3886 3353 3958 posita
3375 3884 3505 3941 sunt,
3529 3871 3608 3926 alia
3624 3872 3754 3964 supe-

2307 3987 2544 4041 rioribus
2597 3982 2939 4037 fundamenti
2970 3981 3095 4037 loco
3133 3990 3282 4045 sunt,
3311 3972 3556 4038 mellisque
3587 3958 3753 4045 admini:

2305 4079 2423 4134 cuia
2447 4117 2464 4139 ,
2519 4091 2625 4131 non
2685 4076 2869 4130 minus
2903 4073 2969 4127 ad
3004 4073 3190 4141 Operis
3224 4063 3533 4138 elegantiam,
3558 4061 3681 4141 quam
3709 4036 3751 4092 ad

2306 4169 2675 4227 securitatem.
2726 4167 2875 4221 Adeo
2931 4139 3072 4219 scite
3125 4173 3182 4219 et
3229 4160 3439 4216 solerter
3481 4145 3577 4217 apis
3616 4139 3750 4192 homa

2305 4259 2484 4314 mellis
2516 4257 2835 4312 fabricatur.
2911 4252 3129 4307 Etenim
3162 4262 3333 4305 ceram
3365 4245 3412 4298 in
3438 4245 3613 4294 tenuem
3635 4232 3750 4279 mem'

2308 4353 2531 4405 branam
2587 4346 2944 4409 distendens,
2970 4346 3173 4400 densas
3222 4350 3274 4395 et
3317 4319 3751 4421 continuas-initi:

2307 4440 2569 4497 cavitates
2581 4435 2833 4507 porrigit,
2853 4435 2927 4490 ita
2947 4443 3007 4488 ut
3026 4430 3295 4489 densailla
3316 4436 3477 4481 rerum
3494 4408 3750 4548 mining;

2312 4533 2323 4544 ’
2371 4540 2384 4548 ’
2403 4546 2412 4548 ’
2430 4547 2449 4548 ’7
2486 4545 2502 4548 “
2520 4545 2532 4548 ’
2576 4544 2592 4548 ‘
2608 4544 2624 4548 ‘
2640 4544 2720 4548 “‘
2738 4527 2889 4548 “""
2948 4525 3257 4548 ---=-A------
3291 4514 3534 4548 “uratum
3560 4514 3634 4548 sus

2312 4585 2377 4678 ac
2404 4585 2639 4675 ‘fulciat.
2675 4585 3028 4688 ﬁnaqumque
3090 4616 3233 4672 enim
3293 4585 3467 4667 εέιιυια
3495 4608 3595 4688 curn
3634 4585 3747 4688 alter!

2312 4712 2570 4772 cohaeret,
2603 4708 2749 4763 tenui
2784 4682 2955 4777 septo‘
2976 4706 3046 4759 ab
3072 4720 3136 4760 ea
3164 4703 3411 4766 dirempta
3446 4682 3749 4777 simulet

2306 4803 2519 4872 juncta.
2565 4798 2767 4853 Deinde
2808 4761 2893 4851 hie
2941 4795 3135 4851 ﬁstula:
3174 4794 3244 4846 ita
3281 4761 3748 4872 exstructaiful‘l'f

2310 4853 2420 4951 duo
2449 4901 2613 4962 atque
2664 4892 2799 4945 adeo
2833 4891 2936 4944 tria
2988 4888 3223 4942 tabulata
3266 4880 3495 4936 habeant.
3528 4858 3669 4962 ierit:
3691 4853 3746 4962 6‘9:

2310 4987 2454 5040 enim
2488 4996 2652 5039 unam
2697 4997 2791 5050 per
2842 4981 3152 5035 universam
3213 4971 3475 5029 cavitatem
3525 4947 3747 5050 faceret“:

2312 5077 2577 5148 gravitate
2637 5074 2931 5141 depressus
2981 5071 3174 5124 humor
3217 5063 3281 5118 ad
3328 5038 3743 5148 θιξθξηίδξηᾼίᾞιῗῗ

2312 5128 2604 5219 laberetur.
2641 5128 2759 5216 Jain
2793 5175 2920 5215 vero
2948 5173 3134 5213 omnes
3160 5134 3585 5208 favnrum'listulan

2688 5255 2717 5257 μ
3288 5254 3296 5257 .
3318 5256 3325 5257 ,
3352 5253 3379 5257 __
3411 5234 3456 5257 ε..
3482 5233 3601 5257 una“!

2311 5257 2447 5327 gula:
2479 5264 2533 5309 et
2563 5255 2889 5324 :equilaterze
2914 5260 3062 5314 sunt,
3091 5263 3195 5303 non
3218 5253 3382 5297 autem
3411 5234 3456 5287 in

2311 5302 2432 5402 aliis
2462 5302 2859 5406 incumbentes,
2899 5358 2965 5398 ne
3009 5343 3126 5395 imae
3154 5343 3325 5406 partes

2310 5447 2409 5493 clue
2461 5437 2688 5491 nimium
2742 5443 3072 5504 premantur,
3100 5439 3275 5483 verum
3305 5413 3463 5487 anguli
3501 5395 3737 5526 inlegati?

2314 5534 2751 5601 hexagcnorum,
2803 5528 2869 5581 iis
2916 5526 3007 5596 qui
3056 5519 3368 5591 superiorem
3397 5494 3735 5616 locummtnelttcptzsi

2313 5582 2543 5678 basiscet
2578 5582 2950 5681 sustentaculi.
2972 5618 3139 5673 virent
3174 5606 3411 5680 praebent,
3440 5603 3487 5648 ιη
3513 5582 3714 5681 super}?

2311 5723 2427 5769 tuto
2483 5713 2721 5781 pondera
2770 5711 3108 5769 attollantur,
3140 5716 3199 5756 ac
3256 5670 3731 5793 Ρτῖγπίξιξθξιιιυτίῖο

2313 5754 2585 5871 tl'lﬁmnuc
2631 5806 2915 5863 cavitatem
2970 5803 3160 5855 humer
3213 5783 3501 5845 demittatur.
3530 5764 3595 5820 Ad
3636 5754 3705 5805 bu"
