4076 6292
228 397 258 459 1
271 397 403 458 433

1147 401 1472 461 NICETAS
1514 404 1594 464 IN
1635 405 1862 470 ORAT.
1905 409 2105 469 XLIII
2145 413 2202 473 S.
2249 412 2483 473 GIlEG.

3364 422 3382 484 1
3397 421 3502 484 434

226 508 489 563 τηοιῙιιῐη
545 511 664 577 apis
717 523 855 574 οβιιε
905 525 1063 564 δηιιηῖ
1121 516 1485 575 οοηείῖιιιοηεο
1537 529 1600 568 30
1655 524 1832 571 l'ct'las
1863 523 1990 578 Aet
2041 524 2380 594 triumphum
2438 529 2660 591 obeunt,
2734 528 2960 598 piosque
3007 529 3154 584 viros
3204 540 3256 584 et
3302 531 3502 593 Christi

229 602 442 655 lineas
475 601 688 670 angulis
719 603 996 657 alternans
1042 604 1093 659 id
1138 615 1240 669 est,
1275 609 1664 679 constringens
1689 613 1834 674 (nam

231 708 392 748 cum
425 693 545 746 dua:
575 702 739 747 rectae
768 693 923 748 lineae
958 695 1098 751 inter
1125 711 1186 752 se
1218 698 1554 763 inseruntur,
1599 702 1700 755 hoc
1731 711 1834 763 est,

239 784 605 847 vinciuntur,
652 800 818 853 seque
874 787 1240 853 intersecant,
1297 793 1530 862 angulus
1575 793 1834 862 gignitur)

237 881 455 943 aptum
511 875 751 928 curatori
792 876 1004 931 dulcem
1063 877 1319 942 fructum,
1355 896 1455 935 nec
1506 881 1689 936 labore
1723 883 1835 934 ullo

237 977 301 1021 et
325 967 586 1020 aratione
613 968 924 1036 quaesitum,
943 970 1034 1024 sed
1055 972 1203 1026 omni
1235 989 1479 1028 aerumna
1508 985 1559 1028 et
1589 977 1834 1044 corporis

232 1057 552 1111 vexatione
578 1067 852 1112 carentem
880 1061 1116 1129 profert:
1145 1065 1600 1131 quemadmodum
1627 1067 1830 1120 utinam

235 1166 359 1205 nos
396 1165 638 1220 quoque,
671 1150 764 1220 qui
793 1151 992 1206 Christi
1019 1155 1285 1222 apiarium
1321 1170 1547 1232 sumus,
1580 1159 1834 1225 spiritua-

234 1241 362 1294 letn
403 1252 460 1294 et
497 1241 653 1294 nobis
689 1241 908 1309 dignum
939 1242 1172 1298 fructum
1207 1244 1308 1313 ipsi
1343 1247 1705 1314 porrigamus,
1738 1249 1830 1315 qui

235 1330 364 1384 tale
403 1331 604 1402 partim
639 1329 938 1398 sapientiae;
972 1333 1185 1400 partim.
1223 1333 1507 1388 industriae
1540 1346 1590 1388 et
1628 1337 1832 1390 seduli-

237 1420 391 1474 tatis
423 1420 731 1488 exemplum
761 1421 828 1475 ab
858 1437 959 1491 ape
987 1425 1321 1493 accepimus.
1351 1426 1482 1478 Nam
1541 1438 1832 1496 utramque

236 1509 481 1564 laudem
517 1511 776 1565 Salomon
800 1513 852 1566 in
875 1513 1186 1571 Proverbiis
1205 1517 1291 1586 api
1319 1517 1730 1580 tribuit,dicens
1761 1519 1779 1549 ¹
1803 1536 1816 1572 :

238 1603 434 1672 Perge
464 1604 529 1657 ad
556 1605 724 1674 apim,
747 1619 812 1659 ac
839 1606 1009 1671 disce,
1037 1623 1200 1676 quam
1235 1609 1498 1663 industria
1530 1611 1620 1676 sit,
1642 1625 1833 1678 quam-

236 1709 362 1764 que
401 1694 694 1749 honestum
721 1705 774 1751 et
801 1697 1116 1766 praeclarum
1146 1708 1413 1768 qumstum
1441 1700 1641 1756 faciat:
1670 1717 1829 1768 cujus

236 1785 499 1848 labores,
536 1795 590 1839 et
624 1788 917 1854 principes,
951 1799 1006 1843 et
1055 1791 1274 1857 privati,
1315 1793 1472 1846 bonae
1500 1793 1828 1847 valetudinis

239 1893 394 1949 ergo
448 1877 779 1948 percipiunt,
813 1889 866 1935 et
913 1896 1226 1952 quanquam
1270 1884 1476 1940 viribus
1532 1885 1825 1945 imbecilla,
1858 1861 1904 1919 Β

239 1969 405 2038 apud
437 1966 628 2024 omn’es
649 1979 827 2025 tamen
857 1974 1105 2028 amabilis
1135 1983 1217 2030 est
1247 1984 1300 2029 et
1335 1975 1580 2040 illustris,
1606 1977 1830 2046 sapien-

240 2061 464 2128 tiaeque
494 2060 653 2116 laude
687 2065 950 2120 instructa
989 2080 1020 2120 a
1060 2065 1170 2121 Deo
1206 2078 1487 2137 procreata
1519 2079 1620 2125 est.

320 2150 453 2207 Col.
479 2152 582 2206 619
642 2153 703 2207 Β.
727 2154 848 2208 lam
873 2157 985 2211 avis
1016 2157 1198 2212 nidum
1230 2163 1510 2225 construit,
1542 2173 1646 2217 etc.
1678 2161 1833 2217 Nunc

240 2248 426 2301 etiam
461 2261 614 2310 aves,
639 2251 835 2316 partim
870 2250 1094 2306 festucis
1116 2254 1440 2322 quibusdam
1464 2265 1556 2309 aut
1580 2257 1832 2326 quisqui-

227 2331 347 2386 ‘liis
386 2333 626 2402 acceptis
667 2336 824 2390 nidos
853 2338 1140 2405 aedificant;
1163 2343 1357 2407 partim
1382 2359 1412 2396 e
1438 2344 1734 2413 longinquo
1764 2347 1829 2400 ad

244 2421 451 2475 nidum
511 2437 571 2478 se
601 2425 891 2482 conferunt
920 2437 1014 2483 aut
1043 2429 1286 2486 referunt
1317 2449 1331 2499 ;
1366 2436 1563 2503 partim
1613 2437 1724 2505 jam
1777 2441 1830 2490 in

241 2528 382 2568 eum
415 2514 729 2587 immigrant
777 2531 939 2591 tque
967 2523 1383 2594 ingrediuntur;
1423 2531 1616 2597 partim
1667 2547 1829 2600 supra

247 2605 452 2658 nidum
507 2609 713 2674 volant,
752 2626 814 2664 ac
855 2613 1000 2667 circa
1053 2618 1296 2670 nativom
1327 2619 1508 2672 locum
1543 2623 1828 2675 stridorem

245 2697 432 2750 edunt
479 2706 532 2750 et
584 2701 852 2768 garriunt,
883 2712 1045 2771 atque
1077 2705 1348 2760 hominem
1405 2711 1550 2763 velut
1595 2712 1832 2779 alloquio

246 2788 497 2857 quodam
529 2789 826 2859 excipiunt.
859 2796 936 2846 Ac
965 2794 1212 2862 proinde,
1245 2813 1350 2851 non
1380 2799 1501 2852 coeli
1544 2799 1828 2866 duntaxat,

244 2881 358 2936 etsi
395 2896 580 2936 vocem
612 2898 716 2936 non
751 2885 993 2948 edentes,
1046 2885 1140 2942 Dei
1199 2888 1423 2960 gloriam
1468 2901 1726 2946 enarrant
1759 2895 1779 2925 ’
1814 2910 1830 2957 ;

246 2969 350 3023 sed
402 2968 505 3022 alia
565 2971 728 3022 etiam
789 2973 994 3033 omnia.
1033 2983 1198 3041 atque
1231 2975 1368 3029 adeo
1425 2978 1526 3045 ipsi
1579 2995 1831 3047 passeres

249 3057 490 3112 vocibus
523 3059 690 3113 mutis
736 3058 825 3114 Dei
869 3062 1055 3116 laudes
1088 3065 1404 3132 praedicam.
1443 3066 1578 3121 Nam
1609 3079 1832 3137 propter

250 3152 376 3204 lucc
406 3148 609 3211 omnia.
645 3168 762 3218 qu:e
799 3153 1004 3205 razione
1059 3163 1111 3208 et
1157 3157 1426 3212 sermonis
1462 3175 1564 3212 usu
1616 3169 1805 3214 carent

253 3255 355 3310 per
393 3255 499 3303 me,
540 3241 628 3294 cui
667 3243 805 3295 ratio
852 3253 907 3296 et
939 3244 1188 3313 loquendi
1238 3248 1468 3303 facultas
1502 3251 1698 3305 tributa
1724 3263 1830 3319 est,

255 3333 518 3386 Creatori
551 3335 736 3402 gratia:
771 3346 1204 3408 aguntur,atque
1243 3341 1343 3393 hac
1374 3342 1583 3395 ratione
1613 3343 1828 3396 illorum

254 3423 502 3478 laudatio
537 3440 655 3478 mea
685 3425 936 3493 ellicitur,
967 3438 1149 3498 utpote
1173 3447 1202 3484 a
1228 3433 1425 3502 quibus
1451 3449 1552 3502 ego
1575 3420 1852 3489 laudandi

255 3515 354 3570 Dei
418 3515 696 3571 materiam
745 3526 799 3572 et
854 3531 1230 3590 argumentum
1287 3525 1463 3593 capio.
1538 3525 1830 3582 Enimvero

257 3607 444 3660 ridere
473 3621 580 3660 non
645 3619 729 3664 est
781 3611 1068 3679 cujuslibet
1118 3615 1433 3677 animantis.
1468 3605 1560 3672 sed
1594 3619 1834 3676 hominis

256 3698 438 3754 solius
476 3700 780 3767 proprium.
833 3700 1016 3767 Quare
1069 3705 1172 3758 hoc
1223 3705 1343 3758 loco
1375 3706 1601 3761 abusive
1628 3709 1831 3764 dictum

257 3800 369 3855 est,
400 3805 564 3845 omne
593 3793 952 3847 animantium
999 3810 1169 3863 genus
1211 3797 1408 3862 ridere,
1443 3799 1545 3853 hoc
1583 3810 1668 3854 est
1699 3815 1834 3871 gau-

256 3883 392 3937 dere
449 3891 612 3952 atque
665 3885 947 3940 oblectari.
993 3887 1129 3952 Quin
1177 3891 1340 3943 etiam
1394 3906 1589 3948 sensus
1643 3909 1834 3949 omnes

255 3972 458 4034 nostri,
489 3983 546 4027 ut
576 3976 774 4044 cuique
805 3979 1080 4047 congruit,
1121 3989 1438 4046 pascuntur.
1469 3981 1602 4036 Nam
1647 3999 1678 4038 e
1706 3999 1834 4038 sen-

258 4063 536 4129 sibilibus,
585 4065 640 4119 in
690 4083 812 4136 qua:
853 4070 1453 4139 unusquisque'sensus
1485 4075 1619 4140 agit,
1653 4077 1837 4130 suavi-

256 4165 433 4210 tatum
475 4156 689 4214 fructus
718 4161 1070 4230 percipimus.
1093 4161 1223 4229 Qum
1262 4173 1443 4220 autem
1476 4167 1543 4221 de
1572 4181 1713 4236 equo
1742 4168 1832 4222 hic

257 4247 538 4315 dicuntur,
573 4251 642 4306 ab
667 4250 899 4308 Homero
921 4264 1139 4324 accepta
1164 4259 1574 4327 paraphrastice
1634 4260 1833 4315 extulit

258 4342 594 4412 Theologus.
620 4344 712 4400 Sic
733 4346 880 4400 enim
923 4357 1076 4415 poeta
1108 4349 1348 4420 loquitur
1384 4367 1398 4404 :

344 4431 435 4495 Ὠς
466 4435 512 4487 δ’
544 4436 571 4488 ὅ
596 4436 656 4489 τὲ
689 4454 772 4499 τις
803 4439 1016 4503 στατός,
1047 4449 1155 4494 etc.

1812 3202 1826 3226 ’
1862 3197 1902 3258 Ω

1938 625 2184 670 amantes
2209 618 2274 671 ad
2305 619 2408 673 hoc
2435 618 2630 674 festum
2674 628 2999 684 convocaut,
3030 620 3506 688 certaminumque

1937 723 2161 761 suorum
2194 712 2536 765 narrationes
2589 712 2817 778 publicat
2861 712 3128 780 cujusque
3164 711 3405 766 historia:
3441 727 3506 766 ac

1940 801 2310 855 dimicationis
2338 818 2434 871 pro
2465 803 2683 858 Christo
2716 815 2981 872 suscepta:
3004 805 3232 858 lectione
3259 803 3506 872 promul-

1936 901 2086 959 gant.
2117 891 2355 957 Quorum
2391 908 2691 963 martyrum
2752 911 3038 949 numerum
3089 905 3248 964 auget
3279 893 3504 957 Marnas,

1935 997 2090 1037 meus
2119 984 2362 1048 quidem,
2389 986 2646 1052 quoniam
2682 987 2797 1055 ipsc
2836 1002 3054 1056 quoque
3079 987 3365 1054 Cappadox
3398 995 3511 1048 est,

1937 1089 2044 1127 non
2074 1084 2253 1127 autem
2284 1075 2428 1145 apud
2468 1091 2574 1138 me,
2615 1088 2802 1146 utpote
2833 1078 2886 1130 in
2923 1077 3097 1130 aliena
3134 1085 3276 1130 terra
3316 1076 3506 1129 rondi«

1939 1176 2046 1231 lus,
2084 1184 2277 1237 nempe
2333 1171 2530 1225 llorize.
2609 1170 2722 1224 Divi
2779 1172 2922 1224 enim
2983 1171 3271 1224 Illamantis
3311 1184 3507 1237 corpus

1935 1258 2196 1313 Cmsarere
2258 1261 2420 1315 situm
2487 1272 2570 1315 est
2621 1280 2633 1314 :
2694 1261 2785 1330 qui
2848 1271 3026 1314 autem
3101 1262 3215 1315 haec
3267 1259 3504 1320 dicebat,

1935 1349 2172 1401 Arianzo
2206 1363 2355 1405 ortus
2385 1361 2522 1405 erat.
2556 1353 2820 1405 Cancrum
2850 1350 2975 1418 quia
3009 1359 3274 1419 praesente
3304 1349 3508 1402 Basilio

1933 1439 2123 1511 Magno
2149 1443 2285 1494 hanc
2308 1443 2608 1497 orationem
2637 1443 2868 1497 habebat
2884 1443 3199 1511 Gregorius,
3221 1451 3506 1510 propterea

1933 1533 2066 1588 scite
2115 1534 2359 1604 adiunxit
2394 1553 2410 1590 :
2444 1534 2698 1589 Facessat
2740 1535 2969 1598 invidia,
3043 1535 3198 1602 quasi
3245 1536 3456 1587 diceret
3490 1550 3504 1585 :

1934 1623 2010 1678 Ne
2045 1626 2172 1678 inihi
2219 1641 2564 1686 succenseas,
2622 1627 2802 1680 divine
2835 1625 3022 1688 Basili.
3065 1625 3112 1680 si
3159 1626 3303 1693 quod
3357 1634 3507 1677 tuum

1932 1723 2038 1774 est.
2073 1715 2463 1771 benevolentiae
2509 1717 2703 1771 allectu
2760 1717 2894 1772 mihi
2940 1717 3181 1780 vindico,
3215 1730 3509 1784 meumque

1937 1807 2179 1860 nomino.
2218 1804 2426 1860 Bonum
2486 1807 2630 1861 enim
2686 1804 2860 1870 illud,
2924 1809 3068 1876 quod
3110 1807 3240 1860 mihi
3295 1819 3505 1862 assero.

1933 1895 2204 1966 eiusmodi
2243 1905 2348 1957 est,
2386 1907 2443 1950 ut
2476 1897 2865 1952 detrimentum
2903 1896 3130 1962 nesciat,
3154 1911 3219 1950 ac
3253 1895 3508 1964 perennis

1932 1999 1986 2044 et
2049 1990 2405 2043 inexhaustus
2461 1989 2754 2043 thesaurus
2805 1997 2888 2042 est
2942 1986 3170 2041 Mamas.
3207 1985 3311 2052 Qui
3351 1985 3507 2053 prius

1931 2080 2147 2150 quidem
2179 2081 2232 2133 in
2259 2089 2444 2134 monte.
2472 2094 2656 2134 cervas
2690 2078 2988 2148 mulgebat,
3016 2091 3343 2147 unaquaque
3371 2075 3508 2127 mira

1933 2175 2283 2227 contentione
2316 2182 2368 2227 et
2391 2173 2573 2228 studio
2595 2180 2942 2235 accurrente,
2971 2186 3036 2226 ac
3065 2184 3359 2224 mammam
3384 2177 3509 2220 ante

1932 2261 2068 2315 alias
2105 2276 2297 2317 omnes
2345 2263 2568 2332 martyri
2633 2263 2955 2318 submittere
3005 2262 3288 2332 gestiente.
3326 2268 3383 2314 ut
3416 2273 3509 2326 per

1930 2369 2050 2408 eam
2078 2364 2301 2409 sanctus
2333 2354 2655 2408 admirando
2690 2364 2743 2409 et
2770 2355 3033 2409 inusitato
3068 2354 3206 2407 lacte
3235 2351 3506 2406 aleretur:

1933 2460 2079 2501 nunc
2123 2455 2306 2500 autem
2358 2446 2620 2500 Caesarea:
2678 2447 2884 2515 plebem
2933 2446 3129 2516 pascit.
3183 2442 3306 2498 Uno
3362 2443 3508 2496 enim

1932 2538 2150 2593 circiter
2172 2539 2239 2592 ab
2262 2538 2394 2593 urbe
2411 2538 2587 2592 stadio
2605 2548 2708 2593 tem
2721 2539 2866 2608 plum
2891 2536 3115 2607 martyri
3134 2541 3510 2590 constructum

1934 2640 2037 2694 est,
2065 2630 2208 2699 quod
2237 2630 2326 2684 illa
2358 2629 2472 2696 ipsa
2508 2629 2742 2693 Ammia,
2774 2644 2898 2699 quae
2921 2643 3046 2681 eum
3067 2628 3296 2689 aluerat,
3324 2626 3512 2694 singu-

1933 2721 2034 2773 lari
2086 2719 2492 2788 magniﬁcentia
2538 2735 2603 2774 eo
2660 2721 2781 2774 loco
2820 2718 3121 2774 aedificasse
3169 2717 3368 2781 fertur,
3403 2725 3513 2783 quo

1933 2820 2056 2880 post
2111 2813 2461 2880 martyricam
2523 2811 2670 2865 illam
2731 2819 2784 2864 et
2816 2819 3150 2879 postremam
3180 2807 3425 2861 lanceam
3482 2818 3515 2857 θ

1933 2903 2168 2963 theatro.
2219 2901 2516 2970 praecordia
2561 2902 2672 2969 jam
2742 2900 3081 2968 erumpentia
3124 2899 3387 2958 retinens,
3421 2896 3512 2950 vix

1935 2989 2150 3044 tandem
2184 3003 2294 3056 prae
2329 2987 2536 3040 ardenti
2589 2986 2863 3040 desiderio
2890 2986 3173 3054 pervenire
3201 2993 3365 3051 atque
3391 2982 3513 3035 ani-

1936 3095 2078 3135 mam
2115 3078 2295 3132 efﬂare
2331 3078 2526 3150 potuit.
2572 3076 2628 3130 In
2669 3077 2771 3131 hoc
2802 3078 2966 3147 igitur
3007 3077 3205 3144 templo
3233 3073 3512 3129 Encaenio-

1936 3187 2054 3225 rum
2114 3170 2312 3225 festum
2375 3170 2542 3225 totius
2591 3167 2833 3224 civitatis
2888 3183 3164 3223 concursu
3225 3165 3511 3221 commode

1937 3263 2337 3321 celebrabatur.
2367 3265 2443 3316 Ac
2483 3271 2712 3333 martyr,
2751 3261 2949 3326 inquit,
2985 3261 3038 3314 in
3078 3261 3183 3315 hoc
3227 3257 3509 3312 Eueaznio-

1937 3371 2054 3409 rum
2127 3356 2268 3410 festo
2338 3355 2623 3425 Spirituale
2693 3369 2784 3408 ver
2849 3353 3075 3406 innovat
3143 3351 3509 3418 undecunque

1936 3445 2362 3502 confluentibus.
2391 3445 2863 3512 Quemadmodum
2915 3451 3101 3496 autem
3153 3457 3243 3496 ver
3271 3440 3510 3493 munda-

1935 3552 2064 3591 num
2092 3547 2145 3592 et
2176 3539 2430 3592 naturale
2463 3537 2784 3606 multiplicia
2813 3546 2867 3598 et
2897 3535 3041 3589 varia
3077 3537 3271 3589 [lorum
3309 3547 3508 3602 genera

1936 3627 2146 3697 profert
2191 3645 2205 3681 :
2251 3629 2332 3684 sic
2378 3630 2481 3684 hoc
2537 3643 2756 3699 quoque
2813 3627 3059 3681 divinum
3116 3641 3232 3691 ver,
3295 3623 3507 3677 varium

1935 3719 2154 3790 quidem
2187 3735 2249 3774 ac
2281 3721 2555 3774 diversum
2601 3729 2685 3774 est
2732 3721 2952 3774 virtutis
2983 3717 3350 3792 ornamentis,
3377 3731 3508 3784 qua-

1935 3820 2095 3863 tenus
2125 3824 2194 3863 et
2229 3810 2297 3864 iis
2348 3810 2439 3880 qui
2489 3811 2839 3874 conveniunt,
2890 3809 3029 3862 alius
3064 3807 3225 3861 aliam
3256 3807 3509 3858 virtutem

1936 3916 2120 3956 secum
2158 3900 2314 3955 affert
2346 3920 2358 3956 :
2390 3901 2600 3955 varium
2634 3901 2798 3956 etiam
2827 3899 3174 3954 sermonibus
3210 3896 3511 3964 triumpha-

1939 3993 2104 4058 libus,
2166 3993 2297 4062 quia
2366 3992 2458 4045 alii
2511 3993 2620 4048 alio
2687 3992 2852 4046 modo
2895 3990 3152 4059 martyris
3209 3987 3507 4043 certamina

1936 4093 2162 4138 narrant
2193 4085 2554 4154 laudibusque
2602 4094 3033 4154 prosequuntur,
3090 4081 3182 4135 alii
3247 4077 3508 4134 nimirum

1936 4176 2302 4245 eloquentius,
2338 4176 2427 4229 alii
2459 4175 2840 4244 inelegantius,
2870 4191 2934 4229 ac
2966 4190 3062 4243 pro
3098 4172 3301 4242 ingenii
3333 4169 3508 4224 facul-

1939 4277 2065 4320 tate.
2089 4268 2283 4337 Atque,
2331 4279 2390 4320 ut
2437 4266 2490 4320 in
2537 4281 2750 4321 summa
2779 4266 2982 4328 dicam,
3018 4278 3114 4317 ver
3149 4263 3282 4316 illud
3319 4260 3510 4329 probi-

1937 4359 2086 4419 tatis,
2113 4366 2274 4425 atque
2302 4356 2545 4417 virtutis.
2593 4355 2738 4424 quod
2793 4369 2823 4407 a
2879 4351 3077 4422 populo
3103 4351 3179 4413 fit,
3234 4348 3506 4420 prwclaris

1936 4450 2117 4519 populi
2146 4449 2454 4518 pastoribus
2476 4447 2700 4516 dignum
2721 4455 2824 4510 est,
2851 4445 3162 4514 optimeque
3192 4445 3504 4512 respondet.

333 4522 469 4577 Ibid.
500 4525 558 4578 C.
617 4526 756 4591 Quid
792 4542 986 4583 caztera
1017 4536 1456 4590 commemorem?
1502 4535 1656 4591 Nunc
1688 4556 1826 4592 mar-
1861 4528 1904 4583 ἶ)
1936 4541 2198 4612 Denique,
2230 4549 2289 4594 ut
2317 4555 2426 4594 uno
2466 4539 2633 4594 verbo
2661 4554 2771 4593 rem
2805 4537 3157 4606 complectar,
3187 4535 3381 4604 duplex
3412 4548 3507 4588 ver

263 4624 422 4684 tyres,
449 4624 556 4669 etc.
587 4616 752 4682 Quid,
779 4619 976 4687 inquit,
1006 4631 1233 4678 caateras
1255 4627 1396 4679 veris
1415 4629 1826 4686 commoditates

262 4716 544 4758 resemere
583 4707 810 4760 attinet?
838 4708 992 4766 Nunc
1026 4724 1291 4784 martyres
1323 4719 1620 4775 subdialem
1655 4738 1824 4791 popu~

266 4794 376 4845 lum
441 4797 677 4850 retinent
727 4809 888 4869 atque
942 4811 1093 4857 extra
1130 4813 1351 4872 tectum,
1389 4813 1581 4876 partim
1613 4824 1829 4881 propter

264 4899 496 4950 tempus,
533 4887 783 4944 hiemalis
830 4892 1065 4947 tristitia:
1105 4895 1242 4950 nihil
1274 4897 1501 4962 habens,
1535 4904 1727 4968 partim
1761 4905 1831 4959 ob

263 4978 704 5032 concurrentium
762 4983 1188 5051 multitudinem,
1249 5003 1370 5056 qua:
1419 4999 1566 5045 tanta
1629 5006 1732 5057 est,
1776 5005 1836 5050 ut

266 5064 461 5120 domus
519 5083 613 5123 cos
669 5084 768 5124 nec
823 5080 1002 5141 tegere
1043 5089 1144 5130 nec
1194 5077 1476 5146 suscipere
1507 5092 1728 5148 queant.
1757 5083 1833 5138 Ac

266 5169 514 5224 pompam
538 5169 728 5226 agunt,
755 5161 855 5218 hoc
879 5175 962 5220 est
987 5166 1184 5235 insigni
1207 5168 1520 5224 celebritate
1546 5173 1832 5239 prodeunt,

338 5311 354 5342 ¹
394 5307 557 5368 Prov.
599 5329 672 5378 νι,
702 5315 830 5384 6-8;
877 5334 990 5375 sec.
1023 5319 1210 5376 LXX:
1246 5324 1382 5396 πρὸς
1417 5323 1510 5378 τδν
1545 5325 1835 5398 μύρμηκα.

1933 4631 2090 4684 nobis
2111 4631 2456 4696 est,alterum
2480 4628 2815 4683 mundanum
2848 4627 2976 4681 etin
3005 4635 3286 4694 aspectum
3306 4624 3506 4680 cadens

1934 4721 2359 4790 cerporibttsque
2385 4719 2749 4785 conveniens;
2783 4721 3014 4772 alterum
3049 4716 3332 4786 Spirituale
3359 4725 3413 4769 et
3439 4715 3506 4770 ab

1935 4811 2218 4866 oculorum
2264 4824 2481 4881 aspectu
2524 4821 2821 4875 remotum,
2856 4811 3165 4880 animisque
3193 4823 3507 4874 congrucne

1934 4903 2227 4957 tissimum.
2278 4903 2396 4969 Quo
2460 4903 2672 4958 utinam
2727 4903 2780 4956 in
2845 4902 3020 4958 altero
3081 4901 3282 4957 sarculo
3350 4900 3506 4956 nobis

1932 4994 2137 5063 perfrui
2179 4995 2480 5064 contingat.
2539 4993 2894 5052 Perfruemur
2951 5001 3157 5056 autem,
3205 4994 3250 5046 si
3299 4992 3352 5046 in
3406 4991 3505 5044 hac

1933 5085 2044 5137 vita
2101 5085 2326 5138 honeste
2373 5096 2426 5139 et
2477 5085 2822 5138 laudabiliter
2869 5084 3139 5150 vivamus,
3196 5083 3387 5153 sicque
3435 5081 3506 5134 ad

1937 5189 2130 5228 novam
2169 5175 2314 5228 illam
2355 5178 2518 5231 vitam
2554 5178 2922 5233 discedamus.

1941 5331 1960 5362 ²
2002 5329 2322 5394 Psal.xvm,
2365 5331 2415 5386 1.
