4076 6292
375 454 508 514 1417

1256 452 1577 512 NICETAS
1618 453 1700 512 ΙΝ
1761 453 1983 515 ΟΗΑΤ.
2023 456 2208 517 XLIV
2247 456 2306 516 S.
2349 455 2578 517 GREG.

3485 447 3624 516 H38

368 584 493 620 cum
520 581 586 620 ne
615 568 888 620 internum
919 563 1137 635 quidem
1172 567 1417 635 corporis
1465 566 1715 621 ardorem
1741 576 1795 620 et
1818 565 1943 620 fcri-
1968 570 2021 629 Α
2043 571 2514 640 participationem
2581 577 2843 639 perpetuo
2897 540 3205 623 scaturiaut
3261 573 3435 633 atque
3481 579 3622 619 con-

368 668 533 714 tatem
567 658 723 713 facile
745 658 937 714 sedare
965 672 1032 713 ac
1068 659 1428 729 comprimere
1466 657 1774 727 possimus?
1809 657 1947 713 For-

368 760 516 803 tasse
564 758 745 804 autem
779 764 876 818 per
906 747 1182 803 flammam
1214 763 1279 802 ac
1308 749 1564 813 belluam,
1600 764 1719 803 eam
1749 750 1947 804 auiuue

367 854 576 914 partem
607 843 920 912 Theologus
967 842 1242 913 intelligit,
1288 859 1408 913 qua:
1440 843 1946 912 perturbationibus

367 936 795 1002 t-oncitatur;per
808 934 1081 989 ﬂammam
1100 935 1315 1004 quidem
1340 935 1615 989 libidinem
1633 934 1945 1005 designans,

368 1043 466 1096 per
493 1025 727 1080 belluam
774 1035 954 1081 autem
1005 1024 1365 1079 iracundiam.
1418 1025 1683 1091 Quocirca
1716 1027 1945 1081 rationis

366 1133 588 1188 quoque
612 1116 882 1183 meminit,
914 1133 1034 1186 qua:
1065 1125 1274 1184 partem
1316 1116 1461 1170 illam
1508 1116 1792 1172 affectibus
1843 1117 1946 1171 ob-

367 1208 588 1262 noxiam
626 1206 855 1277 itnperio
918 1215 1085 1262 tenet.
1127 1208 1192 1262 Et
1254 1209 1714 1278 quemadmodum
1766 1224 1943 1278 equus

364 1300 595 1367 aurigae,
620 1298 701 1354 sic
729 1291 833 1366 ipsi
867 1312 1085 1369 quoque
1119 1299 1560 1368 concupiscentia
1591 1310 1644 1354 et
1684 1300 1763 1353 ira
1809 1299 1945 1356 sub-

364 1387 518 1456 iect-.1:
539 1397 685 1441 sunt.
721 1385 956 1441 Proinde
990 1387 1035 1441 si
1078 1387 1450 1443 inflammandi
1513 1391 1618 1444 vim
1682 1390 1947 1446 habentes

366 1481 630 1533 materias
665 1488 830 1548 atque
861 1480 1118 1534 alimenta
1152 1481 1444 1536 iracundiae
1475 1493 1529 1536 et
1574 1480 1784 1536 libidini
1817 1497 1946 1551 por-

365 1568 695 1633 rexerimus,
736 1571 1062 1624 horrendam
1125 1571 1393 1626 feritatem
1444 1573 1497 1626 bi
1535 1572 1762 1628 affectus
1802 1586 1940 1627 con-

364 1662 605 1727 trahent,
636 1678 700 1719 ac
726 1664 934 1719 ratione
968 1665 1107 1720 duce
1162 1665 1513 1722 violentiores
1548 1676 1731 1734 erunt,
1768 1665 1945 1721 haud-

365 1769 641 1824 quaquam
667 1754 775 1822 jam
803 1754 905 1824 ipsi
940 1756 1187 1827 aurigam
1256 1759 1434 1825 agenti
1478 1759 1941 1827 obtemperantes,

365 1861 558 1901 verum
618 1847 792 1916 ipsam
856 1848 1037 1916 potius
1093 1849 1427 1919 abripieutes
1460 1865 1525 1905 ac
1575 1862 1940 1906 transversam

364 1947 615 2007 agenteS.
922 1975 927 1981 ι

437 2022 558 2082 σοι.
611 2028 718 2083 450
775 2028 835 2083 Β.
884 2028 1145 2095 Quocirca
1191 2034 1340 2088 nobis
1394 2033 1768 2103 spiritualiler,
1833 2042 1941 2089 etc.

367 2117 664 2185 Quocirca,
697 2120 894 2191 inquit,
935 2132 993 2177 ut
1025 2140 1053 2176 a
1081 2123 1286 2180 Judmis
1320 2133 1374 2180 et
1432 2126 1729 2195 gentilibus
1782 2125 1940 2180 dilic-

372 2226 582 2275 ramus,
615 2227 677 2265 ac
707 2228 775 2266 ne
809 2213 976 2267 animi
997 2218 1392 2272 commotiones
1437 2219 1702 2272 rationem
1736 2218 1944 2273 viribus

369 2313 649 2371 superent,
702 2304 1012 2360 faciendum
1082 2308 1241 2362 nobis
1305 2318 1409 2372 est,
1484 2320 1546 2365 ut
1572 2310 1941 2381 spiritualiter

371 2394 654 2449 feriemur.
689 2397 990 2467 Disputatio
1012 2416 1177 2470 porro
1211 2401 1278 2456 de
1330 2404 1641 2472 septenario
1704 2403 1942 2473 primum

369 2488 635 2543 orationis
666 2489 844 2544 locum
873 2482 1292 2561 OCCttpabiLDe
1318 2509 1383 2548 eo
1411 2495 1558 2549 enim
1587 2496 1743 2565 prius
1773 2510 1940 2567 agen-

367 2579 495 2633 dum
524 2591 629 2644 est,
650 2583 865 2638 etiamsi
888 2588 1109 2652 paulum
1137 2587 1204 2639 ab
1232 2587 1475 2642 instituta
1499 2589 1728 2642 materia
1754 2589 1939 2659 egredi

370 2668 539 2720 videri
570 2671 866 2737 possimus.
901 2674 1158 2740 quoniam
1190 2672 1315 2727 cum
1369 2675 1635 2744 principio
1701 2678 1769 2731 de
1798 2676 1942 2731 Pen—

372 2764 580 2812 tecoste
634 2761 797 2813 verba
846 2760 1026 2815 facere
1095 2765 1613 2833 pr0posuissemus,
1672 2781 1820 2820 nunc
1876 2768 1944 2823 de

374 2849 686 2915 septenario
710 2849 1051 2908 disserimus.
1083 2855 1262 2923 Atque
1319 2854 1373 2908 in
1411 2869 1765 2910 numerorum
1819 2873 1945 2926 spe-

371 2939 645 2995 culatione
702 2942 1092 2998 elaborandum
1146 2954 1250 3011 est,
1307 2956 1366 3001 ut
1422 2962 1544 3001 eam
1587 2948 1755 3001 veluti
1811 2964 1943 3003 con-

371 3029 674 3085 dimeutum
715 3033 987 3104 quoddam
1016 3038 1252 3092 sermoni
1284 3037 1339 3092 in
1373 3038 1497 3093 festi
1535 3042 1749 3096 laudent
1775 3041 1943 3095 insti-

373 3131 491 3177 tuto
513 3122 937 3182 admisceamus.
971 3126 1180 3182 Etenim
1217 3129 1322 3184 cibi
1373 3130 1602 3185 minime
1625 3132 1941 3197 necessarii,

2048 664 2265 719 ﬂeutur.
2300 664 2370 718 At
2403 677 2554 722 vero.
2603 660 2904 730 Theologe,
2966 659 3112 714 dicet
3155 657 3474 726 quisquam,
3509 668 3616 709 non

2048 772 2146 827 per
2190 754 2624 824 quaternarium,
2672 753 2765 810 sed
2808 759 2904 822 p'er
2940 750 3306 822 Pythagoram
3357 749 3622 818 iurabant

2046 850 2320 921 discipuli.
2362 850 2439 904 Ita
2498 864 2653 914 sane,
2716 847 2893 917 inquit
2937 863 2953 901 :
3013 861 3201 901 verum
3256 842 3619 914 Pythagoram

2048 950 2266 1012 propter
2291 938 2698 1006 quaternarium
2730 937 2929 992 divinis
2955 934 3260 990 honoribus
3295 931 3614 996 allicientes,

2051 1031 2151 1084 hac
2193 1028 2558 1098 jurisjurandi
2594 1026 2825 1081 formula
2884 1027 3197 1091 utebantur,
3229 1034 3288 1081 ut
3346 1024 3438 1093 qui
3486 1023 3622 1093 ipsis

2047 1131 2302 1172 arcanam
2330 1126 2385 1171 et
2414 1115 2695 1187 mysticam
2723 1114 2867 1170 illius
2891 1114 3104 1169 numeri
3133 1114 3241 1168 vim
3280 1112 3622 1168 tradidisset.

2049 1209 2229 1275 Quare
2269 1209 2543 1265 secundus
2576 1222 2604 1262 a
2663 1208 3014 1279 quaternario
3058 1207 3128 1262 ab
3184 1202 3293 1262 illis
3321 1207 3623 1262 collocatus

2047 1301 2403 1373 Pythagoras,
2436 1314 2499 1355 ac
2536 1315 2626 1368 per
2648 1314 2772 1353 eum
2801 1300 2958 1369 plane
2984 1299 3037 1351 in
3084 1299 3226 1354 hanc
3285 1298 3626 1369 formamju-

2049 1394 2261 1446 rabant.
2293 1391 2411 1446 Jam
2447 1406 2574 1445 vero
2617 1378 2804 1444 Simon
2861 1402 2917 1443 et
2961 1389 3197 1445 Marcion
3247 1391 3625 1446 haeresiarchas

2048 1481 2290 1536 fuerunt.
2318 1481 2393 1534 Ac
2420 1479 2725 1533 Simoniani
2770 1478 2993 1548 quidem
3024 1479 3367 1533 octonarium
3401 1488 3625 1548 propter

2047 1581 2170 1626 octo
2200 1571 2323 1627 illos
2378 1571 2620 1641 magistri
2683 1574 2766 1625 sui
2813 1585 2993 1625 mones
3064 1570 3258 1623 honori
3321 1570 3614 1635 habebant.

2047 1663 2257 1719 Etenim
2309 1680 2375 1720 ex
2406 1664 2711 1734 Bythicum
2775 1662 2900 1733 Sige
2933 1676 3231 1733 congressu
3279 1661 3508 1717 Mentem
3558 1677 3625 1716 ac

2049 1755 2337 1811 Veritatem
2372 1766 2685 1826 procreatas
2708 1770 2829 1811 esse
2865 1754 3144 1809 fabulatus
3190 1761 3296 1816 est,
3342 1763 3506 1822 atque
3552 1754 3627 1807 ita

2045 1845 2255 1916 primos
2298 1854 2573 1914 parentes.
2629 1852 2687 1898 ut
2733 1844 2843 1914 jam
2899 1843 3105 1898 dictum
3162 1851 3266 1907 est,
3314 1841 3546 1909 Bythum
3571 1851 3626 1896 et

2047 1936 2206 2007 Sigen
2240 1935 2502 1992 confinxit
2534 1937 2643 1989 :ab
2683 1935 2769 1990 his
2801 1934 3075 1989 secundos
3124 1932 3352 1987 Mentem
3386 1944 3439 1987 et
3470 1930 3625 1986 Veri-

2047 2037 2233 2092 tatem,
2271 2027 2457 2083 tertios
2498 2042 2689 2081 rursus
2723 2024 3047 2078 Sermonem
3111 2035 3165 2078 et
3216 2021 3417 2089 Vitam,
3462 2031 3626 2091 atque

2045 2119 2113 2174 ab
2144 2118 2229 2172 hic.
2262 2127 2542 2187 postremo
2570 2127 2797 2186 quartos
2840 2114 3132 2170 Hominem
3187 2122 3243 2168 et
3294 2111 3624 2168 Ecclesiam.

2044 2213 2116 2267 At
2162 2209 2554 2274 Marcionistze,
2611 2208 2865 2262 morbum
2924 2215 3206 2275 augentes,
3263 2204 3622 2259 tricenarium

2045 2301 2295 2369 colebant
2323 2306 2548 2372 propter
2599 2297 2818 2365 triginta
2850 2310 3054 2360 aeones,
3109 2308 3246 2364 quos
3272 2291 3622 2348 indueebant.

2045 2393 2404 2463 Nugabantur
2426 2392 2571 2445 enim
2603 2405 2668 2445 ex
2698 2389 3140 2444 Simoniauorum
3194 2383 3442 2440 monibus
3491 2381 3624 2437 Ser-

2047 2501 2263 2542 monem
2294 2494 2351 2539 et
2402 2482 2576 2537 Vitam
2604 2482 2785 2537 decem
2817 2494 3010 2533 rursus
3043 2492 3228 2533 mones
3260 2474 3621 2544 produxisse;

2047 2578 2332 2633 Hominem
2365 2575 2492 2629 item
2523 2581 2578 2628 et
2607 2572 2905 2626 Ecclesiam
2937 2568 3074 2624 alios
3097 2565 3383 2625 duodecim
3415 2578 3620 2621 mones.

2047 2669 2150 2736 Qui
2179 2669 2227 2724 si
2264 2664 2592 2735 supradictis
2622 2669 2751 2716 octo
2794 2659 3042 2715 aeonibus
3072 2658 3423 2726 adjiciantur,
3449 2655 3624 2709 trice~

2047 2757 2259 2814 narium
2320 2754 2570 2810 eﬂicient.
2642 2751 3122 2820 Supervacaneum
3204 2757 3387 2801 autem
3455 2743 3622 2799 fuerit

2045 2864 2235 2907 eorum
2261 2848 2480 2902 nomina
2505 2830 2769 2914 proferre,
2800 2843 2870 2897 ob
2893 2841 3118 2903 anilem,
3153 2847 3207 2893 et
3233 2837 3618 2900 deridendam,

2047 2949 2210 3011 atque
2241 2935 2642 3006 conspuendam
2667 2933 2908 3000 ipsorum
2951 2931 3236 2999 ineptiam.
3300 2925 3413 2981 Hoc
3440 2936 3621 2980 tamen

2047 3028 2352 3088 sciendum,
2379 3023 2525 3093 quod
2557 3021 2643 3076 his
2672 3020 2916 3074 numeris
2955 3033 3140 3087 parem
3170 3031 3385 3071 :eonum
3417 3031 3621 3070 nume-

2047 3136 2170 3179 rum
2194 3120 2500 3189 assignant,
2537 3113 2803 3168 nimirum
2833 3100 3136 3166 Simoniani
3189 3118 3335 3190 octo,
3390 3117 3446 3163 et
3476 3107 3623 3164 Mar-

372 3229 562 3268 verutn
596 3217 773 3286 epulis
820 3219 1145 3287 quibusdam
1183 3222 1523 3278 extrinsecus
1555 3224 1622 3278 ad
1653 3225 1937 3280 oblectano
1970 3221 2016 3280 (ἶ
2047 3214 2294 3269 Bionis“?
2325 3209 2571 3279 ιτίείηιει·

374 3304 504 3358 dum
565 3321 784 3361 sensum
839 3308 1044 3376 iujecti,
1085 3310 1371 3381 ἡδύσματα
1425 3304 1731 3383 dicuntur;
1773 3331 1947 3387 eoque

377 3398 602 3453 nomine
635 3402 933 3470 septenarii
995 3419 1213 3481 quoque
1268 3407 1687 3476 explicationem
1747 3413 1942 3466 condi-

378 3501 623 3547 mentum
647 3497 888 3560 vocavit,
928 3506 1095 3566 atque
1128 3512 1248 3551 eam
1276 3499 1495 3567 quidem
1541 3501 1781 3555 orationi
1841 3504 1946 3557 mi-

376 3580 524 3636 nime
560 3586 923 3641 necessariam
983 3603 1104 3643 esse
1134 3588 1483 3656 significavit,
1531 3606 1721 3646 verum
1755 3594 1951 3648 condi-

378 3680 562 3728 mento
611 3690 716 3730 non
775 3676 1077 3732 absimilem
1134 3692 1256 3734 esse
1324 3696 1422 3737 nee
1483 3681 1553 3736 ab
1628 3694 1951 3753 argumento

375 3775 632 3834 suscepto
672 3767 1126 3838 alicnam.lgitur
1192 3772 1653 3840 quemadmodum
1716 3776 1947 3844 polliciti

376 3872 590 3921 sumus,
620 3860 882 3914 orationis
909 3862 1238 3931 principium
1268 3863 1373 3918 hoc
1430 3864 1522 3920 sit.
1558 3865 1944 3937 Septenarium

377 3963 668 4005 numerum
699 3965 767 4004 ex
799 3952 931 4022 legis
975 3952 1228 4010 Mosaicae
1281 3960 1600 4027 praescripto
1634 3960 1690 4015 in
1740 3962 1951 4020 honore

378 4040 580 4126 habent
617 4038 824 4097 Hebraei
857 4060 874 4098 :
913 4045 1099 4122 multis
1129 4048 1274 4101 enim
1327 4048 1505 4120 legum
1559 4066 1785 4109 suarum
1811 4055 1950 4112 locis

379 4132 672 4201 septimum
706 4135 851 4189 hunc
874 4152 1163 4192 numerum
1211 4141 1445 4195 assumit
1494 4141 1694 4200 Moses.
1728 4144 1806 4199 Ex
1836 4162 1948 4217 quo

378 4225 635 4281 eximiam
696 4228 992 4296 quamdam
1021 4229 1128 4283 vim
1192 4246 1257 4286 ac
1288 4232 1571 4303 mysticam
1598 4250 1720 4291 eum
1751 4238 1952 4297 habere

380 4327 601 4374 constat
644 4336 659 4374 :
692 4321 991 4389 praesertim
1026 4336 1156 4377 vero
1186 4338 1310 4378 cum
1339 4327 1650 4384 cessatione
1681 4339 1738 4384 et
1762 4333 1951 4401 quiete

381 4409 681 4467 Sabbatum
716 4412 972 4469 honorari
1008 4418 1271 4486 praecipit,
1303 4418 1400 4488 qui
1427 4419 1642 4477 dierum
1677 4424 1950 4493 septimus

379 4513 482 4567 est,
521 4519 686 4570 quem
714 4515 766 4559 ct
792 4507 1085 4563 honorifice
1130 4511 1426 4565 observant
1472 4510 1708 4570 Hebraei.
1747 4515 1952 4583 Quem-

380 4597 674 4663 admodum
709 4609 893 4667 pustea
914 4600 1231 4670 Pythagorei
1258 4607 1697 4670 quaternarium.
1725 4608 1948 4668 Samius

380 4690 525 4743 enim
547 4689 879 4759 Pythagoras
917 4700 1040 4758 post
1069 4692 1270 4748 Mo‘sem
1295 4694 1448 4751 vixit.
1495 4696 1587 4754 Sic
1638 4711 1825 4755 autem
1855 4705 1948 4771 ju-

384 4782 582 4835 rabant
611 4781 783 4850 ipsius
813 4780 1099 4850 discipuli,
1135 4787 1596 4853 quemadmodum
1651 4790 1706 4844 in
1766 4796 1949 4849 aureis

381 4869 527 4941 ejus,
561 4880 620 4926 ut
643 4880 930 4934 vocantur,
958 4872 1290 4931 carminibus
1314 4876 1575 4946 scriptum
1614 4888 1700 4935 est
1729 4895 1748 4934 :

488 4982 592 5063 lini
616 4983 693 5063 ea
715 4983 806 5063 ξὺν
833 4982 1085 5063 ⁷ἔμ’μετὲρᾳ
1104 4985 1590 5063 ψυχᾷᾲπαιραδᾶντα
1612 4996 1945 5063 τετρακτὺν,

494 5006 592 5037 nat
616 5006 693 5051 μα
715 5006 806 5037 τον
833 5006 1085 5057 ημετερᾳ
1104 5006 1177 5055 ψυ
1218 5006 1254 5058 ᾳ
1281 5006 1494 5059 παρασθ

494 5054 686 5124 Πηγὰν
708 5055 931 5111 ἀεννάου
962 5006 1327 5129 φύσεωςῖὶιι),
1350 5069 1454 5114 etr.
1479 5078 1494 5113 :

389 5148 615 5203 Fontem
652 5164 816 5219 porro
853 5166 1034 5206 rerum
1062 5153 1203 5206 hunc
1227 5168 1518 5208 numerum
1570 5154 1646 5208 illi
1691 5157 1956 5212 vocabant

386 5247 610 5310 propter
634 5253 870 5311 quatuor
897 5242 1184 5306 elementa,
1209 5257 1275 5299 ex
1306 5244 1507 5313 quibus
1546 5246 1728 5301 omnis
1754 5256 1951 5303 natura

393 5332 789 5387 mundanarum
848 5348 1025 5387 rerum
1084 5343 1549 5405 coagmentatur:
1620 5346 1674 5390 et
1721 5338 1853 5406 quia
1892 5354 1957 5394 ex

389 5422 548 5493 ipsis,
578 5438 701 5478 cum
763 5423 1070 5477 animantes
1097 5433 1154 5477 et
1176 5424 1372 5492 stirpes
1405 5438 1499 5491 per
1523 5426 1955 5490 successionem,

388 5523 503 5569 tum
562 5511 766 5581 reliqua
818 5511 999 5566 omnia
1057 5526 1154 5581 per
1199 5512 1515 5567 earumdem
1563 5514 1955 5570 elementorum

460 5684 574 5757 (94)
607 5683 736 5749 Qua:
769 5685 931 5740 verba
958 5684 1033 5738 sic
1058 5696 1331 5757 utcunque
1363 5689 1495 5742 verti
1528 5697 1753 5757 possunt
1787 5706 1801 5741 :

533 5754 886 5825 Tcstorieum,
920 5772 987 5807 nu
1010 5756 1121 5807 neri
1158 5756 1304 5809 nobis
1336 5754 1539 5811 armmt
1571 5760 1810 5825 quaterni

532 5825 636 5897 Qui
665 5824 868 5895 tribuit,
905 5841 1075 5878 rerum
1118 5841 1289 5881 causa:
1328 5824 1590 5895 finitisque
1623 5831 1911 5894 pw‘reunis.

2124 3304 2190 3358 Et
2245 3301 2474 3373 quidem,
2527 3314 2632 3368 qua
2688 3295 3042 3365 proportionis
3084 3296 3319 3361 ratione,
3389 3300 3497 3349 etc.
3557 3291 3627 3348 Et

2047 3399 2266 3471 quidem
2299 3397 2589 3457 honorant,
2621 3391 2822 3462 inquit,
2842 3388 3055 3445 Hebraei
3088 3388 3460 3459 septenarimn
3493 3389 3626 3458 (huc

2048 3491 2193 3546 enim
2224 3501 2412 3543 rursus
2441 3501 2500 3542 se
2532 3484 2729 3555 recipit
2760 3481 2959 3553 oratio)
3009 3482 3151 3537 hami
3207 3480 3323 3536 scio
3359 3495 3465 3549 qua
3497 3495 3623 3549 pro-

2050 3581 2318 3653 portionis
2346 3579 2582 3636 ratione.
2650 3578 2909 3648 lgnorare
2961 3590 3022 3631 se
3078 3574 3302 3629 simulat
3328 3587 3426 3642 pro
3455 3571 3626 3627 animi

2049 3675 2140 3731 sui
2167 3685 2222 3729 et
2247 3686 2460 3728 morum
2489 3669 2781 3741 probitate.
2816 3669 2872 3724 id
2913 3668 3062 3722 enim
3108 3665 3328 3737 ingenui
3355 3664 3525 3719 animi
3561 3677 3626 3720 ac

2049 3766 2334 3822 moderate
2369 3765 2436 3818 de
2463 3778 2523 3820 se
2551 3761 2840 3819 sentientis
2865 3769 2974 3816 est.
3008 3758 3074 3814 Et
3107 3759 3378 3814 rationem
3402 3756 3625 3826 quidem

2049 3864 2272 3915 causam
2304 3864 2483 3926 vocat,
2523 3855 2929 3927 proportionem
2988 3861 3170 3908 autem
3211 3849 3625 3906 similitudinem

2050 3961 2169 4001 eam
2197 3957 2250 4000 et
2303 3945 2740 4015 congruentiam,
2815 3958 2979 4013 quam
3032 3957 3156 3998 cum
3213 3940 3626 3997 intellectilibus

2052 4037 2235 4092 habet.
2267 4035 2403 4091 Nam
2431 4044 2487 4090 et
2514 4035 2658 4105 apud
2706 4034 3128 4089 mathematicos
3182 4041 3267 4088 est
3316 4031 3547 4087 rationis
3572 4039 3629 4085 et

2052 4128 2422 4200 proportionis
2451 4127 2719 4189 deﬁnitio.
2753 4137 2812 4181 ut
2841 4127 2984 4182 ratio
3014 4126 3087 4182 sit
3133 4139 3200 4180 ea
3241 4123 3454 4189 relatio,
3504 4137 3627 4192 quae

2052 4228 2137 4275 est
2160 4219 2301 4274 inter
2327 4219 2466 4274 duos
2489 4216 2792 4283 terminos;
2839 4216 3075 4286 exempli
3131 4230 3322 4280 causa,
3356 4212 3627 4268 octonarii

2052 4312 2119 4366 ad
2153 4310 2581 4380 quaternarium,
2607 4316 2703 4363 aut
2732 4306 3065 4376 quaternarii
3094 4304 3158 4359 ad
3183 4303 3485 4361 binarium.
3514 4300 3626 4358 Ha—

2053 4406 2142 4461 bet
2167 4406 2312 4460 enim
2364 4404 2517 4475 dupli
2557 4412 2849 4465 rationem.
2912 4399 3230 4458 octouarius
3293 4397 3513 4468 quidem
3557 4397 3627 4451 ad

2055 4496 2489 4569 quaternarium,
2536 4494 2925 4566 quaternarius
2993 4501 3172 4548 autem
3221 4491 3290 4545 ad
3321 4490 3625 4556 binarium,

2056 4601 2221 4661 atque
2252 4604 2283 4644 e
2324 4603 2592 4644 converso
2632 4585 2887 4656 subdupli
2951 4584 3222 4662 rationem
3273 4582 3438 4637 habet
3467 4580 3628 4634 bina-

2058 4680 2177 4734 rius
2205 4677 2275 4733 ad
2304 4676 2745 4756 quaternarium,
2783 4684 2836 4728 et
2879 4673 3267 4744 quaternarius
3294 4669 3362 4724 ad
3393 4678 3629 4724 octona-

2058 4770 2225 4823 rium.
2251 4768 2330 4823 Ac
2364 4767 2503 4822 ratio
2533 4766 2751 4837 quidem
2787 4765 2912 4820 talis
2963 4773 3066 4818 est.
3110 4760 3399 4830 Proportio
3442 4768 3627 4815 autem

2059 4863 2372 4936 huiusmodi
2405 4862 2679 4918 rationum
2713 4859 3014 4914 similitudo
3039 4867 3142 4920 est,
3187 4866 3353 4925 atque
3377 4854 3433 4908 in
3458 4868 3629 4907 unum

2058 4959 2311 5028 idemque
2369 4955 2645 5013 collectio.
2698 4951 2860 5007 Verbi
2918 4951 3115 5021 gratia,
3161 4964 3329 5019 quam
3361 4946 3630 5002 rationem

2060 5051 2221 5105 habet
2249 5036 2569 5106 octonarius
2599 5048 2668 5103 ad
2695 5043 3135 5116 quateruarium,
3192 5040 3441 5096 eamdem
3466 5048 3631 5105 "qua-

2063 5143 2335 5197 tertiarius
2355 5143 2422 5195 ad
2460 5142 2757 5200 binarium,
2781 5138 3041 5191 nimirum
3066 5134 3240 5202 dupli.
3275 5132 3339 5185 Et
3364 5142 3631 5184 converso

2059 5233 2240 5297 modo,
2280 5247 2444 5302 quam
2481 5229 2748 5285 rationem
2778 5229 2939 5284 habet
2991 5227 3235 5282 binarius
3280 5221 3347 5275 ad
3410 5227 3633 5289 quater-

2059 5327 2317 5389 narium,
2389 5323 2639 5378 eamdem
2687 5319 3079 5391 quaternarius
3132 5317 3199 5371 ad
3261 5311 3630 5373 octonarium,

2060 5433 2253 5488 nempe
2278 5416 2555 5484 subdupli.
2588 5415 2740 5469 Haud
2770 5416 2885 5469 scio
2942 5412 3131 5482 igitur,
3187 5405 3393 5486 inquit,
3428 5416 3631 5457 secun-

2058 5511 2185 5566 dum
2236 5524 2401 5580 quam
2461 5507 2831 5579 proportionis
2890 5506 3157 5559 rationem
3194 5498 3335 5568 apud
3367 5496 3629 5551 Hebraeos

2059 5689 2129 5742 De
2156 5688 2256 5740 hoc
2287 5685 2751 5757 Pythagoreorum
2809 5676 3350 5757 jurejurando-.ctyi
3402 5684 3629 5757 quater-

2056 5759 2191 5811 narii
2232 5745 2488 5819 lllllilt'l‘li‘,
2517 5756 2636 5808 vide
2668 5745 3015 5807 l’ltttat'cltuttt
3045 5750 3137 5805 lib.
3166 5745 3394 5817 Deplae.
3420 5745 3624 5819 philos.

2054 5845 2175 5895 cap.
2209 5828 2261 5893 ’5,
2286 5829 2375 5885 uiti
2402 5829 2467 5882 tle
2504 5824 2788 5901 principiis
2816 5829 3030 5879 tractat.
