4024 6292
490 439 634 507 1439

1913 444 2290 505 ΛΒΒΕΝΟΛ.

3610 446 3747 512 NL!)

493 549 690 610 honori
727 562 810 609 est
860 553 1225 622 septenarius,
1268 564 1362 609 aut
1422 564 1643 624 propter
1700 571 1863 626 quam
1898 558 2063 627 hujus
2094 561 2136 616 Α
2166 560 2678 629 quinquagesimum.
2730 559 2796 614 Et
2841 560 3243 630 proclamabitis
3290 562 3646 616 remissionem
3691 565 3748 616 in

487 647 705 700 numeri
758 646 890 711 vim,
946 646 1053 702 hoc
1112 647 1428 711 cst,utru'm
1478 648 1738 717 quoniam
1775 650 1929 703 solus
1980 649 2070 704 hic

491 752 752 791 numerus
788 753 857 793 ex
906 740 1185 805 omnibus,
1237 742 1331 811 qui
1362 742 1590 796 denario
1639 742 1885 796 minores
1918 750 2068 803 sunt,

490 843 591 885 nec
624 830 694 884 ab
717 831 826 885 alio
875 832 1135 902 gignitur,
1171 850 1269 887 nec
1300 835 1467 889 alium
1489 835 1662 905 gignit
1688 834 1873 904 (quam
1898 835 2066 890 etiam

482 921 563 975 ob
590 936 813 977 causam
858 923 1189 979 srilhmetici
1238 926 1504 994 virginem
1563 929 1708 981 hunc
1775 943 2064 980 numerum

490 1023 836 1082 nuncupant,
872 1028 924 1068 et
945 1016 1190 1068 σεπτάδα
1222 1017 1335 1085 (25)
1366 1019 1429 1070 τδ
1480 1019 1701 1083 σεπτὸν,
1737 1018 1789 1073 id
1822 1029 1926 1081 est,
1979 1035 2070 1072 vc-

2092 1095 2152 1119 Α

2174 660 2314 705 terra
2343 652 2406 705 δ’.
2443 651 2688 720 Septimo
2727 652 2892 722 igitur
2936 666 3082 706 anno
3133 661 3332 707 terram
3386 653 3644 707 incultam
3691 663 3746 708 et

2174 742 2442 797 inaratam
2495 744 2756 810 requietis
2812 744 2985 814 ipsius
3036 760 3200 799 causa
3247 744 3552 814 relinquere
3582 746 3747 814 jube-

2172 833 2393 896 bantur,
2434 844 2739 905 sponteque
2786 837 3142 890 nascentibus
3188 837 3434 890 contenti
3472 852 3617 896 esse.
3650 837 3749 890 dc-

2174 924 2453 995 bitnmque
2502 942 2665 981 omne
2716 928 3012 992 remittere,
3072 937 3235 998 atque
3290 928 3594 991 Hebraeos,
3652 929 3749 999 qui

2171 1015 2432 1070 servitute
2460 1016 2671 1071 astricti
2712 1025 2890 1082 erant,
2925 1016 3176 1071 libertate
3205 1017 3436 1083 donare;
3468 1019 3745 1086 quinqua-

494 1101 831 1155 nerationem
854 1110 918 1176 et
974 1105 1352 1160 excellentiam
1388 1107 1463 1161 illi
1490 1108 1815 1176 tribuentes)
1848 1123 1913 1161 an
1942 1125 2069 1161 vero
2092 1101 2379 1174 ’«gesimo
2412 1117 2594 1162 autem
2630 1122 2799 1173 anno,
2831 1124 2939 1164 non
2971 1108 3134 1162 modo
3172 1110 3358 1163 eadem
3390 1108 3507 1164 haec
3539 1107 3748 1173 facere,

489 1190 597 1246 alia
626 1173 1122 1262 quapiam'ratione
1157 1199 1457 1253 ducantur.
1494 1199 1605 1255 Sed
1636 1173 1816 1253 tamen
1852 1216 1913 1254 ea
1943 1216 2067 1268 pcr-

491 1286 683 1354 spicua
736 1303 901 1343 causa
942 1290 1124 1344 aﬂ‘erri
1181 1301 1380 1360 potest,
1430 1307 1528 1345 cur
1585 1309 1711 1346 eum
1776 1293 2067 1355 honorent,

490 1379 639 1449 quod
675 1395 797 1434 cum
833 1379 975 1436 Deus
1008 1382 1289 1437 materiam
1326 1385 1675 1452 produxisset
1699 1396 1753 1437 et
1777 1384 2070 1437 informas-

488 1479 595 1535 set,
636 1481 799 1541 atque
839 1474 1147 1542 omnigenis
1202 1475 1516 1545 speciebus,
1549 1476 1602 1530 id
1661 1487 1768 1537 cst,
1809 1476 2070 1532 discretis

487 1562 751 1629 operibus
772 1573 828 1617 et
859 1564 1340 1620 commistionibus
1377 1565 1504 1638 (hoc
1552 1575 1636 1621 est
1674 1567 1740 1621 iis
1776 1566 1884 1637 (26)
1947 1583 2071 1636 qua:

493 1662 792 1723 temperata
824 1665 879 1709 et
908 1655 1199 1725 conjuncta
1238 1666 1389 1720 sunt,
1419 1656 1731 1723 cuiusmodi
1769 1666 1898 1711 sunt
1952 1658 2067 1710 elc-

484 1754 679 1801 Amenta
704 1756 759 1802 et
784 1748 1097 1817 qualitates)
1129 1764 1247 1803 eam
1298 1750 1639 1814 adornasset,
1702 1759 1870 1818 atque
1924 1749 2074 1802 hunc

2171 1201 2264 1254 sed
2308 1201 2471 1255 etiam
2509 1215 2700 1256 servos
2746 1201 2997 1256 ethnicos
3050 1201 3454 1265 manumittere,
3503 1217 3568 1256 ac
3607 1219 3751 1272 pra»

2170 1291 2386 1344 diorum
2437 1300 2742 1360 emptorum
2788 1292 3145 1359 possessione
3187 1292 3462 1347 veteribus
3508 1293 3754 1347 dominis

2170 1384 2381 1437 cedere.
2416 1382 2551 1435 Nam
2586 1384 2699 1437 haec
2728 1382 3081 1438 Hebrmorum
3113 1383 3286 1449 natio,
3315 1399 3419 1437 non
3453 1384 3752 1440 torcularis

2171 1475 2348 1529 solum
2387 1484 2441 1528 et
2488 1489 2630 1529 areas
2676 1490 2741 1529 ac
2779 1475 3268 1545 primugenitorum
3321 1475 3588 1544 primitias
3640 1474 3752 1529 Deo

2170 1567 2355 1620 dicare
2383 1577 2439 1621 et
2463 1582 2787 1621 consecrare
2826 1566 2988 1628 solet,
3019 1566 3112 1621 sed
3144 1567 3308 1621 etiam
3340 1567 3549 1621 dictum
3585 1579 3753 1635 atque

2170 1673 2460 1713 annorum.
2499 1658 2591 1712 Sic
2625 1658 2812 1728 igitur,
2858 1668 2916 1711 ut
2954 1657 3158 1711 dictum
3223 1666 3331 1725 est,
3386 1658 3620 1714 eximius
3663 1674 3753 1713 se-

2168 1751 2455 1818 ptenarius
2502 1747 2857 1806 Pentecostes
2896 1750 3161 1805 honorem
3218 1750 3445 1805 invexit.
3484 1750 3755 1820 Septena-

484 1837 767 1892 visihilem
814 1840 1077 1893 mundum
1131 1850 1392 1907 creasset,
1426 1841 1663 1910 septimo
1707 1840 1927 1895 tandem
1958 1840 2066 1904 die,
2099 1869 2145 1930 Β
2176 1842 2292 1896 rius
2329 1841 2476 1896 enim
2551 1843 2606 1896 in
2662 1842 2903 1912 seipsum
2956 1842 3175 1907 ductus,
3231 1842 3751 1912 quinquagesimum

494 1939 556 1981 ut
575 1930 856 1999 Scriptura
876 1938 1109 1987 testatur
1128 1932 1192 1996 ",
1220 1934 1288 1986 ab
1310 1934 1567 2002 operibus
1590 1934 1707 1988 suis
1732 1932 2069 2001 conquievit.

495 2019 965 2087 Quemadmodum
995 2024 1173 2093 ipsum
1202 2039 1418 2094 quoque
1459 2022 1684 2079 Sabbati
1742 2040 1944 2079 nomen
1986 2023 2078 2076 in-

486 2112 664 2178 dicat,
693 2113 838 2183 quod
869 2114 917 2169 si
953 2114 1350 2184 interpreteris,
1391 2116 1619 2185 quietem
1668 2125 1849 2171 sonat.
1898 2114 2079 2184 Atque

496 2203 615 2259 haec
641 2205 861 2274 quidem
894 2215 1145 2277 prompta
1175 2217 1228 2261 et
1289 2207 1449 2262 obvia
1487 2216 1571 2263 est
1634 2207 1796 2266 ratio.
1857 2215 2079 2275 propter

486 2310 663 2368 quam
718 2298 836 2354 dies
893 2299 1157 2369 septimus
1207 2299 1401 2355 honori
1455 2302 1708 2354 habetur.
1759 2297 1915 2366 Quod
1944 2299 1989 2353 si
2024 2308 2079 2352 et

500 2388 603 2442 alia
632 2390 880 2459 quirdam
907 2399 992 2448 est
1012 2391 1155 2445 ratio
1174 2391 1481 2450 sublimior.
1503 2393 1788 2463 magisque
1820 2391 2075 2458 mystica,

498 2479 592 2533 alii
625 2496 814 2536 rursus
838 2492 959 2537 eam
985 2482 1039 2536 in
1075 2482 1312 2537 medium
1349 2482 1648 2551 proferant.

571 2571 694 2627 Coi.
722 2574 821 2627 15!
853 2573 918 2629 Α.
979 2574 1150 2628 Porro
1203 2575 1287 2627 hic
1347 2575 1515 2627 honor
1566 2572 1708 2641 apud
1738 2589 1847 2636 eos,
1890 2575 2079 2626 nonin

496 2660 709 2724 diebus,
734 2672 841 2718 etc.
873 2664 1058 2718 Honor
1081 2664 1377 2734 septenarii
1397 2663 1606 2719 numeri
1630 2663 1773 2733 apud
1796 2663 2076 2728 HebrzeOt,

497 2768 611 2807 non
646 2755 702 2810 bi
733 2755 927 2811 diebus
976 2755 1182 2810 tantum
1224 2764 1334 2820 est,
1379 2758 1475 2811 sed
1535 2756 1600 2809 ad
1649 2771 1827 2811 annos
1858 2771 2079 2825 quoque

498 2847 779 2915 pertingit.
834 2848 911 2902 Ac
968 2848 1263 2917 septenarii
1320 2847 1539 2917 quidem
1593 2851 1767 2902 honor
1797 2848 1851 2901 in
1883 2848 2078 2901 diebus

502 2934 801 2993 Sabhatum
842 2948 945 2998 est.
1008 2940 1151 3009 quod
1211 2949 1475 3010 perpetuo
1520 2949 1574 2995 et
1596 2955 1692 3013 per
1716 2955 1908 2993 omnes
1944 2939 2079 2993 heb-

502 3029 769 3085 domadas
792 3029 964 3085 Judaei
1019 3030 1320 3090 honoriﬁce
1361 3033 1686 3094 observant,
1721 3030 2081 3101 quemadmo-

501 3120 631 3174 dum
661 3130 712 3175 et
747 3120 994 3177 fermenti
1055 3138 1187 3178 usus
1236 3133 1445 3192 septem
1476 3124 1668 3179 diebus
1709 3123 2074 3177 interdicitur.

2176 1942 2446 2001 procreat,
2480 1946 2589 1986 uno
2622 1933 2709 1986 die
2755 1932 2823 1987 ad
2860 1947 3129 1986 summam
3178 1933 3498 2001 explendam
3534 1932 3752 1987 deside-

2170 2031 2316 2077 rato.
2366 2024 2524 2077 Hunc
2569 2037 2734 2092 porro
2772 2038 2965 2088 unum,
3002 2024 3070 2078 ab
3104 2038 3170 2077 eo
3200 2024 3294 2093 qui
3342 2024 3559 2094 proprie
3605 2039 3752 2079 unus

2175 2123 2283 2177 est,
2309 2129 2379 2168 ex
2416 2114 2612 2168 futuro
2658 2115 2860 2168 sacculo
2905 2115 3055 2168 velut
3088 2113 3380 2183 imaginem
3412 2128 3478 2168 ac
3521 2115 3751 2184 ﬁguram

2177 2206 2514 2275 adiecimus;
2548 2213 2801 2283 octavum
2830 2206 3082 2260 eumdem
3109 2217 3159 2259 et
3189 2205 3428 2276 primum
3453 2221 3468 2257 :
3494 2216 3752 2261 octavum

2176 2299 2394 2368 quidem
2447 2299 2871 2367 praecedentium
2907 2313 3261 2353 numerorum
3302 2298 3515 2353 ratione
3552 2308 3609 2352 et
3644 2301 3755 2353 sd-

2175 2393 2482 2459 iunctione,
2530 2402 2586 2446 et
2633 2393 2762 2461 quia
2821 2391 3112 2461 septimum
3165 2388 3417 2458 sequitur
3467 2390 3754 2460 (septimus

2178 2484 2322 2537 enim
2356 2497 2594 2551 praesens
2628 2493 2713 2537 est
2747 2481 3033 2546 szeculum,
3070 2488 3258 2550 ulpnlr.
3298 2480 3447 2549 quod
3488 2495 3585 2550 per
3616 2479 3753 2535 heb-

2177 2574 2441 2628 domadas
2482 2573 2852 2639 numeretur),
2908 2570 3144 2640 primum
3197 2579 3403 2632 autem,
3456 2579 3517 2623 ut
3561 2570 3761 2625 divum

2180 2680 2242 2720 ac
2279 2664 2515 2720 cuilestis
2549 2663 2858 2732 reipublicae
2886 2671 3051 2733 atque
3095 2660 3425 2716 imnmrtal‘s
3455 2663 3580 2714 vita:
3612 2662 3758 2731 prin-

2178 2754 2404 2823 cipium,
2459 2754 2539 2807 vel
2590 2763 2650 2807 ut
2697 2752 2958 2807 eximium
3006 2761 3062 2805 et
3108 2751 3521 2805 excellentem:
3557 2753 3662 2814 vel,
3701 2758 3762 2805 nt

2178 2846 2385 2900 rectius
2418 2845 2637 2914 loquar,
2688 2844 2946 2913 quoniam
2998 2843 3211 2912 primus
3245 2842 3363 2896 dies
3412 2842 3627 2897 ratione
3670 2857 3755 2897 se-

2181 2937 2373 3001 cundi,
2418 2944 2474 2990 et
2524 2934 2669 2990 tertii
2719 2944 2775 2989 et
2825 2936 3058 2988 aliorum
3098 2932 3358 3000 deinceps
3408 2933 3755 3001 sequentium

2180 3028 2416 3094 dicitur;
2450 3027 2572 3083 dies
2607 3036 2788 3082 autem
2835 3026 3003 3080 futuri
3035 3023 3219 3081 saeculi
3263 3023 3441 3080 nullos
3473 3024 3612 3079 alios
3640 3024 3759 3079 dies

2179 3121 2289 3177 sibi
2335 3119 2687 3175 succedentes
2724 3118 2906 3180 habet,
2955 3134 3055 3174 nec
3089 3117 3222 3173 solis
3256 3117 3511 3173 occubitu
3550 3116 3757 3170 exstin-

504 3209 689 3264 llonor
717 3222 900 3265 autem
938 3213 1101 3280 hujus
1129 3213 1342 3267 numeri
1382 3214 1435 3268 in
1479 3215 1662 3275 annis,
1694 3213 1964 3282 septimus
1993 3221 2078 3267 est
2102 3197 2147 3256 θ
2180 3214 2402 3284 guitur;
2453 3211 2660 3266 idcirco
2716 3210 2866 3266 solus
2915 3210 3007 3264 ille
3052 3224 3195 3265 unus
3246 3208 3616 3263 nominandus
3651 3218 3756 3270 est.

501 3317 700 3367 annus,
732 3307 798 3357 de
831 3320 938 3373 quo
973 3305 1024 3357 in
1057 3304 1480 3360 Deuteronomio
1543 3306 1617 3359 ita
1648 3305 1895 3374 loquitur
1926 3303 2079 3359 Scri-

504 3400 708 3462 ptura:
756 3393 989 3463 Septimo
1045 3413 1247 3467 quoque
1295 3413 1433 3449 anno
1481 3396 1839 3449 remissionem
1893 3395 2077 3463 facies.

504 3486 753 3541 'liemittes
822 3505 974 3543 omne
1039 3492 1300 3559 privatum
1359 3488 1619 3551 debitum,
1682 3505 1784 3557 quo
1837 3489 1935 3540 tibi
1986 3489 2080 3540 ob-

500 3578 719 3630 strictus
777 3588 856 3632 est
898 3582 1169 3646 proximus
1218 3588 1361 3641 tuus,
1417 3594 1509 3632 nec
1554 3595 1587 3631 α
1647 3579 1814 3646 fratre
1853 3589 1940 3630 tuo
1965 3579 2084 3631 eai-

502 3683 614 3734 ges,
639 3669 729 3722 sed
766 3669 833 3721 ab
876 3668 1069 3723 alieno.
1105 3670 1259 3735 Quod
1295 3672 1341 3723 si
1396 3671 1564 3735 frater
1610 3680 1731 3724 tuus
1779 3670 1875 3722 tibi
1909 3671 2086 3723 vendi-

502 3768 592 3813 tus
622 3760 800 3829 fuerit,
843 3776 934 3814 sea:
998 3763 1153 3815 annis
1194 3761 1289 3815 tibi
1317 3764 1522 3822 serviet,
1569 3773 1618 3815 et
1644 3763 1867 3830 septimo
1902 3762 2086 3815 dimit-

502 3858 585 3905 tes
636 3866 754 3904 sum
804 3852 1061 3919 liberum,‘
1099 3869 1162 3905 ac
1216 3853 1408 3906 viatico
1464 3853 1757 3908 iustrues".
1791 3851 2082 3922 Propterea

508 3956 716 3995 annum
795 3942 941 3997 hunc
1023 3944 1383 3997 remissionem
1453 3942 1766 4012 Theologus
1846 3943 2080 3996 vocavit.

508 4031 619 4086 Nec
658 4045 787 4087 vero
841 4033 894 4087 in
948 4032 1301 4089 hebdomadis
1351 4035 1528 4089 solum
1586 4034 1896 4105 septenaiio
1948 4048 2083 4089 suus

502 4124 684 4180 ‘honor
713 4133 947 4190 constat,
976 4126 1066 4180 sed
1094 4125 1257 4180 etiam
1286 4126 1339 4180 in
1364 4126 1836 4181 hebdomadarum
1875 4125 2083 4179 hebdo-

510 4217 708 4273 madis.
767 4215 1148 4274 "ebdomadas
1197 4228 1379 4273 autem
1438 4218 1696 4282 dicimus,
1756 4233 1865 4270 non
1924 4216 2085 4270 modo

508 4310 745 4377 dierum,
780 4311 873 4366 sed
912 4319 966 4365 et
1004 4326 1297 4367 annorum.
1335 4314 1413 4365 Ac
1455 4310 1667 4365 dierum
1709 4310 1927 4379 quidem
1948 4309 2089 4363 heb-

505 4401 759 4457 domadte
793 4401 1146 4459 Pentecosten
1186 4401 1420 4463 faciunt,
1460 4402 1727 4471 insignem
1757 4411 1812 4456 et
1846 4402 2084 4456 nobilem

505 4495 654 4565 apud
687 4494 943 4552 Hebraeos
973 4497 1140 4561 diem,
1183 4511 1247 4550 ac
1288 4495 1551 4550 divinitus
1591 4510 1788 4550 nomen
1819 4510 2087 4552 consecu-

512 4598 651 4642 tum.
706 4587 987 4643 Annorum
1020 4598 1199 4644 autem
1246 4590 1588 4659 septimanae,
1619 4588 1901 4658 jubilzcum
1951 4603 2087 4642 con-

509 4676 724 4743 iiciunt,
764 4680 856 4746 qui
890 4688 1075 4733 nostra
1128 4679 1309 4750 lingua
1361 4681 1725 4734 remissionem
1781 4678 2077 4749 signiﬁcat.

510 4766 592 4822 'De
623 4784 733 4836 quo
772 4769 825 4823 in
867 4769 1109 4825 Levitico
1146 4772 1217 4825 ita
1259 4773 1522 4841 scriptum
1568 4773 1793 4827 habetur
1826 4790 1839 4826 :
1880 4770 2084 4825 Nume-

511 4858 656 4911 rabis
688 4858 785 4912 tibi
813 4860 914 4929 ipsi
945 4870 1137 4928 septem
1169 4864 1371 4929 requies
1398 4871 1884 4933 auuorum,septem
1915 4881 2081 4919 annos

512 4943 721 5011 septies.
760 4944 828 4999 Et
876 4956 1028 4998 erunt
1072 4948 1168 5000 tibi
1206 4957 1398 5017 septem
1442 4949 1786 5003 hebdomadas
1822 4967 2081 5007 armorum

508 5048 691 5088 nonem
721 5046 768 5088 et
794 5036 1149 5107 quadraginta
1181 5038 1326 5093 anui.
1362 5038 1427 5093 Et
1453 5041 1851 5111 sanetiﬁcabitis
1881 5061 2081 5100 annum

2184 3313 2246 3359 ut
2289 3318 2611 3359 successore
2660 3316 2875 3367 carens,
2922 3301 3157 3369 finisque
3206 3300 3450 3364 nescius,
3502 3314 3602 3354 nec
3646 3297 3756 3367 iam

2180 3406 2345 3454 nocte
2378 3397 2689 3460 intercisus,
2735 3409 2923 3448 verum
2967 3393 3303 3460 sempiternae
3351 3390 3564 3462 fulgore
3600 3405 3760 3445 coru-

2185 3499 2453 3553 scantem,
2483 3503 2583 3544 nec
2612 3501 2853 3557 unquam
2884 3484 3297 3541 occumbentem
3329 3483 3497 3538 solem
3531 3483 3757 3537 habens.

2184 3582 2377 3637 Merito
2425 3589 2605 3633 autem
2655 3594 2824 3633 unum
2863 3578 3006 3631 hunc
3038 3575 3207 3641 diem,
3261 3575 3354 3644 qui
3388 3573 3457 3628 ad
3489 3576 3787 3643 quinqua-.

2185 3673 2468 3743 genarium
2496 3669 2823 3740 explendum
2856 3669 3222 3733 desideratur,
3248 3682 3314 3721 ex
3345 3665 3531 3720 futuro
3557 3666 3762 3720 saeculo

2182 3764 2522 3834 accepimus.
2550 3761 2785 3816 Necesse
2807 3768 2891 3815 est
2918 3760 3065 3814 enim
3092 3759 3148 3813 in
3174 3757 3321 3813 illius
3348 3755 3533 3813 saeculi
3559 3763 3761 3811 statum

2183 3856 2438 3911 desinere
2464 3852 2863 3908 sabbatismum
2894 3852 3073 3915 illum,
3098 3851 3191 3921 qui
3231 3850 3432 3905 animis
3470 3851 3680 3906 nostris
3707 3851 3763 3905 in

2188 3951 2291 4001 hac
2339 3947 2448 4000 vita
2501 3944 2791 4010 contingit,
2848 3944 2953 3998 hoc
3001 3951 3087 3998 est
3130 3942 3499 3997 cessationem
3551 3942 3702 3997 illam
3731 3957 3762 3995 a

2182 4042 2479 4096 mundanis
2525 4038 2784 4107 operibus
2816 4052 2977 4105 quam
3016 4051 3162 4090 mors
3193 4032 3373 4100 aﬂert,
3404 4034 3765 4105 quemadmoo

2184 4134 2314 4189 dum
2360 4132 2709 4201 septenarius
2760 4129 2814 4183 in
2871 4128 3214 4183 octonarium
3267 4127 3492 4195 desinit,
3546 4135 3611 4181 ut
3662 4126 3767 4181 hac

2184 4223 2397 4277 ratione
2426 4227 2818 4275 cuminostrze
2860 4229 3064 4288 partem
3105 4226 3313 4287 septem
3355 4217 3763 4288 impertiamus,

2189 4318 2294 4370 hoc
2326 4323 2410 4370 est
2460 4314 2588 4367 huic
2618 4313 2764 4373 vitae,
2805 4323 2968 4380 atque
3018 4311 3091 4363 ita
3140 4308 3359 4364 demum
3396 4318 3545 4374 octo,
3598 4307 3652 4363 id
3684 4318 3768 4363 est

2184 4406 2405 4468 t‘uturm,
2436 4404 2696 4457 nimirum
2726 4411 2785 4454 ut
2818 4415 2927 4455 non
2960 4399 3120 4466 huius
3150 4406 3365 4452 tantum
3396 4400 3522 4452 vita
3548 4412 3683 4452 cura
3711 4408 3766 4453 et

2191 4492 2567 4551 sollicitudine
2598 4499 2877 4560 tangatur,
2922 4490 3016 4545 sed
3045 4491 3208 4543 etiam
3240 4487 3462 4542 futurae.
3501 4485 3596 4542 Sic
3619 4487 3766 4542 enim

2196 4583 2443 4639 nonnulli
2477 4582 2627 4636 illum
2660 4581 2973 4635 Salomonis
3006 4580 3185 4635 locum
3218 4577 3604 4632 intellexerunt
3637 4594 3654 4631 :
3688 4574 3771 4630 υ.

2194 4686 2400 4744 partem
2431 4685 2625 4743 septem
2658 4685 2814 4743 atque
2881 4673 3011 4726 adeo
3041 4681 3157 4725 octo
3181 4670 3225 4734 ⁸,
3256 4685 3354 4740 per
3381 4678 3589 4739 septem
3616 4669 3765 4723 vide-

2195 4770 2344 4833 licet,
2375 4777 2696 4839 prcsentem
2720 4768 2884 4819 vitam
2912 4766 3266 4834 accipientes.
3290 4778 3385 4833 per
3407 4771 3535 4817 octo
3557 4770 3768 4824 autem,

2196 4860 2455 4915 futuram.
2491 4858 2721 4923 Quidam
2762 4867 2942 4910 autem
2978 4870 3076 4925 per
3118 4856 3511 4911 sabbatismum
3555 4851 3770 4906 anima-

2198 4964 2316 5003 rum
2355 4947 2503 5001 illum
2540 4947 2736 5001 animm
2764 4956 2965 5001 statum
3004 4946 3406 5010 intellexerunt,
3439 4958 3551 5012 quo
3580 4944 3636 4997 in
3667 4942 3772 4997 hac

2196 5048 2308 5096 vita
2360 5041 2729 5094 mediocribus
2760 5049 2974 5095 tantum
3024 5038 3315 5094 affectuum
3354 5037 3605 5107 procellis
3654 5034 3768 5105 agi.

584 5235 626 5267 "
660 5235 796 5292 Gen.
833 5253 893 5303 ιι,
921 5236 977 5293 2.
1049 5235 1071 5268 ⁵
1103 5238 1261 5295 Deut.
1295 5255 1384 5305 xv,
1426 5242 1478 5307 l,
1511 5241 1566 5306 5,
1601 5240 1690 5296 12.
1764 5243 1806 5274 ι⁴
1846 5243 2017 5298 Lavit.
2062 5258 2078 5297 ι

2181 5285 2186 5307 ,
2223 5242 2280 5309 8,
2322 5241 2408 5297 i0.
2482 5251 2506 5284 ⁸
2535 5241 2715 5297 Eccle.
2757 5256 2829 5305 st,
2866 5238 2926 5295 2.

588 5410 701 5484 (25)
736 5411 801 5489 Et
836 5413 1153 5489 081?dt3t1._
1198 5415 1504 5489 Macrobius
1552 5419 1646 5472 lib.
1704 5436 1741 5480 ι,
1777 5435 1900 5489 cap.
1927 5418 1982 5483 6,
2021 5418 2091 5473 de

512 5485 828 5559 septenario
858 5484 1024 5539 verba
1055 5487 1257 5540 faciens
1295 5503 1317 5559 :7
1368 5506 1389 5538 4
1431 5488 1532 5541 Hic
1575 5484 1862 5554 numerus,
1889 5490 2088 5559 inquit,

520 5552 709 5628 heptas
740 5569 885 5608 nunc
915 5566 1160 5628 vocatur,
1208 5558 1490 5626 antiquata
1534 5575 1631 5613 usu
1665 5552 1851 5628 primae
1878 5552 2088 5612 litterae.

518 5618 675 5700 Apud
712 5626 1088 5700 ven-.res_enim
1130 5618 1698 5700 Seiitas_i'ocit:tbatur,
1732 5631 1875 5696 quod
1903 5628 2093 5683 Graeco

522 5694 745 5743 nomine
780 5694 1078 5747 testabatur
1103 5694 1507 5751 venerationem
1539 5694 1773 5750 debitam
1809 5713 2089 5752 numero.»

596 5758 710 5828 (‘26)
744 5757 856 5835 Hoc
887 5770 982 5835 cst,
1015 5762 1100 5815 iis.
1136 5763 1260 5817 Ιίίεο
1290 5776 1345 5817 ut
1368 5767 1420 5818 in
1455 5782 1570 5819 meo
1607 5767 1787 5821 Nicctn
1823 5770 2092 5835 leguntur.

525 5833 546 5876 t
579 5830 804 5883 anstuli.
835 5829 889 5884 In
929 5832 1144 5900 ilegintc
1168 5835 1351 5889 codice
1383 5836 1630 5902 quatiam
1661 5838 1825 5890 verba
1849 5829 1948 5891 huc
1977 5841 2095 5891 loco

2200 5420 2490 5488 interjccta
2546 5426 2693 5483 sunt,
2769 5419 2863 5472 sed
2925 5418 3001 5474 ita
3060 5417 3327 5480 involuta,
3362 5425 3420 5470 ut
3455 5413 3606 5488 nulla
3636 5415 3775 5469 mihi

2190 5485 2360 5545 causa
2384 5491 2500 5543 visa
2520 5491 2610 5548 sit.
2644 5504 2742 5542 cur
2768 5488 2834 5542 iis
2850 5489 3095 5545 chartam
3114 5502 3419 5542 Onerarem.
3442 5485 3772 5553 Quanquam

2194 5561 2297 5614 hoc
2330 5562 2559 5613 innuero
2593 5560 2830 5621 videtur,
2854 5556 3187 5628 Theologum
3221 5572 3316 5623 per
3338 5557 3479 5625 εἴδη,
3503 5555 3773 5608 elementa

2193 5630 2305 5685 sola
2343 5638 2397 5683 et
2437 5639 2684 5697 separata
2722 5626 3044 5696 intelligere;
3070 5626 3173 5696 per
3204 5628 3555 5697 συγκρίματα
3588 5633 3772 5697 autem

2193 5693 2514 5752 corumdeni
2539 5698 2681 5750 inter
2709 5712 2767 5750 se
2795 5693 3183 5758 connexioues,
3219 5693 3302 5750 vel
3330 5693 3494 5750 etiam
3530 5693 3773 5759 qualita-

2195 5782 2306 5820 tum
2335 5767 2767 5836 conjnnctioues,
2799 5776 2856 5819 ut
2901 5782 3021 5819 cum
3070 5767 3144 5836 uit
3184 5765 3441 5835 frigidum
3475 5774 3528 5818 ct
3556 5766 3767 5821 siccum

2199 5841 2400 5892 iutct'sc
2442 5838 2691 5891 coeuntia
2720 5846 2916 5890 terram
2968 5835 3277 5904 perfecisse.
