4024 6292
267 189 400 253 1441

1188 188 1508 249 NICETAS
1551 189 1629 248 lN
1670 189 1893 249 ORAT.
1938 189 2118 249 XLIV
2151 187 2211 249 S.
2255 185 2485 246 GREG.

3380 180 3518 243 iii?

267 306 435 365 tatur,
465 298 558 367 qui
603 279 822 368 quidem
872 296 926 351 in
957 311 1139 351 veram
1176 299 1393 353 tandem
1443 297 1607 352 futuri
1658 298 1840 352 sweuli
1875 307 1914 360 Α
1947 301 2146 352 lcstum
2175 304 2258 350 est
2292 293 2580 349 transitus.
2611 289 2747 344 V.dc
2779 297 2986 359 quanto
3026 289 3283 344 desiderii
3323 293 3522 346 ardore

270 389 716 460 tranquillitatem
767 399 821 443 ct
874 405 902 442 a
959 389 1465 459 perturbationibus
1517 390 1842 444 vacuitatem

267 483 485 538 desinit.
539 481 644 534 Alii
702 497 895 535 rursus
946 497 1043 550 per
1083 481 1484 535 sabbatismum
1536 482 1842 534 animarum

273 576 373 627 hoc
417 570 713 641 significari
765 571 1205 638 pronuntiarunt,
1243 585 1330 625 res
1372 585 1466 625 eas
1507 586 1697 625 omnes
1725 584 1845 639 quae

271 672 416 718 motu
447 663 685 726 cientur,
722 663 774 716 itt
823 662 1008 717 futuro
1041 679 1157 716 aavo
1189 662 1351 716 finem
1388 662 1640 717 mmendi
1672 661 1848 717 factu-

273 770 380 814 ras.
411 768 476 807 ac
513 751 626 822 jam
675 767 743 806 ne
789 754 1095 807 animarum
1148 753 1366 822 quidem
1412 753 1844 822 procreationem

272 844 434 897 ullam
470 841 610 897 fore.
643 843 710 897 At
742 858 970 909 magnus
1000 853 1054 898 et
1097 844 1318 898 divinus
1356 843 1626 898 Maximus
1661 845 1848 913 hujus-

273 935 416 988 modi
462 935 744 1004 quidpiam
808 933 1016 988 affert:
1075 932 1528 1005 Quandoquidem
1584 936 1849 990 Dominus

272 1036 464 1081 octavo
500 1026 587 1080 die
627 1024 961 1094 conspicuus
997 1026 1108 1094 (‘27)
1146 1026 1467 1095 proditurus
1499 1035 1602 1094 est,
1635 1027 1740 1081 hoc
1765 1033 1850 1081 est

272 1112 334 1165 ad
355 1111 550 1181 judicii
576 1112 954 1181 adventusque
979 1113 1148 1181 ipsius
1171 1113 1340 1181 diem,
1360 1123 1523 1184 atque
1545 1115 1612 1169 iis
1631 1115 1848 1185 quidem

272 1203 360 1270 qui
393 1212 586 1257 sancte
611 1211 662 1256 et
693 1202 919 1256 honeste
952 1202 1116 1256 vitam
1148 1204 1380 1274 egerint,
1410 1206 1767 1260 aeternitatem
1796 1212 1852 1259 et

274 1295 660 1348 beatitudinem
701 1293 926 1358 tribuet,
955 1308 1049 1348 eos
1077 1304 1260 1350 autem
1295 1297 1390 1366 qui
1427 1297 1672 1366 improbe
1703 1297 1850 1351 vixe-

275 1388 402 1452 rint,
446 1386 793 1455 sempiternis
836 1385 1015 1455 ptenis
1051 1385 1278 1449 afliciet;
1321 1387 1604 1442 sciendum
1645 1395 1728 1441 est
1757 1401 1852 1454 per

272 1479 666 1534 sabbatismum
715 1479 1050 1548 animarum,
1087 1491 1315 1536 mortem
1350 1480 1599 1550 intelligi,
1633 1482 1736 1534 hoc
1771 1487 1855 1532 est

266 1584 388 1638 eam
439 1569 509 1622 ab
557 1568 820 1638 operibus
881 1571 1175 1626 mundanis
1237 1571 1641 1634 cessationem,
1687 1583 1852 1640 quam

275 1660 484 1713 homini
523 1658 634 1713 vita
675 1657 865 1714 functo
906 1673 1055 1716 mors
1082 1660 1261 1714 ali‘ert.
1299 1659 1436 1714 Tum
1468 1661 1615 1714 enim
1660 1660 1856 1714 animae
1887 1652 1927 1707 Β

272 1750 568 1806 Sabbatum
598 1761 788 1821 agunt,
813 1751 1052 1820 quietem
1080 1752 1324 1818 abeunti
1355 1762 1508 1806 motu
1535 1761 1729 1816 nactae,
1753 1765 1854 1804 nec

276 1844 441 1898 ullam
492 1843 716 1897 omnino
764 1844 1120 1914 agitationem
1173 1843 1432 1898 habentes
1482 1851 1604 1913 post
1653 1841 1854 1898 summi

273 1941 422 1994 illius
462 1940 612 2004 boni,
645 1938 788 2007 quod
836 1951 962 1993 ante
992 1938 1408 2006 exquirchatur,
1442 1937 1855 1993 manifestatio—

275 2046 396 2084 nem
428 2044 535 2099 qua
567 2028 940 2098 quaerentibus
969 2029 1319 2098 perspicuum
1350 2031 1407 2081 lit
1446 2027 1499 2082 id
1528 2029 1672 2098 quod
1703 2041 1856 2096 quat-

273 2124 439 2177 sitmn
471 2132 580 2178 est.
610 2119 748 2175 Nam
784 2135 912 2175 cum
943 2121 997 2175 id
1028 2121 1178 2190 quod.
1209 2119 1854 2190 quaerebatur,apparuit,

277 2224 459 2268 motus
518 2212 765 2269 omnium
835 2227 1028 2268 eorum
1091 2227 1214 2282 qute
1283 2214 1663 2278 movebantur,
1719 2227 1854 2267 con.-

280 2305 533 2374 quiescit.

350 2398 468 2453 Col.
501 2397 601 2452 451
642 2396 701 2452 C.
740 2396 1056 2466 Quanquam
1091 2405 1270 2450 autem
1305 2397 1370 2450 de
1399 2397 1703 2465 septenarii,
1745 2409 1854 2453 etc.

276 2489 434 2556 Quod
485 2504 686 2560 magno
727 2491 782 2542 in
826 2489 1038 2543 honore
1069 2489 1142 2543 sit
1189 2491 1532 2557 septenarius
1565 2505 1854 2555 numerus,

273 2584 380 2638 etsi
427 2581 616 2637 multis
657 2581 980 2637 testimoniis
1029 2583 1392 2650 comprobare
1441 2597 1756 2652 possumus,
1792 2597 1855 2638 ex

278 2673 468 2728 multis
496 2682 676 2728 tamen
707 2689 879 2743 pauca
906 2690 971 2728 ex
1003 2672 1284 2742 Scriptura
1312 2687 1467 2728 sacra
1496 2673 1854 2743 proferemus.

279 2765 526 2819 Primum
579 2764 748 2820 Isaias
798 2765 864 2819 de
911 2765 1132 2820 Christo
1187 2767 1364 2836 inquit
1413 2784 1426 2818 :
1479 2765 1856 2835 Requiecerunt

274 2872 437 2926 super
489 2856 659 2926 ipsum
705 2857 924 2926 spiritus
975 2866 1172 2926 septem
1207 2857 1250 2923 ⁸,
1294 2873 1400 2910 non
1452 2857 1596 2926 quod
1650 2866 1856 2927 septem

273 2950 512 3019 spiritus
549 2950 701 3014 sint;
736 2964 881 3004 unus
917 2949 1062 3004 enim
1095 2962 1175 3004 est
1207 2947 1446 3018 Spiritus
1478 2959 1732 3010 sanctus;
1766 2949 1856 3002 sed

272 3042 496 3097 divinas
547 3056 741 3097 omnes
774 3041 1045 3106 actiones,
1074 3056 1195 3111 quae
1231 3041 1330 3108 ipsi
1368 3041 1576 3106 insunt,
1611 3039 1855 3108 spiritus,

273 3143 333 3187 ut
362 3133 587 3203 opinor,
614 3133 852 3204 appellat
907 3133 1190 3202 pr0plteta.
1235 3131 1332 3186 Hte
1364 3140 1546 3184 autem
1575 3140 1722 3196 sunt,
1751 3131 1862 3200 spi-

269 3225 414 3280 ritus
449 3225 758 3293 sapientiar,
788 3224 1016 3294 spiritus
1056 3221 1378 3289 prudentiae,
1411 3219 1638 3289 spiritus
1671 3220 1861 3289 cogni-

267 3320 468 3386 tionis,
518 3318 758 3388 pietatis,
803 3317 1041 3377 consilii,
1085 3313 1446 3378 fortitudinis,
1485 3313 1699 3367 timoris
1742 3310 1858 3366 Dei.

269 3411 446 3466 David
484 3422 674 3465 autent
709 3411 854 3466 Psal.
891 3425 946 3474 ι,
982 3409 1102 3465 ait:
1139 3407 1371 3478 Eloquia
1404 3405 1620 3460 Domini
1653 3405 1863 3475 eloquia

265 3515 450 3570 casta,
485 3513 766 3573 argentum
804 3504 920 3574 igne
953 3502 1338 3564 examinatum,
1371 3508 1655 3569 purgatum
1688 3507 1864 3566 septu-

262 3601 416 3667 ptum
447 3599 500 3661 τ,
539 3597 592 3666 id
627 3605 710 3650 est
757 3595 1153 3664 multipliciter.
1206 3591 1676 3658 Quemadmodum
1715 3591 1861 3644 enim

264 3699 570 3760 argentum
648 3685 846 3754 saepius
895 3682 1212 3747 conflatum,
1272 3682 1501 3751 probutn
1549 3696 1612 3735 ac
1665 3696 1860 3750 purum

267 3783 584 3853 reperitur,
611 3778 693 3834 sic
719 3779 884 3830 etiam
913 3777 1075 3829 verba
1103 3775 1194 3828 Dei
1224 3774 1411 3826 omnia
1441 3773 1513 3826 ab
1534 3772 1684 3825 omni
1715 3786 1867 3824 mcu-

263 3877 439 3932 dacio
489 3882 546 3926 et
594 3870 724 3924 vitio
760 3879 890 3923 sunt
924 3869 1117 3924 libera.
1158 3867 1260 3922 Job
1294 3877 1557 3936 przcterea
1603 3865 1672 3920 de
1715 3865 1866 3935 justo

262 3970 343 4022 ita
374 3963 579 4022 scribit
613 3979 626 4017 :
661 3959 842 4016 Senties
872 3960 936 4014 de
964 3961 1363 4014 necessitatibus
1393 3959 1628 4013 extrahet
1671 3967 1720 4011 te
1755 3973 1773 4011 :
1811 3959 1862 4010 in

261 4061 502 4132 septimo
534 4065 708 4110 autem
753 4071 860 4110 non
904 4065 1080 4124 tanget
1128 4064 1176 4107 te
1221 4052 1423 4106 malum
1449 4053 1492 4107 ⁸.
1539 4051 1672 4116 Quae
1701 4051 1864 4104 verba

262 4155 432 4225 quasi
500 4166 569 4205 ex
642 4162 874 4220 persona
953 4146 1048 4200 Dei
1109 4145 1177 4199 ad
1223 4145 1434 4215 justum
1477 4142 1863 4213 proferuntur.

265 4246 495 4310 Sexies,
529 4243 631 4297 hoc
655 4252 740 4296 cst
767 4242 818 4294 in
849 4237 1103 4310 praesenti
1131 4239 1268 4304 vita,
1290 4237 1345 4290 in
1372 4251 1478 4306 qua
1507 4235 1860 4295 teutatioues,

1947 389 2175 444 dissolvi
2209 389 2394 456 eupiat
2434 385 2658 449 Paulus,
2693 392 2746 436 et
2787 399 2914 438 cum
2947 383 3168 437 Christo
3208 401 3328 439 esse
3352 387 3394 439 ’.
3432 386 3524 440 Sic

1949 483 2116 549 igitur
2168 480 2545 548 accipiendum
2593 486 2676 532 est
2728 478 2854 531 illud
2891 496 2902 529 :
2933 476 3012 530 Ne
3061 477 3254 532 leviter
3299 480 3521 548 quidem

1949 573 2276 640 percutitur,
2333 571 2437 624 hoc
2478 578 2562 622 est
2614 583 2681 622 ne
2728 569 3031 636 simplicem
3087 568 3305 636 quidem
3360 570 3520 623 ullius

1950 660 2211 713 molestiae
2261 658 2643 728 cogitationem
2700 657 2917 725 accipit.
2970 657 3107 710 Nam
3159 658 3518 712 exuberantia

1948 753 2246 822 voluptatis
2279 752 2446 816 illius,
2481 768 2587 818 qua
2632 762 2743 804 tum
2781 751 2919 803 bcati
2959 750 3332 819 perfruentur,
3365 769 3517 807 acet"

1949 843 2140 898 bitatis
2189 845 2368 898 Omnis
2421 843 2743 896 memoriam
2796 842 2984 911 procul
3033 843 3206 912 pellit.
3249 843 3527 909 Quemad.

1953 939 2174 991 modum
2211 938 2353 991 enim
2393 938 2447 990 in
2487 938 2724 1006 septimo
2766 937 2853 990 die
2902 935 3046 991 Deus
3079 938 3148 990 ab
3178 938 3526 1006 aspectabilis

1951 1041 2218 1082 creaturae
2254 1028 2472 1098 opilicio
2508 1026 2778 1097 requievit
2808 1041 2823 1078 :
2857 1027 2936 1080 sic
2967 1026 3022 1080 in
3055 1027 3289 1096 septimo
3325 1027 3532 1080 saccum

1953 1120 2170 1192 requies
2195 1120 2360 1190 justis
2390 1121 2518 1184 erit,
2553 1130 2843 1188 postquam
2883 1134 3009 1172 cum
3053 1119 3239 1173 multis
3271 1118 3525 1172 afﬂictio-

1955 1213 2120 1268 nibus
2165 1211 2460 1267 conflictati
2503 1211 2730 1274 fuerint,
2780 1211 2889 1264 Deo
2936 1210 3056 1265 illos
3089 1211 3367 1266 liberante.
3409 1212 3530 1265 Jan:

1951 1318 2081 1358 vero
2131 1303 2183 1357 in
2241 1303 2552 1372 Evangelio,
2603 1303 2984 1372 percunctanti
3035 1302 3198 1358 Petro
3244 1321 3259 1356 :
3313 1302 3536 1367 Quoties

1952 1394 2183 1463 peccabit
2228 1395 2284 1446 in
2328 1411 2409 1448 me
2453 1395 2619 1462 frater
2663 1409 2828 1457 meus,
2873 1405 2920 1446 et
2957 1395 3225 1446 dimittam
3254 1395 3302 1447 ei
3317 1395 3341 1447 Ρ
3371 1410 3536 1464 usque

1954 1487 2190 1554 septies?
2227 1486 2517 1555 respondet
2566 1485 2830 1538 Dominus
2864 1505 2876 1539 :
2911 1483 3036 1537 Non
3084 1486 3202 1538 dico
3237 1485 3337 1538 tibi
3372 1501 3538 1554 usque

1955 1579 2168 1646 septies,
2197 1579 2288 1631 sed
2319 1594 2482 1648 usque
2509 1578 2806 1648 septuagies
2834 1579 3024 1645 septies
3054 1577 3118 1645 ’°,
3154 1581 3256 1634 hoc
3281 1590 3365 1634 est
3395 1579 3533 1633 resi-

1957 1671 2188 1739 piscenli
2223 1671 2274 1723 in
2307 1670 2580 1724 infinitum
2609 1669 2872 1725 offensam
2905 1672 3262 1726 condonabis.
3292 1670 3370 1726 En
3396 1688 3522 1742 quo-

1956 1763 2119 1818 modo
2153 1762 2434 1831 Scriptura
2471 1762 2814 1818 remissionis
2857 1773 3207 1832 peccatorum
3240 1781 3531 1818 numerum

1957 1855 2268 1923 septenario
2323 1855 2572 1910 deliniat.
2626 1854 2761 1909 Nam
2814 1871 2938 1910 cum
2991 1855 3186 1912 Petrus
3241 1857 3468 1912 dixisset
3519 1874 3540 1910 :7

1962 1945 2131 2016 Usque
2184 1946 2418 2014 septies?
2475 1961 2582 1999 non
2636 1945 2702 2000 ad
2753 1946 2922 1999 alium
2978 1961 3268 1999 numerum
3320 1949 3537 2000 transiit

1959 2037 2246 2101 Dominus,
2279 2051 2470 2091 verum
2508 2036 2879 2105 scptenarium
2916 2035 3292 2106 multiplicans
3326 2038 3380 2090 in
3419 2039 3538 2106 ipso

1958 2129 2305 2183 remissionis
2342 2129 2636 2182 terminum
2671 2128 2979 2182 constituit.
3025 2127 3195 2180 Porro
3226 2132 3538 2198 septuagics

1959 2229 2166 2286 septem
2197 2219 2305 2272 490
2336 2217 2594 2272 cilicium.
2629 2216 2738 2272 Nec
2774 2228 2952 2272 tamen
2985 2219 3086 2272 hoc
3117 2233 3348 2273 ttumero
3380 2220 3538 2274 venia

1959 2313 2435 2367 circumscribitur
2470 2329 2483 2364 :
2518 2327 2708 2366 rerum
2751 2327 2842 2381 per
2892 2328 3017 2366 eum
3066 2327 3286 2382 semper
3331 2313 3540 2367 condo.

1961 2404 2195 2456 nandam
2231 2418 2354 2458 esse
2385 2419 2582 2456 noxam
2618 2404 2891 2472 proximo,
2924 2412 2979 2457 ct
3009 2406 3222 2473 quoties
3255 2415 3544 2473 peccatum

1960 2493 2250 2548 confessus
2280 2493 2442 2546 fuerit
2474 2508 2536 2548 ac
2566 2494 2886 2562 resipuerit,
2915 2495 3308 2564 ignoscendum
3342 2497 3388 2548 ei
3416 2510 3538 2549 esse

1961 2587 2244 2640 docentur.
2276 2584 2547 2651 Quoniam
2579 2593 2764 2639 autem
2813 2588 3084 2640 scelerum
3118 2603 3337 2657 quoque
3377 2603 3537 2658 poena

1961 2674 2234 2729 laudanda
2261 2683 2362 2741 est,
2389 2675 2517 2730 audi
2545 2676 2657 2744 iam
2684 2691 2714 2730 e
2739 2677 3039 2740 contrario,
3069 2678 3198 2746 quid
3231 2679 3283 2731 in
3316 2679 3543 2733 Genesis

1963 2767 2098 2821 libro
2127 2767 2395 2821 habeatur
2419 2783 2432 2820 :
2457 2765 2658 2834 Septies
2687 2767 2820 2819 ultio
2850 2767 3067 2820 dabitur
3097 2771 3159 2819 de
3183 2767 3314 2822 Cain
3339 2770 3404 2835 “,
3440 2769 3544 2822 hoc

1961 2869 2046 2914 est
2096 2859 2348 2928 scptuplo
2398 2859 2774 2922 cruciabitur,
2829 2874 2928 2927 pro
2977 2875 3040 2912 eo
3091 2862 3236 2927 quod
3289 2860 3544 2916 fraterna:

1883 2979 1928 3041 ρ
1962 2953 2127 3006 caedis
2157 2952 2390 3005 crimine
2425 2951 2667 3019 seipsum
2704 2950 3059 3004 constrinxit.

2037 3042 2229 3112 Opera:
2270 3041 2502 3110 pretium
2541 3049 2620 3094 est
2651 3050 2836 3096 autem
2875 3042 3159 3110 scptempli
3206 3057 3398 3112 pinum,
3432 3060 3539 3113 qua

1963 3136 2228 3190 multatus
2275 3143 2359 3189 est
2401 3133 2560 3197 Cain,
2609 3132 2841 3188 Joannis
2884 3134 3266 3205 Chrysostomi
3311 3152 3542 3192 enarra-

1964 3229 2168 3284 tionem
2207 3227 2526 3298 adjungere,
2564 3241 2686 3296 quae
2721 3227 2824 3280 hoc
2873 3230 3037 3282 modo
3085 3245 3144 3283 se
3181 3229 3340 3283 habet
3375 3249 3388 3283 :
3424 3230 3544 3282 Pri-

1962 3336 2114 3375 mum
2183 3321 2532 3389 septenarius
2597 3333 2862 3374 numerus
2923 3334 3022 3388 pro
3081 3321 3430 3375 multitudine
3484 3322 3542 3376 in

1965 3413 2246 3482 Scriptura
2296 3423 2486 3466 saneta
2526 3411 2798 3480 accipitur
2833 3428 2848 3464 :
2878 3419 3043 3480 atque
3091 3413 3143 3465 itt
3181 3413 3282 3466 hac
3329 3413 3544 3483 signiti-

1953 3507 2182 3561 'catione
2225 3505 2516 3574 permultis
2562 3504 2699 3558 locis
2746 3505 2987 3573 positum
3022 3519 3143 3559 esse
3177 3506 3437 3574 reperies.
3475 3502 3545 3560 Ut

1967 3599 2094 3654 illud
2130 3617 2143 3652 :
2177 3596 2394 3651 Sterilis
2427 3597 2638 3665 peperit
2669 3605 2963 3666 septem,et
2986 3611 3348 3666 qutecumque
3379 3598 3546 3667 hujus

1966 3700 2092 3746 sunt
2125 3689 2367 3758 generis.
2403 3689 2503 3744 Hic
2549 3699 2730 3744 autem
2780 3690 3004 3744 sceleris
3059 3690 3282 3744 admissi
3334 3692 3548 3760 magni-

1969 3786 2100 3839 tudo
2140 3782 2502 3852 significatur,
2536 3790 2590 3836 et
2635 3783 2781 3851 quod
2831 3796 2939 3835 non
2989 3797 3156 3835 unum
3200 3797 3263 3836 ac
3312 3783 3545 3851 simplex

1966 3883 2083 3928 erat
2114 3872 2292 3931 scelus
2337 3873 2406 3926 ab
2438 3887 2503 3926 eo
2533 3873 2902 3938 designatum,
2942 3885 3130 3924 verum
3173 3879 3378 3939 septem
3416 3884 3544 3937 pec-

1967 3973 2118 4031 cata,
2143 3971 2198 4018 et
2245 3963 2464 4032 quidem
2527 3963 2696 4023 talia,
2752 3971 2813 4015 ut
2865 3961 3296 4030 unumquodque
3352 3975 3542 4014 eorum

1967 4055 2289 4126 gravissima
2328 4069 2484 4123 paena
2531 4054 2919 4106 vindicandum
2969 4062 3139 4106 esset.
3185 4052 3361 4119 Atque
3399 4061 3455 4104 ut
3483 4068 3546 4104 ea

1965 4162 2369 4210 enutneremus,
2419 4147 2493 4198 ita
2542 4159 2576 4197 a
2622 4145 2778 4198 nobis
2831 4146 2970 4197 ratio
3021 4145 3255 4199 ineatur.
3301 4141 3548 4195 Primum

1967 4241 2122 4295 fratri
2155 4240 2368 4303 invidit,
2399 4241 2525 4308 quia
2557 4252 2680 4291 eum
2715 4252 2746 4290 a
2783 4235 2891 4290 Deo
2924 4235 3100 4289 amari
3138 4233 3501 4303 perspiciebat
3531 4250 3548 4286 :

264 4349 445 4409 atque
517 4349 745 4405 operum
796 4333 1013 4387 labores
1055 4330 1347 4394 exsistunt,
1401 4327 1696 4382 tentaberis
1743 4325 1864 4395 qui-
1894 4324 2114 4403 unod
2162 4332 2380 4401 quidem
2427 4332 2655 4393 crimen,
2705 4329 2918 4382 thlcrls
2969 4327 3134 4379 etiam
3190 4325 3437 4386 remotis,
3481 4326 3547 4375 ad

262 4434 422 4494 dem,
465 4437 638 4497 atque
695 4426 754 4479 in
791 4423 1212 4480 necessitatibus
1250 4431 1304 4477 et
1345 4436 1526 4476 rerum
1573 4418 1861 4474 difficulta-

264 4528 424 4580 tibus
475 4520 789 4577 versaberis
819 4535 839 4585 ,'
871 4534 1061 4572 verum
1105 4517 1174 4571 iis
1213 4516 1462 4586 superior
1515 4514 1734 4569 futurus
1765 4529 1860 4578 es;

263 4630 483 4669 manus
515 4611 664 4666 enim
699 4625 817 4664 mea
850 4611 945 4664 tibi
992 4623 1150 4678 opettt
1204 4606 1359 4661 feret.
1407 4607 1476 4660 At
1514 4607 1567 4659 in
1602 4609 1860 4676 septimo,

260 4711 318 4764 in
349 4722 471 4778 quo
503 4705 700 4760 beatus
725 4702 1002 4774 justorum
1033 4700 1400 4755 sabbatismus
1426 4713 1509 4754 est
1537 4708 1591 4753 et
1625 4699 1861 4768 requies,

260 4801 486 4856 nullius
523 4796 796 4852 molestiae
842 4793 1150 4849 recordatio
1189 4793 1431 4845 animum
1486 4801 1638 4846 tuum
1676 4802 1861 4862 anget.

259 4900 448 4965 Atque
501 4892 580 4946 ob
637 4890 777 4943 hanc
823 4901 1047 4943 causam
1115 4885 1332 4956 sapiens
1380 4885 1600 4953 quidam
1653 4883 1792 4938 dixit
1842 4898 1858 4938 :

259 4989 319 5042 ltt
351 4987 448 5042 die
495 4982 627 5038 festi
674 4990 837 5050 atque
869 4980 1072 5034 latitia:
1105 4977 1344 5032 tristium
1377 4992 1557 5031 rerum
1600 4976 1863 5031 memoria

258 5081 467 5137 cﬂluit.
503 5077 662 5132 Mors
694 5074 841 5129 enim
877 5073 1124 5144 profecto
1161 5069 1327 5140 iustis
1356 5070 1424 5125 ad
1467 5069 1857 5138 sempiternum

335 5247 361 5278 ⁸
400 5244 516 5300 isa.
557 5256 638 5302 χι,
668 5237 722 5301 2.
801 5236 820 5268 τ
863 5235 1009 5292 Psal.
1056 5248 1133 5301 ιι,
1166 5235 1221 5289 't’.
1296 5229 1321 5262 ⁸
1347 5228 1451 5286 Job
1492 5245 1546 5292 ν,
1589 5227 1678 5282 i9.

338 5406 462 5479 (27)
495 5399 714 5479 Eodem
739 5407 948 5479 spectat
970 5395 1115 5479 quod
1147 5395 1225 5449 ait
1254 5397 1486 5479 Anugustl.
1514 5405 1636 5479 cap.

263 5463 370 5537 tib‘.
423 5463 619 5528 tiltitni
673 5463 931 5521 De'cirit.
991 5463 1092 5518 Dei
1136 5479 1154 5518 :
1205 5482 1241 5538 ιΔ
1277 5464 1409 5517 Post
1449 5463 1602 5538 hanc
1654 5468 1865 5538 aetatem

265 5530 548 5619 iit-nquam
604 5543 656 5592 in
702 5539 788 5592 die
823 5537 1053 5616 septi-nm
1095 5535 1420 5619 requies-ert‘
1449 5530 1592 5612 Deus
1641 5530 1865 5619 {cuiius

263 5599 402 5678 ζίξζξῗ
437 5613 575 5670 finis
631 5625 736 5664 non
788 5599 898 5661 crit'
937 5599 1185 5674 vespera,
1234 5607 1326 5660 sed
1385 5601 1698 5657 Dentinicus
1750 5599 1866 5653 dies

1753 5228 1772 5259 ’
1808 5226 2046 5297 Philipp.
2078 5242 2116 5290 t,
2151 5224 2244 5282 25...

1970 4425 2195 4479 exitium
2234 4425 2333 4492 ipsi
2368 4421 2710 4477 inferendum
2748 4424 2882 4473 satis
2917 4435 3078 4488 grave
3113 4425 3248 4470 erat.
3280 4416 3553 4492 Alterum,

1971 4516 2096 4585 quia
2133 4516 2233 4568 hoc
2268 4515 2320 4566 in
2357 4513 2577 4566 fratrem
2623 4511 2862 4564 admisit.
2895 4509 3163 4572 Tertium,
3198 4487 3324 4576 quia
3361 4506 3550 4559 dolum

1971 4609 2193 4664 struxit.
2239 4606 2534 4672 Quartum,
2569 4604 2698 4673 quia
2739 4603 2942 4656 etedcm
2989 4601 3344 4670 perpetravit.
3377 4597 3554 4664 Quin-

1970 4711 2105 4766 tum,
2142 4701 2269 4769 quia
2300 4701 2520 4753 fratrem
2562 4697 2854 4751 interemit.
2889 4696 3138 4756 Sextum,
3170 4691 3298 4763 quia
3335 4695 3555 4761 primus

1970 4795 2172 4848 caadent
2204 4794 2444 4848 admisit.
2481 4790 2808 4860 Septimum,
2842 4789 2968 4858 quia
3017 4786 3125 4841 Dco
3153 4787 3414 4841 mentitus
3440 4792 3550 4839 est.

1973 4884 2249 4940 Intellecta
2280 4884 2519 4940 assecuti
2555 4885 2690 4939 estis
2720 4897 2782 4936 ea
2812 4898 2934 4952 qua:
2981 4880 3242 4943 diximus,
3286 4894 3354 4932 an
3385 4877 3554 4931 vultis

1973 4995 2058 5032 me
2083 4994 2274 5031 eorum
2303 4982 2775 5032 enumerationem
2811 4975 2976 5028 altius
3006 4981 3274 5043 repetere,
3305 4979 3362 5023 ut
3388 4967 3550 5023 intei-

1970 5069 2152 5138 iigatis
2200 5070 2632 5137 unumquodque
2680 5070 2896 5126 horum,
2945 5066 3028 5118 vel
3087 5065 3289 5126 solum,
3342 5058 3550 5128 gravis-

2326 5224 2370 5257 '°
2398 5223 2587 5279 Matth.
2623 5237 2778 5288 xvttt,
2808 5223 2898 5289 2|,
2931 5223 3022 5278 ΞΩ.
3106 5223 3146 5254 ⁸⁸
3175 5220 3312 5276 Cen.
3348 5234 3423 5283 tv,
3452 5217 3548 5273 2-4.

1971 5388 2118 5442 velut
2165 5393 2392 5440 octavus
2439 5394 2696 5446 aeternus.
2747 5386 2839 5454 qui
2888 5382 3112 5454 Christi
3145 5377 3550 5454 resurrectione
3615 5447 3618 5450 ἢ

1974 5469 2222 5513 sacratus
2247 5465 2610 5521 est,:eternam
2642 5471 2745 5508 non
2765 5448 2950 5508 'solum
2983 5453 3228 5519 spiritus,
3257 5451 3348 5507 sed
3377 5448 3549 5504 etiam

1975 5529 2218 5598 corporis
2255 5524 2712 5582 resurrectionem
2748 5527 3125 5593 prtuligurans.
3164 5540 3183 5572 ο
