4024 6292
540 225 675 290 ma

1945 212 2192 274 ADDEN
2208 213 2299 274 DA
2310 261 2326 276 .

3639 209 3773 274 1444

3140 270 3167 289 \

537 338 674 394 sima
720 345 879 403 poena
922 324 1265 383 multandum
1315 322 1526 378 fuisse?
1571 320 1709 387 Quis
1753 320 1898 375 enim
1952 321 2106 375 venia
2138 335 2182 387 Α
2213 322 2347 375 ritas
2379 332 2566 388 poenas
2600 318 3123 390 exsolvcnlem.Ego
3156 326 3334 373 autem
3376 329 3686 389 gementem
3713 338 3773 375 ac

538 429 763 498 dignum
798 439 920 478 eum
955 418 1303 489 judirth-rit,
1349 416 1440 484 qui
1471 429 1537 468 co
1582 412 1805 467 nomine
1854 412 2106 482 cuiquam

539 518 802 578 invideat,
833 514 973 582 quod
1013 511 1102 564 Dei
1149 507 1527 561 benevolentia
1557 513 1610 557 et
1640 518 1828 557 amore
1858 501 2110 557 fruatur?

537 613 651 666 lloc
674 611 785 679 jam
814 621 981 661 unum
1009 612 1065 656 et
1091 599 1414 668 inexpiabile
1446 608 1727 666 peceatum
1759 603 1865 647 est.
1896 595 2108 646 liursus

537 712 639 757 ttoc
667 698 909 753 atrocius
932 691 1260 753 ostenditur,
1283 705 1407 743 cutn
1440 686 1593 740 fratri
1628 685 1921 746 invidetur,
1948 683 2112 751 idque

537 784 866 847 immerenti.
922 784 1001 838 En
1058 785 1164 837 hoc
1214 795 1432 851 quoque
1487 792 1680 831 rursus
1728 793 1836 829 tton
1893 777 2113 851 vulgare

536 891 839 955 peccatum.
865 878 947 932 Ad
980 878 1094 931 haec
1125 875 1311 928 dolum
1367 870 1715 925 machinatus
1744 878 1848 934 est,
1882 867 2107 921 fratrem

537 977 964 1032 circumventum
1015 968 1068 1021 in
1118 978 1373 1034 campum
1423 961 1762 1032 pertraltens,
1810 973 1875 1012 ac
1908 974 1976 1013 ne
2010 970 2110 1011 na-

539 1078 717 1123 turam
771 1061 988 1132 quidem
1041 1058 1210 1127 ipsam
1264 1055 1492 1108 veritus.
1545 1052 1810 1118 Quartum
1866 1049 2110 1114 crimen,

538 1157 714 1210 credes
741 1154 853 1222 ipsa
882 1159 986 1214 est,
1012 1161 1175 1217 quam
1209 1143 1453 1198 admisit.
1487 1140 1747 1206 Quintum
1780 1137 1926 1208 quod
1957 1138 2111 1191 fratri

540 1261 729 1302 necem
781 1242 999 1302 intulit,
1050 1236 1239 1300 fratri,
1293 1236 1554 1303 inquam,
1603 1247 1667 1285 ex
1717 1231 1905 1285 eodem
1960 1237 2114 1283 utero

512 1339 709 1393 .edito.
745 1335 1001 1398 Sextum,
1051 1329 1180 1399 quia
1221 1327 1430 1396 primus
1482 1324 1645 1378 caedis
1680 1337 1852 1391 genus
1887 1320 2112 1376 invexit.

542 1430 869 1498 Septimum,
920 1423 1048 1494 quia
1088 1422 1454 1487 interrogatus
1503 1431 1533 1470 a
1585 1414 1695 1469 Deo
1752 1414 1967 1468 mentiri
2006 1428 2112 1467 non

540 1520 831 1577 dubitavit.
883 1516 1073 1584 Itaque
1105 1513 1178 1567 ob
1215 1511 1267 1565 id
1301 1511 1446 1579 quod
1485 1508 1639 1563 fratri
1688 1520 1883 1561 manus
1920 1506 2116 1561 aﬂerre

479 1655 485 1662 .
539 1626 709 1668 ausus
744 1617 848 1672 est,
886 1616 1090 1676 septem
1147 1601 1413 1672 supplicia
1461 1599 1562 1655 sibi
1606 1607 1867 1654 acccrset.
1921 1597 2111 1653 Scelus

2214 420 2533 467 trementem
2572 424 2821 472 cernens,
2865 409 3067 479 ira-que
3110 411 3305 463 divinae
3348 410 3775 480 magnitudinem

2211 516 2282 555 os
2313 502 2502 554 oculos
2542 501 2769 564 habens,
2807 501 3111 570 huiusmodi
3147 500 3418 569 exemplo,
3454 517 3554 555 nec
3587 501 3781 554 melior

2212 593 2426 655 factus.
2485 609 2586 645 nec
2634 609 2662 645 a
2716 592 2957 646 facinore
3004 592 3298 647 deterritus
3347 608 3492 648 sum.
3545 592 3783 648 Proinde

2205 683 2331 752 jure
2352 684 2560 752 Optimo
2580 683 2754 737 multo
2778 684 2981 752 majora
3005 683 3139 736 mihi
3163 690 3435 738 tormenta
3457 683 3780 739 infercntur.

2211 776 2444 841 Quidam
2471 784 2651 830 autem
2680 776 2828 829 hunc
2855 775 3033 829 locum
3064 775 3165 828 hac
3191 776 3401 829 ratione
3422 777 3780 844 explicarunt.

2211 869 2256 919 A
2284 865 2419 919 Cain
2461 881 2638 935 usque
2669 865 2737 920 ad
2767 865 3031 920 diluvium
3067 876 3273 935 septem
3308 865 3588 920 tinxerunt
3624 882 3786 936 gene-

2215 958 2480 1020 rationes,
2525 974 2590 1013 ac
2638 971 2750 1012 tum
2789 969 2946 1012 terrm
2976 958 3304 1028 supplicium
3354 958 3638 1013 inductum
3681 969 3785 1020 est,

2214 1050 2358 1117 quod
2394 1050 2554 1119 longe
2580 1049 2798 1117 lateque
2832 1048 3013 1104 fusum
3039 1056 3186 1104 esset
3220 1059 3523 1117 peccatum.
3558 1051 3629 1105 At
3662 1066 3777 1120 pec-

2215 1148 2396 1194 catum
2452 1139 2685 1194 Lameeh
2738 1155 2848 1195 non
2906 1141 3017 1209 jam
3069 1139 3279 1194 diluvio
3326 1142 3391 1195 ad
3446 1142 3781 1195 curationem

2214 1247 2352 1299 opus
2404 1233 2655 1297 habebat,
2702 1248 2888 1287 verum
2914 1233 3022 1286 illo
3060 1232 3179 1300 ipso
3218 1233 3311 1301 qui
3350 1234 3539 1286 mundi
3590 1247 3781 1302 pecca-

2219 1334 2329 1379 tum
2365 1325 2524 1379 tollit.
2556 1323 2802 1395 Supputa
2838 1326 3023 1395 itaque
3051 1341 3242 1382 omnes
3273 1327 3340 1380 ah
3369 1325 3582 1379 Adatnu
3617 1341 3787 1393 usque

2215 1416 2280 1469 ad
2315 1417 2593 1471 Christum
2646 1416 3028 1487 generationes
3079 1432 3145 1472 ac
3191 1416 3344 1483 juxta
3380 1431 3516 1489 _eam
3572 1417 3786 1486 generis

2218 1507 2620 1575 recensionem,
2651 1524 2814 1579 quam
2848 1508 3024 1564 Lucas
3055 1510 3261 1580 profert
3287 1512 3350 1575 ι’,
3386 1493 3785 1582 septuagesima

2218 1608 2275 1654 et
2315 1600 2542 1669 septima
2585 1609 2746 1655 aetate
2778 1600 3065 1655 Dominum
3099 1611 3286 1655 natum
3316 1602 3489 1658 fuisse
3519 1603 3785 1673 reperies.

540 1659 723 1760 Quid}.
750 1659 1001 1753 Lameeh
1050 1659 1363 1765 septuagies
1406 1692 1606 1761 septies
1650 1689 2017 1745 vindicabitur
2044 1689 2110 1754 “,
2148 1659 2187 1713 Β
2220 1659 2415 1746 Verum
2450 1693 2566 1748 haec
2607 1694 2675 1747 de
2716 1691 2850 1748 Cain
2896 1701 2950 1747 et
2996 1693 3227 1749 Lameeh
3263 1709 3359 1763 per
3388 1659 3788 1765 digressionem

545 1798 646 1850 hoc
687 1803 770 1849 est
805 1788 1193 1857 multipliciter.
1244 1782 1516 1850 Quoniam
1566 1782 1799 1837 Lameeh
1849 1782 2028 1835 virum
2060 1789 2115 1834 et

538 1888 794 1958 juvenem
845 1879 1138 1939 interemit,
1172 1877 1335 1945 idque
1382 1882 1502 1943 post
1538 1875 1729 1943 legem,
1777 1873 1829 1927 id
1860 1881 1961 1934 est,
1995 1880 2115 1941 post

542 1973 872 2032 sententiam
929 1970 1194 2024 adversus
1247 1965 1382 2020 Cain
1437 1980 1465 2016 a
1522 1964 1630 2017 Deo
1685 1963 2110 2032 pronuntiatam.

541 2062 676 2118 Nam
712 2062 794 2116 lex
830 2060 1028 2129 scripta
1060 2055 1300 2111 nondum
1337 2053 1463 2107 data
1504 2063 1643 2107 erat.
1682 2052 1898 2121 Septem
1932 2060 2109 2104 autent

542 2155 781 2227 peccatis
807 2151 963 2207 Caini
1006 2158 1213 2220 septem
1245 2146 1579 2216 respondent
1611 2145 1896 2215 supplicia.
1932 2144 2113 2197 Primo

542 2246 811 2318 peccavit,
842 2246 972 2315 quia
1016 2242 1216 2297 invidia
1249 2240 1474 2296 allectus
1519 2248 1640 2306 est;
1686 2238 1950 2300 secundo.
1983 2238 2112 2308 quia

542 2341 727 2395 dolum
753 2338 987 2403 struxit;
1026 2333 1207 2398 tertio,
1228 2333 1354 2402 quia
1385 2332 1586 2387 caedem
1608 2330 1862 2396 admisit;
1894 2337 2112 2398 quarto,

547 2430 676 2500 quia
731 2435 950 2481 fratrem
1002 2422 1383 2487 obtruncavit;
1450 2420 1664 2489 quinto,
1721 2421 1848 2487 quia
1905 2419 2114 2486 primus

546 2522 749 2578 caedem
809 2519 1078 2591 patravit;
1138 2525 1329 2578 sexto,
1380 2514 1508 2582 quia
1561 2512 1878 2582 parentibus
1934 2511 2114 2566 luctus

545 2626 769 2668 causam
819 2608 1033 2673 attulit;
1082 2606 1337 2675 septimo,
1389 2604 1515 2673 quia
1558 2602 1665 2655 Deo
1715 2603 1976 2658 mentitus
2009 2610 2112 2657 est.

549 2701 810 2772 Sequitur
838 2699 974 2769 jam,
1002 2706 1059 2751 ut
1085 2710 1371 2767 poenarum
1403 2710 1691 2749 numerum
1723 2695 2111 2749 subducamus.

548 2795 837 2852 Maledicta
883 2802 1024 2846 terra
1057 2808 1087 2844 a
1119 2801 1189 2854 te,
1222 2790 1392 2859 prima
1429 2789 1543 2844 haec
1582 2803 1744 2859 paena
1774 2797 1875 2843 est.
1912 2787 2115 2857 Opera-

546 2890 683 2944 beris
731 2899 948 2951 terram,
997 2885 1099 2939 hoc
1123 2890 1231 2947 est,
1284 2881 1405 2937 sine
1451 2881 1558 2934 ulla
1607 2877 2010 2934 intermissione
2048 2892 2114 2934 ac

548 2979 884 3035 relaxatione
933 2973 1277 3046 agricultura:
1337 2972 1616 3027 laboribus
1671 2970 1986 3036 vexaberis,
2024 2984 2184 3059 se-C

549 3074 748 3126 cumla.
779 3069 848 3122 Et
879 3084 981 3122 non
1014 3067 1171 3121 addet
1205 3066 1450 3121 virtutem
1488 3079 1643 3118 suam
1678 3063 1807 3117 dare
1851 3064 1969 3126 tibi.
2004 3063 2117 3117 hate

551 3164 708 3219 tertia
750 3175 910 3232 poena
939 3167 1042 3224 est,
1077 3172 1271 3226 nempe
1302 3156 1549 3211 laborum
1588 3154 1872 3214 sterilitas.
1902 3152 2118 3209 Gemens

548 3265 599 3310 et
631 3265 852 3308 tremens
882 3253 988 3306 eris
1038 3265 1194 3319 super
1234 3257 1430 3303 terram
1459 3247 1524 3311 ",
1560 3247 1732 3300 tribus
1777 3244 1954 3315 pmuis
1982 3245 2118 3300 duas

549 3346 767 3416 adjecit,
798 3345 1059 3416 gemitum
1098 3349 1417 3410 perpetuum
1443 3345 1499 3394 et
1526 3338 1775 3407 corporis
1806 3347 2117 3401 tremorem,

548 3441 623 3496 ita
654 3448 714 3494 ut
741 3437 856 3505 ipse
880 3442 1190 3489 moveretur
1214 3439 1269 3493 et
1298 3437 1705 3492 concuteretur,
1734 3442 1801 3482 ac
1829 3443 1896 3493 ne
1924 3440 2118 3496 panem

550 3529 770 3601 quidem
800 3533 855 3581 et
890 3533 1076 3594 potum
1127 3521 1284 3577 facile
1321 3520 1404 3574 ori
1442 3521 1733 3575 admovere
1768 3527 1973 3588 posset.
2016 3517 2118 3573 Se-

549 3622 736 3693 quitur
773 3617 916 3673 aliud
953 3615 1308 3684 supplicium,
1339 3612 1484 3685 quod
1512 3611 1647 3667 Cain
1689 3612 1804 3683 ipse
1839 3611 2118 3682 patefecit,

550 3714 628 3768 sic
663 3711 898 3782 liquens
931 3725 945 3761 :
982 3706 1042 3762 Si
1083 3721 1220 3760 nunc
1249 3723 1277 3760 e
1306 3714 1448 3758 terra
1484 3720 1563 3758 me
1599 3704 1766 3772 ejicis,
1807 3703 1910 3758 hoc
1941 3711 2045 3769 est,
2073 3704 2118 3759 si

549 3818 581 3857 a
610 3812 767 3858 terra:
793 3798 1272 3856 commoditatibus
1298 3811 1385 3850 me
1413 3794 1703 3864 disjungis,
1733 3802 1784 3848 et
1808 3811 1839 3847 a
1867 3794 2003 3863 [acie
2027 3802 2121 3847 tua

551 3894 846 3951 abscondur
889 3893 954 3947 “.
1006 3890 1264 3945 Atrocius
1310 3887 1639 3958 supplicium
1687 3887 1832 3957 apud
1879 3900 1975 3941 eos
2026 3884 2120 3956 qui

554 3987 755 4040 mentis
801 3991 929 4038 sunt
972 3989 1277 4052 compotes,
1307 3979 1580 4050 separatio
1607 3994 1638 4034 a
1669 3978 1801 4033 Deo.
1829 3979 1901 4031 Et
1946 3978 2120 4048 posuit

553 4075 693 4133 Ders
726 4076 932 4146 signum
971 4090 1127 4143 super
1155 4088 1274 4127 eum
1302 4073 1367 4137 ³⁸,
1414 4074 1645 4142 septima
1680 4073 1793 4125 hac
1825 4083 1985 4138 paena
2014 4078 2117 4131 est,

555 4164 911 4231 uitniruntnc
945 4177 1161 4233 poenam
1198 4162 1415 4232 quidem
1448 4161 1621 4230 ipsam
1652 4161 1942 4215 obscuram
1973 4173 2115 4223 esse,

553 4272 742 4311 verum
784 4254 1072 4325 perspicuo
1116 4254 1272 4324 signo
1319 4253 1476 4324 quasi
1516 4254 1782 4323 praeconis
1814 4268 1944 4307 voce
1987 4267 2120 4307 om-

2216 1791 2643 1838 commemorata
2678 1784 2809 1840 sint.
2845 1783 3199 1839 Redeundum
3232 1795 3319 1840 est
3351 1788 3414 1841 ad
3451 1787 3790 1849 teStimouia,

2216 1876 2419 1943 quibus
2443 1874 2639 1929 honori
2665 1875 2881 1931 habitus
2903 1874 3074 1932 fuisse
3096 1878 3436 1947 septenarius
3453 1879 3793 1933 demonstra—

2218 1975 2328 2032 tur,
2357 1967 2523 2036 idque
2560 1969 2670 2022 non
2728 1967 2890 2022 modo
2916 1972 2971 2023 in
3000 1969 3317 2025 remittenda
3348 1968 3575 2031 oﬂensa,
3598 1986 3789 2026 verum

2214 2059 2376 2114 etiam
2400 2058 2453 2113 in
2475 2057 2972 2116 animadvertendis
2999 2069 3161 2131 atque
3190 2062 3519 2118 ulciscendis
3546 2062 3788 2133 ﬂagitiis.

2218 2149 2385 2203 David
2425 2149 2591 2218 igitur
2624 2151 2780 2221 quasi
2814 2166 2880 2206 ex
2912 2151 3222 2208 Iudaeorum
3257 2168 3486 2223 persona
3521 2156 3587 2208 ad
3618 2154 3787 2210 Deum

2215 2243 2292 2297 ait
2343 2258 2358 2295 τ
2411 2240 2586 2296 Redde
2642 2243 2828 2297 vicinis
2885 2246 3082 2299 nostris
3154 2246 3452 2316 septuplum
3506 2249 3564 2300 in
3618 2248 3793 2301 sinunt

2213 2347 2396 2385 eorum
2458 2330 2524 2384 “'.
2590 2330 2858 2389 Reversos
2927 2335 3071 2389 enim
3137 2335 3358 2392 Judzeos
3420 2352 3484 2391 ex
3554 2337 3792 2392 secunda

2216 2422 2530 2493 captivitate
2563 2421 2915 2494 Babylonica,
2958 2436 3013 2481 et
3064 2429 3320 2496 templum
3362 2428 3678 2483 instaurare
3700 2443 3795 2482 cu-

2213 2517 2641 2586 pientes,vicini
2678 2516 2849 2572 Judaei
2904 2517 3283 2586 prohibebant.
3345 2518 3527 2587 Atque
3584 2518 3792 2573 idcirco

2215 2608 2322 2665 illis
2371 2613 2763 2682 imprecantur,
2812 2621 2872 2665 ut
2908 2612 3261 2680 scptttplicem
3304 2610 3657 2665 alﬂictionem
3695 2613 3792 2663 ha-

2214 2701 2380 2755 beant
2412 2703 2466 2755 in
2495 2704 2616 2756 sinu
2646 2716 2772 2766 suo,
2808 2703 2909 2755 hoc
2938 2714 3042 2764 est,
3081 2702 3521 2770 inseparabilem.
3582 2701 3792 2757 Rursus

2217 2790 2271 2844 in
2299 2791 2604 2846 Proverbiis
2638 2794 2703 2845 ad
2740 2792 2888 2846 ltunc
2928 2792 3154 2846 modum
3201 2794 3442 2862 loquitur
3485 2792 3789 2846 Salomon:

2215 2882 2489 2952 Sapientia
2510 2883 2794 2954 wdiﬁcavit
2824 2885 2924 2939 sibi
2958 2884 3191 2947 domum,
3225 2885 3498 2955 supposuit
3526 2885 3792 2939 columnas

2216 2981 2410 3043 septem
2442 2974 2506 3029 ¹⁹.
2583 2973 2705 3040 Quo
2732 2974 2849 3029 loco
2888 2990 2982 3043 per
3018 2975 3364 3043 sapientiam,
3397 2976 3789 3030 subsistentem

2222 3063 2313 3118 Dei
2366 3064 2687 3133 sapientiam
2750 3065 3026 3133 intelligit,
3097 3066 3477 3134 unigenitum,
3544 3067 3792 3136 inquam,

2219 3152 2459 3209 Verbum
2493 3171 2508 3207 :
2545 3169 2641 3224 per
2681 3153 2903 3208 domum
2937 3167 3120 3209 autem
3154 3155 3503 3219 adiﬁcatam,
3530 3158 3792 3224 templum

2218 3245 2487 3314 corporis,
2508 3245 2650 3313 quod
2671 3259 2735 3299 es
2761 3253 2951 3299 sancta
2988 3245 3203 3316 Virgine
3225 3258 3565 3316 assumptum
3591 3247 3791 3313 induit;

2220 3351 2315 3407 per
2347 3343 2764 3406 septemautem
2795 3335 3102 3399 columnas,
3141 3336 3367 3405 spiritus
3426 3336 3633 3405 gratias
3675 3352 3796 3406 qua:

2218 3441 2408 3482 omnes
2434 3427 2487 3480 in
2505 3424 2729 3480 Christo
2752 3426 3061 3481 elucebant.
3083 3425 3227 3492 Quin
3258 3427 3422 3481 etiam
3452 3443 3555 3497 per
3583 3427 3797 3482 Zacha-

2217 3518 2355 3572 riam
2384 3517 2708 3587 pr0pltetam
2735 3516 2876 3570 Deus
2901 3526 2953 3569 et
2984 3514 3145 3570 Pater
3169 3517 3237 3571 de
3267 3516 3486 3572 Christo
3508 3519 3583 3571 ita
3611 3518 3794 3587 Inqui-

2197 3604 2311 3664 ~tur
2345 3625 2360 3661 :
2403 3607 2540 3663 Ecce
2575 3623 2668 3678 ego
2702 3606 2840 3661 duco
2882 3622 3087 3661 servum
3132 3623 3330 3672 meum,
3375 3606 3571 3662 Oriens
3610 3625 3797 3662 nomen

2218 3699 2343 3768 ipsi.
2371 3699 2515 3762 Quia
2544 3697 2680 3765 lapis
2703 3714 2857 3767 quem
2888 3699 3008 3751 dedi
3057 3707 3179 3751 ante
3216 3698 3406 3767 [aciem
3451 3696 3605 3757 Jesu.
3640 3714 3800 3767 super

2220 3794 2448 3863 lapidem
2479 3809 2641 3846 unum
2674 3803 2866 3862 septem
2909 3793 3049 3845 oculi
3075 3803 3197 3845 sunt
3232 3794 3298 3847 “.
3339 3792 3402 3846 Et
3433 3795 3595 3863 paulo
3630 3803 3755 3863 post
3778 3808 3798 3847 ε

2221 3886 2290 3941 Ει
2325 3887 2573 3942 videbunt
2610 3887 2839 3954 lapidem
2881 3897 3159 3941 stanneum
3193 3887 3250 3939 in
3287 3887 3529 3939 manibus
3559 3884 3800 3940 Zoroba—

2221 3980 2302 4035 bet
2338 3981 2404 4031 ιι.
2455 3979 2673 4049 Septem
2722 3979 2775 4032 lti
2811 3978 2959 4032 oculi
3008 3977 3223 4033 Domini
3263 3987 3414 4042 sunt,
3453 3977 3549 4046 qui
3592 3985 3795 4030 terram

2220 4073 2538 4128 universam
2566 4072 2894 4141 inspectant.
2935 4068 3178 4138 Contigit
3198 4078 3377 4123 autem
3418 4069 3534 4123 haec
3573 4068 3799 4123 historia

2219 4177 2345 4236 post
2372 4166 2608 4221 reditum
2635 4179 2700 4219 ex
2733 4162 3066 4232 captivitate.
3092 4161 3212 4228 Quo
3229 4171 3469 4230 tempore
3493 4161 3801 4216 sacerdotis

2224 4270 2448 4312 munere
2483 4255 2809 4325 fungebatur
2840 4252 3025 4316 Jesus,
3062 4252 3209 4307 liiius
3241 4250 3507 4306 Josedech
3528 4269 3546 4319 ;
3570 4266 3799 4319 regnum

555 4347 718 4401 nibus
761 4343 1026 4400 declarari
1077 4345 1222 4398 hunc
1260 4344 1411 4398 illum
1454 4358 1575 4399 esse
1624 4343 1813 4398 nefarii
1865 4342 2121 4398 facinoris
2152 4330 2200 4387 ι)
2225 4359 2406 4402 autem
2440 4348 2658 4401 tenebat
2704 4345 3004 4400 Zorobahel
3043 4345 3189 4399 [ilius
3238 4343 3642 4414 Salathiel,qui
3669 4358 3799 4399 cum

555 4438 914 4492 architectum
941 4454 956 4492 :
980 4451 1045 4490 ac
1069 4448 1216 4492 recte
1239 4436 1504 4506 iudicanti
1533 4435 1854 4505 gravissima
1880 4436 2123 4490 omnium

556 4544 716 4598 poena
756 4538 842 4585 est
877 4530 990 4584 haec
1023 4528 1275 4583 infamia.
1307 4526 1377 4580 At
1416 4525 1671 4592 Lameeh,
1704 4537 1830 4598 post
1869 4528 2126 4582 condem-

554 4623 835 4677 nationem
881 4620 1036 4676 Caini
1084 4618 1289 4689 duplici
1335 4618 1480 4673 caede
1525 4618 1877 4683 constrictus,
1930 4617 2123 4673 merito

555 4712 689 4766 dicit
729 4726 746 4765 :
789 4712 850 4767 Si
898 4713 952 4765 in
999 4710 1136 4767 Cain
1181 4709 1368 4780 septies
1415 4708 1739 4764 vindicatum
1784 4719 1897 4773 est,
1943 4710 1998 4763 in
2042 4725 2123 4764 me

554 4786 776 4857 Lameeh
822 4805 1114 4872 septuagies
1149 4803 1338 4871 septies
1381 4801 1737 4871 uiudicabitur
1770 4802 1832 4867 ι’,
1866 4800 1969 4856 hoc
2002 4811 2116 4857 est:

556 4893 615 4947 Si
661 4894 809 4962 justa
858 4892 1121 4945 adversus
1167 4892 1300 4946 Cain
1338 4893 1429 4947 Dei
1472 4893 1740 4948 sententia
1790 4893 2029 4958 exsistit,
2061 4902 2121 4948 ut

553 4995 761 5052 septem
808 4983 1095 5054 suppliciis
1124 4983 1451 5049 adiceretur,
1483 4983 1601 5052 ipse
1640 4984 1892 5053 equidem
1921 4985 2120 5055 dignus

553 5092 703 5141 sum,
737 5064 833 5147 qui
851 5074 1270 5145 quadringentis
1296 5074 1588 5145 nonaginta
1612 5075 1789 5145 ptenis
1811 5079 2116 5133 excrucier.

551 5170 823 5238 Quoniam
856 5167 967 5235 ille,
1009 5168 1468 5238 quemadmodum
1498 5167 1569 5222 ab
1600 5168 1733 5233 alio,
1764 5168 1896 5238 quid
1925 5183 2120 5239 quam.

549 5275 657 5331 que
675 5274 840 5330 grave
861 5257 1071 5313 crimen
1090 5268 1255 5324 esset,
1276 5255 1477 5313 caedem
1499 5249 1869 5323 committere,
1891 5256 2118 5313 minime

546 5351 813 5408 didicerat
846 5367 861 5404 :
895 5349 978 5406 sic
1026 5363 1128 5405 nec
1179 5348 1505 5406 homicidam
1554 5349 1725 5406 ullum
1758 5350 1966 5405 viderat
1998 5365 2116 5405 me-

620 5523 662 5556 “
687 5522 823 5579 Cen.
849 5540 918 5592 tv,
981 5524 1071 5579 24.
1150 5523 1341 5579 "ibid.
1385 5524 1472 5591 il,
1516 5525 1599 5579 12.
1680 5525 1724 5558 ⁸⁸
1768 5523 1901 5579 ibid.
1955 5525 2041 5580 M.
2119 5527 2311 5579 ultltil.
2359 5525 2447 5581 i5.
2527 5527 2721 5582 "ibid.
2751 5529 2841 5585 ει.
2920 5532 2959 5564 ¹⁷
2994 5530 3127 5591 Luc.
3163 5550 3246 5601 tn,
3281 5538 3354 5592 25
3388 5537 3478 5592 58.

622 5609 775 5659 svnt,
810 5593 895 5647 12.
975 5597 1018 5630 ¹⁹
1057 5594 1219 5651 Prov.
1256 5611 1331 5661 ιιι,
1369 5594 1420 5650 i.
1495 5596 1538 5629 ²θ
1563 5593 1790 5651 Zachar.
1832 5611 1917 5661 ιιι,
1950 5595 2069 5661 8,9.
2173 5599 2214 5628 "
2240 5597 2469 5651 lacuar.
2500 5612 2574 5661 tv,
2610 5598 2697 5652 10.

550 5609 775 5659 uxvtn,
810 5593 895 5647 12.
975 5597 1018 5630 ¹⁹
1057 5594 1219 5651 Prov.
1256 5611 1331 5662 ιιι,
1369 5594 1420 5650 i.
1495 5596 1538 5629 ²θ
1563 5593 1790 5651 Zachar.
1832 5611 1917 5664 ιιι,
1950 5595 2069 5664 8,9.

2223 4441 2276 4494 in
2308 4438 2739 4507 superhumerali
2760 4438 3100 4509 splendidum
3119 4437 3350 4506 lapidem
3366 4438 3717 4502 attexuisset,
3733 4451 3805 4492 ac

2219 4532 2415 4587 deinde
2443 4530 2708 4586 foramina
2726 4545 2845 4598 sex,
2874 4540 2935 4586 ut
2962 4529 3162 4594 ferunt,
3196 4531 3253 4584 in
3281 4545 3348 4585 eo
3377 4530 3678 4592 effecisset,
3704 4543 3803 4584 sex

2217 4622 2351 4677 alios
2364 4622 2769 4677 diversicoloris
2783 4621 2990 4690 lapides
3005 4621 3283 4689 imposuit,
3298 4621 3391 4691 qui
3412 4621 3635 4691 quidem
3654 4621 3809 4677 colo-

2217 4714 2295 4770 ris
2311 4715 2571 4769 varietate
2582 4713 2722 4768 oculi
2739 4713 3195 4769 instarlucebant.
3209 4712 3499 4769 Enimvero
3512 4715 3803 4783 prophetia

2222 4816 2439 4859 servum
2457 4801 2736 4857 Christum
2755 4811 2937 4867 vocat,
2951 4803 3042 4873 qui
3063 4804 3117 4856 in
3134 4802 3307 4859 fornta
3325 4807 3469 4861 servi
3485 4806 3553 4860 ad
3577 4822 3686 4862 nos
3706 4824 3801 4861 ve—

2220 4895 2334 4949 nit:
2354 4893 2626 4950 Orientem
2643 4901 2848 4960 autem,
2863 4896 2988 4966 quia
3008 4896 3225 4965 ipselux
3238 4907 3471 4953 veraest.
3484 4898 3630 4965 Quin
3641 4917 3807 4956 eunt-

2219 4985 2340 5040 dem
2351 5000 2566 5054 quoque
2578 4985 2810 5055 lapidem
2825 4988 3061 5056 appellat
3074 4995 3283 5057 septem
3299 4991 3486 5044 oculos
3500 4991 3799 5047 habentem

2220 5075 2553 5146 anteifaciem
2566 5077 2692 5132 Jesu
2714 5078 2922 5133 datum.
2936 5078 3233 5148 Oportebat
3250 5082 3395 5135 enim
3416 5081 3590 5151 legale
3604 5099 3803 5139 sacer-

2217 5168 2449 5233 dotium,
2482 5170 2639 5239 cujus
2659 5167 2821 5224 Jesus
2855 5169 3082 5241 ﬁguram
3106 5172 3266 5241 gerit,
3305 5186 3416 5242 prae
3444 5176 3623 5230 oculis
3642 5191 3802 5231 sem-

2216 5276 2314 5330 per
2372 5261 2572 5316 habere
2626 5261 2862 5331 lapidem
2912 5263 3064 5317 illum
3101 5264 3358 5330 electum,
3395 5265 3500 5321 hoc
3520 5277 3607 5323 est
3630 5268 3800 5323 Chri-

2218 5362 2385 5416 stum,
2425 5352 2519 5424 qui
2553 5353 2744 5409 multis
2790 5355 2965 5411 oculis
3017 5356 3274 5412 universa
3302 5358 3595 5416 collustrat
3620 5369 3797 5432 atque

3564 5536 3608 5570 ⁸⁸
3638 5537 3791 5593 Psal.
