4024 6292
236 208 369 272 1445
1111 210 1429 271 NICETAS
1470 211 1552 273 IN
1591 213 1810 277 ORAT.

1885 216 2038 279 CLIV
2096 218 2159 280 S.
2198 220 2424 283 GREG.
3338 230 3474 297 1446

230 315 468 387 inspicit.
508 314 863 385 Septenarius
895 318 1039 372 enim
1073 333 1292 389 semper
1320 318 1434 375 fere
1464 322 1546 375 vel
1578 322 1631 375 id
1655 323 1800 392 quod
1831 332 1873 386 Α
1907 326 1961 379 in
2030 327 2216 384 liberis
2271 329 2563 386 Pbrnenna
2612 330 2847 397 dicitur,
2899 348 3020 403 quae
3066 335 3266 394 multos
3329 340 3470 396 ﬁlios

229 409 384 462 tinem
427 408 608 471 habet,
657 408 737 462 vel
785 410 931 478 quod
999 409 1306 477 perfectum
1362 423 1469 477 est,
1520 412 1789 482 designat.

1903 416 2161 474 habebat.
2196 419 2321 476 llate
2370 424 2515 478 enim
2568 439 2668 478 vox
2700 443 2714 479 :
2745 425 2995 493 multum,
3024 428 3302 485 indetinita
3333 441 3412 486 est
3450 451 3467 487 ε

228 499 436 554 Rursus
475 499 729 555 Christus
773 502 874 554 hat'
913 503 977 557 de
1007 517 1172 557 causa
1210 503 1348 572 lapis
1376 514 1639 560 stanneus
1668 507 1796 559 dici-
1897 510 2041 577 quod
2066 520 2243 566 autem
2272 513 2615 569 indeﬁnitum
2640 526 2743 580 est,
2773 518 2963 587 utique
2985 527 3039 573 et
3064 520 3468 588 imperfectum.

228 601 332 645 tur.
356 591 522 645 Aiunt
555 599 813 647 stannum
849 608 914 645 ex
949 610 1053 647 aere
1079 603 1133 646 et
1168 594 1393 662 plumbo
1445 595 1790 649 rommistum
1900 597 1992 654 Vel
2044 603 2207 656 etiam
2263 604 2579 675 imperfecta
2643 609 2750 662 diei
2816 619 3015 680 potest.
3064 611 3191 680 quia
3258 613 3469 666 nullum

226 698 288 738 ac
335 692 693 753 temperatum
783 700 926 740 esse.
1005 684 1364 751 Quamobrem
1422 702 1520 741 nec
1578 687 1791 741 duritiei
1892 692 2085 745 extulit
2111 695 2368 751 omnibus
2393 697 2656 752 virtutum
2692 701 2955 766 numeris,
2979 701 3248 757 Samuelis
3276 704 3470 766 instar,

224 775 448 829 Omnino
480 787 562 830 est
603 791 822 846 expers,
872 792 972 831 nec
1013 792 1207 832 rursus
1252 778 1530 833 mollitiem
1576 793 1790 833 onmem
1896 782 2229 839 absolutum.
2291 786 2467 856 Atque
2531 788 2674 844 hunc
2734 792 2894 844 etiam
2958 801 3165 860 septem
3229 795 3469 859 vocavit,

227 867 454 934 respuit.
518 866 721 921 Eodem
772 867 881 922 fere
933 868 1095 922 modo
1129 867 1448 923 Emmanuel
1480 884 1697 939 quoque
1724 886 1790 925 ex
1894 883 2082 943 utpote
2112 877 2412 946 perfectum
2443 889 2494 934 et
2533 883 2789 936 omnibus
2827 885 3119 939 virtutibus
3147 885 3464 953 expolitum.

224 953 537 1011 ﬁrmissima
562 957 809 1025 nullique
843 958 1189 1027 perfractioni
1219 959 1455 1013 obnoxia
1485 961 1789 1027 divinitate,
1892 963 2203 1023 Perfectum
2255 986 2419 1040 porro
2473 972 2621 1027 hunc
2666 989 2959 1030 numerum
3016 976 3146 1042 dixi,
3184 992 3290 1031 non
3320 978 3466 1046 quod

220 1053 268 1139 f"
293 1059 356 1097 εκ
386 1045 534 1139 ιηοηί
575 1055 763 1116 θιιιυυ,
812 1057 870 1101 ιιι
917 1047 988 1101 ila
1022 1047 1220 1111 dicam.
1263 1049 1546 1104 atlectibus
1589 1050 1789 1119 agitata
1891 1060 2007 1113 suis
2029 1060 2276 1128 partibus
2302 1064 2690 1130 constituatur,
2718 1067 3173 1135 quemadmodum
3200 1069 3290 1139 qui
3323 1045 3463 1138 apud

220 1135 556 1228 humanitate
590 1138 927 1206 compositus
964 1148 1064 1193 est.
1126 1140 1325 1193 Adhaec
1358 1150 1640 1205 stannum,
1667 1141 1783 1196 sive
1888 1151 2266 1207 arithmeticos
2309 1153 2530 1223 perfecti
2589 1158 2803 1210 numeri
2860 1135 3232 1228 appellantur,
3274 1135 3466 1226 cujus.

220 1226 525 1295 plumbum,
553 1228 618 1282 ad
664 1231 1042 1300 purgationem
1091 1231 1316 1285 alterius
1362 1231 1627 1297 materiae,
1667 1246 1787 1298 qua:

1890 1241 2036 1294 modi
2065 1253 2149 1296 est
2178 1245 2459 1311 senarius;
2494 1263 2680 1300 verum
2709 1249 3170 1316 quemadmodum
3212 1249 3317 1302 alio
3340 1250 3461 1303 loco

217 1313 340 1386 igne
373 1318 597 1387 indiget,
651 1314 960 1375 necessario
1010 1321 1331 1385 assumitur,
1377 1336 1441 1375 ac
1487 1321 1785 1390 praesertim
1887 1332 2169 1388 denarium
2197 1336 2500 1405 pecfecmm
2538 1349 2718 1404 mem,
2754 1346 2811 1392 ιη
2860 1355 3210 1395 numerorum
3274 1341 3461 1405 qua",

218 1410 286 1462 ab
315 1411 383 1464 iis
410 1413 502 1480 qui
534 1425 598 1464 ex
628 1420 854 1482 argento
901 1427 1040 1482 opus
1083 1412 1306 1482 aliquod
1350 1412 1558 1467 ctlicere
1588 1413 1782 1467 solent.
1887 1424 1965 1478 sic
1996 1441 2142 1479 nunc
2173 1443 2392 1498 quoque
2439 1430 2831 1498 septenariutn,
2867 1432 2994 1498 quia
3051 1432 3315 1499 septimus
3345 1433 3460 1485 dies

214 1503 425 1558 Stanno
479 1503 662 1571 itaque
720 1503 834 1557 sive
878 1503 1101 1572 plumbo
1129 1504 1379 1559 Christus
1412 1514 1780 1572 comparatur,

1887 1529 1981 1570 eos
2013 1517 2225 1583 perlicit
2252 1528 2306 1572 et
2334 1519 2557 1586 claudit,
2615 1521 2670 1573 in
2732 1519 2931 1589 quibus
2990 1519 3134 1573 Deus
3195 1519 3459 1574 mundum

216 1602 398 1662 utpote
436 1595 625 1648 sordes
652 1594 1013 1663 spiritualiter
1042 1593 1493 1666 colliquefaeiens
1547 1609 1611 1649 ac
1648 1611 1781 1662 pur-

1889 1608 2157 1662 condidit.
2196 1609 2455 1678 Opposita
2502 1619 2584 1665 est
2625 1619 2804 1665 autem
2856 1609 3012 1663 Anna
3054 1608 3380 1672 l’henennm,
3408 1611 3459 1663 id

214 1698 366 1750 gans.
431 1684 659 1754 Insuper
727 1695 986 1739 stannum
1047 1700 1133 1741 res
1189 1688 1332 1740 inter
1390 1701 1448 1740 se
1498 1686 1793 1740 distractas

1889 1707 1995 1764 est,
2027 1715 2093 1754 ex
2124 1700 2356 1756 adverso
2393 1700 2589 1766 locata,
2622 1711 2731 1755 tum
2781 1701 2906 1770 quia
2939 1700 3228 1755 Phenenna
3263 1701 3458 1753 multos

213 1776 511 1842 connectit,
547 1786 732 1842 utpote
756 1776 900 1846 quod
955 1776 1256 1846 glutinandi
1295 1778 1404 1831 vim
1454 1777 1640 1832 habet.
1674 1778 1788 1832 llu-

1889 1790 2090 1846 liberos
2147 1791 2403 1859 habebat,
2458 1793 2613 1847 Anna
2668 1803 2846 1847 autem
2906 1791 3213 1847 Samuelem
3278 1792 3455 1847 solum

212 1865 449 1936 iusmodi
498 1876 679 1922 autem
734 1867 992 1938 quiddam
1036 1868 1089 1922 in
1143 1869 1301 1925 nobis
1351 1870 1604 1926 Christus
1654 1885 1788 1940 prat-
1889 1890 2192 1951 peperi-rat,
2238 1895 2353 1937 tum
2394 1884 2520 1952 quia
2546 1883 2634 1936 illa
2671 1883 2722 1936 in
2757 1884 2944 1938 liberis
2980 1883 3292 1952 imperfecta
3315 1893 3452 1939 erat.

211 1958 461 2013 stitit:si
509 1959 724 2028 quidem
781 1960 909 2014 illud
964 1974 1151 2014 verum
1217 1963 1473 2032 estquod
1512 1963 1565 2016 in
1617 1977 1783 2016 unum

1888 1971 2003 2026 lure
2035 1971 2294 2041 perfecta.
2354 1972 2469 2029 Dici
2513 1975 2674 2029 etiam
2733 1974 2935 2029 idcirco
2976 1983 3158 2043 petest
3202 1983 3458 2044 septena-

213 2064 413 2102 novum
440 2049 715 2144 hominem
744 2050 883 2105 duos
911 2052 1139 2120 populos
1158 2061 1306 2107 creat
1326 2054 1396 2107 ".
1422 2053 1499 2107 Ac
1523 2062 1784 2124 prmterea
1884 2065 2002 2120 rius
2048 2064 2340 2134 perfectus.
2393 2065 2536 2137 quod
2585 2081 2679 2136 per
2711 2067 3082 2144 sucqessionis
3139 2065 3336 2121 smel“
3402 2076 3457 2120 ει

214 2156 309 2209 per
334 2155 460 2196 eum
495 2140 561 2195 ad
597 2156 695 2196 nos
726 2142 1084 2211 inspectionis
1120 2144 1315 2200 modus
1338 2148 1582 2216 contigit,
1619 2148 1784 2203 nimi-
1883 2157 2336 2226 compositionem
2391 2156 2712 2213 vicesimum
2770 2140 3021 2212 oeiavum
3090 2157 3295 2228 gignat,
3356 2159 3452 2226 qui

213 2250 329 2288 rum
377 2233 730 2305 pervigilibus
789 2234 963 2288 oculis
990 2237 1172 2289 omnia
1220 2236 1778 2294 circumlustrantem.
1884 2246 2161 2315 perfectus
2186 2257 2273 2302 est
2302 2264 2579 2303 numerus,

212 2323 320 2381 Nec
366 2340 494 2379 vero
539 2325 839 2379 absurdum
897 2325 1063 2380 fuerit
1121 2337 1344 2383 sanctos
1396 2329 1669 2384 antistites
1726 2342 1781 2384 et

1951 2339 2068 2393 Col.
2101 2341 2206 2394 434
2234 2340 2299 2394 Α.
2335 2340 2487 2406 Quod
2511 2343 2557 2396 si
2581 2351 2772 2395 retere:
2800 2341 2960 2393 etiam
2996 2340 3242 2393 historias
3273 2339 3451 2394 consi-

213 2432 494 2471 saerorum
531 2417 772 2471 arbitros
803 2416 1086 2471 oculorum
1117 2417 1237 2472 loco
1257 2421 1462 2488 positos
1491 2435 1613 2475 esse
1632 2422 1779 2475 allir-
1880 2430 2066 2483 derare
2091 2440 2312 2497 oportet,
2347 2440 2453 2486 etc.
2487 2432 2619 2500 Age,
2639 2431 2751 2496 jam
2786 2439 2998 2485 veteres
3027 2444 3245 2500 quoque
3283 2428 3454 2485 histe—

212 2525 377 2574 lllal‘e.
404 2518 587 2580 υιροιθ
620 2508 743 2563 aliis
774 2509 1111 2578 Superiores,
1157 2524 1220 2564 ac
1250 2520 1540 2580 propterea
1564 2514 1781 2583 episeo-
1879 2522 1991 2575 rias
2032 2535 2439 2589 reeenseamus,
2473 2523 2525 2575 in
2561 2522 2762 2591 quibus
2794 2520 3133 2587 septenarius
3187 2535 3451 2575 numerus

209 2617 401 2671 porum
436 2616 634 2657 nomen
664 2593 1008 2657 consecutos.
1045 2601 1148 2656 Per
1195 2618 1291 2657 eos
1340 2604 1486 2658 enim
1529 2605 1779 2663 Christus
1882 2613 2064 2668 verbis
2091 2613 2311 2681 quidem
2344 2613 2565 2669 disertis
2613 2628 2716 2669 non
2749 2614 3092 2683 exprimitur,
3127 2615 3220 2668 sed
3248 2630 3306 2667 re
3331 2615 3448 2679 ipsa

211 2697 420 2764 plebem
452 2698 507 2750 in
538 2711 596 2751 se
627 2697 936 2752 credentem
998 2697 1198 2752 invisit.
1248 2696 1369 2751 .lam
1390 2712 1520 2751 vero
1573 2696 1777 2752 Christi

1879 2707 2176 2762 invenitur.
2212 2705 2488 2776 Septimus
2516 2716 2780 2777 quantum
2824 2706 2890 2760 ad
2925 2708 3323 2774 generationem
3346 2704 3448 2760 fuit

209 2803 426 2858 quoque
471 2788 698 2858 ligurum
747 2789 881 2858 gerit
928 2786 1250 2844 Zorobabel.
1306 2788 1774 2854 Quemadmodum
1812 2782 1819 2788 ’
1878 2799 1946 2853 ab
1976 2800 2144 2853 Adam
2178 2798 2383 2863 Enoch,
2419 2799 2511 2868 qui
2565 2799 2756 2853 mortis
2810 2797 2922 2852 fato
2949 2813 3287 2868 nequaquam
3321 2812 3448 2867 pcr-

206 2879 351 2932 enim
378 2877 680 2953 Zorobahel
711 2881 963 2949 captivus
992 2880 1262 2935 abductus
1308 2893 1416 2933 non
1451 2892 1554 2946 est,
1587 2896 1773 2936 verum

1878 2888 2097 2943 funttus
2119 2901 2224 2954 est,
2261 2905 2447 2943 verum
2482 2888 2780 2943 translatus
2804 2897 2906 2953 est,
2938 2904 3004 2941 ne
3037 2898 3261 2942 mortem
3293 2888 3444 2942 vide-

204 2981 267 3022 cx
303 2969 532 3037 captivis
568 2970 620 3021 in
656 2967 930 3040 Babylone
974 2982 1159 3036 natus,
1193 2974 1433 3039 ipsorum
1466 2971 1775 3042 redemptor
1798 3019 1844 3082 C
1878 2989 1959 3033 ret
1992 2980 2057 3031 ".
2093 2977 2401 3032 Vicesimus
2460 2978 2668 3046 primus
2721 2977 3016 3040 Abraham,
3053 2988 3163 3032 tum
3194 2988 3447 3044 septena-

204 3059 407 3082 ,ιυηιζιζ-
450 3076 462 3082 -
503 3059 568 3082 ,ιλ
603 3060 848 3082 κ-.---.1..-..
895 3061 1112 3082 --.-.,Ι---..
1157 3060 1407 3082 l'l._.:_.-._
1472 3063 1608 3082 ..η-Ι-
1907 3072 1918 3082 .
2073 3071 2083 3082 ι
2161 3075 2171 3082 .
2403 3079 2411 3082 _
2820 3071 2862 3082 m
2898 3070 2908 3080 -
2959 3072 2991 3082 ο-
3037 3078 3047 3082 -
3192 3067 3235 3082 ιν
3428 3070 3438 3079 α

202 3059 413 3114 exstitit
448 3076 462 3111 :
501 3059 568 3112 ad
599 3060 850 3114 cutndem
895 3061 1117 3114 modum
1156 3060 1432 3128 Christus,
1470 3063 1617 3117 nulla
1648 3082 1774 3134 pcc-
1799 3059 1844 3082 υ
1877 3072 2019 3126 rium
2054 3071 2369 3140 designans,
2400 3079 2511 3124 tum
2545 3082 2789 3125 sanctam
2820 3070 3164 3123 Trinitatem.
3192 3067 3325 3121 Nam
3351 3070 3441 3136 qui

198 3151 302 3203 cati
339 3151 463 3204 labe
494 3151 840 3220 inquinatus,
873 3155 940 3206 ab
988 3153 1192 3208 exitiali
1241 3164 1295 3208 et
1326 3155 1635 3222 pernicioso
1670 3158 1774 3210 im-

1878 3172 1959 3218 ter
1990 3162 2361 3232 septenarium
2414 3160 2800 3229 composuerit,
2840 3172 3011 3214 unum
3039 3171 3091 3214 et
3120 3159 3439 3217 vicesimum

196 3241 347 3309 pet-io
380 3257 483 3297 nos
518 3241 573 3295 in
611 3241 912 3297 libertatem
941 3243 1251 3299 vindicavit.
1280 3243 1455 3315 Hujus
1480 3245 1613 3314 lapis
1639 3246 1775 3304 tides
1872 3255 2203 3325 procreabit.
2238 3256 2315 3308 Ae
2346 3265 2601 3324 praeterea
2634 3253 2908 3307 Abraham
2947 3254 3154 3322 primus
3184 3263 3268 3309 est
3299 3255 3440 3309 inter

195 3349 256 3385 ea
291 3341 395 3398 est,
429 3336 620 3403 quain
653 3334 827 3403 ipsum
867 3336 1162 3390 credimus.
1205 3336 1474 3401 Quocirca
1512 3335 1775 3392 Dominus
1876 3345 2240 3414 patriarchas,
2306 3344 2550 3415 mysterii
2596 3344 2820 3413 majoris
2860 3344 3195 3400 accessione.
3250 3345 3438 3411 Quan-

195 3427 425 3494 Iapidem
460 3426 513 3480 in
547 3442 707 3480 manu
737 3428 916 3482 ferens
944 3430 1075 3483 illud
1117 3444 1216 3484 nos
1264 3430 1443 3496 docet,
1475 3432 1633 3486 tidem
1667 3446 1772 3501 qua

1874 3456 2034 3509 quam
2064 3440 2209 3493 enim
2264 3438 2605 3507 septenarius
2642 3437 2712 3492 ob
2757 3422 3102 3508 supradictas
3146 3441 3265 3508 ejus
3297 3440 3439 3494 vires

193 3534 315 3571 eum
352 3518 766 3587 amplectimur,
809 3535 1151 3589 nequaquam
1191 3521 1419 3578 otiosam
1461 3531 1515 3576 ct
1546 3525 1771 3578 inertem
1874 3542 1926 3585 et
1956 3532 2244 3586 facultates
2294 3530 2557 3601 mysticus
2585 3540 2689 3594 est,
2718 3531 2893 3598 magis
2947 3539 3125 3585 tamen
3176 3534 3438 3603 mysticus

191 3622 316 3662 9553
344 3609 568 3675 άυὶιυτθι
605 3624 788 3664 Verum
833 3622 1037 3679 εειιιθιιι
1086 3611 1300 3665 Domini
1340 3613 1513 3667 oculis
1540 3629 1773 3667 exorna-
1876 3623 2192 3690 intelligitur
2219 3619 2513 3682 ternarius,
2546 3631 2733 3692 utpote
2755 3634 2955 3677 sanctae
2985 3621 3266 3678 Trinitatis
3299 3624 3439 3677 ima-

192 3709 326 3763 tam,
366 3702 474 3754 hoc
518 3711 622 3764 est,
682 3710 889 3770 septem
951 3700 1189 3770 Spiritus
1238 3703 1410 3757 sancti
1448 3705 1770 3758 actionibus.
1874 3716 2050 3784 ginem
2086 3712 2282 3767 furens.
2313 3713 2584 3779 Quocirca
2606 3714 2893 3768 sublimius
2919 3728 3138 3784 quoque
3160 3714 3328 3784 ipsius
3356 3723 3440 3769 est

193 3788 479 3846 Stanneus
505 3805 721 3860 quoque
749 3790 883 3859 lapis
907 3792 976 3845 οι»
1011 3794 1148 3846 hanc
1174 3794 1437 3847 rationem
1472 3794 1770 3855 inducitur,
1875 3804 2217 3874 mysterium,
2275 3803 2416 3870 Quin
2469 3805 2904 3875 septuagesimus
2932 3820 3148 3875 quoque
3175 3807 3438 3875 septimus

189 3883 320 3952 quia
376 3886 522 3936 sicut
578 3892 831 3934 statutum
867 3884 1101 3950 primum
1162 3885 1442 3954 nigrescit,
1478 3901 1540 3940 ac
1580 3888 1774 3943 deinde
1879 3894 2138 3949 Dominus
2175 3898 2498 3964 reperietur,
2529 3896 2571 3950 si
2606 3895 2729 3964 quis
2757 3911 3022 3951 converso
3059 3896 3248 3950 ordine
3276 3912 3441 3965 gone-

188 3975 542 4045 splendidum
579 3975 810 4028 colorem
846 3973 1046 4039 induit,
1095 3978 1283 4031 eodem
1318 3979 1617 4047 modo,qui
1650 3980 1772 4035 fidei
1876 3985 2137 4038 rationem
2185 3983 2390 4038 Christi
2428 3986 2571 4053 apud
2626 3983 2825 4041 Lucam
2875 3983 3141 4053 proditam
3177 3982 3436 4037 excutiat.

192 4070 400 4138 pietate
434 4067 646 4137 praediti
681 4076 831 4129 sunt,
863 4068 960 4121 etsi
1016 4069 1293 4135 peccando
1324 4070 1593 4140 nigrorem
1640 4085 1771 4125 con-
1876 4076 2050 4132 Lucas
2077 4079 2221 4131 enim
2250 4092 2278 4130 a
2313 4074 2532 4130 Christo
2550 4091 2783 4132 exorsus
2827 4076 2880 4130 in
2920 4077 3184 4130 Adamum
3219 4076 3436 4131 desinit.

191 4163 444 4223 trahunt,
488 4172 680 4215 rursus
733 4169 912 4213 tamen
952 4159 1322 4228 resipiscendo
1367 4161 1770 4230 splendescunt.
1873 4169 2028 4236 Quod
2072 4171 2114 4222 si
2144 4168 2270 4239 quis
2298 4176 2569 4223 retroacto
2595 4168 2785 4222 ordine
2814 4178 2978 4237 atque
3029 4169 3245 4222 inverso
3276 4167 3438 4220 modo

191 4250 371 4322 Atque
406 4252 517 4303 haec
546 4246 616 4302 de
652 4245 1001 4303 Zorobabelis
1022 4248 1201 4318 lapide
1229 4265 1257 4302 a
1287 4251 1446 4306 nobis
1471 4252 1613 4306 dicta
1639 4255 1769 4308 sint.
1874 4264 2014 4333 apud
2040 4261 2239 4317 Lucam
2274 4263 2343 4317 ab
2371 4261 2582 4317 Αάηηιο
2621 4277 2795 4331 usque
2839 4263 2905 4316 ad
2933 4262 3213 4317 Christum
3244 4276 3438 4315 nume-

188 4340 348 4395 Nunc
386 4340 687 4410 septenarii
740 4342 1001 4395 honorem
1055 4340 1305 4397 oratione
1357 4357 1766 4413 prosequemur.
1796 4354 1849 4414 ])
1875 4364 1995 4402 rare
2028 4350 2277 4417 coeperit,
2306 4350 2768 4420 septuagesimum
2815 4350 3103 4419 septimum
3141 4348 3317 4418 ipsum
3353 4364 3440 4403 re-

192 4429 365 4485 David
397 4445 531 4500 ergo
554 4428 623 4482 ad
658 4428 825 4484 Deum
875 4430 960 4484 his
1008 4430 1189 4484 verbis
1232 4431 1401 4484 utitur
1441 4447 1455 4485 :
1492 4430 1690 4500 Septies
1716 4437 1768 4487 iu
1877 4439 2070 4508 periei.
2103 4440 2281 4510 Atque
2333 4442 2415 4496 ha:
2447 4441 2683 4496 historia!
2711 4455 2774 4495 ex
2821 4442 2986 4494 rebus
3017 4440 3149 4510 ipsis
3180 4450 3435 4508 septena-

187 4524 272 4578 die
305 4524 526 4578 laudent
542 4522 656 4575 dixi
694 4521 791 4575 tibi
822 4521 890 4585 ”,
915 4522 1016 4576 hoe
1051 4530 1160 4586 est,
1210 4536 1606 4592 saepenumero.
1627 4525 1768 4590 Quin

1877 4533 2017 4586 rium
2048 4534 2365 4600 praeclarum
2401 4542 2456 4588 et
2490 4532 2860 4586 honorabilem
2910 4546 3031 4586 esse
3106 4531 3431 4584 ostendunt.

186 4618 354 4671 etiam
388 4614 435 4670 ll
469 4613 606 4684 Reg.
644 4615 800 4668 Anna
844 4613 1111 4669 Samuelis
1143 4623 1313 4667 mater
1343 4615 1395 4668 in
1425 4630 1526 4671 suo
1553 4618 1767 4672 cantico
1873 4621 2004 4689 Quae
2037 4633 2217 4677 autem
2255 4634 2580 4693 soluuntur,
2619 4621 2758 4674 idem
2805 4620 2982 4675 verbis
3031 4619 3435 4674 demonstrant.

183 4711 257 4763 ita
292 4709 536 4779 loquens
569 4706 842 4761 ίηάυθίῑυι·
870 4722 886 4759 ε
927 4704 1071 4772 Qui“
1104 4706 1298 4759 ειενὶίίε
1320 4708 1516 4777 μερενὶι
1550 4718 1764 4776 Septem.
1872 4716 2147 4784 Scriptum
2186 4724 2270 4769 est
2299 4715 2443 4768 enim
2475 4714 2524 4767 in
2553 4714 2693 4767 libro
2718 4711 2846 4767 Iesu
2886 4711 2979 4765 filii
3014 4709 3159 4766 Nare
3186 4711 3255 4775 “,
3288 4711 3436 4780 quod

181 4812 230 4857 et
255 4819 375 4873 qua
403 4799 603 4856 multos
628 4798 851 4855 habebat
873 4798 1507 4868 ﬁ1508.5nﬁrmalaeﬂ"‘-
1535 4797 1766 4853 Historia
1872 4809 2062 4863 urbem
2115 4806 2332 4862 Jaicho
2386 4815 2592 4876 septem
2652 4806 2964 4860 sacerdotes
3016 4819 3140 4859 cum
3208 4804 3436 4859 totidem

187 4910 357 4965 porro
389 4895 519 4950 talis
555 4904 638 4949 est
669 4895 863 4949 :Anna
892 4899 945 4948 et
975 4891 1267 4947 l‘heuenna
1288 4892 1766 4947 cumElcanama-
1872 4898 2118 4961 buccinis
2172 4914 2269 4968 per
2314 4906 2519 4965 septem
2569 4896 2688 4951 dies
2738 4895 3050 4965 cingebant,
3099 4896 3437 4965 clangentes,

186 4989 455 5045 trimonio
479 4987 685 5056 juncta:
716 4994 894 5050 erant,
925 4999 989 5039 ac
1013 4984 1303 5039 Pbenenna
1329 4982 1545 5054 quidem
1569 4983 1767 5039 liberos
1871 4990 2036 5045 setnel
2063 4990 2282 5058 quidem
2317 4989 2541 5060 reliquis
2570 4988 2761 5042 diebus
2780 5003 2901 5057 eam
2924 4987 3248 5052 ambientes,
3273 4986 3438 5055 septi-

190 5085 416 5148 edebat,
482 5082 638 5133 Anna
678 5088 858 5132 autem
907 5077 1330 5148 haudquaquam
1361 5076 1624 5140 pariebat.
1659 5073 1763 5132 Ve-
1874 5096 1961 5135 mo
1993 5089 2173 5134 autem
2226 5084 2315 5136 die
2361 5084 2582 5150 septies,
2616 5097 2680 5135 ac
2720 5091 2832 5134 tum
2876 5074 3073 5133 mtenia
3105 5079 3305 5133 nullius
3331 5079 3436 5131 im-

186 5192 310 5232 rum
382 5175 587 5231 solutis
641 5173 858 5227 tandem
942 5186 1037 5241 per
1098 5172 1403 5226 orationem
1466 5169 1768 5225 sterilitatis
1869 5173 2121 5245 pulsione
2173 5171 2497 5227 labefactata
2543 5181 2892 5226 corruerunt.
2958 5172 3090 5238 Quae!
3143 5180 3321 5225 autem
3368 5168 3440 5222 de

187 5271 466 5333 vinculis,
526 5268 842 5337 prophetam
895 5265 1045 5318 illum
1113 5265 1373 5320 eximium
1451 5261 1759 5318 Samuelem
1873 5264 1986 5319 Elia
2023 5271 2549 5327 commemorantur,
2592 5260 2754 5315 tertio
2778 5261 2996 5331 quidem
3044 5261 3248 5330 Regum
3297 5258 3441 5311 libro

188 5362 428 5431 peperit,
467 5360 565 5430 qui
605 5359 824 5428 quidem
872 5357 1031 5411 tuatui
1061 5371 1173 5411 sua:
1204 5356 1374 5411 instar
1402 5367 1631 5425 septem,
1661 5355 1763 5410 hoc
1873 5357 2073 5425 scripta
2101 5363 2228 5410 sunt
2258 5354 2325 5420 ’⁷,
2358 5369 2549 5408 verum
2570 5346 2899 5423 Septenaria:
2923 5352 3093 5422 ipsius
3124 5347 3437 5404 conversio-

182 5466 289 5521 est,
324 5469 636 5509 numerosa:
679 5452 884 5508 sobolis
918 5452 1042 5506 loco
1077 5450 1197 5505 fuit.
1232 5451 1554 5521 Imperfecta
1582 5463 1765 5505 autem
1872 5449 1958 5504 nis
2022 5446 2159 5502 nihil
2219 5446 2463 5502 historia:
2526 5443 2896 5499 monumentis
2956 5441 3271 5496 mandatum
3323 5446 3436 5495 est.

180 5609 194 5618 .
254 5571 323 5639 "7
348 5569 554 5639 Ephes.
594 5584 651 5634 ll,
691 5569 779 5624 14.
881 5566 1112 5639 ’f__Psal.
1138 5581 1329 5633 cxvm,
1366 5567 1487 5624 161.
1601 5567 1646 5599 ³⁵
1685 5565 1769 5621 IR

1846 5584 1868 5618 π.
1897 5580 1960 5633 ιι,
1994 5563 2047 5621 5.
2148 5561 2194 5594 "
2235 5560 2371 5617 Gen.
2396 5576 2450 5627 v,
2474 5559 2670 5617 22-24.
2830 5557 2877 5588 ²⁶
2912 5555 3079 5613 JOsue
3120 5570 3193 5619 vi,
3224 5554 3256 5610 4
3281 5566 3435 5626 seqq.

190 5642 236 5674 ⁸⁷
260 5635 488 5707 ιιικξτε.
519 5655 651 5705 xvu,
688 5654 818 5696 xvm
847 5654 862 5705 ;
912 5636 977 5691 ιγ
1012 5635 1143 5706 Reg.
1173 5653 1208 5702 t,
1240 5652 1300 5692 Il.
