4024 6292
593 236 722 304 ιιυ

1996 240 2040 298 Α
2053 238 2375 300 DDENDA.

3692 237 3818 304 1448

587 346 731 414 Quid
791 348 956 419 igitur
1010 347 1078 404 de
1145 348 1249 403 ltac
1324 348 1638 423 inversione
1690 347 2018 403 dicendum?
2074 348 2155 402 An
2186 358 2232 414 Α
2261 349 2465 419 septies
2512 364 2571 404 se
2626 350 2953 417 incurvavit,
3001 349 3052 404 id
3094 360 3199 415 est,
3239 352 3518 409 contraxit
3552 361 3721 422 atque
3747 355 3816 410 iu'

588 449 783 509 praeter
807 438 1047 494 historia:
1074 441 1354 496 veritatem
1389 439 1725 509 Theologum
1758 440 1873 494 haec
1903 438 2157 511 prolocu-

591 539 707 585 tum
731 530 889 586 esse?
915 529 1159 587 Minime.
1206 532 1403 587 Verum
1440 534 1527 587 hic
1572 532 1896 587 inversionis
1930 534 2155 587 verbum

590 621 942 690 descriptoris
974 637 1159 676 errore
1188 624 1525 694 Obrepsisse,
1550 625 1725 692 Atque
1750 624 1910 676 etiam
1933 622 2155 694 quidant

590 714 808 768 codices
841 712 1065 768 minime
1100 714 1379 784 depravati
1417 716 1557 770 hanc
1591 716 1880 770 dictionem
1916 728 2023 769 non
2066 716 2161 768 ha-

591 807 734 859 bent.
786 804 1178 875 Mystieamque
1220 806 1367 860 illam
1414 809 1679 876 triplicem
1735 805 2168 867 insuﬂlationem.

586 898 716 951 Elite
744 898 1038 966 prophetia,
1081 913 1189 966 qua
1235 897 1594 970 Sarepbtana:
1649 899 1826 955 vidua:
1878 899 1987 953 filio
2051 898 2159 953 vita

586 991 851 1058 inspirata
887 1000 989 1045 est.
1030 990 1143 1045 lioc
1175 1006 1394 1062 quoque
1430 992 1596 1047 refert
1622 992 1873 1056 historia,
1908 991 2076 1044 Ellam
2102 991 2158 1044 in

586 1079 942 1150 Sareplttanat
991 1081 1160 1136 tilium
1203 1090 1285 1136 ter
1340 1082 1669 1146 insuﬂlaSSe,
1704 1083 1893 1152 sicque
1933 1096 2055 1136 cum
2091 1083 2157 1135 ad

587 1174 752 1226 vitam
808 1187 1093 1228 revocasse
1121 1173 1189 1226 ³⁸.
1229 1175 1310 1227 Ad
1356 1176 1497 1229 hanc
1543 1186 1723 1229 autem
1772 1175 2039 1245 triplicem
2074 1174 2159 1228 iu-

585 1262 970 1326 sulllationem,
1007 1265 1257 1334 aqualis,
1308 1265 1416 1321 hoc
1478 1277 1561 1322 est
1611 1278 1788 1330 terna,
1828 1267 2160 1337 intelligetur

584 1348 1014 1423 fragmentorum
1043 1357 1171 1427 ligni
1205 1360 1466 1428 prolutio.
1498 1357 1634 1413 Nam
1667 1358 1720 1412 id
1751 1373 1972 1429 quoque
2001 1372 2157 1412 saera

586 1445 820 1499 historia
868 1447 1050 1502 docet.
1081 1446 1215 1503 Cum
1251 1448 1393 1503 enim
1419 1449 1568 1504 Elias
1602 1463 1668 1503 ex
1699 1456 1942 1518 tempore
1990 1447 2159 1503 altare

586 1538 1013 1602 construxisset,
1048 1554 1112 1594 ac
1152 1541 1419 1610 lignorum
1450 1540 1767 1611 fragmenta
1793 1554 1957 1609 super
1982 1538 2156 1608 ipsum

587 1634 899 1700 struxisset,
940 1644 1236 1705 posteaque
1282 1636 1602 1690 holocausta
1647 1649 1810 1704 super
1857 1634 2000 1703 ligna
2051 1633 2154 1685 im-

2261 442 2411 496 nexit
2463 458 2628 513 super
2660 458 2782 498 cum
2813 481 2829 507 ,
2872 444 3009 497 adeo
3044 454 3102 499 ut
3148 461 3208 498 os
3247 445 3355 509 ori,
3380 455 3437 498 et
3469 448 3668 500 oculos
3697 461 3817 499 ocu-

2262 533 2327 584 lis
2350 573 2364 597 ,
2394 541 2448 585 et
2479 547 2672 588 manus
2711 534 2965 587 manibus
3002 533 3325 603 adjungeret
3354 534 3420 587 ⁸¹.
3473 532 3823 588 lnﬂexionem

2262 631 2445 676 autem
2479 622 2788 693 Theologns
2833 623 3145 690 hujusmodi
3196 624 3551 693 jactationem
3596 634 3654 677 et
3693 638 3798 677 con

2261 715 2543 768 ﬂexionem
2575 715 2885 785 appellavit,
2935 729 3041 784 qua
3115 716 3336 785 spiritus
3383 715 3694 769 suscitatus
3728 723 3828 775 est.

2261 805 2311 858 id
2375 816 2478 867 est.
2539 807 2764 875 Spiritus
2815 805 2997 860 vitalis
3064 816 3359 860 recreatus.
3417 804 3544 860 time
3609 805 3829 859 locutus

2260 894 2582 968 Gregorius,
2618 897 2930 951 candelabri
2958 896 3242 950 histotiam
3274 898 3695 966 praetermittere
3716 912 3819 965 qut-

2260 987 2381 1041 detn
2426 987 2661 1054 videtur,
2724 989 2814 1042 sed
2875 998 3051 1041 tamen
3115 987 3254 1042 hanc
3301 1004 3519 1058 quoque
3574 1001 3829 1042 sermone

2261 1080 2662 1148 complectitur,
2699 1094 2763 1134 ac
2793 1079 3171 1147 prmteritionis
3205 1081 3369 1148 ligura
3402 1094 3558 1145 usus,
3580 1077 3753 1133 simul
3780 1085 3826 1131 et

2259 1167 2530 1221 auditoris
2577 1167 2810 1221 satietati
2863 1167 3194 1237 fastidioque
3243 1168 3506 1232 occurrit,
3544 1177 3597 1221 et
3623 1165 3829 1219 variam

2260 1258 2563 1311 orationem
2592 1257 2776 1313 cﬂicit.
2805 1257 3130 1313 Candelabri
3171 1268 3355 1312 autem
3405 1258 3573 1326 hujus
3624 1255 3826 1311 descri-

2260 1349 2375 1420 ptio
2404 1350 2457 1403 in
2494 1349 2667 1405 Exodi
2714 1351 2854 1405 libro
2899 1350 3005 1404 sita
3043 1359 3126 1404 est
3155 1349 3220 1403 ³¹.
3254 1348 3317 1402 Et
3347 1350 3570 1419 quidem
3602 1347 3827 1403 historia

2260 1460 2431 1499 unum
2484 1446 2750 1499 duntaxat
2810 1444 3006 1499 hastile
3050 1444 3360 1498 candelabri
3419 1449 3829 1503 commemorat,

2259 1553 2352 1593 sex
2379 1549 2560 1592 autem
2595 1537 2836 1592 calamos
2870 1537 3076 1592 circum
3106 1536 3302 1591 hastile
3340 1545 3394 1591 et
3421 1544 3623 1604 septem
3653 1533 3820 1587 lucer-

2259 1644 2378 1693 nas,
2409 1628 2590 1683 ltastili
2616 1637 2670 1683 et
2693 1628 2916 1683 calamis
2945 1626 3479 1698 adjacentes.Verum
3500 1625 3830 1695 Theologus,

586 1698 891 1794 posuisset,
912 1698 1048 1780 dixit
1081 1744 1096 1781 :
1124 1698 1355 1797 Accipite
1387 1727 1516 1779 mihi
1543 1698 1761 1797 hydrina
1799 1698 2084 1794 aquarum,
2113 1733 2160 1778 et
2187 1698 2235 1756 Β
2262 1736 2387 1775 cum
2412 1720 2596 1775 hastili
2626 1720 2870 1775 calamos
2895 1720 3057 1775 etiam
3103 1729 3371 1783 statuens,
3407 1733 3472 1774 ac
3508 1732 3831 1783 numerans,

585 1815 849 1885 infundite
887 1832 1044 1886 super
1084 1816 1476 1880 holocaustum,
1508 1827 1557 1870 et
1598 1832 1754 1885 super
1782 1816 1947 1887 ligna.
1988 1818 2164 1885 Atque

584 1906 660 1959 ita
695 1906 962 1960 fecerunt.
1000 1906 1066 1959 Et
1104 1906 1242 1961 dixit
1271 1922 1286 1960 :
1317 1903 1558 1961 Secundo
1594 1906 1691 1960 hoc
1732 1906 1935 1974 facile;
1980 1913 2033 1959 et
2078 1921 2164 1960 se-

582 1997 765 2050 cundo
793 1997 894 2052 hoc
932 1996 1197 2052 fecerunt.
1257 1995 1432 2051 Tertio
1462 1999 1557 2051 hoc
1581 1999 1770 2069 facite;
1794 2006 1848 2051 et
1874 1997 2033 2052 tertio
2062 1996 2165 2049 hoc

589 2086 852 2142 fecerunt.
887 2087 1097 2154 Quibus
1124 2091 1363 2158 peractis
1409 2089 1475 2143 ad
1518 2088 1691 2159 ipsius
1744 2102 1934 2159 preces
1970 2087 2165 2143 cecidit

586 2176 732 2245 ignis
765 2175 985 2231 Domini
1029 2178 1097 2233 de
1139 2179 1301 2244 coelo,
1339 2188 1395 2234 et
1432 2178 1715 2234 devoravit
1758 2178 2159 2244 holocaustum,

585 2279 641 2322 et
664 2268 830 2339 ligna,
860 2279 914 2324 et
939 2270 1128 2337 altare,
1159 2281 1213 2326 et
1240 2286 1461 2340 aquam,
1501 2281 1556 2326 et
1600 2271 1874 2341 pulverem
1907 2273 1976 2327 ".
2008 2271 2162 2336 Quo-

585 2360 734 2414 niam
794 2369 974 2415 autent
1035 2363 1285 2416 nonnulli
1330 2374 1389 2418 ut
1434 2365 1824 2433 septenariam,
1859 2364 1997 2417 hanc
2029 2378 2161 2433 pro-

585 2453 785 2507 luviem
822 2464 1135 2520 numerant,
1166 2469 1268 2510 nos
1299 2470 1521 2524 quoque
1548 2457 1878 2511 sententiam
1912 2466 2159 2510 nostram

584 2546 1010 2615 explicabimus.
1056 2546 1398 2603 Aritlttnetici
1426 2564 1781 2604 numerorum
1836 2548 2159 2620 pronuntia-

587 2638 785 2701 tiones,
811 2640 879 2692 ad
906 2639 1125 2693 modum
1149 2655 1330 2694 rerum
1353 2642 1745 2710 subjectarum,
1768 2657 1876 2695 non
1899 2642 1964 2696 ad
1982 2657 2159 2712 quan-

587 2730 823 2792 titatem,
845 2730 1141 2799 accipiunt.
1167 2731 1259 2785 Ait
1290 2733 1452 2803 igitur
1472 2732 1616 2787 Elias
1645 2733 1882 2802 primunt
1913 2750 1928 2788 :
1964 2732 2159 2803 Infun-

587 2821 737 2875 dile:
800 2821 998 2876 deinde
1029 2836 1051 2878 :
1086 2821 1289 2878 Iterum
1341 2823 1630 2893 infundite,
1681 2834 1824 2894 post,
1871 2823 2048 2878 Tertio
2103 2825 2157 2880 id

584 2913 769 2982 facile.
803 2914 915 2968 Duo
945 2914 1132 2984 itaque
1195 2915 1286 2968 utti
1317 2915 1548 2984 adjecta,
1592 2914 1695 2969 tria
1721 2914 2001 2984 etliciunt;
2036 2916 2158 2985 qui-

2267 1813 2370 1868 hoc
2431 1828 2650 1884 quoque
2697 1813 2978 1869 ltastilium
3032 1813 3256 1868 nomine
3306 1812 3617 1883 appellavit.
3656 1813 3831 1879 Atque

2264 1905 2338 1959 ita
2399 1905 2716 1959 universum
2772 1905 2994 1979 quidem
3066 1908 3171 1960 hoc
3248 1903 3636 1960 candelabrum
3695 1911 3832 1964 erat,

2265 2006 2522 2050 caeterum
2581 1995 2928 2049 ὲπτάκαυλον
2988 1996 3085 2050 καὶ
3147 1996 3515 2066 ὲπτὰλυχνον,
3573 1992 3831 2048 nimirum

2266 2096 2488 2158 propter
2533 2087 2750 2141 hastilia
2798 2097 2853 2142 et
2909 2087 3167 2143 lucernas
3220 2088 3286 2142 iis
3332 2085 3731 2156 superpositas.
3766 2082 3831 2137 lit

2265 2179 2453 2249 igitur,
2482 2178 2681 2248 inquit,
2710 2178 2893 2247 templi
2917 2178 3304 2233 candelabrum
3339 2189 3547 2247 septem
3582 2176 3835 2230 lucernas

2262 2273 2599 2345 protendens
2638 2285 2980 2343 praeteream,
3014 2268 3255 2339 ejusdem
3314 2281 3398 2326 est
3449 2270 3717 2324 doctrina:
3773 2281 3835 2321 ac

2262 2364 2677 2435 speeulationis,
2711 2365 2778 2425 de
2805 2380 3034 2419 numero
3064 2365 3371 2434 septi-nario
3416 2363 3649 2426 scilicet,
3691 2360 3830 2429 quod

2264 2458 2309 2511 is
2337 2457 2427 2526 qui
2459 2458 2526 2511 ad
2556 2456 2846 2511 sacerdotii
2878 2457 3196 2528 dignitatem
3243 2457 3452 2509 electus
3486 2464 3596 2519 est,
3629 2452 3831 2522 templo

2262 2548 2487 2613 assidet,
2524 2562 2589 2602 ac
2620 2557 2828 2618 septem
2861 2547 3080 2601 dierum
3121 2545 3295 2616 spatio
3322 2561 3520 2600 manus
3548 2545 3671 2614 ejus
3706 2558 3830 2597 con-

2261 2650 2568 2707 secrantur,
2602 2639 3064 2710 quemadmodum
3088 2639 3143 2692 in
3164 2636 3352 2692 Exodo
3375 2634 3825 2707 prmseribitur”.

2259 2731 2516 2802 Ejusdem
2550 2733 2679 2787 item
2705 2731 2988 2797 doctrinae,
3020 2731 3167 2801 quod
3192 2732 3260 2795 is,
3291 2731 3382 2800 qui
3419 2730 3570 2798 lepra
3598 2728 3827 2782 infectus

2259 2831 2360 2885 est,
2391 2833 2596 2892 septem
2623 2823 2815 2878 diebus
2846 2832 3128 2892 purgatur,
3159 2831 3218 2876 ut
3241 2821 3297 2875 in
3325 2818 3571 2874 Levitico
3597 2818 3827 2873 edictum

2261 2924 2424 2986 atque
2467 2915 2793 2985 imperatum
2829 2925 2911 2970 est
2940 2912 3008 2967 “.
3056 2912 3259 2968 Eodem
3314 2927 3539 2983 quoque
3593 2912 3828 2965 referen-

585 3005 690 3061 bus
728 3007 830 3061 tria
868 3006 1093 3078 insuper
1130 3007 1407 3077 adjuncta,
1444 3023 1540 3062 sex
1571 3008 1889 3064 conficiunt.
1928 3006 2156 3062 Senario
2181 3029 2224 3088 ο
2260 3005 2410 3072 dum,
2436 3006 2579 3076 quod
2609 3005 2869 3075 templum
2903 3021 2932 3059 a
2956 3003 3247 3060 Salomone
3277 3004 3451 3074 ipsius
3489 3013 3830 3059 exstructcre

586 3109 767 3153 autem
802 3101 976 3170 prima
1028 3101 1210 3155 unitas
1267 3099 1451 3155 addita
1512 3102 1811 3171 perfectum
1864 3114 2155 3154 numerum

586 3192 837 3247 absolvit.
869 3192 995 3257 Aut,
1016 3194 1062 3248 si
1099 3193 1290 3260 mavis,
1318 3210 1410 3248 sex
1440 3194 1840 3264 prolutionibus
1865 3195 2154 3263 septimam

585 3285 841 3358 adjunge,
896 3287 1154 3342 nimirum
1207 3302 1353 3352 eam,
1389 3302 1512 3358 qua:
1546 3303 1641 3358 per
1671 3289 1849 3358 ignem
1893 3287 2156 3342 divinitus

586 3378 815 3433 missum
839 3378 1101 3447 contigit;
1129 3387 1415 3449 postquam
1450 3376 1595 3433 Elias
1627 3378 1919 3447 ignominia
1958 3378 2155 3448 dignos

586 3471 924 3536 sacerdotes,
964 3479 1153 3540 utpote
1184 3469 1332 3526 foedo
1360 3479 1413 3525 ct
1442 3471 1683 3526 obsceno
1709 3470 1855 3524 idolo
1881 3469 2007 3525 Baal
2036 3484 2154 3525 ser-

586 3563 817 3630 vientes,
854 3563 1284 3633 quadringentos
1329 3574 1383 3618 et
1432 3563 1826 3635 quinquaginta
1859 3561 2150 3619 interiecit.

584 3651 721 3708 Nam
783 3668 908 3708 eunt
953 3669 1047 3708 eos
1107 3653 1174 3708 ad
1228 3670 1428 3709 novum
1473 3655 1731 3710 sacriﬁcii
1773 3653 2151 3710 holocaustum

584 3759 959 3816 provocasset,
1015 3762 1115 3802 nec
1165 3746 1272 3819 ipsi
1321 3748 1375 3801 itt
1436 3748 1657 3803 nomine
1697 3747 1827 3802 Baal
1875 3748 2054 3820 ignem
2086 3746 2153 3801 ad

586 3839 855 3909 propositi
887 3838 1145 3895 sacritlcii
1178 3839 1659 3910 consutnptiouem
1706 3841 1921 3896 cretitus
1954 3840 2154 3896 demit-

554 3935 701 3984 'tere
734 3930 1061 3999 potuissent,
1097 3932 1557 4002 quemadmodum
1605 3932 1744 3987 inter
1772 3932 1946 4001 ipsum
1978 3939 2031 3985 et
2062 3945 2154 3985 eos

586 4031 939 4085 convenerat,
975 4021 1094 4090 ipse
1124 4032 1308 4077 autem
1349 4023 1399 4076 in
1457 4022 1552 4077 Dei
1597 4023 1820 4077 nomine
1851 4023 1955 4076 hoc
1993 4020 2154 4076 fecis-

587 4118 692 4175 set,
746 4109 1143 4166 condemnatos
1197 4128 1291 4167 eos
1349 4120 1596 4168 extremo
1642 4111 1910 4183 supplicio
1954 4111 2151 4167 aﬂ‘ecit.

586 4198 734 4254 Idem
767 4201 927 4265 caelo,
963 4202 1137 4257 tribus
1196 4202 1356 4257 annis
1400 4213 1452 4257 et
1495 4218 1588 4259 sex
1627 4202 1912 4257 mensibus
1940 4203 2151 4265 clauso,

585 4306 710 4347 cum
765 4292 876 4363 jam
927 4293 1195 4349 siccitatis
1256 4294 1534 4348 vinculum
1599 4294 1920 4348 solvendum
1985 4305 2150 4358 esset,

2261 3106 2468 3168 septem
2504 3096 2696 3154 diebus
2749 3097 3055 3162 dedicatur,
3110 3099 3571 3168 quemadmodum
3603 3095 3829 3151 habetur

2259 3189 2326 3244 lli
2398 3187 2687 3260 Regum".
2732 3190 2850 3245 lluc
2929 3191 3159 3253 accedit,
3239 3192 3384 3262 qttod
3465 3192 3701 3261 populus
3762 3205 3827 3243 ex

2256 3284 2585 3357 Babylonica
2625 3286 2941 3356 captivitate
2991 3287 3399 3356 septuagesimo
3454 3300 3599 3340 anno
3644 3283 3825 3347 rediit,

2258 3377 2401 3433 sicut
2430 3378 2695 3435 Jeremias
2728 3380 3053 3450 praedixerat
3116 3389 3172 3435 et
3213 3395 3389 3434 rerum
3440 3390 3671 3433 eventus
3700 3392 3831 3431 con-

2259 3469 2496 3524 ﬁrmavit
2525 3510 2544 3537 ,
2578 3482 2638 3525 ut
2668 3472 3029 3540 septenarius,
3068 3472 3161 3543 qui
3206 3470 3263 3527 itt
3299 3471 3602 3527 unitatibus
3627 3472 3830 3525 honore

2258 3560 2484 3633 insignis
2512 3571 2614 3628 est,
2662 3560 2805 3617 idem
2862 3577 3083 3633 quoque
3141 3562 3192 3617 in
3251 3561 3549 3618 decadibus
3583 3562 3698 3624 liat,
3730 3561 3827 3613 hoc

2254 3664 2360 3717 est,
2386 3652 2680 3722 praeclarus
2709 3663 2762 3708 et
2784 3655 3015 3708 maxime
3042 3654 3304 3725 mysticus
3324 3654 3617 3709 decadicus
3648 3662 3827 3721 septe-

2255 3744 2395 3797 narii
2427 3745 3007 3815 numerus,obrpopuli
3040 3746 3495 3816 redemptionem.
3524 3760 3589 3800 ac
3631 3755 3828 3814 myste-

2258 3835 2326 3889 rii
2395 3850 2616 3906 quoque
2684 3837 2933 3891 nonnihil
2989 3837 3205 3902 habeat,
3256 3836 3520 3891 nimirum
3591 3835 3827 3890 libertati

2257 3931 2444 4000 populi
2507 3931 3018 4001 proclamationem.
3070 3933 3341 3989 Monadici
3383 3943 3568 3988 autem
3612 3932 3824 3987 numeri

2255 4022 2530 4090 dicuntur,
2561 4024 2655 4092 qui
2689 4025 2757 4079 ab
2788 4025 2999 4078 unitate
3025 4025 3092 4080 ad
3125 4025 3381 4079 decadem
3409 4040 3584 4094 usque
3602 4040 3823 4096 progre-

2255 4116 2502 4181 diuntur,
2560 4113 2801 4169 decadici
2868 4129 3014 4179 vero,
3077 4115 3167 4183 qui
3219 4129 3249 4169 a
3310 4114 3534 4169 denario
3584 4116 3653 4168 ad
3706 4129 3826 4169 ceu-

2256 4206 2508 4260 tesimunt
2545 4221 2647 4260 :ex
2706 4219 2816 4275 quo
2867 4220 3095 4260 numero
3142 4213 3227 4261 est
3272 4207 3738 4278 septuagesimus,
3767 4221 3826 4260 ex

2255 4296 2568 4365 septenario
2628 4295 2680 4349 itt
2710 4297 2996 4351 denarium
3045 4296 3498 4366 multiplicatione
3535 4297 3826 4353 conflatus.

585 4384 812 4454 puerulo
837 4385 935 4449 illi,
978 4399 1088 4454 quo
1131 4385 1382 4440 ministro
1434 4385 1711 4452 utebatur,
1751 4383 2062 4454 imperavit,
2094 4395 2155 4438 ut
2189 4362 2231 4416 θ
2255 4362 2549 4441 Denarium
2579 4400 2745 4456 porro
2785 4388 3098 4458 septenario
3144 4362 3528 4457 pei-fectiorem
3574 4391 3740 4458 dixit,
3773 4398 3830 4444 ut

585 4478 979 4548 specularetur,
1010 4493 1075 4532 ac
1112 4478 1322 4533 videret
1353 4494 1421 4533 an
1470 4476 1640 4533 nubes
1684 4477 1866 4545 aliqua
1896 4477 2153 4531 oriretur.

586 4566 653 4621 Et
686 4571 945 4636 quoniam
1002 4568 1240 4623 nondum
1309 4577 1430 4623 orta
1489 4577 1629 4634 erat,
1668 4583 1798 4623 eum
1826 4567 2023 4638 septies
2054 4569 2158 4623 hoc

588 4656 769 4710 facere
795 4657 978 4725 jussit.
1039 4660 1285 4726 Septima
1321 4667 1500 4710 autem
1536 4659 1877 4728 inspectione
1913 4658 2154 4711 nubecu-

589 4744 694 4798 lam
731 4749 1022 4813 quamdam
1074 4750 1228 4812 vidit,
1259 4751 1414 4819 quasi
1450 4750 1735 4819 vestigium
1789 4749 1912 4811 viri,
1953 4764 2150 4818 aquam

586 4823 968 4914 advehentem,
1005 4857 1034 4895 a
1080 4858 1180 4911 qua
1249 4858 1575 4913 magnopere
1609 4854 1791 4909 aucta,
1834 4843 2031 4896 emittm
2064 4844 2161 4899 ob-

588 4929 812 4983 ductum
847 4945 950 4995 est,
982 4947 1044 4985 ac
1090 4932 1379 4987 confestim
1418 4936 1602 5004 pluvia
1628 4935 1681 4990 in
1709 4944 1906 4989 terram
1938 4935 2056 4991 fusa
2089 4938 2155 4991 ⁸⁸.

588 5018 863 5076 Hactenus
886 5023 954 5076 de
981 5022 1096 5076 Elia
1132 5021 1413 5078 Thesbita.
1446 5026 1503 5078 ltt
1532 5028 1723 5081 eodem
1755 5026 1894 5082 libro
1944 5026 2148 5098 Regum

586 5113 766 5168 Elisaei
800 5130 1016 5184 quoque
1046 5113 1261 5170 inﬂexio
1287 5117 1615 5171 continetur.
1654 5117 1788 5173 Nam
1820 5134 1942 5176 cum
1974 5120 2152 5175 Sana-

586 5204 794 5267 tnitidis
839 5206 981 5261 lilius
1025 5215 1327 5262 extremum
1384 5211 1507 5264 vitm
1554 5209 1802 5280 spiritum
1866 5210 2148 5278 edidisSet,

587 5298 852 5367 propheta
881 5299 949 5353 de
992 5308 1179 5353 monte
1215 5301 1567 5365 descendens,
1605 5303 1885 5373 ingressus
1925 5304 2146 5358 domum

585 5388 781 5460 ipsius,
824 5392 877 5444 in
924 5390 1271 5455 cmnaculum
1322 5393 1586 5462 ascendit,
1625 5410 1691 5450 ac
1725 5411 1889 5467 super
1919 5411 2148 5467 puerum

660 5569 707 5601 "
740 5569 809 5642 l_ll
859 5571 997 5642 ltcg.
1031 5586 1160 5637 xvn,
1192 5569 1282 5642 2|.

1393 5571 1438 5603 ⁸³
1480 5569 1544 5625 lii
1592 5570 1724 5641 Reg.
1756 5587 1886 5641 xvnt
1919 5612 1935 5636 ,
1965 5571 2152 5626 32—58.

593 5652 721 5708 xxv,
753 5640 940 5694 31-59.

2254 4493 2515 4535 numeros
2525 4478 2865 4535 claudentem
2885 4496 2949 4535 ac
2972 4481 3377 4537 terminantem.
3392 4481 3521 4537 Post
3539 4482 3826 4538 denarium

2252 4573 2397 4627 enim
2426 4586 2690 4627 numerus
2723 4571 2904 4627 nullus
2930 4584 3032 4639 est,
3058 4574 3150 4629 sed
3175 4574 3443 4629 revolutio
3479 4592 3493 4628 :
3527 4574 3829 4645 septenarii

2251 4676 2431 4722 autem
2487 4668 2824 4737 mysterium,
2880 4669 3106 4739 mystica
3156 4677 3241 4724 est
3292 4668 3463 4739 ipsius
3494 4669 3824 4738 speculatio.

2324 4758 2441 4813 Col.
2483 4759 2587 4815 454
2616 4758 2676 4814 C.
2711 4758 2849 4825 Quid
2885 4772 3062 4815 autem
3084 4760 3366 4833 longinqua
3404 4762 3596 4834 colligo
3619 4763 3646 4815 2’
3672 4762 3829 4817 Jews

2256 4849 2386 4918 ipse,
2432 4860 2538 4905 etc.
2592 4849 2756 4917 Quid,
2810 4852 3007 4923 inquit,
3056 4852 3190 4908 mihi
3235 4864 3414 4909 vetera
3439 4864 3494 4908 et
3534 4856 3828 4924 longinqua

2255 4955 2687 4997 commemorare
2732 4958 2869 5012 opus
2921 4945 3040 5000 est?
3071 4943 3189 5014 Ipse
3229 4944 3499 5011 Christus,
3554 4946 3649 5016 qui
3697 4962 3827 5016 pera

2255 5042 2309 5086 et
2339 5047 2462 5086 vera
2512 5032 2774 5101 perfectio
2815 5045 2919 5101 est,
2980 5047 3167 5106 utpote
3217 5046 3363 5093 totus
3413 5035 3717 5108 perfectus.
3765 5055 3827 5096 ac

2256 5137 2364 5176 non
2421 5134 2480 5177 ut
2538 5126 2832 5192 supradicti
2882 5128 3116 5190 numeri,
3153 5129 3245 5198 qui
3287 5144 3350 5186 ex
3400 5140 3559 5200 parte
3614 5139 3823 5186 tantum

2257 5212 2480 5284 perfecti
2522 5216 2894 5282 nominantur,
2940 5233 3049 5273 non
3095 5220 3272 5276 solum
3317 5222 3561 5291 quinque
3593 5223 3827 5292 panibus

2255 5307 2495 5376 quinque
2526 5307 2801 5363 hominum
2848 5310 3017 5367 millia
3049 5314 3239 5381 nutrit,
3283 5314 3379 5369 sed
3411 5316 3575 5369 etiam
3617 5327 3822 5385 septem

2255 5409 2493 5470 quatuor
2536 5400 2723 5454 millia.
2789 5402 2855 5457 Et
2898 5402 3113 5473 quidem
3164 5420 3232 5460 ex
3289 5406 3534 5477 quinque
3593 5407 3825 5477 panibus

2258 5573 2302 5605 ³ο
2330 5574 2687 5653 ῇιλῖάκιιρ-ιε.
2787 5579 2833 5611 ⁸⁸
2870 5580 2939 5636 ιγ
2988 5583 3121 5653 Reg.
3154 5600 3229 5648 tv,
3278 5584 3473 5641 32-57.
3571 5588 3615 5621 ⁸⁸
3653 5587 3817 5648 Exod.

1052 5642 1099 5674 ³³
1142 5641 1311 5697 Exod.
1347 5656 1494 5706 xxix,
1530 5642 1553 5694 1
1601 5640 1792 5712 seqq.;
1825 5640 1997 5697 Levii.
2034 5658 2147 5708 \‘Ill,
2186 5643 2206 5695 l
2241 5648 2393 5713 seq’q.
2470 5645 2514 5677 “
2550 5645 2719 5704 Levit.
2751 5666 2868 5718 xm,
2905 5668 3012 5708 xw.
3067 5640 3132 5688 v"
3154 5640 3376 5726 lll'ch.
3416 5671 3538 5727 Vill,
3566 5640 3765 5726 65,756.
