4076 6292
355 355 378 416 1
395 353 492 413 149

1262 345 1584 407 NICE‘I‘AS
1626 341 1707 409 IN
1746 340 1970 401 ORAT.
2015 339 2198 402 XLIV
2234 341 2295 399 S.
2337 339 2564 401 GREG.

3449 335 3590 397 14ἓο

354 461 668 533 superfuere
711 460 995 516 duodecim
1052 458 1295 528 copliini,
1352 463 1570 525 propter
1622 453 1917 524 apostolos,
1948 459 1992 515 Α
2024 466 2145 505 nem
2202 462 2256 505 et
2315 450 2617 505 doctrinam
2678 447 2899 503 habent.
2955 448 3028 502 Ac
3082 444 3375 516 spiritualis
3420 448 3585 501 etiam

355 565 411 605 ιιι
445 551 612 605 Judas
643 566 861 620 quoque
894 550 1010 618 ipse
1057 563 1218 602 suum
1266 554 1503 616 gestaret
1538 561 1552 597 :
1587 559 1651 598 ex
1708 550 1916 613 septem

355 654 532 695 autem
585 641 836 709 panibus,
887 650 1086 708 sporta;
1119 648 1345 703 septem,
1397 643 1615 702 propter
1655 633 1920 686 honorem

356 730 668 797 septenarii.
708 726 846 781 Sunt
898 735 1078 781 autem
1135 722 1424 793 allegorico
1470 735 1633 775 sensu
1682 719 1923 788 quinque

353 834 562 891 panes,
614 817 878 871 naturalis
935 816 1023 869 illa
1081 814 1149 867 de
1203 814 1309 866 Deo
1356 810 1638 875 doctrina,
1689 822 1808 876 quae.
1855 822 1918 861 ex

354 910 600 978 quinque
658 908 912 961 sensibus
975 903 1278 957 innascitur
1335 918 1349 953 :
1415 913 1521 967 qua
1587 898 1923 959 nutriuntur,

355 1001 450 1069 qui
510 998 814 1054 sensualem
849 997 1115 1050 duntaxat
1159 993 1323 1047 vitam
1379 999 1567 1059 agunt,
1601 1003 1699 1043 nec
1727 987 1924 1042 mentis

356 1093 458 1145 aiis
491 1090 557 1143 ad
592 1089 962 1144 sublimiorem
994 1085 1414 1155 speculationem
1470 1082 1623 1135 evehi
1675 1086 1923 1148 possunt.

360 1178 515 1233 Unde
559 1178 724 1233 etiam
780 1191 874 1244 per
932 1173 1261 1227 hordeaceus
1294 1182 1464 1238 panes
1496 1165 1625 1219 illud
1653 1163 1925 1233 signiﬁca-

359 1282 468 1331 tur,
528 1270 668 1322 hanc
738 1266 1043 1321 doctrinam
1113 1269 1419 1332 promptam
1484 1265 1650 1325 atque
1707 1253 1923 1307 obviam

360 1376 526 1423 esse,
574 1358 991 1423 naturalemque
1052 1352 1479 1423 speculationem
1558 1344 1926 1415 imperfectam

360 1454 563 1506 habere
637 1470 650 1504 :
719 1447 1159 1519 quandoquidem
1247 1459 1347 1500 nec
1418 1441 1719 1496 hordeaceo
1794 1449 1929 1504 pane

362 1542 660 1611 quidquam
716 1546 800 1594 est
842 1538 1025 1592 vilius.
1061 1535 1216 1603 Quod
1245 1544 1425 1589 autem
1456 1546 1579 1587 cum
1615 1526 1930 1583 mulieribus

360 1640 415 1684 et
445 1630 631 1699 pueris
683 1627 1000 1690 comedunt,
1057 1625 1110 1679 id
1162 1622 1454 1693 significat,
1485 1633 1580 1674 eos
1620 1633 1651 1671 a
1684 1615 1931 1684 volupta-

362 1731 476 1775 tum
534 1717 925 1786 cupiditatibus
987 1726 1151 1784 atque
1208 1710 1523 1782 imperfecta
1575 1706 1799 1762 rationis
1847 1705 1925 1757 in-

2022 558 2209 597 eorum
2260 542 2433 603 cibus,
2490 549 2696 611 septem
2751 555 2920 610 panes
2968 549 3116 604 sunt,
3175 548 3394 608 propter
3433 538 3585 608 puri-

2026 641 2191 688 tatem
2252 644 2307 689 et
2362 634 2645 704 mysticam
2715 632 2819 685 vim
2876 631 3038 701 hujus
3115 630 3347 682 numeri.
3405 628 3583 697 Septe-

2024 724 2213 778 narius
2246 723 2390 777 enim
2422 732 2607 777 castus
2652 729 2733 777 est
2777 729 2830 775 et
2875 721 3047 789 virgo.
3101 721 3279 788 Atque
3307 718 3359 771 id
3398 713 3587 787 etiam,

2023 814 2169 884 quod
2222 813 2470 868 convivio
2527 821 2794 883 superest,
2852 827 3046 881 purum
3101 819 3155 866 et
3208 811 3585 879 incorruptum

2024 920 2147 961 esse
2174 919 2269 973 per
2310 905 2678 973 septenarium
2707 903 3051 975 designatur;
3086 901 3409 970 llujusmodi
3440 902 3586 957 enim

2027 1005 2156 1052 sunt
2213 996 2413 1050 divinae
2478 1003 2533 1050 et
2608 1011 2824 1050 arcanae
2895 1008 2960 1050 ac
3020 995 3336 1064 spirituales
3401 1009 3580 1063 specu-

2026 1087 2279 1142 lationes.
2333 1085 2469 1139 Nam
2531 1097 2734 1154 septem
2807 1100 3026 1154 quoque
3098 1091 3222 1138 sunt
3280 1083 3593 1152 spirituules

2027 1177 2233 1243 gratiae.
2303 1174 2571 1256 Qupcirca
2659 1174 2753 1244 qui
2818 1176 2871 1229 in
2945 1174 3143 1243 triplici
3207 1173 3594 1242 philosophia,

2028 1266 2185 1334 quasi
2232 1265 2409 1319 tribus
2456 1265 2685 1328 diebus,
2741 1271 3059 1318 constanter
3118 1263 3462 1331 persistunt,
3518 1260 3593 1314 illi

2030 1356 2269 1421 demum,
2313 1364 2368 1409 et
2404 1356 2661 1420 naturali,
2703 1364 2756 1409 et
2807 1355 3030 1422 scripta,
3070 1363 3122 1408 et
3152 1353 3381 1423 spiritali
3414 1353 3530 1421 lege
3564 1367 3594 1403 a

2031 1448 2213 1502 divino
2276 1444 2454 1501 Verbo
2482 1449 2820 1501 nutriuntur.
2873 1445 2948 1499 Ea
3007 1460 3170 1512 porro
3232 1446 3440 1498 ratione
3488 1445 3596 1511 pri-

2032 1554 2178 1592 mum
2233 1539 2473 1607 quinun
2557 1537 2726 1591 millia
2797 1545 3148 1606 pascuntur,
3216 1536 3473 1605 quoniam
3542 1535 3595 1588 in

2031 1646 2288 1685 sensuum
2336 1644 2523 1683 curam
2577 1629 2729 1699 prius
2785 1628 3207 1682 incumbendum
3260 1636 3383 1692 est,
3437 1636 3598 1694 atque

2032 1723 2107 1776 ita
2153 1722 2218 1775 ad
2266 1721 2590 1791 perfectiora
2639 1721 3113 1791 progrediendum.
3165 1718 3284 1773 Jam
3343 1732 3473 1773 vero
3515 1732 3598 1772 co-

366 1811 535 1866 fantia
606 1824 714 1863 non
786 1808 946 1877 plane
1016 1806 1225 1885 liberos.
1284 1813 1449 1874 atque
1506 1802 1716 1855 alienos
1789 1811 1931 1852 esse.

2045 1814 2209 1883 phini.
2244 1814 2336 1883 qui
2375 1829 2440 1868 ex
2472 1814 2645 1867 textili
2677 1813 2927 1877 materia,
2975 1812 3079 1867 hoc
3119 1818 3226 1878 est,
3273 1826 3339 1865 ex
3383 1810 3599 1864 vimini«

365 1905 613 1972 Denique
642 1901 861 1968 cophiui
890 1898 1203 1963 duodecim,
1235 1896 1327 1965 qui
1361 1891 1709 1947 multitudine
1742 1889 1937 1944 satiata

367 2004 683 2063 supersunt,
736 1991 1035 2049 naturalem
1086 1998 1141 2043 et
1186 1987 1445 2041 moralem
1488 1992 1543 2038 et
1577 1982 1938 2049 theologicam

364 2085 670 2140 doctrinam
751 2080 1082 2150 significant.
1139 2076 1234 2131 Hie
1291 2074 1437 2130 enim
1497 2070 1936 2141 superfuerunt,

365 2178 496 2245 quia
549 2174 753 2228 nullam
816 2173 1006 2225 harum
1068 2168 1377 2232 subierunt,
1438 2166 1539 2218 hoc
1588 2172 1695 2225 est,
1747 2173 1941 2230 pervo-

371 2266 589 2316 luerunt
619 2268 714 2315 aut
748 2259 1165 2319 intellexerunt,
1209 2254 1469 2310 nimirum
1499 2266 1563 2306 ex
1596 2250 1727 2304 solis
1765 2248 1941 2303 sensi-

370 2355 498 2419 bus,
527 2353 671 2406 velut
703 2351 874 2406 crassi
903 2359 959 2407 et
988 2348 1202 2418 stupide
1257 2345 1530 2401 Creatoris
1579 2341 1942 2410 cognitionem

372 2445 631 2498 assecuti.
666 2442 818 2508 Quod
851 2442 896 2495 si
931 2441 1043 2512 (28)
1072 2438 1522 2509 ὑπερὸεὸήκασιν
1559 2436 1725 2502 legas,
1757 2432 1810 2486 id
1839 2440 1942 2496 est,

372 2544 700 2602 superarunt
759 2542 923 2602 atque
982 2530 1306 2600 supergressi
1372 2537 1535 2586 sunt,
1596 2539 1706 2579 non
1764 2530 1942 2575 autem

372 2626 810 2693 ὑποὸεὸήκασιν,
855 2623 909 2676 id
943 2632 1027 2675 est
1077 2623 1370 2681 subierunt,
1423 2620 1502 2672 sic
1540 2617 1641 2670 erit
1672 2615 1949 2681 accipien-

372 2716 501 2769 dum
526 2731 542 2767 :
570 2715 720 2767 Licet
747 2713 1045 2767 secundum
1070 2724 1266 2764 sensus
1295 2709 1671 2776 praescriptum
1704 2704 1950 2757 viverent

372 2805 608 2874 qninarii
651 2804 727 2857 illi
763 2801 1115 2873 (μοναδικοὺς
1157 2801 1301 2854 enim
1347 2797 1525 2867 vocat)
1578 2806 1948 2861 sensuumque

374 2912 541 2966 Opera
608 2905 663 2951 et
729 2895 1044 2965 adiumento
1106 2890 1471 2961 cognitionem
1538 2887 1632 2941 Dei
1698 2885 1946 2954 expisca-

377 3000 569 3044 rentur
601 3028 618 3051 ,
685 2998 859 3042 tamen
899 2986 953 3039 in
986 3000 1052 3039 eo
1099 2984 1496 3043 redundarunt,
1531 2976 1673 3048 quod
1709 2990 1811 3031 nec
1850 2989 1950 3030 na-

379 3079 608 3134 turalem
636 3119 652 3144 ,
708 3094 807 3132 nec
858 3077 1142 3138 moralem,
1182 3088 1279 3127 nec
1337 3073 1695 3139 theologicam
1744 3067 1949 3123 doctri-

378 3185 510 3224 nam
557 3169 935 3233 transilierint,
983 3165 1036 3220 id
1087 3172 1194 3228 est,
1252 3164 1472 3217 missam
1516 3159 1763 3216 fecerint.
1810 3157 1947 3211 Nam

378 3264 469 3319 his
526 3263 616 3332 qui
666 3277 761 3330 per
809 3259 1114 3314 naturalem
1172 3255 1602 3326 speculationem
1647 3251 1715 3305 ad
1764 3250 1947 3318 inqui-

378 3355 604 3409 rendam
654 3351 749 3406 Dei
798 3351 1166 3421 cognitionem
1204 3355 1512 3410 moventur,
1559 3344 1655 3399 Dei
1710 3341 1949 3398 Verbum

382 3444 694 3514 spirituales
756 3452 966 3497 naturae
1022 3456 1188 3512 panes
1243 3438 1530 3508 frangens,
1594 3450 1810 3490 omnem
1862 3433 1952 3487 bo.

379 3551 574 3590 norum
618 3534 944 3589 afﬂuentiam
993 3532 1405 3598 satietatemque
1453 3527 1722 3597 largitur:
1764 3540 1954 3594 quem-

382 3632 679 3688 admodum
744 3632 989 3687 indicant
1061 3629 1351 3685 duodecim
1412 3626 1676 3695 cophiui,
1728 3639 1796 3677 ex
1867 3622 1951 3676 his

381 3742 509 3795 qua:
556 3724 940 3794 superfuerant
1017 3722 1252 3777 collecti.
1313 3720 1393 3773 Ac
1444 3718 1680 3773 ternaria
1734 3716 1950 3784 quidem

377 3827 467 3875 est
514 3819 814 3888 theologica
867 3815 1157 3878 doctrina,
1217 3821 1438 3883 prOpter
1484 3820 1725 3865 sanctam
1788 3808 1951 3861 unius

380 3910 680 3965 divinitatis
753 3908 1096 3961 Trinitatem.
1164 3903 1510 3972 Quadruplex
1570 3910 1748 3955 autem
1832 3912 1950 3951 mo-

383 4001 560 4065 ralis,
621 4007 840 4070 propter
898 4004 1136 4066 quatuor
1205 3994 1495 4064 primarias
1558 4001 1611 4045 et
1676 3989 1952 4059 generales

386 4096 664 4160 virtutes;
716 4089 1057 4161 prudentiam
1094 4125 1110 4150 ,
1163 4085 1533 4141 fortitudinem
1562 4123 1577 4148 ,
1640 4091 1950 4150 temperan-

381 4187 514 4239 tiam
576 4194 629 4238 et
679 4182 997 4253 justitiam;
1062 4178 1315 4249 quinaria
1391 4183 1572 4229 autem
1643 4172 1947 4235 naturalis,

383 4287 604 4346 propter
674 4275 999 4338 materiam,
1050 4286 1170 4340 quae
1233 4285 1298 4324 ex
1358 4276 1593 4337 quatuor
1669 4262 1952 4318 elementis

381 4368 613 4424 conflata
692 4368 921 4420 formam
1006 4366 1255 4433 quintam
1350 4361 1659 4429 adjunctam
1762 4356 1948 4410 habet.

2044 1904 2146 1957 bus
2201 1903 2330 1957 texti
2391 1910 2540 1966 sunt,
2588 1902 2919 1957 laboriosam
2969 1911 3022 1956 et
3074 1915 3436 1956 aerumnosam
3485 1914 3600 1954 eam

2039 1994 2202 2049 vitam
2261 1995 2569 2065 designant,
2619 2010 2741 2066 quae
2800 1996 2853 2049 in
2910 1997 3129 2050 actione
3172 2004 3443 2059 versatur,
3496 2010 3600 2064 qua

2040 2100 2177 2155 opus
2213 2085 2453 2149 habent,
2491 2084 2584 2156 qui
2616 2084 2847 2154 alicujus
2879 2087 3194 2156 magisterio
3223 2096 3276 2140 et
3318 2085 3601 2153 disciplina

2041 2183 2323 2245 reguntur.
2373 2173 2579 2242 Sparta:
2619 2183 2820 2242 autem,
2857 2191 2980 2245 qua:
3010 2190 3071 2229 ex
3105 2175 3406 2242 palmarum
3438 2176 3602 2228 ramis

2044 2264 2220 2330 fiunt,
2278 2263 2562 2318 victoriam
2625 2279 2742 2318 eam
2804 2264 3146 2333 significant,
3213 2278 3373 2333 quam
3432 2260 3603 2332 perfe-

2044 2356 2244 2410 ctiores
2291 2355 2578 2416 homines,
2642 2354 2968 2410 turbulentis
3025 2355 3192 2408 animi
3243 2355 3479 2410 motibus
3513 2355 3593 2409 do-

2044 2446 2196 2501 mitis
2245 2454 2297 2499 et
2349 2447 2693 2517 expugnatis,
2753 2454 3194 2515 consequuntur.
3239 2445 3378 2499 Nam
3430 2445 3482 2499 in
3531 2446 3601 2499 vi-

2046 2538 2231 2593 ctoria:
2267 2537 2482 2607 signum
2511 2537 2823 2607 huiusmodi
2862 2552 3046 2591 ramus
3075 2536 3248 2606 accipi
3285 2537 3444 2593 solet.
3496 2534 3607 2591 Nec

2046 2643 2176 2683 vero
2207 2629 2504 2697 quidquam
2555 2628 2750 2682 horum
2791 2628 3181 2681 miraculorum
3232 2636 3454 2693 temere,
3509 2627 3607 2682 hoc

2046 2728 2169 2782 est,
2236 2718 2354 2773 sine
2412 2734 2579 2774 causa
2644 2720 2906 2773 edebatur
2985 2717 3129 2791 (hoc
3192 2719 3336 2772 enim
3419 2719 3607 2787 spiritu

2050 2812 2327 2883 indignum
2376 2808 2499 2881 est)
2557 2827 2746 2866 verum
2806 2812 2948 2866 haud
3008 2812 3170 2864 dubie
3217 2810 3606 2865 miraculorum

2047 2904 2329 2958 diversitas
2361 2943 2376 2968 ,
2438 2917 2503 2956 ac
2550 2903 2780 2957 diversa:
2838 2902 3044 2957 satiatae
3094 2901 3265 2970 plebis
3323 2901 3607 2970 reliquiae,

2049 2992 2246 3059 optima
2302 2991 2536 3060 quadam
2595 2990 2808 3045 ratione
2854 2999 2906 3043 et
2955 2989 3182 3060 mystica
3212 2989 3609 3058 speculatione,

2051 3096 2081 3134 a
2134 3079 2350 3135 Domini
2410 3078 2689 3134 divinitate
2762 3094 3104 3148 nequaquam
3165 3079 3384 3143 aliena,
3437 3080 3611 3133 conti-

2050 3179 2260 3244 gerunt.
2313 3171 2452 3237 Quin
2503 3183 2557 3223 tu
2624 3184 2841 3238 quoque
2894 3170 3092 3224 multos
3150 3185 3406 3224 numeros
3462 3171 3612 3224 inve-

2053 3266 2192 3329 nies,
2230 3265 2322 3333 qui
2370 3262 2697 3333 profundius
2732 3262 2929 3331 aliquid
2974 3263 3226 3325 habeant,
3270 3278 3433 3332 quam
3469 3268 3613 3332 quod

2052 3359 2225 3427 prima
2296 3356 2473 3410 fronte
2535 3359 2850 3417 ostendunt,
2904 3354 2953 3407 id
2999 3365 3103 3416 eSt,
3155 3354 3301 3408 aliud
3357 3354 3613 3424 quiddam

2054 3447 2450 3519 significantes,
2486 3453 2681 3517 praeter
2712 3445 2789 3515 id,
2821 3446 2963 3515 quod
3008 3447 3183 3513 primo
3214 3446 3392 3499 statim
3419 3446 3614 3500 obtutu

2054 3541 2316 3603 cernitur,
2372 3547 2532 3607 atque
2578 3536 2872 3605 unicuique
2915 3536 3134 3589 obvium
3182 3546 3284 3589 est.
3333 3534 3446 3590 lloc
3492 3539 3615 3606 qui-

2053 3635 2174 3688 dem
2228 3632 2515 3686 dicendum
2567 3637 2668 3695 est,
2708 3629 2854 3698 quod
2894 3629 3146 3697 praesenti
3201 3629 3452 3683 instituto
3483 3643 3616 3683 con-

2054 3724 2241 3787 venit,
2314 3735 2508 3790 nempe
2573 3720 2717 3789 quod
2782 3728 2999 3789 propter
3055 3721 3302 3789 supezius
3375 3735 3616 3775 comme-

2054 3821 2291 3866 moratas
2334 3812 2400 3865 de
2450 3803 2936 3880 quinquagenario,
2985 3811 3068 3864 vel
3118 3812 3280 3865 etiam
3316 3811 3618 3880 septenario

2056 3918 2324 3965 numero,
2382 3903 2659 3964 rationes,
2711 3911 2804 3955 aut
2870 3911 3089 3972 propter
3160 3903 3297 3955 alias
3353 3902 3618 3972 quasdam

2056 3997 2139 4049 bis
2190 3993 2481 4048 admodum
2549 3992 2902 4060 propinquas,
2951 4003 3045 4046 aut
3100 4003 3317 4061 propter
3387 3991 3618 4046 nonnul-

2056 4087 2135 4142 las
2185 4087 2476 4141 diviniores
2514 4099 2709 4138 causas
2768 4093 2929 4153 atque
2980 4085 3084 4151 his,
3121 4100 3257 4153 quas
3291 4084 3619 4140 adduximus

2054 4176 2444 4232 recouditiores
2475 4175 2760 4246 magisque
2798 4176 3074 4244 mysticas,
3106 4176 3619 4243 quinquagesimum

2054 4270 2197 4324 diem
2271 4268 2617 4323 Hebraeorum
2696 4281 2846 4320 more
2927 4266 3176 4321 colimus.
3236 4266 3372 4319 lilnd
3437 4278 3613 4326 tamen

2056 4357 2303 4423 interest,
2350 4357 2497 4427 quod
2552 4357 2629 4411 illi
2682 4364 2900 4426 propter
2933 4357 3298 4426 septenarium
3334 4374 3620 4413 numerum

382 4459 571 4527 Neque
617 4463 759 4511 enim
812 4457 953 4510 aliud
1016 4454 1315 4525 quidquam
1356 4460 1440 4507 est
1484 4458 1678 4504 natura
1730 4449 1783 4501 in
1825 4462 1948 4502 sen-
1976 4464 2029 4524 Ῑ)
2058 4451 2204 4505 hunc
2250 4450 2389 4504 diem
2436 4450 2489 4503 in
2545 4448 2719 4520 pretio
2756 4449 3001 4513 habent,
3047 4464 3149 4504 nos
3195 4460 3372 4504 autem
3404 4461 3620 4521 propter

387 4563 509 4602 sum
566 4546 805 4611 cadens,
861 4559 1025 4613 quam
1089 4543 1311 4598 materia
1371 4539 1546 4595 forma
1629 4538 1950 4592 convestita.

388 4636 469 4688 Ac
498 4634 631 4687 tales
679 4633 897 4700 quidem
943 4640 1069 4685 sunt
1112 4644 1301 4684 eorum
1349 4629 1553 4697 epulae,
1605 4629 1696 4696 qui
1746 4627 1955 4695 simpli-

389 4725 524 4779 citer
577 4724 644 4776 ad
699 4723 867 4774 Deum
936 4721 1210 4783 tendunt,
1259 4734 1359 4773 nec
1425 4719 1492 4772 ab
1551 4719 1846 4772 inveterata
1904 4727 1958 4771 et

391 4817 447 4869 in
502 4814 746 4868 habitum
789 4812 1048 4881 perducta
1102 4811 1269 4864 animi
1325 4809 1607 4864 affectione
1659 4824 1785 4878 erga
1836 4823 1955 4863 eam

390 4907 587 4961 anima:
637 4913 844 4975 partem
874 4943 889 4969 ,
953 4918 1075 4973 quae
1127 4902 1631 4972 perturbationibus
1680 4902 1953 4973 agitatur,

389 5006 553 5069 atque
583 5011 612 5049 a
645 4996 853 5049 ratione
885 5009 1075 5049 aversa
1105 5004 1207 5057 est,
1250 4991 1409 5060 plene
1453 4992 1630 5044 adhuc
1669 4990 1955 5059 expurgati

390 5099 534 5145 sunt.
574 5090 652 5142 Ac
696 5086 1081 5157 perfectiorum
1127 5084 1302 5156 epulae
1345 5083 1517 5136 multo
1546 5084 1956 5149 praestantiores

389 5193 443 5237 et
505 5182 849 5237 suhlimiores
908 5191 1092 5235 sunt:
1150 5194 1272 5233 nam
1331 5176 1383 5230 hi
1449 5190 1666 5244 quoque
1722 5181 1958 5242 quatuor

393 5276 541 5330 mille
601 5284 769 5339 sunt,
834 5284 946 5327 tum
986 5273 1129 5343 ,quia
1189 5272 1477 5341 pauciores
1536 5277 1665 5322 sunt
1713 5266 1956 5335 quinque

394 5367 677 5431 millibus,
749 5365 877 5419 mali
926 5367 1071 5419 enim
1129 5378 1358 5417 numero
1417 5361 1726 5431 superiores
1784 5367 1956 5424 sunt;

394 5470 508 5514 tum
545 5458 672 5527 quia
712 5456 1062 5527 perfectionis
1117 5453 1449 5525 generalium
1499 5454 1758 5507 virtutum
1790 5451 1956 5505 ratio-

2059 4541 2294 4609 Spiritus
2326 4540 2635 4594 adventum.
2666 4539 3133 4605 Quemadmodum
3167 4550 3219 4594 et
3243 4532 3353 4593 alia
3375 4542 3621 4610 quadam

2058 4640 2188 4686 sunt
2243 4630 2297 4684 iu
2352 4631 2469 4700 lege
2518 4628 2807 4692 chraica,
2865 4644 2986 4695 quae
3036 4633 3180 4700 apud
3238 4631 3360 4687 illos
3405 4632 3622 4701 quidem

2058 4737 2151 4792 per
2213 4722 2434 4792 figuram
2497 4727 2552 4774 et
2615 4720 3083 4774 adumbrationem
3155 4732 3502 4791 peraguntur
3559 4738 3624 4778 ac

2058 4812 2425 4877 celebrantur,
2476 4826 2507 4865 a
2555 4811 2716 4865 nobis
2746 4819 2924 4866 autem
2964 4810 3184 4880 mystice
3215 4821 3268 4865 et
3301 4828 3428 4867 vere
3459 4810 3650 4883 resti-E

2064 4911 2292 4958 tnuntur
2325 4919 2388 4959 ac
2415 4904 2789 4974 perficiuntur.
2835 4901 2954 4968 Quo
2987 4904 3040 4956 in
3070 4904 3265 4975 genere
3292 4913 3376 4960 est
3406 4905 3623 4961 illorum

2064 4996 2434 5062 circumcisio,
2478 5006 2531 5053 ct
2560 5007 2743 5053 noster
2772 4996 3105 5066 baptismus;
3141 4998 3356 5051 illorum
3394 4997 3625 5064 Pascha,

2066 5102 2238 5157 agnus
2284 5089 2561 5143 sensibilis
2593 5129 2608 5153 ,
2650 5097 2895 5142 nostrum
2945 5086 3178 5155 Pascha,
3229 5089 3514 5154 Christus;
3555 5106 3623 5146 ac

2066 5182 2324 5249 pleraque
2370 5182 2494 5244 alia,
2529 5197 2650 5249 quae
2702 5195 2849 5234 nunc
2882 5182 3153 5251 sigillatim
3196 5196 3476 5237 recensere
3516 5197 3626 5237 non

2066 5270 2221 5323 facile
2249 5268 2430 5325 fuerit.

2136 5360 2251 5414 Col.
2280 5360 2383 5414 455
2415 5366 2478 5415 A.
2507 5362 2671 5430 Atque
2692 5362 2800 5416 [nec
2829 5363 2890 5417 de
2916 5363 3001 5418 die
3028 5365 3174 5417 nobis
3191 5365 3333 5416 dicta
3358 5365 3486 5431 sint,
3522 5376 3627 5421 etc.

2067 5455 2145 5509 Ac
2172 5453 2466 5522 disputatio
2499 5464 2683 5508 nostra
2718 5455 2785 5509 de
2818 5457 2905 5511 die
2938 5456 3027 5510 hic
3058 5454 3218 5508 finem
3255 5456 3452 5509 habeat
3483 5474 3494 5510 :
3531 5474 3628 5515 nos

462 5638 572 5707 (28)
614 5634 737 5690 llaec
766 5634 966 5707 omnia.
1003 5633 1137 5707 utin
1172 5631 1705 5707 Reginmexemplari
1775 5630 2065 5696 habentur,
2103 5631 2500 5689 transtulimus.
2536 5631 2592 5687 In
2659 5648 2779 5690 meo
2846 5640 3022 5689 tamen
3053 5629 3236 5688 Niccta
3311 5649 3418 5691 non
3450 5636 3627 5707 legun—

393 5701 498 5774 ,m'.
528 5709 589 5761 Et
618 5717 765 5761 eerte
795 5707 863 5758 ab
886 5705 1068 5772 aliquo
1104 5703 1303 5755 inSerta
1332 5701 1498 5759 fuisse
1531 5703 1799 5771 suspicor.

706 5800 975 5859 Parnm"
1009 5802 1124 5857 (in.
1163 5799 1452 5861 CXXVII.

3235 5795 3309 5858 ῑι6
