4076 6292
522 331 564 390 ’1
580 326 670 390 451

1936 316 2309 377 ADDENDA.

3646 315 3819 380 1432

541 446 721 491 autem
763 448 827 488 ca
879 447 1000 500 qum
1033 429 1289 499 deinceps
1339 432 1661 497 sequuntur.
1694 423 1942 479 'dicendo
1980 440 2103 493 per—
2135 430 2176 486 Α
2206 425 2470 495 abjecisse
2504 444 2516 479 :
2552 427 2697 496 quod
2735 429 2851 481 lieri
2885 444 2990 483 non
3029 441 3191 496 posse
3236 426 3502 487 dicerent.
3537 438 3600 481 nl
3632 432 3820 498 quod

539 539 855 596 sequamur.
916 520 970 574 ld
1019 529 1223 586 autem,
1278 519 1423 589 quod
1466 517 1818 588 sequebatur,
1864 525 1922 571 et
1963 516 2107 570 unde

540 634 636 688 per
711 612 1102 683 digressionem
1159 626 1224 665 eo
1283 610 1686 679 processimus,
1753 617 1815 664 ut
1874 608 1943 663 de
1997 608 2104 663 diei

541 707 753 761 ratione
797 704 961 758 verba
1009 701 1335 767 faceremus,
1391 702 1493 756 hoc
1525 710 1663 764 eral,
1710 715 1903 770 nempe
1944 700 2103 769 spiri-

541 796 761 851 tualiter
823 794 980 848 nobis
1036 793 1233 848 festum
1289 806 1412 847 esse
1462 791 1866 846 celebrandum.
1912 790 1992 844 Ad
2040 805 2105 845 ea

540 886 707 956 igitur
749 882 1204 939 accommodanda
1254 890 1404 947 sunt,
1468 897 1591 951 qua:
1638 881 1692 935 in
1742 882 2026 950 praesentia
2074 897 2102 934 a

544 977 703 1033 nobis
728 976 1006 1040 dicentur;
1054 988 1218 1042 atque
1269 973 1342 1027 ila
1389 971 1794 1043 quodammodo
1831 972 2104 1042 agendum

541 1077 645 1122 est.
709 1066 1067 1121 Pentecosten
1146 1063 1488 1119 celebramus
1518 1102 1533 1129 ,
1608 1078 1715 1118 non
1786 1063 2106 1133 simpliciter

541 1174 865 1222 numerum,
926 1157 1020 1211 sed
1076 1154 1314 1224 Spiritus
1371 1154 1535 1209 etiam
1586 1155 1923 1218 adventum,
1979 1169 2104 1207 nam

540 1259 655 1304 tum
715 1249 807 1304 ille
861 1248 930 1302 ad
982 1245 1282 1315 discipulos
1334 1244 1605 1311 accessit;
1658 1255 1818 1313 atque
1859 1245 1950 1300 ltic
1987 1245 2105 1300 dies

541 1350 683 1406 erat,
731 1354 889 1408 quem
941 1337 1197 1392 Christus
1248 1336 1624 1405 pollicitationi
1660 1333 1783 1391 suae
1815 1334 2105 1406 explendae

539 1430 906 1499 praestituerat
931 1470 946 1494 ,
998 1443 1122 1483 cum
1165 1427 1425 1496 apostolis
1469 1428 1675 1482 diceret
1718 1445 1733 1481 :
1790 1427 1884 1481 Vos
1927 1437 2104 1481 autem

538 1515 944 1582 baptizabimiui
987 1517 1040 1567 in
1097 1513 1306 1584 Spiritu
1332 1523 1516 1567 sancto
1550 1531 1651 1568 non
1698 1516 1879 1568 multis
1918 1516 2106 1569 abhinc

534 1605 724 1658 diebus
756 1604 822 1658 ".
876 1602 1090 1657 Etenim
1147 1603 1465 1673 pollicitatio
1518 1604 1736 1672 quidem
1780 1604 1834 1657 in
1885 1618 1952 1658 eo
2000 1604 2109 1659 sita

541 1705 681 1762 erat,
712 1696 854 1766 quod
892 1694 1025 1765 ipsis
1073 1695 1249 1751 sancti
1297 1694 1533 1763 Spiritus
1568 1693 1861 1747 adventum
1897 1693 2107 1761 promi-

543 1794 689 1842 serat
747 1802 762 1839 :
823 1785 1090 1840 terminus
1146 1794 1324 1838 autem
1394 1792 1512 1837 erat
1571 1783 1830 1852 temporis
1883 1797 1947 1836 ac
2004 1782 2105 1835 loci

546 1876 846 1932 declaratio
879 1892 894 1929 :
929 1873 1111 1929 Sedete
1147 1874 1316 1940 enim,
1353 1875 1545 1944 inquit,
1602 1875 1656 1927 in
1696 1873 1908 1927 civitate
1954 1872 2111 1926 Jeru-

540 1965 726 2032 salem,
753 1980 1018 2034 quousque
1065 1964 1365 2018 induamini
1421 1965 1611 2018 virtute
1645 1978 1710 2015 ea:
1739 1962 1850 2016 allo
1882 1963 1948 2016 ³⁷.
1989 1963 2108 2017 .Iam

541 2057 735 2112 horum
772 2057 1132 2127 exspectatio,
1178 2057 1295 2127 spei
1345 2067 1482 2122 erat,
1524 2072 1688 2128 quam
1728 2066 1957 2113 eventus
1987 2065 2111 2110 tau-

540 2145 665 2203 dem
712 2147 969 2217 explevit.
1029 2148 1128 2209 Ae,
1190 2148 1332 2201 Deus
1359 2147 1523 2214 bone,
1558 2156 1825 2218 quantum
1867 2155 1953 2202 est
2002 2147 2109 2200 hoc

540 2239 885 2309 mysterium.
948 2239 1127 2307 Illud,
1196 2248 1499 2309 quantum,
1558 2253 1683 2294 cum
1747 2236 2110 2293 admiratione

541 2328 880 2385 efferendum
916 2339 1021 2393 est,
1049 2330 1212 2399 idque
1248 2343 1314 2385 ex
1359 2343 1426 2383 eo
1471 2329 1662 2398 liquet,
1705 2328 1851 2399 quod
1879 2327 2111 2394 subjun-

540 2421 688 2493 gitur
719 2440 733 2476 :
767 2420 943 2487 Quam
980 2434 1240 2489 magnum
1281 2428 1338 2473 et
1372 2417 1768 2472 venerandum.
1810 2417 1946 2472 Nam
1982 2430 2105 2469 cum

536 2511 654 2577 ait,
726 2518 1029 2582 quantum,
1102 2508 1228 2564 festi
1304 2509 1731 2579 magnitudinem
1788 2515 1842 2559 et
1894 2505 2111 2576 quanti-

539 2610 705 2656 tatem
748 2601 1000 2671 requirit.
1056 2599 1225 2669 quue
1267 2599 1545 2675 eaplicans
1599 2595 1912 2666 Theologus
1976 2600 2104 2651 ait:

538 2690 712 2756 Quam
764 2702 1042 2757 magnum,
1098 2688 1202 2741 hoc
1252 2694 1373 2751 est,
1425 2685 1581 2740 valde
1632 2700 1911 2755 magnum.
1973 2685 2106 2739 Cum

539 2786 721 2835 autem
773 2777 1001 2833 dixisset
1043 2794 1058 2831 :
1116 2775 1390 2846 Corporea
1432 2775 1639 2857 Christi
1670 2777 1833 2830 tinem
1883 2776 2104 2841 habent,

537 2883 826 2923 commune
892 2867 1168 2938 quoddam
1241 2881 1442 2922 nomen
1508 2882 1567 2924 se
1631 2867 1910 2936 accepisse
1975 2882 2105 2922 sen-

538 2960 703 3027 tiens,
754 2961 902 3029 quod
953 2974 1062 3016 non
1125 2959 1287 3015 modo
1326 2973 1389 3014 ea
1428 2972 1551 3029 quas
1586 2972 1904 3028 corpoream
1938 2957 2105 3028 ipsius

535 3055 880 3122 praesentiam
948 3060 1005 3107 et
1074 3051 1528 3107 consuetudinem
1603 3065 1730 3105 cum
1795 3049 2107 3105 hominibus

2210 517 2563 585 quantitatem
2621 528 2676 572 et
2725 518 3040 586 qualitatem
3105 517 3451 586 formamque
3501 517 3764 573 haberet.
3796 561 3819 585 ,

2211 622 2334 662 cum
2395 621 2460 661 eo
2515 608 2879 676 jungeretur,
2943 608 3089 678 quod
3152 608 3238 662 his
3290 608 3556 663 omnibus
3613 609 3823 665 rebus

2211 708 2454 763 careret;
2494 698 2801 767 bujusmodi
2836 698 3030 769 dogma
3055 699 3273 762 evertit,
3301 698 3490 753 dicens
3519 715 3536 753 :
3572 696 3825 754 Vereor

2211 789 2356 844 enim
2405 789 2624 853 dicere,
2680 789 3039 857 proprietates
3081 788 3334 856 corporis
3375 787 3685 843 deﬂuxisse
3735 805 3823 844 ac

2213 879 2450 949 dilapsas
2497 894 2643 934 esse.
2695 878 2790 933 liis
2843 880 2989 934 enim
3042 878 3277 933 sublatis
3331 879 3513 946 ipsum
3553 895 3819 950 quoque

2213 970 2379 1025 simul
2431 970 2641 1023 tollitur
2687 979 2741 1023 et
2799 971 3098 1029 evanescit.
3149 978 3336 1037 utpote
3376 983 3409 1022 a
3462 985 3581 1037 quo
3631 972 3819 1024 nullo

2215 1062 2374 1113 modo
2404 1059 2668 1128 separari,
2697 1074 2762 1113 ae
2804 1075 2873 1113 ne
2920 1060 3251 1130 cogitatione
3283 1060 3502 1128 quidem
3542 1060 3818 1115 distrahi

2214 1150 2444 1219 possint.
2515 1148 2947 1204 ’Δπεσκευάσθαι
2993 1162 3199 1225 autem,
3245 1150 3298 1204 id
3345 1159 3430 1204 est
3458 1154 3820 1217 excussisse,

2213 1242 2382 1307 dixit,
2438 1242 2755 1313 metaphora
2802 1244 2968 1297 ducta
3014 1243 3082 1298 ab
3122 1244 3208 1297 his
3241 1244 3335 1313 qui
3367 1257 3499 1297 vasa
3530 1247 3818 1313 quaedam

2211 1340 2576 1402 comportant,
2624 1346 2797 1402 eaque
2841 1334 2987 1387 velut
3033 1347 3251 1403 gravem
3287 1335 3564 1389 sarcinam
3612 1336 3821 1403 depo-

2213 1434 2369 1479 nunt.
2425 1423 2635 1479 Idcirco
2684 1440 2791 1479 non
2840 1425 2978 1478 dixit
3036 1440 3295 1496 corporea
3351 1426 3564 1481 Christi
3627 1429 3818 1479 tinem

2215 1514 2414 1569 habere
2441 1554 2457 1579 ,
2514 1516 2610 1570 sed
2660 1530 2724 1569 ea
2776 1530 2898 1586 quae
2940 1516 3009 1569 ad
3038 1530 3365 1585 corpoream
3413 1525 3471 1570 et
3508 1525 3817 1570 terrenam

2212 1603 2383 1672 ipsius
2417 1605 2764 1672 praesentiam
2800 1605 3092 1673 pertinent.
3126 1603 3364 1674 Spiritus
3397 1614 3579 1657 autem
3616 1608 3820 1659 actio—

2213 1694 2300 1748 nis
2333 1694 2656 1764 principium
2693 1696 2934 1764 capiunl.
2978 1696 3273 1764 Postquam
3314 1696 3464 1750 enim
3520 1695 3816 1751 Christus

2213 1784 2362 1838 omni
2419 1798 2684 1852 corporeo
2742 1800 2971 1868 munqre
3033 1785 3405 1855 perfunctus,
3470 1786 3526 1839 in
3580 1788 3813 1840 citium

2214 1885 2463 1943 receptus
2491 1884 2596 1939 est,
2650 1874 2888 1943 Spiritus
2924 1884 3148 1930 sanctus
3174 1877 3479 1938 descendit,
3513 1891 3815 1945 suamque

2211 1962 2265 2017 in
2321 1965 2603 2032 apostolos
2652 1965 2759 2018 vim
2812 1975 2868 2020 et
2930 1967 3204 2020 actionem
3263 1981 3525 2020 exercere
3564 1970 3809 2036 caspia,

2211 2053 2266 2107 in
2325 2054 2600 2109 divisione
2657 2056 2942 2126 ignearum
2988 2057 3347 2126 linguarum,
3398 2072 3512 2126 quo
3564 2060 3811 2111 iit-mine

2208 2141 2407 2198 festum
2441 2145 2581 2198 diem
2631 2146 2994 2200 celebramus.
3034 2146 3202 2201 Porro
3226 2127 3301 2202 ne
3350 2149 3472 2217 quis
3501 2147 3811 2203 addubitet

2209 2247 2276 2289 ac
2324 2234 2655 2300 sciscitetur,
2714 2249 2968 2305 quaenam
3027 2237 3117 2291 illa
3174 2239 3312 2301 sint,
3371 2253 3499 2308 qua:
3554 2240 3625 2292 ad
3666 2253 3811 2292 cor-

2209 2339 2431 2394 peream
2485 2323 2691 2380 Christi
2753 2329 3098 2397 praesentiam
3163 2337 3455 2398 spectant,
3520 2345 3809 2400 expresse

2209 2416 2430 2472 disertis
2460 2417 2640 2474 verbis
2669 2433 2732 2471 ea
2763 2433 3126 2488 exponamus.
3179 2420 3441 2485 Quaenam
3490 2437 3632 2490 ergo
3665 2430 3805 2475 sunt

2208 2508 2310 2563 ea?
2357 2506 2525 2579 Virgo
2565 2522 2667 2579 pro
2719 2510 2968 2575 muliere,
3026 2512 3280 2565 uativitas
3329 2526 3431 2581 pro
3483 2513 3805 2577 creatimae,

2212 2615 2454 2671 praesepe
2508 2610 2731 2671 propter
2782 2602 3121 2671 paradisum,
3155 2601 3343 2657 fascia
3401 2615 3636 2672 prepter
3698 2620 3807 2658 nn-

2208 2692 2476 2758 ditatem,
2547 2694 2725 2763 angeli
2807 2694 3084 2749 caelestem
3150 2694 3341 2757 illum,
3416 2695 3622 2750 deinde
3684 2702 3807 2750 ter-

2209 2796 2401 2836 renum
2475 2782 2811 2837 celebrantes
2842 2822 2858 2847 ,
2934 2783 3228 2853 magnique
3298 2784 3518 2838 consilii
3606 2784 3801 2841 Patris

2207 2872 2497 2943 Angelum,
2549 2882 2796 2942 pastores
2840 2872 3189 2929 accurfeulcs
3209 2874 3275 2928 ad
3309 2874 3524 2945 Agnum
3570 2886 3629 2930 et
3678 2876 3803 2930 Pa-

2207 2974 2436 3030 storem,
2489 2966 2650 3020 stella
2705 2981 3050 3036 prtecurrens
3096 2967 3376 3037 (creatura
3424 2967 3579 3021 enim
3618 2969 3798 3024 Crea-

2209 3065 2380 3111 torem
2441 3056 2699 3127 adorat),
2763 3056 2904 3128 Magi
2972 3059 3039 3112 ad
3103 3059 3273 3127 pedes
3333 3058 3657 3114 accidentes
3728 3076 3796 3115 ac

538 3145 799 3211 habitam,
863 3143 931 3199 de
984 3159 1088 3213 qua
1148 3144 1406 3214 deinceps
1457 3156 1766 3198 sermonem
1821 3141 2108 3197 habiturus
2131 3143 2177 3207 C
2209 3147 2352 3203 dona
2378 3147 2692 3211 oti‘erentes,
2718 3150 2961 3218 gentium
2996 3149 3250 3218 primitiae
3271 3161 3443 3218 atque
3473 3151 3789 3220 ingressus,

539 3247 641 3298 est,
695 3236 1004 3303 signiﬁcare
1054 3241 1256 3303 posset,
1310 3234 1405 3288 sed
1465 3232 1628 3287 etiam
1675 3232 1955 3288 naturales
1983 3248 2107 3287 eor-

538 3327 688 3396 poris
732 3327 1115 3396 proprietates,
1168 3324 1314 3380 velut
1364 3323 1633 3393 triplicem
1683 3323 2109 3390 dimensiones,

539 3418 771 3473 formam
821 3456 837 3484 ,
911 3417 1266 3487 quantitatem
1332 3424 1387 3471 et
1441 3413 1805 3484 qualitatem,
1896 3413 2111 3482 aliaque

538 3507 705 3577 hujus
737 3508 954 3579 generis
986 3546 1001 3571 ,
1034 3522 1100 3561 ne
1146 3520 1336 3560 ansam
1384 3504 1653 3559 hau-elicis
1698 3502 1962 3573 praeberet
1996 3502 2110 3556 exi-

539 3600 791 3652 stimandi
875 3596 1175 3660 Christum,
1257 3610 1379 3649 cum
1438 3594 1492 3647 in
1577 3593 1776 3648 emittm
1865 3602 2111 3660 receptus

537 3696 704 3752 esset,
736 3702 937 3756 corpus
967 3700 1183 3755 quoque
1204 3685 1381 3754 ipsum
1416 3684 1702 3754 abjecisse,
1726 3698 1789 3737 ac
1824 3683 1939 3737 sola
1969 3684 2109 3736 divi-

539 3780 709 3833 nitate
758 3779 809 3832 in
842 3778 1041 3833 caelum
1085 3779 1399 3833 ascendisse
1428 3777 1540 3848 (‘29)
1568 3818 1581 3841 ,
1633 3776 2098 3846 quemadmodum

539 3873 927 3927 existimarunt
990 3871 1268 3926 Manichaii
1306 3911 1321 3936 ,
1390 3871 1481 3938 qui
1557 3872 1623 3924 ad
1696 3868 1964 3938 dogmatis
2024 3867 2106 3922 sui

538 3963 899 4030 patrocinium
962 3964 1106 4015 hunc
1164 3960 1381 4013 Davidis
1440 3961 1617 4013 locum
1677 3959 2107 4029 produxerunt:

540 4050 607 4103 In
661 4050 769 4104 sole
810 4049 983 4119 posuit
1029 4050 1429 4103 tabernaculum
1478 4066 1633 4103 suum
1663 4049 1707 4081 ⁸⁸
1739 4068 1753 4104 :
1786 4059 1943 4119 acuta
1971 4064 2109 4118 prai-

538 4141 847 4195 ntunitione
887 4141 1015 4195 huic
1061 4141 1357 4209 suspicioni
1423 4140 1708 4204 medetur,
1760 4140 2106 4210 subjiciens:

542 4230 748 4286 Vereor
792 4233 975 4287 dicere
1008 4247 1093 4287 res
1136 4231 1202 4285 ad
1253 4246 1455 4300 corpus
1500 4232 1855 4301 pertinentes,
1912 4232 1966 4285 id
2002 4240 2107 4299 est,

539 4323 770 4395 ltcfugio
822 4339 888 4379 ae
943 4322 1240 4378 reformido
1292 4323 1475 4378 dicere
1528 4336 1615 4377 res
1672 4322 1944 4391 corporis,
2006 4323 2110 4377 hoc

536 4425 638 4480 est,
687 4416 865 4484 ipsum
920 4429 1144 4485 corpus,
1179 4414 1359 4484 quoad
1393 4413 1524 4467 mihi
1567 4412 1893 4482 cujusquam
1928 4413 2106 4467 oratio

538 4509 865 4577 persuaserit
909 4506 1208 4580 (nunquam
1257 4516 1438 4561 autem
1479 4506 1859 4576 persuadebit)
1914 4505 2108 4560 melius

539 4614 602 4653 ac
647 4600 1009 4668 prmstabilius
1070 4614 1192 4655 esse
1244 4597 1485 4668 corpori,
1549 4607 1713 4668 atque
1757 4605 1823 4653 ad
1874 4595 2108 4668 gloriam

538 4700 593 4743 et
650 4692 914 4744 honorem
976 4690 1340 4760 praeclarius,
1404 4687 1709 4760 projectum
1769 4704 1931 4754 esse,
1998 4703 2109 4742 non

537 4790 702 4831 sccns
731 4790 794 4829 ac
823 4792 916 4832 vas
940 4776 1213 4846 quoddam
1264 4794 1756 4849 supervacaneum,
1791 4789 1883 4833 aut
1916 4779 2109 4835 inutile

536 4876 591 4919 et
644 4865 845 4919 infame
898 4867 1302 4931 vestimentum,
1360 4878 1525 4937 atque
1585 4868 1638 4921 iu
1684 4868 1817 4923 solis
1879 4883 2110 4937 corpore

538 4954 837 5023 repositum
896 4969 1016 5008 esse
1050 4994 1066 5019 ,
1117 4956 1273 5026 juxta
1335 4956 1756 5011 Manichaeorum
1814 4957 2097 5015 delirium.

535 5045 633 5101 Est
664 5046 825 5101 etiam
878 5046 1073 5101 horum
1124 5048 1413 5104 verborum
1460 5050 1566 5103 alia
1613 5051 1772 5106 ratio.
1831 5051 2103 5119 Quoniam

536 5139 678 5192 enim
743 5139 994 5193 nonnulli
1056 5141 1263 5195 unitum
1308 5142 1527 5211 quidem
1575 5157 1789 5212 Semper
1838 5159 1961 5199 esse
2014 5159 2104 5199 as—

535 5240 807 5301 sumptam
840 5233 1234 5309 humanitatem
1280 5249 1404 5288 cum
1442 5234 1731 5290 divinitate
1762 5237 2102 5303 asserebant,

534 5335 722 5377 verum
804 5323 1163 5392 proprietates
1239 5338 1368 5378 suas
1444 5335 1566 5394 post
1639 5329 2101 5381 resurrectionem

2212 3238 2641 3310 idololatriaaque
2681 3243 2938 3296 interitus
2982 3252 3037 3295 et
3089 3243 3402 3311 oppressio,
3451 3243 3522 3296 ab
3562 3241 3792 3298 Herode

2211 3339 2423 3399 patrata
2484 3346 2781 3400 puerorum
2837 3333 3014 3387 caedes
3069 3332 3218 3402 (hoc
3282 3341 3403 3397 est,
3467 3342 3789 3387 teneraruni

2208 3433 2264 3479 et
2301 3424 2590 3493 puerilium
2647 3425 2781 3494 legis
2835 3426 3217 3495 figurarum),
3266 3425 3432 3481 Vetus
3481 3428 3630 3481 enim
3679 3425 3789 3481 Te-

2211 3526 2537 3569 stamentum
2623 3514 2757 3569 Novi
2807 3518 2976 3586 ligura
3051 3527 3171 3570 erat
3227 3516 3559 3586 (suhtnotio
3621 3528 3791 3587 atque

2209 3606 2568 3677 cxstinctio);
2608 3603 2768 3661 Jesus
2812 3607 2865 3660 itt
2915 3605 3212 3677 Egyptum
3268 3606 3509 3677 fugiens,
3569 3619 3630 3660 ut
3676 3624 3789 3663 nos

2209 3709 2448 3764 quoque,
2520 3697 2997 3765 persecutionibus
3050 3699 3268 3762 vexati,
3326 3714 3389 3752 ex
3428 3697 3647 3751 civitate
3724 3699 3785 3752 in

2210 3786 2483 3839 civitatem
2536 3787 2870 3854 migremus,
2922 3803 3113 3843 rursus
3163 3804 3228 3841 ex
3277 3786 3508 3859 ‘Egypm
3556 3788 3790 3845 rediens

2210 3885 2501 3944 postquam
2532 3877 2652 3946 ejus
2683 3876 2981 3931 simulacra
3024 3878 3306 3933 concussit
3341 3889 3507 3947 atque
3543 3877 3788 3948 dejecit;

2210 3967 2597 4032 circumcisus,
2632 3968 2889 4036 baptismi
2926 3983 3068 4038 aqua
3100 3970 3377 4039 perfusus.
3425 3970 3617 4040 Atqui,
3644 3971 3787 4026 dicet

2213 4057 2528 4127 quisquiam
2568 4097 2586 4123 ,
2651 4060 2972 4128 priusquam
3043 4061 3097 4115 in
3164 4059 3458 4130 Egyptum
3516 4062 3782 4131 fugisset,

2211 4158 2409 4203 octavo
2445 4150 2568 4202 vita:
2603 4150 2691 4204 die
2739 4150 3100 4207 circumcisus
3153 4152 3349 4207 fuerat.
3419 4148 3494 4204 Ita
3542 4151 3786 4220 profecto

2210 4247 2315 4294 est.
2374 4236 2577 4292 Verum
2638 4242 2769 4309 quia
2843 4243 3188 4298 circumcisio
3241 4243 3500 4311 baptismi
3553 4241 3783 4311 ligarant

2212 4330 2476 4399 gerebat,
2543 4331 2666 4385 ideo
2721 4347 2840 4387 eam
2900 4333 3174 4403 baptismo
3215 4336 3536 4404 proximam
3596 4333 3781 4389 Theo-

2211 4420 2367 4490 logus
2438 4422 2747 4479 collocavit.
2810 4423 2938 4480 Erat
2992 4438 3174 4480 autem
3237 4426 3554 4496 hujusmodi
3632 4428 3781 4481 lava-

2211 4527 2362 4566 crum
2395 4550 2411 4575 ,
2469 4523 2817 4583 peccatorum
2879 4527 3198 4573 nostrorum
3266 4518 3542 4589 purgatio.
3603 4518 3783 4573 Testi-

2208 4604 2391 4657 ntonio
2439 4606 2654 4660 eaalitus
2705 4608 2875 4662 misso
2927 4611 3357 4680 comprobatus:
3416 4610 3570 4664 illinc
3634 4615 3779 4665 enim

2209 4692 2326 4761 ipse
2386 4709 2714 4762 congressus
2762 4705 2902 4761 eral,
2936 4705 3095 4766 atque
3143 4698 3385 4765 ejusdem
3418 4712 3542 4751 cum
3587 4701 3781 4752 testiﬁ-

2209 4792 2367 4838 cante
2407 4784 2751 4839 substantiae.
2803 4784 3070 4843 Teutalus
3106 4787 3161 4842 in
3191 4788 3409 4842 deserto
3446 4803 3476 4842 a
3512 4789 3774 4855 diabolo;

2210 4879 2440 4932 tentatio
2498 4889 2678 4933 autem
2737 4893 2857 4935 erat
2912 4883 3275 4951 perscrutatio
3322 4882 3622 4937 divinitatis
3678 4884 3780 4938 hu-

2217 4971 2477 5027 inanitate
2528 4980 2702 5026 tectze.
2743 4970 3038 5042 Lapidihus
3073 4985 3291 5043 propter
3334 4988 3430 5027 nos
3455 4974 3777 5043 impetitus:

2213 5057 2552 5115 Sustuleruut
2596 5063 2740 5116 enim
2766 5101 2781 5125 ,
2824 5064 3041 5132 inquit,
3082 5064 3286 5132 lapides
3345 5075 3399 5116 ut
3439 5065 3680 5132 jacerent
3728 5069 3781 5118 in

2211 5162 2329 5200 eum
2386 5149 2451 5204 ³³.
2503 5148 2679 5219 Atque
2730 5152 2845 5204 haec
2904 5162 3127 5222 propter
3177 5168 3281 5208 nos
3328 5154 3676 5222 perpetiens,
3731 5158 3780 5208 id

2211 5248 2313 5301 est,
2364 5239 2689 5296 eruditionis
2731 5254 2934 5298 nostra:
2987 5260 3173 5300 causa.
3231 5244 3401 5300 Nobis
3449 5248 3598 5299 enim
3650 5247 3778 5302 amt-

2212 5330 2460 5398 ctionis,
2515 5347 2614 5401 pro
2698 5336 3015 5406 evangelica
3091 5337 3480 5406 praedicatione
3563 5349 3619 5393 el
3687 5344 3777 5395 lth‘

592 5502 652 5540 «ιθ
691 5502 812 5556 Act,
850 5520 886 5568 ι,
926 5504 978 5559 5,
1055 5505 1100 5537 ³⁷
1138 5502 1268 5559 an.
1304 5520 1451 5572 xxw,
1486 5506 1575 5562 49.
1654 5506 1697 5537 ³⁸
1736 5505 1878 5561 f’sal.
1916 5522 2067 5569 χνιιιτ

2241 5509 2284 5540 ³⁷
2320 5488 2630 5578 ,Ιυθιιίνιιῃ
2666 5514 2755 5569 59.

602 5658 711 5727 (29)
752 5660 1107 5717 'l‘heodOritus
1138 5664 1188 5715 in
1228 5662 1457 5732 Epitmn.
1494 5664 1684 5720 ltrrrs.
1723 5679 1738 5716 t
1769 5663 1928 5733 hujus
1971 5666 2239 5719 ltzercscos
2270 5676 2544 5725 auctorem
2580 5671 2702 5726 facit
2734 5671 3150 5744 Hermogenen.
