4024 6292
387 365 522 429 14ὂ3

1334 366 1649 425 NICETAS
1690 364 1768 423 IN
1805 362 2026 422 ORAT.
2069 361 2253 422 XLIV
2296 361 2355 421 S.

2399 361 2631 424 riREG.
3481 364 3620 430 1454

326 513 336 523 .
380 472 740 546 perferenda»,
790 470 1025 528 formam
1076 481 1239 544 atque
1290 474 1598 543 exemplum
1632 470 1749 525 uari
1783 483 1947 540 opor-
1979 467 2289 537 Ajusmodi
2347 468 2540 522 saltem
2595 466 2896 522 orationem
2953 469 3216 524 concedat
3271 484 3393 540 qua:
3455 473 3619 544 hujus

376 568 545 623 tebat.
604 562 859 621 Proditus
900 579 929 619 a
974 563 1245 636 discipulo
1275 578 1468 635 panem
1520 562 1694 633 ipsius
1725 562 1940 617 edente.

373 656 555 713 Clavis
610 656 940 720 transfixus,
987 664 1048 710 ut
1099 665 1381 726 peccatum
1425 664 1607 708 meum
1665 651 1939 723 configat,

374 749 480 803 hoc
528 754 631 814 est,
682 754 870 801 enecet
924 756 978 802 et
1033 747 1306 803 absumat.
1374 745 1545 801 Morte
1598 744 1842 807 iunctus,
1885 753 1946 797 ut

376 843 604 890 mortem
636 848 810 889 meam
858 834 1031 889 tollat.
1089 833 1269 890 Humo
1302 835 1556 889 conditus
1590 874 1605 900 ,
1646 843 1706 887 ut
1743 841 1945 886 nostrae

374 928 428 981 in
483 934 682 982 terram
726 926 1028 981 reversioni
1074 927 1374 1000 medeatur.
1434 923 1565 981 Vitae
1608 924 1894 979 restitutus
1926 964 1941 989 ,

373 1026 563 1072 utnos
593 1032 656 1071 ex
703 1013 918 1070 inferno
968 1016 1161 1071 liberet
1234 1017 1470 1086 vitatque
1514 1014 1784 1071 restituat.
1842 1018 1944 1069 As-

378 1108 632 1173 ?cndens,
689 1115 750 1161 ut
786 1123 870 1162 me
911 1122 1126 1178 quoque
1173 1109 1461 1164 subvehat.
1510 1104 1755 1173 Quorum
1798 1119 1944 1159 nunc

372 1199 535 1254 etiam
587 1200 822 1268 plurima
852 1199 1076 1268 patitur,
1132 1209 1242 1253 tam
1297 1213 1488 1253 eorum
1536 1212 1658 1265 quae
1699 1204 1943 1250 contem-

371 1300 497 1359 ptus
549 1297 712 1359 atque
753 1290 1066 1358 ignominiae
1106 1298 1257 1354 sunt,
1313 1300 1479 1358 quam
1527 1300 1648 1356 quae
1692 1285 1939 1339 honoris.

372 1379 509 1439 Nam
575 1396 790 1444 eorum,
853 1392 1033 1450 quaca
1094 1381 1251 1435 nobis
1317 1386 1736 1434 commemorata
1792 1384 1939 1443 sunt,

373 1475 571 1543 partim
619 1473 684 1526 ad
729 1472 849 1541 ejus
900 1472 1164 1527 honorem
1216 1471 1358 1526 facta
1411 1480 1574 1536 sunt,
1623 1470 1817 1539 partim
1876 1468 1942 1521 ad

372 1573 741 1632 contemptum
795 1570 847 1617 et
895 1561 1280 1633 ignominiam.
1326 1561 1441 1615 Pati
1474 1561 1619 1615 enim
1663 1560 1936 1622 dicimus,

372 1668 483 1708 non
512 1662 720 1708 tantum
767 1653 833 1707 de
871 1653 1034 1716 malo,
1063 1652 1161 1709 sed
1186 1651 1348 1706 etiam
1376 1651 1444 1705 de
1484 1651 1645 1706 bono.
1689 1648 1940 1705 Christus

372 1746 639 1814 siquidem
692 1744 762 1799 ab
829 1744 1017 1815 impiis
1054 1758 1115 1798 ea
1166 1758 1288 1813 qua:
1341 1742 1691 1812 ignominiam
1741 1740 1942 1795 habent

2045 553 2167 610 f'esti
2195 556 2498 611 celebritati
2541 570 2638 627 par
2698 559 2791 625 sit,
2850 559 3312 633 immodicamque
3366 564 3619 621 humanae

2047 654 2251 702 naturae
2283 648 2635 717 cupiditatem
2688 649 3060 706 mediocritate
3097 653 3243 707 velut
3283 654 3502 710 incidat-
3539 659 3614 715 Ac

2046 731 2289 801 profecto
2324 733 2572 789 herliiter
2606 744 2659 790 et
2691 747 2906 792 suomet
2937 738 3091 808 jussu
3134 741 3609 813 (quemadmodum

2048 838 2145 878 nos
2173 821 2409 892 Spiritus
2445 825 2654 894 afﬂatu,
2688 837 2741 882 et
2784 830 3076 898 sentimus,
3131 841 3184 886 et
3230 835 3615 905 profitemur),

2045 926 2152 967 non
2191 924 2368 970 autem
2399 917 2623 974 alterius
2652 918 2870 989 jussum
2908 931 3071 992 atque
3115 922 3402 993 imperium
3436 929 3611 981 servi-

2045 1004 2168 1059 liter
2199 1022 2525 1077 exsequens.
2553 1019 2612 1066 ut
2639 1023 2925 1079 creaturae,
2952 1015 3410 1082 quemadmodum
3437 1016 3614 1074 Mace-

2043 1096 2288 1163 doniani,
2324 1098 2556 1169 Spiritui
2589 1111 2781 1158 sancto
2831 1104 3032 1160 bellum
3069 1106 3386 1174 inferentes,
3423 1111 3612 1166 exist“:-

2044 1200 2216 1255 mant,
2274 1189 2534 1245 nimirum
2601 1195 2876 1249 contrario
2927 1196 3122 1265 spiritu
3160 1196 3345 1253 atilui.
3384 1199 3615 1270 Spiritus

2043 1279 2210 1344 enim,
2250 1281 2338 1335 ubi
2380 1281 2512 1348 uult,
2555 1283 2746 1353 spirat,
2791 1294 2847 1340 ut
2880 1288 3022 1356 apud
3057 1285 3320 1343 Joannem
3378 1291 3617 1361 ιοῳιιιυιν

2040 1368 2294 1427 Christus
2325 1371 2394 1438 ⁸³,
2427 1372 2479 1426 id
2526 1383 2629 1440 est,
2681 1375 2734 1427 in
2799 1390 2908 1444 quo
2959 1377 3079 1432 loco
3140 1380 3288 1434 orbis
3346 1390 3614 1437 terrarum

2039 1461 2179 1528 vult,
2212 1472 2265 1517 et
2308 1478 2474 1533 super
2531 1480 2671 1534 quos
2725 1466 2975 1524 homines
3028 1471 3164 1537 vult;
3198 1472 3311 1526 vult
3341 1485 3518 1528 autem
3567 1477 3615 1531 si

2042 1553 2312 1610 iuvent-rit
2343 1556 2534 1626 quales
2573 1558 2690 1628 ipse
2731 1559 2847 1613 vult
2875 1577 2888 1613 :
2917 1569 2971 1615 et
3000 1568 3220 1631 quando
3261 1566 3392 1630 vult,
3424 1567 3477 1620 id
3507 1580 3611 1634 est,

2040 1660 2282 1719 congruo
2319 1659 2583 1719 tempore.
2630 1649 2792 1706 Verbi
2841 1652 3037 1723 gratia,
3090 1654 3257 1708 alium
3316 1671 3384 1710 ex
3424 1661 3616 1715 matris

2040 1749 2229 1795 ventre
2251 1755 2348 1810 per
2373 1742 2773 1812 praescientiam
2804 1747 3093 1803 sanctitate
3121 1749 3416 1818 perfundit,
3445 1753 3612 1808 alium

371 1836 685 1907 pamuch
714 1848 813 1903 pro
840 1849 940 1889 sua
981 1834 1211 1889 tenuare
1256 1834 1495 1902 perfert;
1534 1848 1567 1888 τι
1618 1832 1719 1903 piis
1757 1841 1936 1887 autem
1968 1826 2014 1886 B
2042 1843 2231 1898 greges
2265 1831 2446 1884 ovium
2484 1842 2819 1901 pascentem,
2860 1834 3028 1889 alium
3059 1836 3207 1890 aliud
3241 1838 3497 1908 quiddam
3531 1840 3613 1895 fa-

371 1929 654 1997 ipsiusque
675 1941 865 1981 amore
892 1927 1156 1996 praeditis,
1178 1941 1240 1981 ea
1266 1941 1388 1997 qua:
1417 1941 1541 1980 cum
1573 1925 1782 1980 honore
1808 1941 1939 1979 con-

365 2019 556 2089 juncta
595 2025 745 2073 sunt.
779 2019 856 2073 Ac
895 2033 1073 2088 neque
1109 2018 1219 2074 illis
1245 2019 1380 2073 iram
1419 2017 1603 2082 inf‘ert,
1636 2032 1799 2087 quam
1836 2016 1938 2071 sibi

372 2111 618 2165 thesauri
658 2111 831 2165 instar
859 2111 1143 2182 colligunt,
1186 2126 1287 2166 nec
1316 2126 1411 2167 eos
1450 2112 1643 2166 i-ursus
1681 2124 1712 2164 a
1741 2108 1939 2179 quibus

371 2204 592 2267 colitur,
629 2201 810 2257 statim
855 2203 968 2257 suis
992 2202 1151 2258 bonis
1196 2211 1628 2258 remuneratur:
1661 2217 1845 2256 verum
1886 2210 1940 2255 et

373 2292 483 2347 illis
519 2292 869 2362 supplicium,
902 2301 954 2346 et
994 2292 1151 2347 nobis
1174 2294 1522 2361 praemiorum
1547 2291 1936 2361 benignitatem

373 2382 573 2448 differt,
602 2390 663 2437 ut
686 2392 742 2435 et
760 2382 868 2436 illis
894 2390 1110 2452 tempus
1145 2383 1480 2453 poenitentiae
1505 2383 1614 2449 det,
1641 2392 1695 2437 et
1714 2395 1816 2436 nos
1843 2397 1939 2435 ex-

371 2472 571 2541 ploret,
596 2480 761 2542 atquc
790 2472 1104 2542 experiatur
1130 2488 1262 2526 num
1294 2487 1395 2542 pro
1428 2472 1628 2542 pietate
1656 2470 1940 2526 decertan-

372 2574 456 2620 tes
480 2564 680 2619 animis
717 2563 1031 2635 frangemur
1079 2579 1146 2619 ae
1187 2564 1611 2619 debilitabimur.
1640 2563 1765 2619 llaec
1791 2563 1938 2617 enim

369 2651 484 2722 jam
511 2653 643 2707 olim
665 2661 719 2706 et
757 2666 787 2706 a
826 2653 1098 2723 principio
1136 2652 1278 2706 ratio
1313 2660 1368 2706 et
1408 2667 1576 2707 causa
1624 2660 1708 2707 est
1743 2652 1940 2706 divina:

374 2743 802 2814 dispensationis
831 2754 885 2800 et
932 2745 1444 2816 imperceptibilium
1490 2745 1667 2813 ipsius
1701 2743 1936 2812 judicio-

373 2851 518 2903 rum,
544 2836 745 2907 quibus
766 2836 1038 2906 sapienter
1062 2851 1147 2891 res
1170 2844 1386 2890 nostras
1408 2835 1604 2890 reeitat
1625 2845 1679 2890 et
1704 2831 1940 2888 admini-

370 2934 531 2983 strat.
569 2923 723 2992 Quod
782 2935 964 2980 autem
1020 2925 1358 2980 abstrusiora
1408 2925 1519 2979 sint
1547 2924 1640 2978 Dei
1689 2923 1938 2988 consilia,

374 3031 535 3088 quam
568 3025 626 3071 ut
658 3031 722 3071 ea
768 3016 1060 3087 quisquam
1095 3017 1314 3086 assequi
1344 3016 1544 3086 possit,
1566 3014 1705 3092 hinc
1742 3015 1942 3070 clamat

375 3107 545 3163 David
582 3108 771 3163 dicens
806 3123 821 3162 :
870 3106 1089 3161 Iudicia
1118 3117 1209 3161 tua
1244 3107 1463 3177 abyssus
1493 3107 1663 3160 multa
1694 3105 1775 3173 ‘°;
1813 3107 1943 3160 hinc

371 3201 535 3252 etiam
564 3197 787 3264 Paulus,
819 3213 940 3252 cum
974 3200 1334 3253 admiratione
1362 3213 1558 3267 magna
1589 3208 1642 3253 et
1679 3206 1936 3267 stupore:

375 3290 551 3357 Quam
578 3287 949 3344 inscrutabilia
975 3301 1094 3343 sunt
1112 3289 1325 3358 judicia
1347 3291 1512 3360 ipsius
1529 3300 1577 3345 et
1605 3289 1939 3357 investigabi~

373 3381 445 3434 tes
474 3381 572 3434 eia:
619 3380 733 3450 ejus
763 3379 845 3433 ιιι
888 3380 1115 3445 Verum,
1144 3380 1345 3435 dixerit.
1387 3380 1606 3450 aliquis,
1649 3379 1703 3434 Si
1733 3378 1824 3434 Dei
1848 3381 1938 3450 ju-

372 3469 514 3525 dicia
558 3470 760 3539 percipi
792 3478 1090 3539 nequeunt,
1125 3472 1218 3541 qui
1251 3471 1309 3524 fit
1339 3480 1397 3524 ut
1429 3468 1761 3540 Theologus,
1792 3471 1940 3525 velut

374 3573 564 3614 eorum
585 3559 950 3629 cognitionem
978 3571 1290 3621 assecutus,
1319 3561 1828 3630 procrastinationis
1848 3561 1939 3616 Dei

373 3665 595 3706 causam
619 3649 858 3720 proferat
875 3651 898 3705 ?
918 3649 1253 3719 Responderi
1283 3661 1480 3719 potest,
1501 3653 1646 3720 quod
1679 3668 1775 3722 per
1803 3668 1938 3706 con-

369 3738 636 3808 jecturam
660 3754 781 3793 eam
806 3738 1058 3807 protulit;
1079 3740 1149 3791 ob
1172 3738 1222 3791 id
1244 3741 1388 3791 enim
1413 3739 1639 3802 addidit,
1663 3739 1937 3794 Fortasse.

372 3827 511 3881 Tum
553 3828 679 3897 quia
731 3827 823 3881 Dei
863 3826 1035 3882 Filius
1084 3830 1486 3882 comrnuniores
1532 3842 1714 3881 rerum
1744 3843 1938 3883 causas

374 3931 438 3970 ac
458 3917 718 3980 rationes,
751 3918 851 3971 etsi
884 3932 993 3971 non
1012 3932 1225 3984 omnes,
1255 3932 1626 3987 sapenumero
1656 3917 1808 3973 nobis
1839 3933 1937 3988 pa-

373 4005 577 4073 tefecit;
603 4007 957 4076 particulares
980 4017 1160 4062 autem
1184 4017 1238 4062 et
1264 4009 1570 4079 singulares
1596 4009 1940 4079 impercepti-

370 4097 510 4152 hiles
541 4108 743 4152 servat.
797 4097 973 4167 Atque
1023 4097 1337 4168 hujusmodi
1370 4098 1591 4168 quidem
1638 4108 1768 4155 sunt
1818 4113 1940 4168 quae

373 4190 441 4243 ad
471 4188 756 4243 Christum
803 4189 1101 4258 pertinent,
1130 4190 1246 4245 sive
1286 4193 1585 4261 passiones,
1617 4192 1733 4247 sive
1761 4192 1939 4247 actio-

373 4295 470 4334 nes
496 4294 513 4345 ;
552 4289 606 4332 et
647 4293 768 4349 quae
795 4288 977 4349 postea
1010 4296 1327 4350 sequentur,
1360 4282 1462 4337 hoc
1493 4294 1596 4349 est,
1628 4298 1748 4352 qua:
1768 4285 1834 4338 ad
1856 4298 1943 4338 se-

371 4373 604 4425 cundam
642 4372 983 4440 praesentiam
1039 4373 1296 4439 attinent,
1328 4385 1458 4429 tunc
1503 4360 1791 4444 gloriosius
1816 4393 1941 4445 spe-

2040 1922 2297 1974 cientem.
2320 1921 2386 1977 Et
2417 1935 2681 1993 quantum
2718 1929 2863 1995 Vult;
2897 1930 3091 1986 modus
3111 1930 3256 1985 enim
3286 1943 3465 1991 certus
3495 1948 3607 2001 est,

2040 2018 2089 2061 et
2124 2010 2414 2066 diversitas
2454 2013 2754 2082 gratiarum
2789 2028 2952 2087 atque
2999 2018 3395 2088 inspirationis.
3436 2023 3614 2095 Atque

2041 2098 2171 2153 illud
2203 2100 2428 2157 observa
2456 2145 2470 2170 ,
2528 2105 2618 2158 ubi
2668 2106 2844 2161 locum
2877 2107 3223 2178 significare;
3259 2127 3416 2182 super
3463 2130 3614 2184 quas.

2040 2203 2300 2256 personas
2359 2208 2453 2247 eas
2492 2210 2613 2264 quae
2665 2197 3029 2267 iuspirantur;
3081 2201 3315 2268 quando,
3363 2213 3615 2274 tempus;

2039 2288 2331 2345 quantum,
2360 2284 2598 2339 inodum.
2629 2284 2918 2341 Enimvero
2950 2286 3203 2345 Christus
3233 2294 3334 2346 hoc
3378 2293 3494 2349 loco
3521 2310 3615 2363 per

2041 2368 2312 2436 Spiritum,
2371 2388 2479 2426 non
2534 2373 2800 2442 Spiritum
2873 2389 3122 2433 sanctum
3196 2381 3467 2452 intelligit,
3518 2389 3614 2439 sel

2040 2472 2258 2513 aereum
2281 2470 2336 2516 et
2369 2474 2527 2520 vento
2557 2466 2875 2534 conflatum,
2909 2485 3003 2539 per
3028 2470 3403 2528 obscur-iorem
3456 2476 3615 2529 trimi-

2041 2566 2160 2604 rum
2212 2554 2574 2624 cognitionem
2631 2558 2733 2613 hoc
2774 2561 3022 2628 exemplo
3078 2564 3454 2632 periectiorem
3508 2567 3617 2623 illis

2041 2641 2293 2698 afi‘erens.
2323 2641 2459 2699 Nam
2493 2661 2616 2700 cum
2645 2647 2875 2703 dixisset
2919 2646 3249 2705 Nicodemus
3278 2669 3293 2707 :
3339 2653 3615 2718 Quomodo

2038 2742 2207 2802 potest
2255 2734 2410 2789 homo
2463 2739 2610 2792 nasci
2655 2740 2826 2793 denuo
2858 2739 2936 2793 l"1'
2981 2742 3130 2796 velut
3181 2742 3442 2814 ignorans
3494 2762 3615 2801 eam

2042 2827 2403 2891 nativitatem,
2433 2827 2500 2882 de
2528 2844 2636 2898 qua
2666 2828 2931 2885 Dominus
2963 2832 3303 2901 loquebatur,
3339 2835 3613 2905 Christus,

2041 2918 2270 2986 exempli
2298 2921 2495 2988 gratia,
2524 2930 2742 2975 ventum
2776 2921 2880 2989 ipsi
2931 2923 3255 2992 pr0p05uit:
3293 2926 3348 2979 Si
3383 2937 3572 2982 ventus
3597 2972 3613 2994 ,

2042 3021 2205 3076 quem
2237 3010 2410 3075 vides,
2448 3018 2502 3063 et
2525 3010 2681 3079 cujus
2729 3026 2918 3067 vocem
2977 3015 3154 3081 audis,
3196 3017 3340 3071 unde
3389 3020 3617 3086 prodeat

2042 3108 2097 3153 ct
2124 3115 2232 3169 quo
2263 3101 2442 3167 vadat,
2470 3102 2670 3166 nescis,
2698 3117 2803 3170 qua
2831 3103 3046 3157 tandem
3075 3106 3285 3159 ratione
3315 3106 3612 3176 spiritalem

2046 3191 2384 3245 nativitatem
2422 3191 2725 3263 intelligere
2755 3194 2980 3262 poteris,
3018 3209 3140 3248 cum
3178 3207 3372 3265 praeter
3402 3211 3464 3251 ea
3493 3212 3614 3267 qua:

2042 3282 2096 3335 in
2133 3297 2357 3337 sensum
2406 3286 2807 3368 atque.oculos
2847 3284 3135 3338 incurrunt
3168 3286 3406 3339 nondum
3453 3288 3615 3357 quid-

2040 3388 2204 3443 quam
2231 3374 2574 3444 cognoscas?
2600 3372 2908 3445 'l‘heologus
2937 3387 3116 3429 autem
3152 3376 3254 3430 hoc
3279 3376 3398 3430 loco
3427 3386 3614 3431 Osten-

2040 3465 2175 3517 deus
2201 3461 2463 3532 Spiritum
2498 3474 2745 3518 sanctum
2777 3465 3204 3520 dominationem
3238 3479 3403 3538 atque
3441 3470 3612 3538 impe-

2042 3554 2182 3607 rium
2218 3567 2313 3622 per
2340 3568 2398 3608 se
2453 3553 2672 3619 habere,
2724 3569 2830 3608 non
2875 3565 3057 3610 autem
3123 3566 3432 3612 creaturam
3459 3574 3611 3624 esse,

2042 3656 2136 3699 aut
2165 3659 2383 3698 servum
2415 3644 2569 3712 jussa
2615 3655 2992 3715 capessentem
3050 3649 3128 3704 ait
3160 3667 3174 3704 :
3209 3649 3444 3720 Spiritus
3485 3667 3616 3706 san-

2041 3742 2160 3803 ctus
2179 3734 2350 3802 spirat
2377 3732 2468 3786 ubi
2496 3743 2630 3799 vult,
2655 3744 2710 3788 et
2739 3736 2792 3789 in
2819 3750 2958 3806 quos
2981 3739 3118 3805 vult,
3142 3748 3196 3793 et
3223 3755 3330 3810 quo
3351 3749 3612 3809 tempore,

2040 3832 2097 3880 et
2134 3836 2398 3894 quantum
2436 3827 2569 3880 vult.

2111 3915 2229 3970 Col.
2262 3916 2368 3971 458
2393 3916 2458 3971 Α.
2487 3915 2591 3982 Qui
2623 3918 2885 3987 Spiritum
2917 3930 3162 3976 sanctum
3187 3923 3242 3976 in
3271 3939 3444 3977 rerum
3469 3940 3619 3979 crea-

2044 4015 2255 4072 tarum,
2298 4017 2403 4063 etc.
2441 4007 2708 4077 Spiritum
2759 4021 3004 4067 sanctum
3050 4014 3145 4068 alii
3179 4015 3285 4071 vim
3319 4024 3527 4071 tantum
3563 4031 3618 4072 ct

2041 4097 2355 4153 facultatem
2385 4114 2503 4154 esse
2523 4100 2796 4166 dicebant,
2818 4104 2908 4156 alii
2929 4116 3229 4160 creaturam
3251 4146 3269 4174 ,
3305 4122 3335 4159 a
3358 4107 3393 4161 in
3421 4108 3614 4171 Deum,

2041 4191 2132 4244 alii
2151 4192 2330 4244 medio
2351 4191 2585 4261 quodam
2611 4193 2770 4246 modo
2811 4192 2988 4248 allecti
3009 4206 3162 4250 erant
3183 4236 3199 4263 ,
3234 4212 3332 4251 nec
3364 4198 3611 4254 \illL'llcel.

2040 4296 2164 4335 eum
2201 4282 2462 4346 colentes,
2492 4296 2591 4336 nec
2629 4284 2969 4352 contemptui
3003 4286 3286 4341 habentes.
3319 4290 3490 4343 Porro
3519 4291 3613 4359 qui

2045 4373 2214 4427 Deum
2250 4376 2434 4443 ipsum
2484 4390 2605 4430 esse
2652 4376 3064 4446 existimabant,
3114 4378 3310 4446 partim
3345 4379 3613 4435 inclusam

371 4465 661 4527 ctahimus,
712 4464 1032 4532 utinamque
1087 4464 1191 4533 ipsi
1226 4481 1257 4518 a
1310 4466 1528 4521 Christo
1593 4468 1937 4537 potissimum
1974 4468 2229 4530 Danimo
2283 4467 2537 4535 pietatem
2592 4466 2886 4533 habebant,
2939 4469 3142 4537 partim
3201 4470 3357 4525 labiis
3396 4486 3616 4550 qu.:que

371 4563 697 4620 spectemur.
726 4553 883 4619 Quod
911 4567 1089 4609 autem
1114 4556 1407 4624 perfectius
1431 4567 1545 4612 tum
1567 4563 1937 4629 spectabimus

372 4658 437 4697 ac
495 4645 884 4709 spectabimur,
930 4645 1119 4699 Davidi
1160 4647 1293 4701 fides
1344 4649 1590 4703 habenda
1620 4653 1812 4707 estsic
1852 4654 1936 4706 lo-

278 4768 279 4771 η
373 4735 560 4800 quenti
598 4753 612 4789 :
654 4733 765 4805 Ego
801 4744 978 4789 autent
1012 4737 1065 4789 in
1090 4735 1312 4805 justitia
1340 4740 1604 4807 apparebo
1632 4744 1938 4810 conspectui

373 4835 484 4889 tuo,
516 4826 751 4880 satiabor
791 4843 910 4881 cum
964 4829 1269 4897 apparuerit
1325 4829 1495 4899 gloria
1531 4841 1622 4884 tua
1667 4831 1734 4886 δ’.
1780 4833 1937 4887 Nunc

374 4914 518 4966 enim
550 4914 692 4969 Deus
719 4916 853 4969 viris
878 4916 1187 4983 integritate
1221 4926 1277 4970 et
1319 4920 1607 4974 sanctitate
1643 4919 1768 4975 vitae
1800 4936 1940 4990 pra:-

373 5004 502 5058 ditis
518 5005 666 5058 velut
679 5015 897 5074 gustum
914 5007 1204 5075 quemdam
1225 5016 1283 5061 et
1305 5011 1666 5065 arrhabonern
1686 5013 1935 5081 praebuit:

374 5096 588 5163 plenam
619 5105 799 5149 autem
830 5109 885 5150 et
907 5098 1235 5151 cumulatam
1280 5099 1695 5168 beatitudinem,
1724 5118 1829 5172 qua
1872 5103 1939 5157 ad

374 5185 677 5239 satietatem
717 5200 891 5254 usque
921 5188 1291 5255 perfruentur,
1324 5201 1439 5243 tum
1485 5192 1704 5246 domum
1756 5195 1937 5262 perci-

373 5276 542 5345 pient.
569 5275 872 5341 Mihivero,
889 5277 957 5332 de
978 5275 1345 5350 Spirituloqui
1368 5281 1693 5348 instituenti,
1722 5283 1932 5338 utinam

375 5368 615 5437 Spiritus
653 5367 769 5436 ipse
816 5370 978 5435 adsit,
1013 5380 1176 5440 atque
1231 5374 1404 5443 ipsius
1458 5376 1722 5431 beneficio
1786 5386 1934 5432 tanta

374 5457 507 5511 mihi
536 5462 710 5512 oratio
734 5459 913 5524 detur,
945 5471 1207 5529 quantam
1239 5464 1398 5533 cupio
1422 5481 1437 5531 ;
1466 5474 1559 5519 aut
1585 5467 1630 5519 si
1650 5482 1758 5521 non
1787 5476 1936 5523 tanta

374 5552 541 5623 (quod
568 5552 1009 5623 intempestivum
1044 5555 1146 5608 hoc
1177 5557 1250 5610 sit
1294 5556 1583 5628 minusque
1621 5538 1796 5631 utile),
1833 5562 1936 5616 hu-

438 5735 486 5767 “
516 5736 659 5795 Psal.
694 5756 854 5804 xxxv,
885 5742 939 5794 7.

1014 5741 1054 5772 ⁸¹
1087 5740 1244 5795 Rom.
1283 5756 1355 5807 xi,
1391 5740 1478 5792 55.
1555 5740 1599 5772 δ’
1634 5742 1776 5795 Psnl.
1815 5756 1925 5807 xvr,
1976 5742 2057 5795 l5.

2042 4557 2178 4628 ipsis
2217 4559 2379 4613 Deum
2406 4558 2828 4613 confitebantur.
2852 4557 3161 4627 Theologus
3200 4561 3366 4632 igitur
3397 4578 3494 4619 eos
3516 4581 3612 4634 qui

2044 4651 2308 4721 Spiritum
2339 4660 2648 4705 creaturam
2685 4665 2808 4705 esse
2830 4660 2996 4721 atque
3034 4667 3064 4706 a
3092 4648 3234 4708 Filio
3273 4654 3473 4709 factum
3528 4674 3617 4711 as-

2042 4744 2316 4808 serebant,
2359 4742 2789 4797 contumeliosos
2821 4751 2999 4807 vocat,
3028 4743 3432 4816 imperiumque
3453 4762 3617 4819 repu~

2041 4834 2258 4889 diantes
2292 4850 2356 4888 ac
2410 4833 2742 4903 rejicientes,
2794 4833 3056 4889 adversus
3111 4833 3401 4892 Dominum
3453 4854 3613 4894 suum

2042 4928 2243 4994 perfide
2288 4928 2683 4997 insurgentes;
2725 4940 2820 4982 eos
2873 4937 3078 4995 autem,
3113 4931 3208 4999 qui
3255 4929 3514 5000 Spiritum
3561 4933 3615 4985 in

2040 5018 2239 5071 animis
2271 5019 2385 5073 suis
2420 5018 2590 5073 Deum
2646 5018 3055 5085 existimabant,
3089 5021 3373 5089 splendido
3429 5023 3615 5075 animo

2039 5107 2296 5174 praeditos
2326 5124 2448 5161 esse
2481 5109 2615 5162 dicit
2642 5125 2656 5173 ;
2682 5123 2776 5163 eos
2810 5124 2958 5173 vero,
3008 5111 3103 5181 qui
3142 5127 3251 5166 non
3301 5112 3461 5167 modo
3490 5127 3613 5167 eum

2045 5195 2209 5250 Deum
2229 5196 2548 5262 credebant,
2597 5198 2689 5252 sed
2719 5198 2880 5254 etiam
2911 5203 3295 5270 praedicabant,
3321 5203 3366 5257 si
3396 5205 3616 5272 quidem

2043 5290 2184 5357 apud
2212 5303 2397 5358 aequos
2433 5304 2499 5344 ac
2549 5292 2750 5359 probos
2776 5293 3074 5361 auditores,
3128 5293 3364 5362 ﬁdeique
3413 5294 3618 5363 pietate

2044 5382 2319 5450 praeditos,
2355 5381 2458 5436 hoc
2496 5383 2761 5448 dicerent,
2792 5384 3084 5439 sublimes
3107 5399 3227 5448 eos,
3267 5395 3322 5438 et
3371 5386 3617 5441 mirificis

2046 5473 2300 5529 laudibus
2332 5474 2527 5544 dignos
2557 5477 2815 5546 appellat.
2847 5476 2942 5531 Sin
2974 5484 3156 5530 autem
3197 5475 3341 5546 apud
3383 5478 3616 5532 humiles

2045 5575 2099 5619 et
2127 5566 2475 5635 imperfectos
2506 5579 2853 5638 mentemque
2905 5568 3166 5625 habentes
3205 5570 3361 5632 humi
3387 5569 3614 5641 depres-

2137 5742 2178 5774 ’⁵³
2226 5741 2382 5798 Juan.
2431 5761 2511 5812 ιιι,
2558 5744 2610 5798 3.
2688 5748 2731 5776 τι
2780 5744 2908 5799 ibid.
2953 5744 3007 5800 4.
