4024 6292
1595 298 1618 320 ο

451 337 610 401 Ἶᾶὃὸ

1880 327 2252 390 ADDEND.-\.

3580 329 3720 393 H56

465 468 604 515 sam,
639 464 870 520 eamque
895 446 965 500 ob
987 459 1211 500 causam
1240 441 1466 513 Spiritui
1501 448 1691 495 sancto
1723 438 1815 494 Dei
1850 455 2047 491 nomen
2073 446 2124 498 Α
2153 437 2402 507 quaedam
2447 450 2548 506 est,
2592 441 2673 495 vel
2715 449 2966 496 creatura
3029 439 3423 495 existimandus
3477 442 3602 506 erit,
3635 444 3720 518 vel

465 541 633 596 tribui
692 552 1038 609 nequaquam
1103 536 1363 597 ferentes,
1418 531 1728 600 hujusmodi
1789 529 2039 584 homines

465 629 650 683 minus
692 625 988 697 prudentes
1041 632 1098 678 et
1144 621 1424 677 consultos
1469 634 1592 674 esse
1635 619 1727 672 ait.
1762 615 2038 682 Quemad-

465 720 688 773 modum
724 717 870 772 enim
929 713 1157 769 inﬁrma:
1194 727 1356 766 aures
1391 711 1613 765 tonitrui
1667 725 1858 764 sonum
1898 707 2039 762 ferre

469 816 764 878 nequeunt,
799 822 900 860 nec
946 805 1146 860 infirmi
1182 805 1328 858 oculi
1363 804 1540 858 lucem
1588 802 1826 870 solisque
1857 800 2038 870 splen-

467 900 655 954 dorem
691 896 929 960 obtueri,
965 911 1064 950 nec
1102 895 1190 960 iis,
1228 894 1318 961 qui
1372 891 1529 946 lactis
1575 890 1830 944 alimonia
1861 888 2041 942 adhuc

472 999 722 1054 utuntur,
750 989 982 1044 solidum
1015 987 1198 1040 cibum
1232 983 1508 1053 porrigere
1536 982 1754 1051 expedit
1785 998 1797 1033 :
1835 981 1908 1034 ita
1942 993 2038 1032 nec

471 1083 559 1147 iis,
593 1081 687 1150 qui
739 1079 933 1149 primis
984 1077 1161 1130 adhuc
1207 1073 1327 1127 lidci
1353 1073 1677 1126 rudimentis
1723 1071 2038 1124 imbuuntur

471 1173 710 1241 perfecta
740 1170 988 1226 doctrina
1025 1167 1414 1223 committenda
1446 1178 1549 1220 est.
1583 1165 1866 1234 Temporis
1893 1164 2037 1217 enim

470 1274 523 1318 et
544 1277 897 1333 personarum
922 1260 1188 1314 rationem
1213 1257 1414 1310 habere
1437 1256 1709 1320 convenit,
1741 1270 1802 1308 ac
1826 1269 2038 1308 sermo—

471 1369 570 1409 nes
605 1356 658 1407 in
680 1353 890 1424 judicio
918 1353 1208 1420 disponere
1226 1349 1295 1410 ⁸⁸,
1320 1363 1418 1401 nec
1438 1355 1678 1414 repente,
1710 1345 1802 1400 sed
1835 1347 2037 1399 sensim

467 1455 522 1497 et
552 1444 880 1512 pedetentim
909 1457 1005 1496 eos
1039 1441 1104 1494 ad
1151 1440 1469 1495 sublimiora
1513 1439 1816 1507 provehere
1862 1436 2037 1490 ruino-

471 1536 627 1603 rique
655 1533 858 1587 lumine
890 1532 1151 1601 paulatim
1187 1530 1492 1596 illustratis,
1525 1540 1692 1598 atque
1717 1528 2040 1583 obscuriore

468 1628 697 1680 veritate
732 1623 1016 1678 instructis
1049 1621 1226 1691 majus
1270 1621 1488 1676 tandem
1537 1621 1745 1684 lumen,
1778 1619 2040 1674 illustrio-

469 1729 692 1786 rcmque
710 1717 991 1768 veritatem
1020 1713 1308 1782 impertiri.
1330 1710 1776 1778 Quandoquidem
1805 1718 1858 1764 et
1882 1708 2042 1764 Chri-

2143 529 2322 585 Dcus:
2360 547 2540 600 neque
2579 531 2724 586 enim
2751 533 3052 602 quidquam
3090 531 3473 585 intermedium
3518 543 3622 586 est.
3661 535 3718 587 Si

2143 629 2415 686 creatura,
2464 621 2741 690 quomodo
2790 622 2843 675 in
2894 636 3017 675 eum
3075 620 3384 675 credimus?
3421 621 3479 674 Si
3532 621 3716 689 Deus,

2145 726 2243 764 cur
2276 726 2382 766 non
2425 712 2589 765 simul
2620 728 2743 767 eum
2774 711 2934 767 Patre
2956 721 3011 766 ct
3036 712 3174 765 Filio
3209 712 3567 766 adorabitur‘i
3593 713 3720 766 llam

2144 812 2275 857 sunt
2299 803 2561 874 'l‘heologi
2594 805 2758 858 verba
2792 804 2844 857 in
2881 805 3128 858 oratione
3149 805 3216 858 dc
3259 803 3463 872 Spiritu
3503 814 3716 858 sancto.

2142 892 2257 949 Hoc
2287 902 2471 948 autem
2503 895 2624 948 loco
2657 895 2722 948 ad
2758 895 2905 948 hunc
2958 909 3155 948 rursus
3187 893 3402 946 modum
3437 909 3560 948 cum
3608 894 3722 946 ha:-

2144 985 2332 1039 reticis
2359 985 2714 1055 congreditur
2747 1003 2764 1040 ε
2791 984 2834 1038 0
2858 985 2959 1038 viri
2989 983 3203 1055 optimi,
3234 985 3280 1040 si
3305 986 3566 1056 Spiritum
3592 1002 3690 1040 san
3710 1013 3722 1024 -

2143 1085 2292 1130 ctum
2341 1077 2646 1131 incrcatum
2675 1092 2829 1142 esse,
2872 1091 2938 1130 ac
2961 1078 3222 1146 temporis
3274 1089 3551 1148 expertem
3606 1093 3716 1132 nea

2143 1172 2466 1237 admittitis,
2503 1172 2597 1225 sed
2627 1187 2752 1226 eum
2784 1172 2838 1226 in
2869 1187 3052 1226 rerum
3071 1185 3380 1227 crcatarum
3423 1187 3716 1226 numerum

2143 1259 2444 1324 ascribitis,
2468 1275 2532 1314 ac
2557 1271 2846 1331 propterea
2869 1263 3100 1331 tempori
3133 1262 3401 1331 subjicitis
3429 1262 3718 1332 (quidquid

2141 1352 2287 1404 enim
2339 1361 2586 1404 creatum
2633 1360 2745 1418 est,
2805 1354 3040 1422 tempori
3085 1353 3277 1408 subest
3328 1353 3544 1406 etiamsi
3607 1369 3717 1406 non

2143 1456 2307 1495 omne
2335 1443 2478 1510 quod
2529 1451 2710 1498 motus
2741 1458 2999 1498 mensura
3039 1444 3516 1500 circmnscribitur
3565 1459 3718 1498 eam-

2143 1529 2265 1582 dem
2301 1533 2571 1583 rationem
2627 1529 2846 1600 habeat)
2887 1530 2933 1586 si
2986 1531 3113 1597 hoc,
3147 1531 3393 1600 inquam,
3444 1532 3716 1598 dixeritis,

2143 1620 2562 1690 haudquaquam
2593 1621 2723 1676 boni
2756 1621 2995 1689 Spiritus
3023 1632 3108 1676 est
3152 1622 3238 1676 hic
3266 1620 3500 1683 alllatus,
3527 1636 3718 1674 verum

2148 1711 2394 1780 perversi
2424 1712 2686 1766 daemonis
2716 1721 2772 1765 ct
2813 1712 3058 1768 veritatis
3099 1713 3434 1777 adversarii,
3486 1713 3717 1782 impuri,

467 1820 586 1862 stus
621 1806 886 1876 Spiritum
931 1814 1181 1860 sanctum
1205 1802 1464 1871 paulatim
1492 1801 1764 1870 patefecit.
1792 1800 2036 1855 Primum
2070 1771 2122 1834 Β
2150 1805 2400 1872 inquam,
2435 1802 2582 1856 illius
2613 1813 2665 1857 et
2699 1804 2839 1858 servi
2877 1817 2942 1857 ac
2983 1804 3175 1869 creati,
3229 1804 3296 1857 ad
3350 1805 3601 1858 eumdem
3637 1819 3721 1856 se-

466 1897 616 1950 enim
653 1934 670 1960 ,
696 1910 766 1948 ne
799 1893 1150 1947 adversarius
1174 1891 1449 1960 quispiam
1479 1890 1574 1943 Dei
1606 1905 1728 1944 esse
1775 1890 2039 1954 videatur,

467 1986 604 2039 dixit
638 1999 652 2035 :
687 1983 902 2053 Rogabo
956 1982 1198 2044 Patrem,
1226 1990 1275 2035 et
1311 1981 1478 2034 alium
1499 1980 1844 2034 Paracletum
1872 1982 2040 2035 mittet

465 2075 686 2132 vobis“.
725 2076 912 2129 Postea
936 2084 1117 2128 autem
1151 2072 1364 2141 inquit:
1398 2071 1570 2125 Mittet
1602 2073 1652 2124 in
1673 2072 1877 2124 nomine
1907 2087 2050 2135 meo,

473 2169 600 2237 (ltoc
627 2177 730 2232 est,
764 2181 872 2219 non
907 2177 966 2218 ut
999 2179 1216 2219 servum
1247 2173 1340 2218 aut
1381 2163 1681 2229 subditum,
1727 2164 1820 2218 sed
1853 2165 1905 2216 in
1943 2181 2043 2216 nu-

469 2259 608 2311 mine
672 2273 808 2318 meo,
863 2256 915 2308 id
967 2263 1086 2318 est,
1164 2263 1224 2307 ut
1273 2253 1443 2308 Deum
1496 2255 2040 2318 consubstantialem,

469 2345 936 2418 quemadmodum
969 2353 1022 2399 et
1074 2343 1189 2412 ipse
1232 2345 1476 2414 ejusdem
1525 2358 1650 2396 cum
1700 2341 1862 2397 Patre
1916 2357 2040 2396 sum

469 2437 813 2492 substantiae.
853 2434 969 2489 Hoc
1015 2435 1159 2489 enim
1213 2431 1525 2500 significant
1573 2433 1686 2486 haec
1721 2432 1882 2485 verba
1919 2451 1928 2482 :
1971 2429 2042 2483 In

467 2527 677 2581 nomine
712 2525 846 2592 meo)
869 2540 883 2589 ;
910 2526 1010 2577 hoc
1038 2531 1222 2576 autem
1255 2523 1502 2583 verbum,
1528 2519 1765 2588 Rogabo,
1800 2518 2038 2587 nonjam

469 2619 688 2687 adjecit.
723 2617 927 2669 Deinde
959 2615 1096 2668 dixit
1132 2632 1144 2665 :
1180 2611 1293 2681 Ego
1337 2613 1568 2675 mittam,
1603 2625 1753 2664 suam
1791 2612 2041 2666 videlicet

467 2708 784 2778 dignitatem
816 2713 872 2757 et
916 2702 1297 2756 auctoritatem
1336 2703 1674 2770 perspicuam
1702 2700 1930 2758 faciens.
1960 2702 2038 2757 Ac

468 2807 749 2866 postremo
771 2796 843 2848 ita
871 2794 1080 2849 locutus
1101 2802 1184 2848 est
1207 2793 1419 2848 :‘Veniet
1446 2793 1700 2863 Spiritus,
1731 2803 1789 2848 ut
1810 2795 2036 2850 liberam

469 2887 707 2957 Spiritus
764 2887 1060 2955 potentiam
1115 2887 1442 2939 ostenderet.
1498 2883 1658 2940 Vides
1715 2901 1824 2954 quo
1878 2896 2037 2957 pacto

467 2978 786 3045 splendores
809 2977 967 3030 nobis
1001 2986 1150 3030 certo
1177 2978 1367 3031 ordine
1398 2975 1712 3048 allulgeant.
1749 2977 1840 3032 Sic
1872 2979 1924 3032 in
1953 2981 2035 3034 lu-

2147 1909 2270 1948 cum
2304 1905 2687 1946 creaturarum
2750 1893 3026 1958 ordinem,
3076 1894 3126 1946 id
3163 1893 3308 1962 quod
3340 1903 3577 1947 creatum
3610 1909 3721 1947 non

2143 1992 2250 2047 est,
2305 1982 2705 2036 contumeliose
2755 1981 3140 2050 de‘primentis.
3203 1981 3414 2036 Dabitis
3450 1984 3596 2036 enim
3628 1998 3722 2036 ve-

2145 2071 2312 2132 niam,
2349 2070 2397 2124 si
2431 2085 2526 2124 vos
2556 2068 2746 2125 divino
2776 2071 2892 2125 zelo
2916 2082 3195 2140 permotus
3227 2074 3512 2141 aliquanto
3536 2073 3718 2126 acrio-

2144 2163 2296 2216 ribus
2321 2162 2501 2216 verbis
2522 2163 2815 2228 incessam,
2838 2175 3002 2232 atque
3028 2178 3095 2217 eo
3114 2164 3354 2218 audacia:
3379 2165 3715 2234 progrediar,

2145 2264 2200 2309 ut
2237 2271 2335 2309 vos
2370 2255 2424 2308 in
2459 2263 2664 2308 tantam
2699 2256 3094 2325 blasphemiam
3139 2266 3552 2326 prorumpentes
3577 2271 3713 2309 cou-

2145 2343 2312 2396 trario
2347 2345 2542 2412 spiritu
2577 2344 2748 2398 amari
2784 2345 2983 2398 dicam.
3021 2343 3079 2398 Si
3115 2353 3293 2398 autem
3343 2355 3572 2400 eatenus
3599 2348 3716 2400 sani

2141 2436 2296 2500 estis,
2338 2443 2394 2489 ut
2428 2436 2774 2490 manifestam
2807 2437 3136 2504 impietatem
3178 2435 3424 2506 fugiatis,
3467 2453 3567 2490 nec
3593 2437 3719 2505 Spi-

2143 2527 2308 2580 ritum
2341 2541 2560 2581 servum
2588 2527 2806 2593 dicatis,
2837 2528 2928 2598 qui
2959 2543 3058 2582 nos
3085 2543 3303 2598 quoque
3335 2527 3538 2582 liberos
3561 2526 3720 2580 efﬁcit

2141 2617 2248 2683 (lex
2273 2619 2418 2672 enim
2449 2618 2703 2687 Spiritus,
2751 2619 2855 2674 hoc
2879 2631 2983 2687 est,
3030 2628 3271 2690 potestas
3307 2619 3548 2688 Spiritus
3569 2620 3715 2678 vitae.

2143 2709 2321 2777 inquit
2347 2707 2571 2774 Paulus,
2602 2709 2856 2763 Lberavit
2893 2725 2979 2764 me
3013 2725 3044 2764 a
3093 2712 3209 2779 lege
3239 2709 3444 2778 peccati
3476 2721 3529 2764 et
3571 2725 3718 2764 mor-

2143 2801 2214 2856 tis
2239 2802 2309 2854 ".
2343 2804 2526 2869 Atque
2556 2802 2720 2854 etiam
2742 2801 2884 2854 idem
2908 2800 3202 2868 Apostolus
3229 2801 3310 2855 sic
3347 2799 3554 2854 Calatis
3584 2799 3720 2854 scri-

2140 2897 2257 2950 bit:
2289 2892 2437 2948 Mi'sit
2471 2895 2608 2948 Deus
2637 2892 2896 2963 Spiritum
2929 2893 3062 2948 Filii
3089 2896 3172 2947 sui
3212 2895 3265 2946 in
3305 2894 3467 2946 corda
3511 2905 3715 2957 nostra,

2141 2987 2459 3041 clamantem
2490 3003 2508 3039 :
2540 2988 2711 3052 Abba,
2740 2985 2923 3039 Pater.
2953 2985 3139 3055 Itaque
3165 3003 3264 3039 non
3279 2986 3396 3054 jam
3424 3002 3478 3040 es
3496 3003 3673 3039 servus
3698 3025 3714 3047 ,

467 3067 614 3118 mine
643 3063 827 3117 lumen
863 3065 1159 3117 invenitur.
1194 3063 1352 3119 lluuc
1395 3063 1658 3135 Theologi
1702 3067 1952 3121 ordinem
1987 3068 2033 3123 si
2063 3096 2105 3153 ο
2139 3083 2229 3136 sed
2265 3081 2411 3149 ﬁlius
2453 3081 2520 3133 ιε,
2562 3079 2736 3134 pom,
2776 3081 3014 3147 spiritus
3057 3079 3180 3154 Filii
3223 3080 3427 3133 dicitur
3476 3077 3715 3148 spiritu.

469 3171 568 3210 nos
587 3170 804 3225 quoque
826 3158 1185 3221 tenuerimus,
1209 3166 1350 3212 recte
1369 3155 1682 3222 fecerimus,
1705 3159 1962 3213 nimirum
1983 3171 2038 3214 ut

468 3262 568 3301 nec
593 3248 881 3300 confertim
910 3262 972 3300 ac
995 3256 1215 3317 repente
1239 3251 1518 3302 cmlestcm
1555 3250 1861 3304 doctrinam
1895 3265 2041 3322 pate-

472 3335 765 3398 faciamus,
787 3349 854 3386 ne
884 3335 1093 3389 alienos
1122 3349 1149 3385 a
1175 3335 1278 3388 fide
1303 3337 1673 3398 vulneremus,
1694 3339 2039 3407 graviterque

468 3427 747 3491 laedamus,
772 3427 1235 3495 quemadmodum
1273 3429 1363 3492 qui
1401 3428 1666 3482 obscuros
1703 3439 1756 3482 et
1791 3429 2037 3482 infirmos

468 3516 656 3570 oculos
676 3516 963 3570 immodica
980 3518 1099 3570 luce
1113 3517 1294 3571 subito
1308 3517 1523 3586 explere
1537 3519 2035 3584 conantur,fontem

468 3605 605 3658 lucis
675 3605 994 3669 debilitant;
1057 3622 1156 3661 nec
1207 3622 1401 3660 rursus
1457 3620 1721 3677 perpetuo
1798 3612 2037 3664 abditam

469 3697 896 3761 abstrusamque
921 3702 1223 3757 teneamus,
1255 3708 1354 3747 nec
1389 3704 1606 3748 nostros
1632 3698 1700 3748 ab
1731 3697 2036 3752 orthodoxa

469 3786 574 3841 fide
599 3796 909 3840 avertatnus
936 3795 1100 3854 atque
1139 3785 1435 3855 perdamus
1465 3801 1480 3839 :
1513 3803 1701 3840 verum
1741 3790 2037 3857 prudenter

467 3886 519 3932 et
553 3877 756 3931 sensim
787 3891 852 3930 ac
911 3877 1105 3930 leniter
1165 3877 1374 3930 alienos
1412 3878 1478 3931 ad
1533 3881 1814 3933 veritatem
1859 3881 2037 3934 addu-

466 3981 694 4021 camus:
724 3968 869 4036 quod
907 3969 1148 4022 nondum
1179 3977 1395 4037 tempus
1433 3969 1503 4024 sit
1543 3971 1888 4040 perfectioris
1934 3973 2038 4027 (10-

467 4058 660 4111 ctrinae
688 4059 1002 4123 fundcndae,
1051 4074 1172 4127 quae
1209 4060 1534 4127 promiscuae
1583 4062 1756 4129 plebis
1790 4063 2034 4118 auditum

468 4157 803 4218 captumque
842 4159 1089 4219 superat.

532 4243 649 4296 Col.
686 4243 789 4296 458
819 4243 876 4301 Β,
913 4245 974 4298 Si
1007 4245 1244 4312 quidem,
1271 4247 1435 4312 oriri,
1467 4263 1556 4300 nec
1584 4248 1901 4315 increatum,
1925 4261 2030 4306 etc.

464 4334 739 4389 Adversus
779 4337 1084 4390 contrarias
1129 4336 1195 4390 de
1238 4337 1441 4406 Spiritu
1499 4353 1689 4396 sancto
1735 4345 2032 4398 sententias

466 4429 779 4482 accuratius
841 4431 1201 4500 exactiusque
1273 4435 1325 4484 in
1394 4433 1642 4486 oratione
1694 4435 1760 4488 de
1824 4437 2028 4505 Spiritu

464 4529 653 4576 sancto
691 4520 1005 4590 Theologus
1058 4525 1376 4593 disputavit.
1430 4523 1540 4578 llac
1571 4527 1733 4594 igitur
1769 4529 2038 4584 divisione

474 4615 646 4665 utitur
677 4630 690 4664 :
721 4613 958 4681 Spiritus
991 4627 1237 4682 sanctus,
1271 4626 1365 4669 aut
1411 4633 1504 4685 per
1541 4633 1597 4670 se
1651 4621 1918 4684 subsistit,
1956 4630 2036 4674 δια

463 4721 571 4776 que
598 4714 682 4760 est
717 4711 950 4762 essentia
988 4727 999 4761 :
1029 4721 1122 4763 aut
1146 4712 1198 4763 in
1221 4715 1390 4766 altero
1409 4728 1510 4766 con
1533 4713 1807 4777 .ideratur,
1832 4730 1895 4769 ac
1919 4723 2032 4768 tum

462 4797 742 4852 accidens.
769 4801 1160 4855 nominabitur.
1196 4803 1251 4855 Si
1280 4805 1530 4858 accidens
1575 4815 1678 4868 est,
1715 4807 1902 4876 utique
1939 4806 2032 4861 Dei

466 4899 622 4943 actus
649 4891 774 4944 crit.
823 4888 996 4944 Porro
1047 4893 1092 4946 si
1151 4903 1305 4947 actus
1375 4905 1479 4958 est,
1538 4908 1730 4964 agetur
1763 4896 2026 4965 profecto,

465 4992 574 5030 non
609 4987 786 5032 autem
831 4987 952 5047 aget
1007 4999 1020 5034 :
1092 4996 1156 5033 ac
1212 4983 1376 5034 simul
1440 4995 1600 5050 atque
1639 4995 1792 5038 actus
1841 4987 2025 5052 fuerit,

462 5069 622 5123 finem
661 5071 902 5124 habebit.
940 5073 1263 5140 llujusntodi
1297 5074 1442 5127 enim
1479 5085 1561 5128 est
1617 5084 1768 5129 actus
1806 5088 2027 5132 natura.

461 5164 622 5232 Atqui
661 5163 896 5232 Spiritus
927 5164 1057 5232 agit,
1089 5173 1141 5216 ct
1174 5165 1421 5233 quaedam
1470 5167 1620 5233 dicit,
1656 5178 1708 5221 et
1748 5182 2022 5241 segregat,

463 5266 518 5307 et
541 5269 773 5309 mmrore
799 5254 1050 5318 allicitur,
1076 5265 1126 5308 ct
1147 5255 1410 5320 irritatur,
1433 5266 1484 5309 et
1512 5269 1704 5310 cwtera
1726 5262 1842 5324 ejus
1863 5276 2025 5329 gene-

460 5349 556 5412 ris,
582 5364 703 5417 quae
727 5364 832 5402 non
865 5348 1060 5410 motui,
1113 5349 1205 5401 sed
1239 5350 1285 5401 ei
1339 5351 1484 5416 quod
1532 5362 1737 5403 motum
1771 5352 2022 5418 habebat,

457 5441 810 5502 conveniunt,
862 5439 964 5494 hoc
1000 5449 1104 5501 est,
1155 5442 1356 5508 agenti,
1393 5457 1455 5494 ac
1491 5458 1597 5494 non
1656 5444 1819 5496 actui.
1857 5446 2025 5500 Actus

459 5531 637 5598 itaque
668 5548 774 5584 non
809 5544 890 5586 est
917 5532 1158 5602 Spiritus
1190 5544 1434 5587 sanctus.
1463 5532 1578 5587 Jam
1618 5537 1660 5588 si
1710 5538 2016 5591 substantia

524 5705 570 5736 ⁸⁵
613 5702 754 5758 I‘sal.
803 5722 882 5770 ιιι,
923 5709 975 5760 5.
1050 5711 1096 5741 ⁸⁸
1130 5707 1285 5765 Joan.
1343 5726 1451 5774 xrv,
1511 5715 1592 5767 16.

1673 5715 1713 5744 ’⁵⁷
1770 5715 1927 5766 Rom.
1975 5729 2094 5783 vm,
2148 5718 2201 5768 2.

2143 3180 2387 3236 sanctus,
2422 3181 2604 3240 utpote
2643 3171 2885 3240 ejusdem
2933 3185 3054 3224 cum
3103 3169 3240 3223 Filio
3289 3169 3610 3224 substantia:
3652 3184 3716 3222 ac

2141 3262 2486 3333 potestatis):
2537 3264 2604 3327 si,
2639 3264 2882 3332 itquam,
2917 3262 3178 3331 Spiritum
3218 3271 3466 3315 sanctum
3499 3275 3714 3316 servant

2139 3357 2323 3410 dicere
2356 3370 2462 3409 non
2504 3355 2739 3418 audetis,
2770 3355 2912 3422 quod
2946 3354 3213 3422 sequitur,
3247 3363 3408 3423 atque
3453 3354 3579 3406 hinc
3606 3352 3714 3407 col-

2139 3447 2347 3514 ligitur,
2379 3447 2662 3500 nobiscum
2703 3457 2755 3500 et
2786 3461 2908 3500 cum
2941 3443 3146 3514 Spiritu
3188 3455 3378 3499 sancto
3405 3445 3712 3514 expendite.

2137 3540 2502 3607 Aliquatenus
2539 3539 2683 3593 enim
2737 3539 2906 3606 ipsius
2949 3537 3236 3605 participes
3290 3537 3458 3599 estis,
3485 3550 3715 3602 eamque

2139 3632 2208 3684 ob
2252 3645 2472 3684 causam
2525 3646 2618 3684 vos
2667 3644 2776 3683 non
2817 3630 3044 3682 omnino
3092 3645 3122 3682 a
3168 3639 3313 3682 coetu
3359 3636 3412 3681 et
3444 3626 3714 3695 colloquio

2140 3732 2331 3792 nostro
2363 3721 2546 3789 ejicio.
2575 3720 3040 3790 quemadmodum
3077 3720 3197 3773 illos
3230 3733 3459 3788 prorsus
3484 3717 3712 3777 alienos,

2139 3812 2232 3880 qui
2264 3811 2573 3865 daemonum
2626 3810 2965 3878 intemperiis
3012 3810 3306 3878 agitantur,
3345 3823 3408 3863 ac
3447 3807 3710 3877 Spiritum

2139 3911 2448 3956 creaturam
2475 3916 2596 3956 esse
2625 3901 2894 3955 allirmant
2920 3919 2936 3968 ;
2961 3901 3091 3971 quin
3126 3902 3307 3970 potius
3334 3914 3429 3954 vos
3458 3899 3712 3962 admitto,

2139 4009 2204 4048 ac
2248 3993 2557 4058 vobiscum,
2606 3993 2758 4047 velut
2799 4007 2924 4047 cum
2973 3995 3041 4046 iis
3089 3992 3182 4062 qui
3220 3991 3330 4060 jam
3375 3990 3444 4046 ad
3495 4000 3715 4045 nostras

2137 4096 2320 4156 partes
2360 4085 2605 4156 adjuncti
2650 4096 2798 4150 sunt,
2833 4093 2949 4152 aut,
2999 4094 3058 4138 ut
3105 4098 3286 4153 spero,
3322 4083 3713 4153 adjungentur,

2136 4182 2444 4237 doctrinam
2492 4181 2560 4236 de
2610 4181 2819 4250 Spiritu
2870 4191 3060 4235 sancto
3111 4180 3274 4234 simul
3324 4182 3600 4237 discutere
3653 4198 3714 4237 ac

2137 4274 2469 4343 perpendere
2495 4273 2640 4328 volo.
2665 4273 2924 4338 Quaenam
2952 4282 3130 4328 autem
3158 4284 3240 4328 est
3266 4275 3377 4328 tunc
3405 4275 3712 4331 discussio!

2138 4365 2547 4419 Contrariorum
2602 4366 2705 4419 alia
2759 4366 2938 4419 medio
2991 4375 3181 4420 carent
3232 4374 3289 4418 ut
3343 4365 3612 4434 integrum
3660 4376 3709 4420 et

2064 4436 2108 4492 θ
2136 4456 2489 4524 superfluum,
2522 4457 2614 4510 lux
2657 4467 2711 4510 et
2753 4457 2990 4511 tenebras
3018 4458 3233 4524 (horum
3279 4457 3425 4510 enim
3475 4459 3708 4512 tnedium

2134 4548 2341 4600 nullum
2391 4548 2518 4618 est),
2555 4549 2661 4602 alia
2704 4549 2939 4603 medium
2993 4549 3209 4601 habent.
3258 4545 3472 4602 Rursus
3519 4564 3709 4602 eorum

2133 4649 2254 4702 quae.
2291 4636 2528 4688 medium
2581 4635 2800 4700 habent,
2834 4637 2938 4688 alia
2987 4635 3223 4689 medium
3273 4651 3440 4688 unum
3487 4636 3708 4695 habem,

2135 4738 2194 4782 ut
2219 4728 2428 4798 justum
2462 4738 2516 4782 et
2563 4728 2828 4795 injustum
2875 4731 3092 4799 (horum
3129 4729 3276 4782 enim
3328 4731 3568 4782 medium
3603 4740 3706 4787 est,

2134 4820 2277 4888 quod
2325 4827 2581 4872 neutrum
2617 4819 2762 4887 est);
2814 4820 2918 4872 alia
2963 4829 3165 4882 autem,
3213 4818 3371 4887 plura
3420 4821 3618 4882 media,
3654 4829 3706 4872 ut

2138 4910 2318 4963 album
2359 4919 2412 4963 et
2446 4910 2695 4979 nigrum:
2739 4913 2933 4966 borum
2965 4915 3106 4965 enim
3143 4914 3318 4964 media
3355 4912 3525 4964 multa
3556 4897 3706 4970 sun},

2136 5002 2384 5068 fuscum,
2445 5004 2736 5072 pallidum,
2794 5006 3054 5068 rubrum,
3117 5004 3334 5057 flavum.
3391 5005 3705 5056 caeruleum.

2137 5093 2341 5145 Eodem
2393 5093 2555 5163 igitur
2587 5095 2747 5148 modo
2791 5095 3093 5148 dominium
3121 5105 3172 5148 et
3199 5095 3452 5150 servitus.
3486 5109 3607 5146 cum
3642 5097 3704 5145 dc

2134 5183 2301 5236 rebus
2351 5179 2594 5237 fortuitis
2641 5185 2839 5252 agitur,
2896 5185 3128 5238 medium
3184 5186 3382 5236 habent
3429 5186 3594 5249 (inter
3643 5199 3702 5234 ea

2135 5272 2276 5325 enim
2314 5274 2536 5328 libertas
2577 5277 2857 5343 interjecta
2889 5279 3028 5342 est);
3065 5293 3184 5330 cum
3227 5286 3404 5329 autem
3440 5277 3509 5328 de
3548 5286 3701 5326 Italtl-

2135 5363 2344 5415 raiibus
2409 5379 2592 5418 ser-mo
2660 5366 2910 5429 habetur,
2978 5381 3203 5433 prorsus
3265 5367 3442 5418 medio
3495 5376 3699 5418 carent.

2137 5452 2289 5518 Quod
2331 5456 2376 5508 si
2414 5457 2650 5509 medium
2685 5457 2940 5525 quiddam
2991 5459 3130 5511 inter
3165 5458 3466 5512 dominium
3498 5467 3551 5510 et
3584 5472 3699 5509 ser-

2134 5549 2360 5600 vitutcm
2409 5563 2528 5601 esse
2572 5549 2920 5615 contenditis,
2974 5551 3205 5605 medium
3261 5550 3392 5602 illud
3441 5548 3697 5619 proferte,

2280 5717 2323 5746 ⁸⁸
2374 5715 2546 5771 Galat.
2586 5733 2657 5784 IV,
2693 5721 2743 5785 6,
2783 5723 2829 5775 7.
