4076 6292
397 393 530 460 MS?
1374 395 1692 457 NICETAS
1728 397 1807 456 IN
1850 396 2069 456 ORAT.
2102 395 2280 457 XLIV
2321 394 2381 454 S.
2423 391 2652 453 GREG.

3476 380 3643 446 1553‘

388 509 554 569 atque
595 499 868 570 exponite,
893 499 1171 570 quodnam
1221 500 1273 555 id
1322 501 1415 567 sit,
1445 512 1506 555 ut
1553 500 1664 555 illic
1695 501 1951 571 Spiritum
1983 503 2029 563 Α
2058 515 2196 571 quas
2241 499 2414 569 magis
2438 493 2720 551 honoratis
2751 506 2814 546 ac
2843 487 3200 552 veneramini,
3250 495 3331 541 ut~
3362 488 3619 558 probatas

385 591 669 646 collocem.
719 593 883 661 Atqtti
918 592 1050 646 nihil
1086 591 1324 647 medium
1373 592 1512 647 inter
1545 591 1859 648 servitutem
1901 598 1955 644 et

386 682 687 736 dominium
739 683 917 737 afferri
966 692 1163 752 potest.
1214 683 1257 737 A
1304 683 1529 737 veritate
1577 681 1740 750 igitur
1776 682 1951 751 pressi

387 784 553 843 atque
599 774 797 839 coaeti,
841 789 906 829 eo
945 773 1255 844 adigemini,
1307 781 1364 828 ut
1397 772 1659 842 Spiritum
1708 782 1951 829 sanctum

389 863 559 919 Deum
596 879 659 919 ac
706 863 996 918 Dominum
1033 863 1333 918 fateamini.
1379 862 1514 917 Nam
1559 863 1604 918 si
1650 864 1848 932 ipsum,
1897 871 1957 916 ut

388 972 484 1024 par
532 964 651 1017 est,
707 969 928 1010 servum
982 955 1162 1009 dicere
1214 954 1610 1016 reformidatis,
1668 953 1953 1008 Dominum

385 1061 513 1101 eum
562 1061 626 1101 ac
674 1045 843 1099 Deum
898 1045 1055 1099 fateri
1105 1046 1259 1099 vobis
1310 1058 1532 1100 necesse
1576 1044 1699 1099 erit.
1746 1043 1954 1098 Etenim

386 1137 483 1205 qui
524 1137 588 1190 de
622 1136 951 1190 immediatis
981 1135 1272 1191 contrariis
1305 1137 1690 1206 interrogatur,
1724 1136 1955 1189 duorum

384 1227 619 1280 alterum
669 1225 1001 1295 respondere
1049 1241 1269 1281 necesse
1320 1227 1480 1281 habet
1522 1244 1535 1280 :
1572 1241 1682 1279 non
1728 1225 1854 1280 item
1901 1225 1955 1278 in

386 1316 661 1371 mediatis.
693 1315 817 1371 Haec
858 1326 1039 1371 autem
1082 1317 1284 1372 idcirco
1312 1332 1342 1371 a
1374 1316 1639 1387 Gregorio
1677 1315 1956 1379 dicuntur,

384 1408 648 1475 quoniam
680 1406 903 1476 quidam
952 1423 1016 1460 ex
1046 1407 1114 1460 iis
1143 1407 1234 1476 qtti
1268 1406 1492 1477 Spiritui
1535 1415 1726 1460 sancto
1755 1404 1955 1459 bellum

385 1495 738 1558 indixerant,
789 1509 889 1550 nec
938 1493 1224 1549 Dominum
1278 1509 1341 1549 ac
1389 1494 1556 1547 Deum
1602 1508 1726 1547 eum
1779 1492 1960 1547 dicere

385 1586 753 1649 sustinebant,
781 1586 923 1655 quod
953 1594 1137 1653 aperte
1165 1586 1217 1639 id
1248 1587 1300 1638 in
1331 1583 1614 1654 Scriptura
1638 1598 1956 1654 expressum

387 1693 497 1731 non
539 1685 683 1731 esset
727 1691 873 1731 :nec
919 1691 1111 1729 rursus
1157 1691 1373 1730 servum
1422 1690 1618 1730 vocare
1660 1676 1954 1731 audebant.

385 1764 473 1819 Ab
519 1765 585 1819 iis
630 1765 795 1835 igitur
840 1773 1149 1834 extorquet,
1183 1749 1252 1818 ne
1295 1774 1591 1835 utrumque
1625 1766 1953 1829 inficientur,

2056 600 2112 645 et
2137 591 2189 644 in
2232 590 2514 660 Scriptura
2556 598 2864 656 expressas.
2900 581 3172 649 Quoniam
3220 580 3364 634 enim
3390 581 3607 633 unicam

2059 680 2203 736 hanc
2247 694 2461 744 vocem,
2511 677 2677 736 Deus.
2727 675 2886 728 nobis
2924 669 3434 741 daregravamini,
3484 668 3619 722 alias

2056 773 2244 827 saltem
2294 772 2436 836 date,
2483 769 2630 825 verbi
2661 767 2855 838 gratia,
2911 765 3055 834 quod
3108 762 3346 832 Spiritus
3396 769 3631 815 sanctus.

2056 859 2332 915 increatus
2353 859 2442 924 sit,
2474 858 2620 927 quod
2650 855 3015 924 omnipotens,
3062 858 3117 905 et
3141 850 3378 918 reliquas
3425 847 3619 915 hujus-

2059 951 2201 1004 modi
2238 992 2253 1015 ,
2307 964 2374 1004 ex
2436 948 2646 1018 quibus
2694 942 3085 1013 compendioso
3146 938 3378 994 artificio
3440 938 3616 1005 ipsum

2057 1053 2277 1108 quoque
2313 1037 2480 1093 Deum
2502 1049 2627 1090 esse
2673 1033 3015 1102 colligamus.
3062 1027 3174 1081 Nos
3205 1030 3389 1079 autem
3438 1021 3618 1076 haud-

2058 1142 2331 1199 quaquam
2381 1141 2478 1182 vos
2517 1133 2574 1179 ut
2616 1136 2814 1193 pravos
2881 1128 2937 1174 et
2994 1117 3288 1173 sceleratos
3317 1113 3620 1169 exsecrabi-

2059 1235 2200 1283 mur,
2228 1219 2322 1274 sed
2352 1228 2409 1273 ut
2447 1216 2696 1270 inﬁrmos
2723 1212 3058 1267 medicorum
3090 1222 3242 1262 more
3279 1204 3635 1267 curabimus,

2059 1310 2400 1382 ignoratione
2462 1306 2644 1377 potius
2677 1318 2841 1374 quam
2887 1300 3124 1356 amentia
3174 1298 3319 1353 circa
3356 1295 3484 1349 fidei
3519 1294 3619 1349 do-

2060 1402 2289 1458 ctrinam
2327 1396 2686 1458 offendentes,
2716 1408 2779 1447 ae
2807 1401 3029 1461 propter
3058 1388 3257 1442 mentis
3303 1387 3631 1459 languorem

2059 1501 2112 1547 ct
2157 1489 2589 1545 imbecillitatem
2639 1482 2958 1554 huiusmodi
2989 1495 3176 1535 vocem
3230 1478 3479 1548 proferre
3513 1490 3633 1527 non.

2059 1581 2343 1636 audentes.
2390 1577 2521 1632 Eam
2551 1584 2729 1630 autem
2760 1574 2814 1627 in
2852 1570 3095 1627 curando
3123 1566 3633 1623 rationemrtenebk

2060 1688 2217 1740 mus,
2269 1683 2329 1727 ut
2376 1682 2721 1740 nequaquam
2780 1680 2970 1735 puram
3030 1664 3098 1718 de
3156 1662 3394 1731 Spiritus
3446 1660 3635 1714 sancti.

2059 1764 2343 1818 divinitate
2369 1761 2675 1816 doctrinam
2722 1757 2876 1811 vobis
2922 1755 3315 1825 propinemus,
3364 1752 3459 1808 sed
3487 1767 3627 1805 non.

388 1870 583 1924 nempe
612 1829 756 1926 quod
793 1870 892 1909 nec
926 1829 1135 1921 servus,
1177 1872 1277 1910 nec
1308 1829 1572 1912 Dominus
1615 1858 1689 1913 sit
1723 1856 1959 1926 Spiritus
1990 1829 2029 1884 θ
2063 1854 2209 1908 nulla
2260 1865 2478 1921 quoque
2507 1850 2718 1911 verba.~
2752 1862 2874 1917 quae
2912 1846 3067 1901 vobis
3115 1846 3291 1915 magis
3337 1844 3619 1905 arrident,

386 1957 613 2002 sanctus
644 1965 657 2000 :
700 1948 956 2017 quoniam
991 1948 1126 2001 nihil
1172 1948 1242 2002 sit
1278 1949 1520 2012 tertium,
1553 1950 1694 2019 quod
1730 1964 1958 2018 respon-

387 2039 568 2094 dendo
607 2039 849 2108 proferre
900 2048 1122 2108 queant,
1172 2055 1383 2107 verum,
1434 2044 1689 2110 quoniam
1741 2056 1957 2095 servum

388 2147 511 2185 cum
563 2131 747 2186 dicere
795 2129 1104 2202 refugiunt,
1154 2133 1485 2202 persuadere
1531 2133 1612 2187 eis
1661 2133 1852 2188 nititur
1902 2142 1962 2188 ut

390 2221 537 2289 quod
576 2222 846 2291 reliquum
888 2231 971 2277 est
1018 2221 1312 2288 fateantur,
1364 2223 1623 2293 Spiritum
1667 2223 1959 2279 Dominum

390 2327 512 2366 esse
559 2329 573 2366 :
623 2314 1062 2382 quandoquidem
1126 2314 1272 2368 inter
1320 2314 1597 2369 dominum
1648 2325 1701 2368 et
1745 2330 1958 2370 servum

396 2399 601 2453 nullum
646 2404 717 2454 sit
752 2402 1013 2455 medium.
1046 2405 1112 2455 At
1140 2401 1378 2472 syllabas
1426 2401 1653 2456 moleste
1683 2400 1874 2455 fertis?
1908 2401 1958 2455 id

391 2499 511 2555 cst,
570 2506 764 2546 nomen
818 2493 959 2556 hoc,
1016 2491 1197 2553 Deus,
1253 2491 1378 2561 quia
1430 2507 1692 2561 expresso
1744 2493 1963 2548 nomine

388 2582 626 2651 Spiritus
671 2598 893 2638 sanctus
937 2585 989 2636 in
1045 2583 1329 2653 Scriptura
1367 2582 1508 2639 Deus
1557 2600 1665 2638 non
1719 2585 1958 2639 dicitur:

391 2685 456 2723 ac
486 2680 771 2739 propterea
804 2673 869 2725 ad
915 2676 1052 2727 hanc
1086 2688 1292 2738 vocem,
1326 2681 1584 2742 tanquam
1628 2675 1693 2728 ad
1733 2676 1962 2742 lapidem

394 2762 685 2831 quemdam
726 2763 1048 2832 impingitis,
1085 2773 1247 2834 atque
1282 2766 1331 2818 id
1367 2765 1521 2820 vobis
1553 2764 1873 2820 offensionis
1903 2782 1965 2821 ae

393 2852 676 2909 divisionis
705 2870 869 2909 causa
899 2866 981 2911 est
1015 2873 1027 2911 :
1070 2871 1168 2911 nec
1202 2857 1424 2920 mirunt,
1470 2872 1594 2913 eum
1643 2858 1757 2928 ipse
1799 2859 1961 2914 etiam

390 2947 645 3003 Christus
694 2950 764 3005 ob
815 2964 1036 3004 carnem
1088 2950 1413 3020 quibusdam
1461 2952 1718 3005 scandan
1768 2952 1961 3019 fuerit,

393 3042 853 3109 quemadmodum
886 3050 938 3096 ct
980 3044 1303 3113 praedixerat
1344 3042 1529 3108 Isaias,
1562 3052 1616 3096 et
1657 3041 1853 3098 Paulus
1896 3045 1963 3097 ad

2062 1942 2456 1997 atlmisceamus
2509 1956 2524 1994 :
2580 1953 2687 1991 non
2764 1951 2926 1991 secus
2986 1950 3050 1990 ac
3133 1933 3329 1990 medici
3380 1934 3623 2003 jucunda

2060 2033 2310 2104 qutedam
2376 2029 2768 2100 mgrotantibus
2836 2027 3170 2097 indulgent,
3232 2040 3343 2096 quo
3410 2023 3655 2079 facilius.

2060 2123 2386 2177 medicinam
2411 2120 2718 2175 admittant.
2750 2117 2933 2188 Turpe
2956 2117 3102 2173 enim
3132 2128 3215 2173 est
3250 2127 3304 2172 et
3341 2119 3627 2188 perabsur-

2061 2213 2213 2279 dum,
2262 2227 2384 2277 vos,
2443 2226 2566 2267 cum
2627 2212 2811 2265 animo
2852 2209 2970 2265 sani
3003 2219 3057 2263 et
3118 2208 3425 2264 incolumes
3471 2209 3645 2273 sitis,

2063 2306 2357 2380 (quatenus
2428 2304 2693 2375 Spiritum
2761 2310 3011 2358 sanctum
3087 2301 3392 2357 rectissime
3455 2301 3626 2356 Deum

2062 2397 2406 2467 existimatis)
2447 2397 2655 2451 minute
2674 2396 2819 2452 circa
2840 2397 2992 2450 vocis
3013 2410 3209 2451 sonum
3237 2395 3386 2449 litem
3412 2409 3624 2458 creare,

2064 2506 2127 2544 ac
2181 2489 2444 2542 tenaciter
2497 2487 2815 2551 immorari,
2872 2487 3054 2541 dicere
3106 2485 3348 2540 nolentes
3395 2485 3447 2540 id
3481 2486 3628 2556 quod

2066 2580 2247 2634 animo
2303 2579 2550 2646 creditis,
2610 2579 2870 2632 nimirum
2915 2579 3059 2647 quod
3110 2576 3346 2645 Spiritus
3407 2585 3630 2631 sanctus

2067 2670 2209 2724 Deus
2263 2671 2336 2724 sit
2382 2685 2619 2725 :verum
2653 2671 2967 2725 thesaurum
2998 2707 3013 2729 ,
3066 2683 3228 2736 quem
3295 2669 3351 2721 in
3414 2676 3631 2737 pectore

2066 2759 2300 2825 habetis,
2354 2759 2777 2823 abscondentes,
2828 2767 2886 2812 ut
2921 2757 3288 2828 suspicionem
3341 2756 3628 2822 moveatis,

2065 2852 2115 2906 id
2146 2867 2208 2906 ea
2249 2854 2314 2906 de
2342 2865 2507 2906 causa
2538 2866 2569 2904 a
2595 2851 2750 2904 vobis
2775 2849 2913 2914 fieri,
2954 2850 3036 2902 vel
3061 2849 3205 2917 quod
3231 2848 3354 2901 aliis
3382 2847 3627 2901 invidea-

2065 2941 2155 3005 tis,
2189 2956 2253 2994 ac
2285 2941 2386 2994 soli
2424 2939 2526 2992 hac
2551 2939 2862 3007 cognitione
2910 2948 2965 2991 et
3013 2937 3263 2991 scientia.-
3287 2935 3395 2989 frui
3427 2936 3633 3001 velitis,

2064 3031 2150 3084 vel
2218 3031 2364 3097 quod
2421 3028 2701 3092 metuatis,
2764 3041 2834 3080 ne
2897 3025 3102 3094 linguae
3157 3038 3379 3093 quoque
3442 3034 3633 3080 vestrae

394 3130 671 3188 liornanos
697 3132 944 3188 scribens
973 3134 1362 3203 interpretatus
1388 3144 1472 3189 est
1501 3155 1513 3189 :
1541 3133 1770 3203 Olfenait
1794 3135 1961 3201 enim,

2067 3119 2329 3177 sanctitas
2384 3121 2501 3187 ipsa
2552 3114 2995 3186 pronuntiatione
3025 3124 3632 3183 comparetur:quem-

393 3224 594 3293 inquit,
624 3231 690 3277 ad
729 3225 959 3294 lapidem
997 3227 1324 3295 offensionis,
1367 3227 1503 3280 sicut
1546 3229 1799 3295 scriptum
1842 3240 1960 3280 est:

391 3313 531 3368 Ecce
565 3331 700 3384 pono
745 3317 798 3368 in
844 3314 970 3370 Sion
1015 3316 1240 3384 lapidem
1294 3316 1620 3385 oﬂ'ensionis,
1663 3324 1712 3369 et
1758 3325 1962 3385 petram

389 3407 725 3461 scandali".
768 3407 1132 3473 Quamobrem
1176 3408 1223 3464 si
1267 3408 1369 3462 hoc
1401 3425 1498 3462 vos
1546 3407 1787 3472 offendit,
1819 3408 1963 3478 quod

391 3513 661 3567 nusquam
713 3498 1007 3569 Scriptura:
1058 3500 1236 3554 verbis
1287 3516 1606 3571 expressum
1659 3503 1765 3567 sit,
1818 3503 1964 3572 quod

394 3588 637 3657 Spiritus
686 3590 756 3644 sit
806 3591 969 3658 Deus,
1014 3591 1252 3646 humano
1297 3606 1483 3647 errore
1528 3592 1664 3663 lapsi
1714 3595 1866 3656 estis,
1900 3611 1965 3650 ac

391 3679 553 3735 vobis
607 3682 960 3751 ignoscimus.
1012 3681 1256 3749 Agedum
1309 3680 1476 3753 igitur
1536 3686 1962 3740 controversiam

393 3774 788 3844 transigamus,
839 3774 892 3828 id
942 3784 1048 3840 est,
1091 3774 1266 3829 amice
1316 3784 1371 3828 et
1419 3775 1642 3845 paeifice
1682 3775 1821 3831 inter
1866 3794 1964 3832 nos

394 3863 693 3918 clliciamur
746 3880 761 3919 :
816 3865 977 3933 idque
1031 3881 1137 3920 non
1191 3866 1510 3936 simpliciter
1563 3868 1654 3920 sed
1706 3869 1962 3938 spiritua-

393 3957 521 4010 litcr
570 3954 856 4020 faciamus,
913 3956 1014 4009 hoc
1052 3964 1170 4023 est,
1201 3966 1257 4011 ut
1310 3956 1536 4025 Spiritui
1591 3968 1803 4027 gratum
1856 3969 1957 4014 est.

397 4043 622 4098 Gratum
686 4053 770 4099 est
826 4055 1042 4108 autem,
1099 4055 1189 4112 ut,
1244 4045 1464 4114 privatis
1524 4047 1964 4101 contentionibus

398 4134 858 4206 opinionibusque
923 4136 1162 4203 relictis,
1225 4136 1453 4189 aliorum
1529 4137 1788 4193 utilitates
1842 4153 1965 4192 cum

396 4229 545 4285 omni
626 4228 1019 4299 tranquillitate
1089 4244 1446 4299 procuremus
1531 4246 1545 4283 :
1626 4229 1772 4299 quod
1841 4229 1965 4300 qui-

397 4324 518 4377 dem
556 4319 762 4376 faciunt
791 4321 884 4391 qui
932 4332 1047 4375 non
1089 4322 1197 4384 sui,
1239 4321 1333 4376 sed
1382 4321 1611 4375 fratrum
1666 4335 1730 4375 ac
1783 4321 1967 4391 proxi—

350 4408 613 4485 _'morum
662 4426 848 4465 amore
893 4411 1129 4482 correpti
1174 4419 1323 4467 sunt.
1370 4407 1419 4465 Is
1448 4421 1629 4465 autem
1664 4411 1747 4465 sui
1781 4425 1967 4463 amore

2067 3210 2360 3266 admodum
2415 3209 2596 3262 anima
2654 3222 2752 3277 per
2808 3217 3013 3261 rectam
3064 3204 3133 3259 de
3184 3204 3392 3275 Spiritu
3438 3214 3630 3261 sancto

2064 3302 2225 3358 fidem
2282 3300 2623 3357 sanctificata
2673 3306 2778 3355 est.
2810 3297 3053 3368 Turpius
3096 3308 3279 3352 autem
3334 3297 3488 3353 nobis
3522 3304 3629 3362 est,

2065 3395 2110 3451 si
2143 3394 2284 3449 idem
2314 3394 2601 3449 admittere
2631 3392 3059 3463 comperiantur,
3086 3390 3232 3460 quod
3263 3389 3417 3445 vobis
3440 3388 3633 3458 objici—

2071 3501 2216 3551 mus,
2242 3486 2348 3541 hoc
2378 3493 2484 3547 est,
2528 3498 2653 3545 cum
2681 3498 2781 3537 vos
2823 3496 3170 3547 accusamus,
3207 3489 3263 3534 ut
3297 3480 3443 3536 circa
3475 3478 3628 3532 vocis

2072 3593 2267 3633 sonum
2320 3578 2510 3649 jejune
2574 3585 2629 3631 et
2688 3574 2988 3644 praeparce"
3023 3572 3290 3650 affectos,
3339 3586 3439 3625 nee
3507 3585 3629 3624 eam

2066 3671 2448 3735 intendentes,
2498 3668 2662 3723 iidem
2715 3676 2950 3736 quatuor
3010 3665 3216 3720 litteras
3274 3664 3442 3735 (quae
3482 3675 3630 3730 sunt,

2070 3757 2237 3832 Deus)
2273 3760 2503 3815 nimium
2548 3759 2709 3814 anxie
2752 3772 3169 3828 persequamur,
3205 3770 3305 3811 nec
3349 3756 3506 3810 aliter
3534 3771 3633 3809 vos

2065 3852 2439 3917 admittamus,
2471 3866 2634 3921 quam
2668 3851 2714 3906 si
2736 3865 2830 3905 eas
2856 3847 3221 3919 pronuntietis
3255 3864 3269 3900 :
3308 3846 3532 3916 perinde
3571 3860 3635 3898 ae

2066 3945 2110 3998 si
2149 3942 2321 4011 pietas
2357 3942 2410 3995 in
2444 3940 2760 3995 nominibus
2792 3940 2969 4009 posita
3000 3938 3093 4005 sit,
3124 3951 3233 3990 non
3260 3936 3316 3989 in
3340 3936 3526 3990 rebus.

2135 4045 2249 4101 Col.
2288 4044 2392 4099 459
2419 4044 2478 4098 Β.
2505 4043 2843 4109 Trinitatem,
2886 4060 2916 4096 ο
2948 4041 3066 4109 viri,
3100 4041 3255 4094 unius
3295 4038 3505 4093 deitatis
3522 4054 3635 4093 esse

2068 4138 2363 4206 fateamini,
2402 4148 2511 4191 etc.
2572 4134 2900 4200 Fateamini,
2955 4132 3156 4202 inquit,
3198 4148 3231 4186 ο
3274 4131 3460 4195 amici,
3506 4145 3636 4189 san:

2066 4240 2208 4285 ctam
2241 4227 2561 4282 Trinitatem
2596 4227 2756 4280 unius
2781 4240 2903 4281 esse
2930 4225 3243 4279 divinitatis
3271 4238 3336 4277 ae
3372 4232 3578 4276 natura:
3617 4239 3632 4280 :

2068 4330 2230 4391 atque
2255 4334 2355 4390 ego
2407 4318 2668 4387 Spiritum
2721 4316 3013 4385 precabor,
3042 4325 3102 4370 ut
3131 4331 3234 4370 vox
3276 4314 3412 4379 lucc,
3455 4314 3593 4367 Deus
3618 4357 3634 4380 ,

2073 4410 2227 4463 vobis
2279 4408 2597 4477 inspiretur.
2655 4403 2782 4459 Haec
2833 4413 3015 4458 autem
3071 4402 3277 4457 idcirco
3325 4401 3652 4467 Theologus

351 4480 361 4503 ³
399 4510 633 4565 tenetur,
686 4502 781 4570 qtti
837 4480 1210 4571 quaeritvqua:
1267 4517 1366 4555 sua
1424 4511 1586 4567 sunt;
1648 4501 1968 4570 φιλάδελφος
2002 4480 2043 4533 υ
2075 4502 2223 4567 dicit,
2259 4500 2519 4571 quoniam
2543 4499 2651 4553 illis
2683 4497 2856 4552 levius
2895 4494 3180 4550 videbatur
3212 4495 3421 4558 dicere,
3456 4492 3638 4547 Trini-

401 4599 579 4641 autem
625 4589 672 4642 is
721 4596 821 4653 est,
875 4592 966 4658 qui
1017 4591 1248 4644 aliorum
1292 4592 1593 4644 commodis
1634 4590 1823 4644 servit.
1870 4590 1970 4644 Ve-

401 4692 557 4742 rum,
617 4692 737 4745 qua:
806 4678 1092 4732 laudabilis
1149 4680 1453 4733 concordiae
1530 4681 1776 4733 ineundae
1835 4683 1970 4735 ratio

400 4766 543 4820 erit?
591 4766 726 4820 Date
771 4781 866 4821 vos
912 4767 1019 4820 vim
1064 4766 1363 4821 divinitatis
1406 4784 1469 4822 ac
1508 4769 1830 4837 potentiam,
1868 4769 1971 4827 hoc

400 4866 505 4924 est,
537 4858 721 4912 omnia
766 4874 888 4929 quae
918 4868 1097 4928 potest
1118 4859 1401 4923 divinitas,
1434 4860 1615 4914 omnia
1646 4876 1769 4928 quae
1794 4860 1969 4929 ipsius

403 4951 619 5019 pr0pria
684 4960 834 5018 sunt,
866 4950 1049 5004 omnia
1094 4964 1215 5019 qua:
1248 4953 1412 5005 certis
1456 4953 1597 5006 notis
1623 4952 1965 5008 divinitatem

399 5040 713 5109 exprimunt
743 5058 756 5094 :
791 5055 855 5095 ac
904 5055 1004 5094 nos
1065 5039 1326 5094 vicissim-
1356 5040 1498 5094 hanc
1543 5056 1767 5108 vocem,
1800 5040 1965 5108 Deus,

400 5128 793 5200 aliquantisper
845 5131 1002 5186 vobis
1051 5130 1460 5195 conccdemus,
1520 5146 1862 5200 nequaquam
1934 5149 1964 5187 a

403 5223 555 5275 vobis
586 5236 705 5275 eam
734 5222 1034 5293 exigentes.
1074 5221 1233 5277 Modo
1255 5224 1399 5277 enim
1433 5222 1538 5276 vim
1579 5231 1633 5277 et
1665 5224 1962 5292 potentiam

402 5313 796 5377 confiteamini,
838 5314 905 5367 de
936 5328 1066 5367 voce
1096 5314 1503 5368 contentionem
1533 5313 1758 5367 minime
1785 5329 1968 5368 move—

408 5405 611 5458 bimus.
641 5401 901 5457 Naturam
936 5413 989 5458 et
1012 5405 1347 5459 divinitatem
1381 5403 1619 5474 Spiritus
1638 5403 1811 5458 sancti
1833 5419 1969 5458 eon—

405 5495 663 5549 liteatuini
700 5496 753 5549 in
784 5496 906 5550 aliis
932 5495 1288 5560 dictionibus,
1307 5496 1557 5549 eamdem
1581 5495 1689 5548 vim
1717 5494 1968 5550 habenti-

405 5588 527 5655 bus,
556 5604 620 5644 ac
654 5587 759 5643 Deo
791 5588 1263 5657 convenientibus,
1295 5589 1496 5659 quibus
1543 5588 1667 5660 plus
1704 5587 1965 5655 tribuitis,

475 5747 520 5779 ν’
556 5744 709 5798 Rom.
744 5760 816 5809 ιχ,
852 5744 937 5807 5'2,
971 5745 1072 5809 3'5;
1106 5744 1211 5799 lsa.
1248 5761 1363 5808 vnt,
1406 5746 1491 5798 Η.

2076 4602 2236 4647 tatem
2284 4591 2447 4644 unius
2500 4604 2623 4643 esse
2664 4596 2892 4652 naturai,
2930 4578 3286 4655 quantitate
3316 4585 3418 4639 tria
3469 4600 3637 4637 unum

2078 4684 2246 4739 Deum
2282 4698 2422 4748 esse,
2461 4694 2777 4751 quanquam
2809 4678 2999 4734 eadem
3036 4681 3329 4733 verborum
3356 4676 3438 4732 vis
3473 4688 3638 4731 esset.

2076 4772 2280 4825 Deinde
2318 4769 2600 4839 subiungit
2630 4785 2645 4821 :
2677 4768 2777 4834 Qui
2834 4769 3071 4837 primum
3126 4767 3298 4832 dedit,
3352 4781 3545 4837 nempe
3584 4782 3639 4820 ut

2074 4860 2397 4915 Trinitatem
2446 4861 2608 4914 unius
2664 4873 2787 4913 esse
2836 4864 3046 4912 natura:
3104 4856 3434 4923 fateamini,
3492 4857 3640 4911 dabit

2074 4956 2235 5007 etiam
2297 4953 2640 5019 secundum,
2702 4951 2958 5005 nimirum
3034 4957 3094 5004 ut
3144 4949 3404 5020 Spiritum
3470 4948 3640 5003 Deutn

2076 5054 2261 5111 aperte
2294 5041 2686 5097 confiteamini.
2714 5040 2849 5094 Nam
2893 5040 2936 5094 si
2970 5042 3136 5094 unius
3178 5050 3388 5093 natura:
3418 5049 3477 5091 et
3500 5037 3630 5091 divi-

2076 5132 2263 5186 nitatis
2289 5141 2372 5185 est
2399 5132 2658 5194 Trinitas,
2682 5131 2928 5200 profecto
2948 5146 3072 5185 eum
3091 5145 3210 5185 eam
3233 5130 3442 5198 expleat
3472 5130 3640 5197 Spiric

2075 5233 2161 5279 tus
2200 5231 2446 5289 sanctus,
2497 5223 2613 5291 ipse
2650 5236 2869 5291 quoque
2920 5222 3063 5279 Deus
3109 5232 3211 5277 est.
3256 5221 3413 5275 Dabit
3456 5231 3640 5275 autem

2073 5314 2232 5367 vobis
2266 5312 2574 5381 huiusmodi
2598 5326 2787 5367 vocem
2825 5328 2890 5369 ae
2937 5311 3364 5376 confessionem,
3400 5312 3445 5363 si
3479 5310 3641 5365 modo

2073 5403 2404 5458 conflictatio
2428 5414 2654 5458 vestraa
2691 5404 2980 5460 timiditate
3012 5402 3278 5473 spirituali
3318 5401 3640 5470 proficisca-

2077 5507 2163 5552 tur
2213 5496 2383 5566 (quod
2430 5495 2666 5553 fortasse
2714 5497 2953 5554 timeatis
3000 5495 3203 5562 dicere,
3258 5510 3379 5563 qua:
3440 5494 3642 5562 apertis

2077 5587 2256 5643 verbis
2318 5585 2603 5659 Scriptura
2664 5602 2776 5643 non
2825 5582 3146 5656 expressit):
3209 5600 3316 5639 non
3376 5591 3556 5639 autem
3614 5598 3655 5638 a-
