  <div class='ocr_page' id='page_1' title='image "/cluster/home/n/w/nwhite01/storage/ocr_20150623/127/mdp.39015038085968/205.png"; bbox 0 0 4024 6292; ppageno 0'>
   <div class='ocr_carea' id='block_1_1' title="bbox 450 341 588 405">
    <p class='ocr_par' dir='ltr' id='par_1_1' title="bbox 450 341 588 405">
     <span class='ocr_line' id='line_1_1' title="bbox 450 341 588 405; baseline 0.007 -1"><span class='ocrx_word' id='word_1_1' title='bbox 450 341 588 405; x_wconf 78' lang='lat' dir='ltr'><strong>H59</strong></span> 
     </span>
    </p>
   </div>
   <div class='ocr_carea' id='block_1_2' title="bbox 1858 341 2243 402">
    <p class='ocr_par' dir='ltr' id='par_1_2' title="bbox 1858 341 2243 402">
     <span class='ocr_line' id='line_1_2' title="bbox 1858 341 2243 402; baseline 0.005 -2"><span class='ocrx_word' id='word_1_2' title='bbox 1858 341 2243 402; x_wconf 67' lang='lat' dir='ltr'><strong>ADDENDA.</strong></span> 
     </span>
    </p>
   </div>
   <div class='ocr_carea' id='block_1_3' title="bbox 3546 341 3689 403">
    <p class='ocr_par' dir='ltr' id='par_1_3' title="bbox 3546 341 3689 403">
     <span class='ocr_line' id='line_1_3' title="bbox 3546 341 3689 403; baseline 0.007 -1"><span class='ocrx_word' id='word_1_3' title='bbox 3546 341 3689 403; x_wconf 74' lang='grc'><strong>1460</strong></span> 
     </span>
    </p>
   </div>
   <div class='ocr_carea' id='block_1_4' title="bbox 442 448 3690 526">
    <p class='ocr_par' dir='ltr' id='par_1_4' title="bbox 442 448 3690 526">
     <span class='ocr_line' id='line_1_4' title="bbox 442 448 3690 526; baseline -0.002 -19"><span class='ocrx_word' id='word_1_4' title='bbox 442 454 713 510; x_wconf 82' lang='lat' dir='ltr'><strong>diabolica</strong></span> <span class='ocrx_word' id='word_1_5' title='bbox 758 453 1170 510; x_wconf 64' lang='lat' dir='ltr'><strong>contradicendi</strong></span> <span class='ocrx_word' id='word_1_6' title='bbox 1201 454 1448 520; x_wconf 73' lang='lat' dir='ltr'><strong>libidine,</strong></span> <span class='ocrx_word' id='word_1_7' title='bbox 1480 452 1831 526; x_wconf 86' lang='lat' dir='ltr'><strong>cupientibus</strong></span> <span class='ocrx_word' id='word_1_8' title='bbox 1859 453 2008 508; x_wconf 82' lang='lat' dir='ltr'><strong>scili-</strong></span> <span class='ocrx_word' id='word_1_9' title='bbox 2039 460 2086 514; x_wconf 77' lang='grc' dir='ltr'>Α</span> <span class='ocrx_word' id='word_1_10' title='bbox 2115 470 2221 507; x_wconf 88' lang='lat' dir='ltr'><strong>non</strong></span> <span class='ocrx_word' id='word_1_11' title='bbox 2280 454 2570 510; x_wconf 80' lang='lat' dir='ltr'><strong>dubitem:</strong></span> <span class='ocrx_word' id='word_1_12' title='bbox 2629 454 2889 523; x_wconf 76' lang='lat' dir='ltr'><strong>Optabam</strong></span> <span class='ocrx_word' id='word_1_13' title='bbox 2938 452 3217 508; x_wconf 87' lang='lat' dir='ltr'><strong>anathema</strong></span> <span class='ocrx_word' id='word_1_14' title='bbox 3280 466 3391 503; x_wconf 72' lang='lat' dir='ltr'><strong>esse</strong></span> <span class='ocrx_word' id='word_1_15' title='bbox 3443 467 3474 502; x_wconf 83' lang='grc' dir='ltr'><strong>ιι</strong></span> <span class='ocrx_word' id='word_1_16' title='bbox 3526 448 3690 503; x_wconf 65' lang='lat' dir='ltr'><strong>Citrio</strong></span> 
     </span>
    </p>
   </div>
   <div class='ocr_carea' id='block_1_5' title="bbox 444 547 2011 618">
    <p class='ocr_par' dir='ltr' id='par_1_5' title="bbox 444 547 2011 618">
     <span class='ocr_line' id='line_1_5' title="bbox 444 547 2011 618; baseline 0.003 -19"><span class='ocrx_word' id='word_1_17' title='bbox 444 557 532 603; x_wconf 85' lang='lat' dir='ltr'><strong>cet</strong></span> <span class='ocrx_word' id='word_1_18' title='bbox 558 547 711 603; x_wconf 83' lang='lat' dir='ltr'><strong>vobis</strong></span> <span class='ocrx_word' id='word_1_19' title='bbox 750 547 1030 617; x_wconf 77' lang='lat' dir='ltr'><strong>proprium</strong></span> <span class='ocrx_word' id='word_1_20' title='bbox 1089 547 1286 618; x_wconf 86' lang='lat' dir='ltr'><strong>dogma</strong></span> <span class='ocrx_word' id='word_1_21' title='bbox 1328 550 1705 617; x_wconf 80' lang='lat' dir='ltr'><strong>conscribere,</strong></span> <span class='ocrx_word' id='word_1_22' title='bbox 1755 548 2011 617; x_wconf 83' lang='lat' dir='ltr'><strong>quamvis</strong></span> 
     </span>
    </p>
   </div>
   <div class='ocr_carea' id='block_1_6' title="bbox 442 639 2013 711">
    <p class='ocr_par' dir='ltr' id='par_1_6' title="bbox 442 639 2013 711">
     <span class='ocr_line' id='line_1_6' title="bbox 442 639 2013 711; baseline -0.002 -17"><span class='ocrx_word' id='word_1_23' title='bbox 442 641 718 698; x_wconf 85' lang='lat' dir='ltr'><strong>inﬁrmum</strong></span> <span class='ocrx_word' id='word_1_24' title='bbox 755 639 824 695; x_wconf 90' lang='lat' dir='ltr'><strong>sit</strong></span> <span class='ocrx_word' id='word_1_25' title='bbox 852 646 907 693; x_wconf 86' lang='lat' dir='ltr'><strong>et</strong></span> <span class='ocrx_word' id='word_1_26' title='bbox 957 639 1216 694; x_wconf 79' lang='lat' dir='ltr'><strong>vanitatis</strong></span> <span class='ocrx_word' id='word_1_27' title='bbox 1254 639 1497 708; x_wconf 88' lang='lat' dir='ltr'><strong>plenum.</strong></span> <span class='ocrx_word' id='word_1_28' title='bbox 1525 639 1725 711; x_wconf 86' lang='lat' dir='ltr'><strong>Atque,</strong></span> <span class='ocrx_word' id='word_1_29' title='bbox 1775 648 1834 694; x_wconf 93' lang='lat' dir='ltr'><strong>ut</strong></span> <span class='ocrx_word' id='word_1_30' title='bbox 1862 653 2013 693; x_wconf 83' lang='lat' dir='ltr'><strong>com-</strong></span> 
     </span>
    </p>
   </div>
   <div class='ocr_carea' id='block_1_7' title="bbox 444 732 2013 803">
    <p class='ocr_par' dir='ltr' id='par_1_7' title="bbox 444 732 2013 803">
     <span class='ocr_line' id='line_1_7' title="bbox 444 732 2013 803; baseline -0.003 -13"><span class='ocrx_word' id='word_1_31' title='bbox 444 733 762 803; x_wconf 85' lang='lat' dir='ltr'><strong>pendiosius</strong></span> <span class='ocrx_word' id='word_1_32' title='bbox 801 733 1015 799; x_wconf 82' lang='lat' dir='ltr'><strong>loquar,</strong></span> <span class='ocrx_word' id='word_1_33' title='bbox 1050 732 1129 788; x_wconf 88' lang='lat' dir='ltr'><strong>sic</strong></span> <span class='ocrx_word' id='word_1_34' title='bbox 1173 733 1313 787; x_wconf 89' lang='lat' dir='ltr'><strong>inter</strong></span> <span class='ocrx_word' id='word_1_35' title='bbox 1366 747 1464 787; x_wconf 88' lang='lat' dir='ltr'><strong>nos</strong></span> <span class='ocrx_word' id='word_1_36' title='bbox 1506 748 1753 803; x_wconf 80' lang='lat' dir='ltr'><strong>agamus,</strong></span> <span class='ocrx_word' id='word_1_37' title='bbox 1799 743 1858 786; x_wconf 91' lang='lat' dir='ltr'><strong>ut</strong></span> <span class='ocrx_word' id='word_1_38' title='bbox 1912 747 2013 787; x_wconf 91' lang='lat' dir='ltr'><strong>nec</strong></span> 
     </span>
    </p>
   </div>
   <div class='ocr_carea' id='block_1_8' title="bbox 444 822 2010 891">
    <p class='ocr_par' dir='ltr' id='par_1_8' title="bbox 444 822 2010 891">
     <span class='ocr_line' id='line_1_8' title="bbox 444 822 2010 891; baseline 0.001 -15"><span class='ocrx_word' id='word_1_39' title='bbox 444 837 540 878; x_wconf 82' lang='lat' dir='ltr'><strong>vos</strong></span> <span class='ocrx_word' id='word_1_40' title='bbox 574 822 912 879; x_wconf 87' lang='lat' dir='ltr'><strong>sublimioris</strong></span> <span class='ocrx_word' id='word_1_41' title='bbox 942 823 1092 877; x_wconf 81' lang='lat' dir='ltr'><strong>vocis</strong></span> <span class='ocrx_word' id='word_1_42' title='bbox 1128 837 1260 891; x_wconf 91' lang='lat' dir='ltr'><strong>ergo</strong></span> <span class='ocrx_word' id='word_1_43' title='bbox 1300 837 1401 878; x_wconf 89' lang='lat' dir='ltr'><strong>nos</strong></span> <span class='ocrx_word' id='word_1_44' title='bbox 1429 824 1724 889; x_wconf 75' lang='lat' dir='ltr'><strong>accusatis,</strong></span> <span class='ocrx_word' id='word_1_45' title='bbox 1754 823 1860 879; x_wconf 90' lang='lat' dir='ltr'><strong>hoc</strong></span> <span class='ocrx_word' id='word_1_46' title='bbox 1905 831 2010 887; x_wconf 90' lang='lat' dir='ltr'><strong>est,</strong></span> 
     </span>
    </p>
   </div>
   <div class='ocr_carea' id='block_1_9' title="bbox 442 912 2015 985">
    <p class='ocr_par' dir='ltr' id='par_1_9' title="bbox 442 912 2015 985">
     <span class='ocr_line' id='line_1_9' title="bbox 442 912 2015 985; baseline 0.002 -20"><span class='ocrx_word' id='word_1_47' title='bbox 442 913 567 984; x_wconf 83' lang='lat' dir='ltr'><strong>quia</strong></span> <span class='ocrx_word' id='word_1_48' title='bbox 603 927 800 982; x_wconf 81' lang='lat' dir='ltr'><strong>magna</strong></span> <span class='ocrx_word' id='word_1_49' title='bbox 849 913 1096 983; x_wconf 77' lang='lat' dir='ltr'><strong>quaedam</strong></span> <span class='ocrx_word' id='word_1_50' title='bbox 1132 912 1200 971; x_wconf 81' lang='lat' dir='ltr'><strong>de</strong></span> <span class='ocrx_word' id='word_1_51' title='bbox 1234 914 1442 984; x_wconf 77' lang='lat' dir='ltr'><strong>Spiritu</strong></span> <span class='ocrx_word' id='word_1_52' title='bbox 1492 925 1684 973; x_wconf 88' lang='lat' dir='ltr'><strong>sancto</strong></span> <span class='ocrx_word' id='word_1_53' title='bbox 1729 915 2015 985; x_wconf 86' lang='lat' dir='ltr'><strong>proloqui-</strong></span> 
     </span>
    </p>
   </div>
   <div class='ocr_carea' id='block_1_10' title="bbox 444 1006 2011 1077">
    <p class='ocr_par' dir='ltr' id='par_1_10' title="bbox 444 1006 2011 1077">
     <span class='ocr_line' id='line_1_10' title="bbox 444 1006 2011 1077; baseline 0.003 -19"><span class='ocrx_word' id='word_1_54' title='bbox 444 1022 584 1071; x_wconf 90' lang='lat' dir='ltr'><strong>mur,</strong></span> <span class='ocrx_word' id='word_1_55' title='bbox 618 1016 783 1076; x_wconf 84' lang='lat' dir='ltr'><strong>atque</strong></span> <span class='ocrx_word' id='word_1_56' title='bbox 810 1008 876 1060; x_wconf 87' lang='lat' dir='ltr'><strong>ad</strong></span> <span class='ocrx_word' id='word_1_57' title='bbox 908 1006 1165 1076; x_wconf 78' lang='lat' dir='ltr'><strong>perfectae</strong></span> <span class='ocrx_word' id='word_1_58' title='bbox 1197 1008 1485 1077; x_wconf 82' lang='lat' dir='ltr'><strong>theologiae</strong></span> <span class='ocrx_word' id='word_1_59' title='bbox 1526 1009 1788 1065; x_wconf 74' lang='lat' dir='ltr'><strong>verticem</strong></span> <span class='ocrx_word' id='word_1_60' title='bbox 1819 1023 2011 1063; x_wconf 89' lang='lat' dir='ltr'><strong>ascen-</strong></span> 
     </span>
    </p>
   </div>
   <div class='ocr_carea' id='block_1_11' title="bbox 440 1095 2011 1169">
    <p class='ocr_par' dir='ltr' id='par_1_11' title="bbox 440 1095 2011 1169">
     <span class='ocr_line' id='line_1_11' title="bbox 440 1095 2011 1169; baseline 0.001 -20"><span class='ocrx_word' id='word_1_61' title='bbox 440 1097 648 1158; x_wconf 84' lang='lat' dir='ltr'><strong>dimus,</strong></span> <span class='ocrx_word' id='word_1_62' title='bbox 689 1095 857 1151; x_wconf 88' lang='lat' dir='ltr'><strong>Deum</strong></span> <span class='ocrx_word' id='word_1_63' title='bbox 893 1097 1067 1166; x_wconf 91' lang='lat' dir='ltr'><strong>ipsum</strong></span> <span class='ocrx_word' id='word_1_64' title='bbox 1097 1113 1219 1153; x_wconf 88' lang='lat' dir='ltr'><strong>csse</strong></span> <span class='ocrx_word' id='word_1_65' title='bbox 1261 1099 1680 1168; x_wconf 83' lang='lat' dir='ltr'><strong>pronuntiantes</strong></span> <span class='ocrx_word' id='word_1_66' title='bbox 1713 1100 1834 1169; x_wconf 58' lang='lat' dir='ltr'><strong>(nec</strong></span> <span class='ocrx_word' id='word_1_67' title='bbox 1865 1099 2011 1153; x_wconf 89' lang='lat' dir='ltr'><strong>enim</strong></span> 
     </span>
    </p>
   </div>
   <div class='ocr_carea' id='block_1_12' title="bbox 441 1188 2011 1259">
    <p class='ocr_par' dir='ltr' id='par_1_12' title="bbox 441 1188 2011 1259">
     <span class='ocr_line' id='line_1_12' title="bbox 441 1188 2011 1259; baseline 0.004 -20"><span class='ocrx_word' id='word_1_68' title='bbox 441 1188 704 1242; x_wconf 80' lang='lat' dir='ltr'><strong>invidiam</strong></span> <span class='ocrx_word' id='word_1_69' title='bbox 763 1199 817 1243; x_wconf 93' lang='lat' dir='ltr'><strong>et</strong></span> <span class='ocrx_word' id='word_1_70' title='bbox 866 1188 1353 1258; x_wconf 83' lang='lat' dir='ltr'><strong>reprehensionem</strong></span> <span class='ocrx_word' id='word_1_71' title='bbox 1396 1199 1641 1247; x_wconf 75' lang='lat' dir='ltr'><strong>meretur</strong></span> <span class='ocrx_word' id='word_1_72' title='bbox 1697 1188 2011 1259; x_wconf 90' lang='lat' dir='ltr'><strong>hujusmodi</strong></span> 
     </span>
    </p>
   </div>
   <div class='ocr_carea' id='block_1_13' title="bbox 442 1276 2016 1348">
    <p class='ocr_par' dir='ltr' id='par_1_13' title="bbox 442 1276 2016 1348">
     <span class='ocr_line' id='line_1_13' title="bbox 442 1276 2016 1348; baseline 0.002 -17"><span class='ocrx_word' id='word_1_73' title='bbox 442 1277 782 1347; x_wconf 80' lang='lat' dir='ltr'><strong>theologicus</strong></span> <span class='ocrx_word' id='word_1_74' title='bbox 838 1276 1128 1348; x_wconf 82' lang='lat' dir='ltr'><strong>ascensus)</strong></span> <span class='ocrx_word' id='word_1_75' title='bbox 1169 1294 1321 1335; x_wconf 90' lang='lat' dir='ltr'><strong>:nec</strong></span> <span class='ocrx_word' id='word_1_76' title='bbox 1385 1294 1483 1334; x_wconf 79' lang='lat' dir='ltr'><strong>nos</strong></span> <span class='ocrx_word' id='word_1_77' title='bbox 1542 1280 1781 1335; x_wconf 78' lang='lat' dir='ltr'><strong>vicissim</strong></span> <span class='ocrx_word' id='word_1_78' title='bbox 1862 1280 2016 1334; x_wconf 90' lang='lat' dir='ltr'><strong>vobis</strong></span> 
     </span>
    </p>
   </div>
   <div class='ocr_carea' id='block_1_14' title="bbox 442 1365 2015 1440">
    <p class='ocr_par' dir='ltr' id='par_1_14' title="bbox 442 1365 2015 1440">
     <span class='ocr_line' id='line_1_14' title="bbox 442 1365 2015 1440; baseline 0.004 -21"><span class='ocrx_word' id='word_1_79' title='bbox 442 1365 673 1421; x_wconf 87' lang='lat' dir='ltr'><strong>inﬁrmis</strong></span> <span class='ocrx_word' id='word_1_80' title='bbox 694 1375 750 1422; x_wconf 89' lang='lat' dir='ltr'><strong>et</strong></span> <span class='ocrx_word' id='word_1_81' title='bbox 779 1367 1006 1423; x_wconf 86' lang='lat' dir='ltr'><strong>rudibus</strong></span> <span class='ocrx_word' id='word_1_82' title='bbox 1022 1383 1141 1423; x_wconf 85' lang='lat' dir='ltr'><strong>eam</strong></span> <span class='ocrx_word' id='word_1_83' title='bbox 1170 1383 1380 1434; x_wconf 87' lang='lat' dir='ltr'><strong>vocem,</strong></span> <span class='ocrx_word' id='word_1_84' title='bbox 1407 1369 1565 1439; x_wconf 84' lang='lat' dir='ltr'><strong>cujus</strong></span> <span class='ocrx_word' id='word_1_85' title='bbox 1592 1371 1765 1427; x_wconf 76' lang='lat' dir='ltr'><strong>solum</strong></span> <span class='ocrx_word' id='word_1_86' title='bbox 1787 1386 2015 1440; x_wconf 75' lang='lat' dir='ltr'><strong>capaces</strong></span> 
     </span>
    </p>
   </div>
   <div class='ocr_carea' id='block_1_15' title="bbox 442 1462 2015 1535">
    <p class='ocr_par' dir='ltr' id='par_1_15' title="bbox 442 1462 2015 1535">
     <span class='ocr_line' id='line_1_15' title="bbox 442 1462 2015 1535; baseline 0.004 -22"><span class='ocrx_word' id='word_1_87' title='bbox 442 1462 623 1517; x_wconf 86' lang='lat' dir='ltr'><strong>adhuc</strong></span> <span class='ocrx_word' id='word_1_88' title='bbox 656 1462 812 1527; x_wconf 86' lang='lat' dir='ltr'><strong>estis,</strong></span> <span class='ocrx_word' id='word_1_89' title='bbox 856 1463 1103 1518; x_wconf 89' lang='lat' dir='ltr'><strong>criminis</strong></span> <span class='ocrx_word' id='word_1_90' title='bbox 1134 1477 1301 1519; x_wconf 88' lang='lat' dir='ltr'><strong>causa</strong></span> <span class='ocrx_word' id='word_1_91' title='bbox 1351 1464 1718 1535; x_wconf 79' lang='lat' dir='ltr'><strong>proferemus.</strong></span> <span class='ocrx_word' id='word_1_92' title='bbox 1755 1466 2015 1532; x_wconf 81' lang='lat' dir='ltr'><strong>Quamvis</strong></span> 
     </span>
    </p>
   </div>
   <div class='ocr_carea' id='block_1_16' title="bbox 441 1552 2015 1622">
    <p class='ocr_par' dir='ltr' id='par_1_16' title="bbox 441 1552 2015 1622">
     <span class='ocr_line' id='line_1_16' title="bbox 441 1552 2015 1622; baseline 0.003 -17"><span class='ocrx_word' id='word_1_93' title='bbox 441 1553 587 1605; x_wconf 84' lang='lat' dir='ltr'><strong>enim</strong></span> <span class='ocrx_word' id='word_1_94' title='bbox 650 1552 915 1622; x_wconf 85' lang='lat' dir='ltr'><strong>Spiritum</strong></span> <span class='ocrx_word' id='word_1_95' title='bbox 973 1564 1224 1609; x_wconf 90' lang='lat' dir='ltr'><strong>sanctum</strong></span> <span class='ocrx_word' id='word_1_96' title='bbox 1282 1556 1604 1611; x_wconf 82' lang='lat' dir='ltr'><strong>nominatim</strong></span> <span class='ocrx_word' id='word_1_97' title='bbox 1673 1556 1841 1611; x_wconf 89' lang='lat' dir='ltr'><strong>Deum</strong></span> <span class='ocrx_word' id='word_1_98' title='bbox 1903 1571 2015 1612; x_wconf 90' lang='lat' dir='ltr'><strong>non</strong></span> 
     </span>
    </p>
   </div>
   <div class='ocr_carea' id='block_1_17' title="bbox 441 1642 2013 1715">
    <p class='ocr_par' dir='ltr' id='par_1_17' title="bbox 441 1642 2013 1715">
     <span class='ocr_line' id='line_1_17' title="bbox 441 1642 2013 1715; baseline 0.004 -20"><span class='ocrx_word' id='word_1_99' title='bbox 441 1642 716 1709; x_wconf 80' lang='lat' dir='ltr'><strong>dixeritis,</strong></span> <span class='ocrx_word' id='word_1_100' title='bbox 767 1644 931 1699; x_wconf 91' lang='lat' dir='ltr'><strong>modo</strong></span> <span class='ocrx_word' id='word_1_101' title='bbox 979 1644 1139 1698; x_wconf 86' lang='lat' dir='ltr'><strong>aliam</strong></span> <span class='ocrx_word' id='word_1_102' title='bbox 1193 1646 1488 1715; x_wconf 84' lang='lat' dir='ltr'><strong>quamdam</strong></span> <span class='ocrx_word' id='word_1_103' title='bbox 1544 1662 1730 1701; x_wconf 90' lang='lat' dir='ltr'><strong>vocem</strong></span> <span class='ocrx_word' id='word_1_104' title='bbox 1761 1649 2013 1702; x_wconf 84' lang='lat' dir='ltr'><strong>eamdem</strong></span> 
     </span>
    </p>
   </div>
   <div class='ocr_carea' id='block_1_18' title="bbox 443 1733 2014 1806">
    <p class='ocr_par' dir='ltr' id='par_1_18' title="bbox 443 1733 2014 1806">
     <span class='ocr_line' id='line_1_18' title="bbox 443 1733 2014 1806; baseline 0.007 -24"><span class='ocrx_word' id='word_1_105' title='bbox 443 1734 552 1788; x_wconf 82' lang='lat' dir='ltr'><strong>vim</strong></span> <span class='ocrx_word' id='word_1_106' title='bbox 583 1733 874 1789; x_wconf 85' lang='lat' dir='ltr'><strong>habentem</strong></span> <span class='ocrx_word' id='word_1_107' title='bbox 904 1736 957 1788; x_wconf 93' lang='lat' dir='ltr'><strong>in</strong></span> <span class='ocrx_word' id='word_1_108' title='bbox 983 1736 1158 1790; x_wconf 90' lang='lat' dir='ltr'><strong>altero</strong></span> <span class='ocrx_word' id='word_1_109' title='bbox 1184 1738 1475 1793; x_wconf 86' lang='lat' dir='ltr'><strong>verborum</strong></span> <span class='ocrx_word' id='word_1_110' title='bbox 1515 1752 1651 1793; x_wconf 90' lang='lat' dir='ltr'><strong>sono</strong></span> <span class='ocrx_word' id='word_1_111' title='bbox 1682 1739 2014 1806; x_wconf 81' lang='lat' dir='ltr'><strong>extuleritis,</strong></span> 
     </span>
    </p>
   </div>
   <div class='ocr_carea' id='block_1_19' title="bbox 447 1824 2015 1894">
    <p class='ocr_par' dir='ltr' id='par_1_19' title="bbox 447 1824 2015 1894">
     <span class='ocr_line' id='line_1_19' title="bbox 447 1824 2015 1894; baseline 0.006 -18"><span class='ocrx_word' id='word_1_112' title='bbox 447 1824 869 1894; x_wconf 85' lang='lat' dir='ltr'><strong>haudquaquam</strong></span> <span class='ocrx_word' id='word_1_113' title='bbox 928 1842 994 1881; x_wconf 89' lang='lat' dir='ltr'><strong>eo</strong></span> <span class='ocrx_word' id='word_1_114' title='bbox 1054 1828 1277 1883; x_wconf 88' lang='lat' dir='ltr'><strong>nomine</strong></span> <span class='ocrx_word' id='word_1_115' title='bbox 1344 1844 1441 1884; x_wconf 88' lang='lat' dir='ltr'><strong>vos</strong></span> <span class='ocrx_word' id='word_1_116' title='bbox 1504 1831 1886 1886; x_wconf 86' lang='lat' dir='ltr'><strong>accusabitnus</strong></span> <span class='ocrx_word' id='word_1_117' title='bbox 1951 1848 2015 1885; x_wconf 85' lang='lat' dir='ltr'><strong>ac</strong></span> 
     </span>
    </p>
   </div>
   <div class='ocr_carea' id='block_1_20' title="bbox 445 1913 2016 1991">
    <p class='ocr_par' dir='ltr' id='par_1_20' title="bbox 445 1913 2016 1991">
     <span class='ocr_line' id='line_1_20' title="bbox 445 1913 2016 1991; baseline 0.008 -28"><span class='ocrx_word' id='word_1_118' title='bbox 445 1913 911 1981; x_wconf 73' lang='lat' dir='ltr'><strong>reprehendemus</strong></span> <span class='ocrx_word' id='word_1_119' title='bbox 942 1931 959 1968; x_wconf 88' lang='lat'><strong>:</strong></span> <span class='ocrx_word' id='word_1_120' title='bbox 988 1918 1169 1986; x_wconf 88' lang='lat' dir='ltr'><strong>quoad</strong></span> <span class='ocrx_word' id='word_1_121' title='bbox 1198 1918 1335 1971; x_wconf 89' lang='lat' dir='ltr'><strong>velut</strong></span> <span class='ocrx_word' id='word_1_122' title='bbox 1369 1919 1592 1988; x_wconf 86' lang='lat' dir='ltr'><strong>quidam</strong></span> <span class='ocrx_word' id='word_1_123' title='bbox 1637 1920 1879 1976; x_wconf 85' lang='lat' dir='ltr'><strong>viatores</strong></span> <span class='ocrx_word' id='word_1_124' title='bbox 1919 1936 2016 1991; x_wconf 85' lang='lat' dir='ltr'><strong>per</strong></span> 
     </span>
    </p>
   </div>
   <div class='ocr_carea' id='block_1_21' title="bbox 443 2004 2011 2081">
    <p class='ocr_par' dir='ltr' id='par_1_21' title="bbox 443 2004 2011 2081">
     <span class='ocr_line' id='line_1_21' title="bbox 443 2004 2011 2081; baseline 0.008 -26"><span class='ocrx_word' id='word_1_125' title='bbox 443 2004 549 2057; x_wconf 87' lang='lat' dir='ltr'><strong>alia</strong></span> <span class='ocrx_word' id='word_1_126' title='bbox 604 2004 826 2059; x_wconf 87' lang='lat' dir='ltr'><strong>nomina</strong></span> <span class='ocrx_word' id='word_1_127' title='bbox 878 2015 932 2061; x_wconf 90' lang='lat' dir='ltr'><strong>et</strong></span> <span class='ocrx_word' id='word_1_128' title='bbox 975 2008 1139 2062; x_wconf 87' lang='lat' dir='ltr'><strong>verba</strong></span> <span class='ocrx_word' id='word_1_129' title='bbox 1172 2011 1331 2079; x_wconf 89' lang='lat' dir='ltr'><strong>quasi</strong></span> <span class='ocrx_word' id='word_1_130' title='bbox 1365 2025 1461 2080; x_wconf 91' lang='lat' dir='ltr'><strong>per</strong></span> <span class='ocrx_word' id='word_1_131' title='bbox 1506 2011 1668 2065; x_wconf 83' lang='lat' dir='ltr'><strong>aliam</strong></span> <span class='ocrx_word' id='word_1_132' title='bbox 1719 2013 2011 2081; x_wconf 87' lang='lat' dir='ltr'><strong>quamdam</strong></span> 
     </span>
    </p>
   </div>
   <div class='ocr_carea' id='block_1_22' title="bbox 443 2094 2014 2173">
    <p class='ocr_par' dir='ltr' id='par_1_22' title="bbox 443 2094 2014 2173">
     <span class='ocr_line' id='line_1_22' title="bbox 443 2094 2014 2173; baseline 0.009 -28"><span class='ocrx_word' id='word_1_133' title='bbox 443 2094 715 2163; x_wconf 89' lang='lat' dir='ltr'><strong>orbitam,</strong></span> <span class='ocrx_word' id='word_1_134' title='bbox 767 2098 832 2151; x_wconf 84' lang='lat' dir='ltr'><strong>ad</strong></span> <span class='ocrx_word' id='word_1_135' title='bbox 891 2098 1032 2153; x_wconf 89' lang='lat' dir='ltr'><strong>idem</strong></span> <span class='ocrx_word' id='word_1_136' title='bbox 1074 2100 1436 2157; x_wconf 84' lang='lat' dir='ltr'><strong>diversorium</strong></span> <span class='ocrx_word' id='word_1_137' title='bbox 1478 2112 1647 2171; x_wconf 88' lang='lat' dir='ltr'><strong>atque</strong></span> <span class='ocrx_word' id='word_1_138' title='bbox 1714 2102 2014 2173; x_wconf 88' lang='lat' dir='ltr'><strong>hospitium</strong></span> 
     </span>
    </p>
   </div>
   <div class='ocr_carea' id='block_1_23' title="bbox 450 2184 2014 2262">
    <p class='ocr_par' dir='ltr' id='par_1_23' title="bbox 450 2184 2014 2262">
     <span class='ocr_line' id='line_1_23' title="bbox 450 2184 2014 2262; baseline 0.006 -23"><span class='ocrx_word' id='word_1_139' title='bbox 450 2184 613 2255; x_wconf 86' lang='lat' dir='ltr'><strong>hujus</strong></span> <span class='ocrx_word' id='word_1_140' title='bbox 639 2187 806 2254; x_wconf 85' lang='lat' dir='ltr'><strong>vocis,</strong></span> <span class='ocrx_word' id='word_1_141' title='bbox 836 2188 977 2243; x_wconf 85' lang='lat' dir='ltr'><strong>Deus</strong></span> <span class='ocrx_word' id='word_1_142' title='bbox 999 2231 1014 2257; x_wconf 96' lang='lat'><strong>,</strong></span> <span class='ocrx_word' id='word_1_143' title='bbox 1050 2192 1307 2247; x_wconf 81' lang='lat' dir='ltr'><strong>veniatis.</strong></span> <span class='ocrx_word' id='word_1_144' title='bbox 1342 2191 1525 2262; x_wconf 82' lang='lat' dir='ltr'><strong>Neque</strong></span> <span class='ocrx_word' id='word_1_145' title='bbox 1578 2193 1725 2251; x_wconf 88' lang='lat' dir='ltr'><strong>enim</strong></span> <span class='ocrx_word' id='word_1_146' title='bbox 1757 2194 1826 2249; x_wconf 91' lang='lat' dir='ltr'><strong>de</strong></span> <span class='ocrx_word' id='word_1_147' title='bbox 1858 2195 2014 2249; x_wconf 88' lang='lat' dir='ltr'><strong>vobis</strong></span> 
     </span>
    </p>
   </div>
   <div class='ocr_carea' id='block_1_24' title="bbox 446 2275 2016 2352">
    <p class='ocr_par' dir='ltr' id='par_1_24' title="bbox 446 2275 2016 2352">
     <span class='ocr_line' id='line_1_24' title="bbox 446 2275 2016 2352; baseline 0.008 -27"><span class='ocrx_word' id='word_1_148' title='bbox 446 2275 733 2333; x_wconf 83' lang='lat' dir='ltr'><strong>victoriam</strong></span> <span class='ocrx_word' id='word_1_149' title='bbox 788 2278 997 2336; x_wconf 80' lang='lat' dir='ltr'><strong>referre</strong></span> <span class='ocrx_word' id='word_1_150' title='bbox 1048 2279 1407 2348; x_wconf 85' lang='lat' dir='ltr'><strong>all‘ectamus,</strong></span> <span class='ocrx_word' id='word_1_151' title='bbox 1443 2290 1503 2338; x_wconf 91' lang='lat' dir='ltr'><strong>ut</strong></span> <span class='ocrx_word' id='word_1_152' title='bbox 1560 2282 1596 2337; x_wconf 91' lang='lat' dir='ltr'><strong>ii</strong></span> <span class='ocrx_word' id='word_1_153' title='bbox 1650 2283 1828 2338; x_wconf 85' lang='lat' dir='ltr'><strong>solent</strong></span> <span class='ocrx_word' id='word_1_154' title='bbox 1877 2298 2016 2352; x_wconf 86' lang='lat' dir='ltr'><strong>quos</strong></span> 
     </span>
    </p>
   </div>
   <div class='ocr_carea' id='block_1_25' title="bbox 444 2365 2016 2439">
    <p class='ocr_par' dir='ltr' id='par_1_25' title="bbox 444 2365 2016 2439">
     <span class='ocr_line' id='line_1_25' title="bbox 444 2365 2016 2439; baseline 0.003 -23"><span class='ocrx_word' id='word_1_155' title='bbox 444 2377 601 2417; x_wconf 90' lang='lat' dir='ltr'><strong>amor</strong></span> <span class='ocrx_word' id='word_1_156' title='bbox 652 2365 738 2421; x_wconf 90' lang='lat' dir='ltr'><strong>sui</strong></span> <span class='ocrx_word' id='word_1_157' title='bbox 793 2367 1103 2438; x_wconf 81' lang='lat' dir='ltr'><strong>praecipites</strong></span> <span class='ocrx_word' id='word_1_158' title='bbox 1156 2368 1307 2439; x_wconf 85' lang='lat' dir='ltr'><strong>agit:</strong></span> <span class='ocrx_word' id='word_1_159' title='bbox 1364 2382 1557 2423; x_wconf 86' lang='lat' dir='ltr'><strong>verum</strong></span> <span class='ocrx_word' id='word_1_160' title='bbox 1628 2377 1689 2425; x_wconf 93' lang='lat' dir='ltr'><strong>ut</strong></span> <span class='ocrx_word' id='word_1_161' title='bbox 1747 2367 2016 2423; x_wconf 88' lang='lat' dir='ltr'><strong>cbaritate</strong></span> 
     </span>
    </p>
   </div>
   <div class='ocr_carea' id='block_1_26' title="bbox 453 2456 2015 2528">
    <p class='ocr_par' dir='ltr' id='par_1_26' title="bbox 453 2456 2015 2528">
     <span class='ocr_line' id='line_1_26' title="bbox 453 2456 2015 2528; baseline 0.005 -22"><span class='ocrx_word' id='word_1_162' title='bbox 453 2456 661 2522; x_wconf 73' lang='lat' dir='ltr'><strong>prtediti</strong></span> <span class='ocrx_word' id='word_1_163' title='bbox 721 2456 919 2515; x_wconf 82' lang='lat' dir='ltr'><strong>fratres</strong></span> <span class='ocrx_word' id='word_1_164' title='bbox 969 2474 1255 2516; x_wconf 86' lang='lat' dir='ltr'><strong>assumere</strong></span> <span class='ocrx_word' id='word_1_165' title='bbox 1317 2461 1571 2528; x_wconf 88' lang='lat' dir='ltr'><strong>cupimus</strong></span> <span class='ocrx_word' id='word_1_166' title='bbox 1624 2458 1750 2513; x_wconf 79' lang='lat' dir='ltr'><strong>ﬁdei</strong></span> <span class='ocrx_word' id='word_1_167' title='bbox 1805 2459 2015 2514; x_wconf 89' lang='lat' dir='ltr'><strong>unitate</strong></span> 
     </span>
    </p>
   </div>
   <div class='ocr_carea' id='block_1_27' title="bbox 447 2546 2014 2620">
    <p class='ocr_par' dir='ltr' id='par_1_27' title="bbox 447 2546 2014 2620">
     <span class='ocr_line' id='line_1_27' title="bbox 447 2546 2014 2620; baseline 0.003 -22"><span class='ocrx_word' id='word_1_168' title='bbox 447 2546 574 2601; x_wconf 83' lang='lat' dir='ltr'><strong>nobi</strong></span> <span class='ocrx_word' id='word_1_169' title='bbox 610 2563 734 2603; x_wconf 91' lang='lat' dir='ltr'><strong>cum</strong></span> <span class='ocrx_word' id='word_1_170' title='bbox 772 2549 1126 2617; x_wconf 85' lang='lat' dir='ltr'><strong>conjttnctos,</strong></span> <span class='ocrx_word' id='word_1_171' title='bbox 1156 2564 1392 2620; x_wconf 89' lang='lat' dir='ltr'><strong>quorum</strong></span> <span class='ocrx_word' id='word_1_172' title='bbox 1429 2549 1740 2608; x_wconf 87' lang='lat' dir='ltr'><strong>secessione</strong></span> <span class='ocrx_word' id='word_1_173' title='bbox 1767 2564 1873 2605; x_wconf 93' lang='lat' dir='ltr'><strong>non</strong></span> <span class='ocrx_word' id='word_1_174' title='bbox 1908 2551 2014 2603; x_wconf 87' lang='lat' dir='ltr'><strong>mi-</strong></span> 
     </span>
    </p>
   </div>
   <div class='ocr_carea' id='block_1_28' title="bbox 450 2638 2015 2712">
    <p class='ocr_par' dir='ltr' id='par_1_28' title="bbox 450 2638 2015 2712">
     <span class='ocr_line' id='line_1_28' title="bbox 450 2638 2015 2712; baseline 0.005 -24"><span class='ocrx_word' id='word_1_175' title='bbox 450 2651 554 2692; x_wconf 87' lang='lat' dir='ltr'><strong>nus</strong></span> <span class='ocrx_word' id='word_1_176' title='bbox 607 2638 805 2694; x_wconf 87' lang='lat' dir='ltr'><strong>acerbe</strong></span> <span class='ocrx_word' id='word_1_177' title='bbox 861 2639 1265 2694; x_wconf 87' lang='lat' dir='ltr'><strong>discruciamur</strong></span> <span class='ocrx_word' id='word_1_178' title='bbox 1297 2679 1313 2707; x_wconf 96' lang='lat'><strong>,</strong></span> <span class='ocrx_word' id='word_1_179' title='bbox 1377 2655 1542 2709; x_wconf 88' lang='lat' dir='ltr'><strong>quam</strong></span> <span class='ocrx_word' id='word_1_180' title='bbox 1593 2639 1641 2697; x_wconf 89' lang='lat' dir='ltr'><strong>si</strong></span> <span class='ocrx_word' id='word_1_181' title='bbox 1691 2655 1720 2694; x_wconf 89' lang='lat' dir='ltr'><strong>a</strong></span> <span class='ocrx_word' id='word_1_182' title='bbox 1780 2641 2015 2712; x_wconf 84' lang='lat' dir='ltr'><strong>propriis</strong></span> 
     </span>
    </p>
   </div>
   <div class='ocr_carea' id='block_1_29' title="bbox 451 2725 1152 2783">
    <p class='ocr_par' dir='ltr' id='par_1_29' title="bbox 451 2725 1152 2783">
     <span class='ocr_line' id='line_1_29' title="bbox 451 2725 1152 2783; baseline 0.006 -6"><span class='ocrx_word' id='word_1_183' title='bbox 451 2725 711 2781; x_wconf 84' lang='lat' dir='ltr'><strong>membris</strong></span> <span class='ocrx_word' id='word_1_184' title='bbox 742 2726 1152 2783; x_wconf 88' lang='lat' dir='ltr'><strong>divelleremur.</strong></span> 
     </span>
    </p>
   </div>
   <div class='ocr_carea' id='block_1_30' title="bbox 513 2815 2013 2891">
    <p class='ocr_par' dir='ltr' id='par_1_30' title="bbox 513 2815 2013 2891">
     <span class='ocr_line' id='line_1_30' title="bbox 513 2815 2013 2891; baseline 0.005 -22"><span class='ocrx_word' id='word_1_185' title='bbox 513 2815 653 2870; x_wconf 78' lang='lat' dir='ltr'><strong>Ibid.</strong></span> <span class='ocrx_word' id='word_1_186' title='bbox 703 2816 876 2886; x_wconf 82' lang='lat' dir='ltr'><strong>Atque</strong></span> <span class='ocrx_word' id='word_1_187' title='bbox 917 2816 1030 2872; x_wconf 72' lang='lat' dir='ltr'><strong>haec</strong></span> <span class='ocrx_word' id='word_1_188' title='bbox 1080 2821 1149 2873; x_wconf 86' lang='lat' dir='ltr'><strong>ad</strong></span> <span class='ocrx_word' id='word_1_189' title='bbox 1179 2835 1269 2874; x_wconf 77' lang='lat' dir='ltr'><strong>vos</strong></span> <span class='ocrx_word' id='word_1_190' title='bbox 1298 2819 1446 2874; x_wconf 86' lang='lat' dir='ltr'><strong>dicta</strong></span> <span class='ocrx_word' id='word_1_191' title='bbox 1497 2821 1625 2887; x_wconf 83' lang='lat' dir='ltr'><strong>sint,</strong></span> <span class='ocrx_word' id='word_1_192' title='bbox 1679 2830 1785 2877; x_wconf 88' lang='lat' dir='ltr'><strong>etc.</strong></span> <span class='ocrx_word' id='word_1_193' title='bbox 1832 2822 2013 2891; x_wconf 85' lang='lat' dir='ltr'><strong>Atque</strong></span> 
     </span>
    </p>
   </div>
   <div class='ocr_carea' id='block_1_31' title="bbox 448 2906 2014 2982">
    <p class='ocr_par' dir='ltr' id='par_1_31' title="bbox 448 2906 2014 2982">
     <span class='ocr_line' id='line_1_31' title="bbox 448 2906 2014 2982; baseline 0.007 -24"><span class='ocrx_word' id='word_1_194' title='bbox 448 2907 584 2969; x_wconf 67' lang='lat' dir='ltr'><strong>haec,</strong></span> <span class='ocrx_word' id='word_1_195' title='bbox 621 2906 821 2976; x_wconf 82' lang='lat' dir='ltr'><strong>inquit,</strong></span> <span class='ocrx_word' id='word_1_196' title='bbox 874 2907 1031 2965; x_wconf 87' lang='lat' dir='ltr'><strong>vobis</strong></span> <span class='ocrx_word' id='word_1_197' title='bbox 1076 2909 1425 2976; x_wconf 86' lang='lat' dir='ltr'><strong>disserimus,</strong></span> <span class='ocrx_word' id='word_1_198' title='bbox 1473 2912 1614 2982; x_wconf 89' lang='lat' dir='ltr'><strong>apud</strong></span> <span class='ocrx_word' id='word_1_199' title='bbox 1664 2927 1806 2982; x_wconf 88' lang='lat' dir='ltr'><strong>quos</strong></span> <span class='ocrx_word' id='word_1_200' title='bbox 1848 2913 2014 2969; x_wconf 84' lang='lat' dir='ltr'><strong>vitale</strong></span> 
     </span>
    </p>
   </div>
   <div class='ocr_carea' id='block_1_32' title="bbox 443 2996 2013 3068">
    <p class='ocr_par' dir='ltr' id='par_1_32' title="bbox 443 2996 2013 3068">
     <span class='ocr_line' id='line_1_32' title="bbox 443 2996 2013 3068; baseline 0.008 -19"><span class='ocrx_word' id='word_1_201' title='bbox 443 2996 724 3066; x_wconf 84' lang='lat' dir='ltr'><strong>quidpiam</strong></span> <span class='ocrx_word' id='word_1_202' title='bbox 774 3000 1101 3068; x_wconf 88' lang='lat' dir='ltr'><strong>reperimus.</strong></span> <span class='ocrx_word' id='word_1_203' title='bbox 1162 3001 1305 3068; x_wconf 88' lang='lat' dir='ltr'><strong>Quid</strong></span> <span class='ocrx_word' id='word_1_204' title='bbox 1341 3003 1486 3060; x_wconf 83' lang='lat' dir='ltr'><strong>hoc?</strong></span> <span class='ocrx_word' id='word_1_205' title='bbox 1538 3003 1740 3061; x_wconf 89' lang='lat' dir='ltr'><strong>Sanam</strong></span> <span class='ocrx_word' id='word_1_206' title='bbox 1772 3004 1841 3059; x_wconf 91' lang='lat' dir='ltr'><strong>de</strong></span> <span class='ocrx_word' id='word_1_207' title='bbox 1870 3004 2013 3062; x_wconf 86' lang='lat' dir='ltr'><strong>Filio</strong></span> 
     </span>
    </p>
   </div>
   <div class='ocr_carea' id='block_1_33' title="bbox 444 3088 2006 3154">
    <p class='ocr_par' dir='ltr' id='par_1_33' title="bbox 444 3088 2006 3154">
     <span class='ocr_line' id='line_1_33' title="bbox 444 3088 2006 3154; baseline 0.006 -15"><span class='ocrx_word' id='word_1_208' title='bbox 444 3088 752 3144; x_wconf 84' lang='lat' dir='ltr'><strong>doctrinam</strong></span> <span class='ocrx_word' id='word_1_209' title='bbox 789 3099 845 3145; x_wconf 91' lang='lat' dir='ltr'><strong>et</strong></span> <span class='ocrx_word' id='word_1_210' title='bbox 874 3090 1059 3146; x_wconf 82' lang='lat' dir='ltr'><strong>tidem.</strong></span> <span class='ocrx_word' id='word_1_211' title='bbox 1093 3089 1471 3150; x_wconf 82' lang='lat' dir='ltr'><strong>Macedoniam</strong></span> <span class='ocrx_word' id='word_1_212' title='bbox 1494 3096 1640 3152; x_wconf 86' lang='lat' dir='ltr'><strong>enim</strong></span> <span class='ocrx_word' id='word_1_213' title='bbox 1681 3094 1908 3154; x_wconf 88' lang='lat' dir='ltr'><strong>dimidia</strong></span> <span class='ocrx_word' id='word_1_214' title='bbox 1943 3110 2006 3151; x_wconf 84' lang='lat' dir='ltr'><strong>ex</strong></span> 
     </span>
    </p>
   </div>
   <div class='ocr_carea' id='block_1_34' title="bbox 448 3183 2014 3256">
    <p class='ocr_par' dir='ltr' id='par_1_34' title="bbox 448 3183 2014 3256">
     <span class='ocr_line' id='line_1_34' title="bbox 448 3183 2014 3256; baseline 0.008 -25"><span class='ocrx_word' id='word_1_215' title='bbox 448 3187 601 3246; x_wconf 82' lang='lat' dir='ltr'><strong>parte</strong></span> <span class='ocrx_word' id='word_1_216' title='bbox 657 3189 808 3239; x_wconf 88' lang='lat' dir='ltr'><strong>recte</strong></span> <span class='ocrx_word' id='word_1_217' title='bbox 851 3183 1195 3250; x_wconf 81' lang='lat' dir='ltr'><strong>sentiebant,</strong></span> <span class='ocrx_word' id='word_1_218' title='bbox 1247 3195 1410 3256; x_wconf 84' lang='lat' dir='ltr'><strong>atque</strong></span> <span class='ocrx_word' id='word_1_219' title='bbox 1462 3187 1624 3243; x_wconf 90' lang='lat' dir='ltr'><strong>etiam</strong></span> <span class='ocrx_word' id='word_1_220' title='bbox 1686 3186 2014 3247; x_wconf 75' lang='lat' dir='ltr'><strong>Semiariani</strong></span> 
     </span>
    </p>
   </div>
   <div class='ocr_carea' id='block_1_35' title="bbox 446 3272 2012 3346">
    <p class='ocr_par' dir='ltr' id='par_1_35' title="bbox 446 3272 2012 3346">
     <span class='ocr_line' id='line_1_35' title="bbox 446 3272 2012 3346; baseline 0.008 -24"><span class='ocrx_word' id='word_1_221' title='bbox 446 3272 896 3339; x_wconf 89' lang='lat' dir='ltr'><strong>nominabantur,</strong></span> <span class='ocrx_word' id='word_1_222' title='bbox 929 3284 988 3329; x_wconf 93' lang='lat' dir='ltr'><strong>ut</strong></span> <span class='ocrx_word' id='word_1_223' title='bbox 1010 3275 1103 3345; x_wconf 90' lang='lat' dir='ltr'><strong>qul</strong></span> <span class='ocrx_word' id='word_1_224' title='bbox 1152 3275 1205 3330; x_wconf 90' lang='lat' dir='ltr'><strong>in</strong></span> <span class='ocrx_word' id='word_1_225' title='bbox 1237 3274 1499 3346; x_wconf 88' lang='lat' dir='ltr'><strong>Spiritum</strong></span> <span class='ocrx_word' id='word_1_226' title='bbox 1547 3288 1797 3337; x_wconf 87' lang='lat' dir='ltr'><strong>sanctum</strong></span> <span class='ocrx_word' id='word_1_227' title='bbox 1832 3280 2012 3336; x_wconf 87' lang='lat' dir='ltr'><strong>solum</strong></span> 
     </span>
    </p>
   </div>
   <div class='ocr_carea' id='block_1_36' title="bbox 447 3361 2013 3436">
    <p class='ocr_par' dir='ltr' id='par_1_36' title="bbox 447 3361 2013 3436">
     <span class='ocr_line' id='line_1_36' title="bbox 447 3361 2013 3436; baseline 0.009 -22"><span class='ocrx_word' id='word_1_228' title='bbox 447 3361 908 3432; x_wconf 87' lang='lat' dir='ltr'><strong>blasphemarent,</strong></span> <span class='ocrx_word' id='word_1_229' title='bbox 937 3380 1050 3420; x_wconf 87' lang='lat' dir='ltr'><strong>non</strong></span> <span class='ocrx_word' id='word_1_230' title='bbox 1091 3366 1219 3422; x_wconf 88' lang='lat' dir='ltr'><strong>item</strong></span> <span class='ocrx_word' id='word_1_231' title='bbox 1261 3368 1315 3421; x_wconf 92' lang='lat' dir='ltr'><strong>in</strong></span> <span class='ocrx_word' id='word_1_232' title='bbox 1348 3366 1572 3422; x_wconf 87' lang='lat' dir='ltr'><strong>Filium.</strong></span> <span class='ocrx_word' id='word_1_233' title='bbox 1596 3368 1842 3435; x_wconf 85' lang='lat' dir='ltr'><strong>Quorum</strong></span> <span class='ocrx_word' id='word_1_234' title='bbox 1870 3386 2013 3436; x_wconf 73' lang='lat' dir='ltr'><strong>pra:-</strong></span> 
     </span>
    </p>
   </div>
   <div class='ocr_carea' id='block_1_37' title="bbox 444 3452 2015 3531">
    <p class='ocr_par' dir='ltr' id='par_1_37' title="bbox 444 3452 2015 3531">
     <span class='ocr_line' id='line_1_37' title="bbox 444 3452 2015 3531; baseline 0.011 -28"><span class='ocrx_word' id='word_1_235' title='bbox 444 3452 653 3509; x_wconf 81' lang='lat' dir='ltr'><strong>claram</strong></span> <span class='ocrx_word' id='word_1_236' title='bbox 711 3462 766 3509; x_wconf 90' lang='lat' dir='ltr'><strong>et</strong></span> <span class='ocrx_word' id='word_1_237' title='bbox 816 3456 1037 3525; x_wconf 86' lang='lat' dir='ltr'><strong>pietatis</strong></span> <span class='ocrx_word' id='word_1_238' title='bbox 1086 3459 1327 3514; x_wconf 73' lang='lat' dir='ltr'><strong>colendas</strong></span> <span class='ocrx_word' id='word_1_239' title='bbox 1378 3460 1564 3531; x_wconf 76' lang='lat' dir='ltr'><strong>studio</strong></span> <span class='ocrx_word' id='word_1_240' title='bbox 1607 3462 1855 3519; x_wconf 85' lang='lat' dir='ltr'><strong>devotam</strong></span> <span class='ocrx_word' id='word_1_241' title='bbox 1890 3465 2015 3520; x_wconf 72' lang='lat' dir='ltr'><strong>vitae</strong></span> 
     </span>
    </p>
   </div>
   <div class='ocr_carea' id='block_1_38' title="bbox 445 3544 2011 3625">
    <p class='ocr_par' dir='ltr' id='par_1_38' title="bbox 445 3544 2011 3625">
     <span class='ocr_line' id='line_1_38' title="bbox 445 3544 2011 3625; baseline 0.008 -30"><span class='ocrx_word' id='word_1_242' title='bbox 445 3544 712 3600; x_wconf 88' lang='lat' dir='ltr'><strong>rationem</strong></span> <span class='ocrx_word' id='word_1_243' title='bbox 736 3549 1124 3616; x_wconf 80' lang='lat' dir='ltr'><strong>suspicientes,</strong></span> <span class='ocrx_word' id='word_1_244' title='bbox 1141 3549 1449 3609; x_wconf 87' lang='lat' dir='ltr'><strong>doctrinam</strong></span> <span class='ocrx_word' id='word_1_245' title='bbox 1473 3560 1649 3608; x_wconf 84' lang='lat' dir='ltr'><strong>tamen</strong></span> <span class='ocrx_word' id='word_1_246' title='bbox 1671 3568 2011 3625; x_wconf 87' lang='lat' dir='ltr'><strong>nequaquam</strong></span> 
     </span>
    </p>
   </div>
   <div class='ocr_carea' id='block_1_39' title="bbox 443 3637 2012 3720">
    <p class='ocr_par' dir='ltr' id='par_1_39' title="bbox 443 3637 2012 3720">
     <span class='ocr_line' id='line_1_39' title="bbox 443 3637 2012 3720; baseline 0.009 -32"><span class='ocrx_word' id='word_1_247' title='bbox 443 3637 915 3706; x_wconf 76' lang='lat' dir='ltr'><strong>rmnprobamus,</strong></span> <span class='ocrx_word' id='word_1_248' title='bbox 982 3649 1170 3708; x_wconf 86' lang='lat' dir='ltr'><strong>utpote</strong></span> <span class='ocrx_word' id='word_1_249' title='bbox 1232 3656 1343 3699; x_wconf 89' lang='lat' dir='ltr'><strong>non</strong></span> <span class='ocrx_word' id='word_1_250' title='bbox 1402 3654 1550 3700; x_wconf 87' lang='lat' dir='ltr'><strong>recte</strong></span> <span class='ocrx_word' id='word_1_251' title='bbox 1608 3654 1814 3700; x_wconf 84' lang='lat' dir='ltr'><strong>sectam</strong></span> <span class='ocrx_word' id='word_1_252' title='bbox 1874 3647 2012 3720; x_wconf 77' lang='lat'><strong>(30).</strong></span> 
     </span>
    </p>
   </div>
   <div class='ocr_carea' id='block_1_40' title="bbox 444 3728 2013 3805">
    <p class='ocr_par' dir='ltr' id='par_1_40' title="bbox 444 3728 2013 3805">
     <span class='ocr_line' id='line_1_40' title="bbox 444 3728 2013 3805; baseline 0.01 -27"><span class='ocrx_word' id='word_1_253' title='bbox 444 3728 744 3795; x_wconf 74' lang='lat' dir='ltr'><strong>Quocirca,</strong></span> <span class='ocrx_word' id='word_1_254' title='bbox 796 3744 922 3787; x_wconf 85' lang='lat' dir='ltr'><strong>cum</strong></span> <span class='ocrx_word' id='word_1_255' title='bbox 984 3730 1221 3801; x_wconf 81' lang='lat' dir='ltr'><strong>Spiritus</strong></span> <span class='ocrx_word' id='word_1_256' title='bbox 1280 3732 1518 3790; x_wconf 79' lang='lat' dir='ltr'><strong>fructum</strong></span> <span class='ocrx_word' id='word_1_257' title='bbox 1568 3736 1810 3794; x_wconf 87' lang='lat' dir='ltr'><strong>habeatis</strong></span> <span class='ocrx_word' id='word_1_258' title='bbox 1840 3739 1910 3805; x_wconf 81' lang='lat'><strong>&#39;°,</strong></span> <span class='ocrx_word' id='word_1_259' title='bbox 1961 3740 2013 3795; x_wconf 90' lang='lat' dir='ltr'><strong>id</strong></span> 
     </span>
    </p>
   </div>
   <div class='ocr_carea' id='block_1_41' title="bbox 444 3820 2015 3902">
    <p class='ocr_par' dir='ltr' id='par_1_41' title="bbox 444 3820 2015 3902">
     <span class='ocr_line' id='line_1_41' title="bbox 444 3820 2015 3902; baseline 0.011 -31"><span class='ocrx_word' id='word_1_260' title='bbox 444 3830 530 3876; x_wconf 76' lang='lat' dir='ltr'><strong>est</strong></span> <span class='ocrx_word' id='word_1_261' title='bbox 582 3820 858 3890; x_wconf 84' lang='lat' dir='ltr'><strong>spiritales</strong></span> <span class='ocrx_word' id='word_1_262' title='bbox 914 3823 1186 3891; x_wconf 87' lang='lat' dir='ltr'><strong>actiones,</strong></span> <span class='ocrx_word' id='word_1_263' title='bbox 1239 3826 1505 3895; x_wconf 86' lang='lat' dir='ltr'><strong>Spiritum</strong></span> <span class='ocrx_word' id='word_1_264' title='bbox 1535 3843 1757 3900; x_wconf 89' lang='lat' dir='ltr'><strong>quoque</strong></span> <span class='ocrx_word' id='word_1_265' title='bbox 1789 3832 2015 3902; x_wconf 88' lang='lat' dir='ltr'><strong>insuper</strong></span> 
     </span>
    </p>
   </div>
   <div class='ocr_carea' id='block_1_42' title="bbox 446 3913 2013 3992">
    <p class='ocr_par' dir='ltr' id='par_1_42' title="bbox 446 3913 2013 3992">
     <span class='ocr_line' id='line_1_42' title="bbox 446 3913 2013 3992; baseline 0.01 -27"><span class='ocrx_word' id='word_1_266' title='bbox 446 3913 732 3976; x_wconf 58' lang='lat' dir='ltr'><strong>?sSlllllile,</strong></span> <span class='ocrx_word' id='word_1_267' title='bbox 793 3914 861 3971; x_wconf 87' lang='lat' dir='ltr'><strong>de</strong></span> <span class='ocrx_word' id='word_1_268' title='bbox 912 3915 1086 3983; x_wconf 87' lang='lat' dir='ltr'><strong>ipsius</strong></span> <span class='ocrx_word' id='word_1_269' title='bbox 1129 3917 1460 3985; x_wconf 86' lang='lat' dir='ltr'><strong>divinitate,</strong></span> <span class='ocrx_word' id='word_1_270' title='bbox 1513 3930 1572 3975; x_wconf 88' lang='lat' dir='ltr'><strong>ut</strong></span> <span class='ocrx_word' id='word_1_271' title='bbox 1627 3922 1852 3992; x_wconf 83' lang='lat' dir='ltr'><strong>dignum</strong></span> <span class='ocrx_word' id='word_1_272' title='bbox 1909 3935 2013 3991; x_wconf 85' lang='lat' dir='ltr'><strong>cst,</strong></span> 
     </span>
    </p>
   </div>
   <div class='ocr_carea' id='block_1_43' title="bbox 446 4003 2011 4081">
    <p class='ocr_par' dir='ltr' id='par_1_43' title="bbox 446 4003 2011 4081">
     <span class='ocr_line' id='line_1_43' title="bbox 446 4003 2011 4081; baseline 0.01 -25"><span class='ocrx_word' id='word_1_273' title='bbox 446 4003 813 4065; x_wconf 84' lang='lat' dir='ltr'><strong>disserentes;</strong></span> <span class='ocrx_word' id='word_1_274' title='bbox 848 4016 904 4060; x_wconf 88' lang='lat' dir='ltr'><strong>ut</strong></span> <span class='ocrx_word' id='word_1_275' title='bbox 935 4005 1215 4078; x_wconf 89' lang='lat' dir='ltr'><strong>(quoniam</strong></span> <span class='ocrx_word' id='word_1_276' title='bbox 1235 4009 1389 4078; x_wconf 82' lang='lat' dir='ltr'><strong>juxta</strong></span> <span class='ocrx_word' id='word_1_277' title='bbox 1417 4013 1737 4081; x_wconf 78' lang='lat' dir='ltr'><strong>Apostolum</strong></span> <span class='ocrx_word' id='word_1_278' title='bbox 1758 4014 1824 4079; x_wconf 83' lang='grc'><strong>⁸¹,</strong></span> <span class='ocrx_word' id='word_1_279' title='bbox 1850 4018 2011 4071; x_wconf 88' lang='lat' dir='ltr'><strong>etiam</strong></span> 
     </span>
    </p>
   </div>
   <div class='ocr_carea' id='block_1_44' title="bbox 448 4093 2016 4175">
    <p class='ocr_par' dir='ltr' id='par_1_44' title="bbox 448 4093 2016 4175">
     <span class='ocr_line' id='line_1_44' title="bbox 448 4093 2016 4175; baseline 0.011 -30"><span class='ocrx_word' id='word_1_280' title='bbox 448 4093 495 4146; x_wconf 81' lang='lat' dir='ltr'><strong>si</strong></span> <span class='ocrx_word' id='word_1_281' title='bbox 524 4093 648 4162; x_wconf 88' lang='lat' dir='ltr'><strong>quis</strong></span> <span class='ocrx_word' id='word_1_282' title='bbox 666 4102 859 4164; x_wconf 80' lang='lat' dir='ltr'><strong>certet,</strong></span> <span class='ocrx_word' id='word_1_283' title='bbox 883 4111 993 4150; x_wconf 82' lang='lat' dir='ltr'><strong>non</strong></span> <span class='ocrx_word' id='word_1_284' title='bbox 1026 4105 1208 4156; x_wconf 85' lang='lat' dir='ltr'><strong>tamen</strong></span> <span class='ocrx_word' id='word_1_285' title='bbox 1244 4102 1616 4170; x_wconf 86' lang='lat' dir='ltr'><strong>coronabitur,</strong></span> <span class='ocrx_word' id='word_1_286' title='bbox 1646 4104 1751 4159; x_wconf 90' lang='lat' dir='ltr'><strong>nisi</strong></span> <span class='ocrx_word' id='word_1_287' title='bbox 1778 4105 2016 4175; x_wconf 73' lang='lat' dir='ltr'><strong>legitime</strong></span> 
     </span>
    </p>
   </div>
   <div class='ocr_carea' id='block_1_45' title="bbox 447 4181 2012 4268">
    <p class='ocr_par' dir='ltr' id='par_1_45' title="bbox 447 4181 2012 4268">
     <span class='ocr_line' id='line_1_45' title="bbox 447 4181 2012 4268; baseline 0.013 -34"><span class='ocrx_word' id='word_1_288' title='bbox 447 4181 638 4254; x_wconf 86' lang='lat' dir='ltr'><strong>certet)</strong></span> <span class='ocrx_word' id='word_1_289' title='bbox 670 4199 767 4240; x_wconf 91' lang='lat' dir='ltr'><strong>vos</strong></span> <span class='ocrx_word' id='word_1_290' title='bbox 800 4200 909 4240; x_wconf 92' lang='lat' dir='ltr'><strong>non</strong></span> <span class='ocrx_word' id='word_1_291' title='bbox 940 4186 1116 4244; x_wconf 90' lang='lat' dir='ltr'><strong>solum</strong></span> <span class='ocrx_word' id='word_1_292' title='bbox 1163 4191 1407 4257; x_wconf 81' lang='lat' dir='ltr'><strong>certetis,</strong></span> <span class='ocrx_word' id='word_1_293' title='bbox 1438 4193 1533 4249; x_wconf 90' lang='lat' dir='ltr'><strong>sed</strong></span> <span class='ocrx_word' id='word_1_294' title='bbox 1564 4194 1729 4248; x_wconf 88' lang='lat' dir='ltr'><strong>etiam</strong></span> <span class='ocrx_word' id='word_1_295' title='bbox 1754 4196 2012 4268; x_wconf 79' lang='lat' dir='ltr'><strong>legitime.</strong></span> 
     </span>
    </p>
   </div>
   <div class='ocr_carea' id='block_1_46' title="bbox 446 4274 2015 4358">
    <p class='ocr_par' dir='ltr' id='par_1_46' title="bbox 446 4274 2015 4358">
     <span class='ocr_line' id='line_1_46' title="bbox 446 4274 2015 4358; baseline 0.011 -32"><span class='ocrx_word' id='word_1_296' title='bbox 446 4274 581 4328; x_wconf 79' lang='lat' dir='ltr'><strong>Nam</strong></span> <span class='ocrx_word' id='word_1_297' title='bbox 637 4276 766 4331; x_wconf 88' lang='lat' dir='ltr'><strong>hinc</strong></span> <span class='ocrx_word' id='word_1_298' title='bbox 811 4292 1032 4333; x_wconf 62' lang='lat' dir='ltr'><strong>coronae</strong></span> <span class='ocrx_word' id='word_1_299' title='bbox 1064 4283 1230 4336; x_wconf 86' lang='lat' dir='ltr'><strong>decus</strong></span> <span class='ocrx_word' id='word_1_300' title='bbox 1293 4295 1678 4354; x_wconf 86' lang='lat' dir='ltr'><strong>comparatur,</strong></span> <span class='ocrx_word' id='word_1_301' title='bbox 1716 4303 1911 4358; x_wconf 88' lang='lat' dir='ltr'><strong>nempe</strong></span> <span class='ocrx_word' id='word_1_302' title='bbox 1948 4305 2015 4343; x_wconf 89' lang='lat' dir='ltr'><strong>ex</strong></span> 
     </span>
    </p>
   </div>
   <div class='ocr_carea' id='block_1_47' title="bbox 446 4365 2012 4435">
    <p class='ocr_par' dir='ltr' id='par_1_47' title="bbox 446 4365 2012 4435">
     <span class='ocr_line' id='line_1_47' title="bbox 446 4365 2012 4435; baseline 0.011 -17"><span class='ocrx_word' id='word_1_303' title='bbox 446 4365 693 4435; x_wconf 89' lang='lat' dir='ltr'><strong>legitimo</strong></span> <span class='ocrx_word' id='word_1_304' title='bbox 743 4372 1064 4428; x_wconf 88' lang='lat' dir='ltr'><strong>certamine.</strong></span> <span class='ocrx_word' id='word_1_305' title='bbox 1110 4372 1275 4429; x_wconf 91' lang='lat' dir='ltr'><strong>Stulti</strong></span> <span class='ocrx_word' id='word_1_306' title='bbox 1327 4376 1473 4430; x_wconf 90' lang='lat' dir='ltr'><strong>enim</strong></span> <span class='ocrx_word' id='word_1_307' title='bbox 1506 4392 1571 4433; x_wconf 87' lang='lat' dir='ltr'><strong>ac</strong></span> <span class='ocrx_word' id='word_1_308' title='bbox 1616 4379 1798 4435; x_wconf 89' lang='lat' dir='ltr'><strong>stolidi</strong></span> <span class='ocrx_word' id='word_1_309' title='bbox 1845 4381 2012 4435; x_wconf 91' lang='lat' dir='ltr'><strong>animi</strong></span> 
     </span>
    </p>
   </div>
   <div class='ocr_carea' id='block_1_48' title="bbox 2117 539 3682 614">
    <p class='ocr_par' dir='ltr' id='par_1_48' title="bbox 2117 539 3682 614">
     <span class='ocr_line' id='line_1_48' title="bbox 2117 539 3682 614; baseline -0.006 -14"><span class='ocrx_word' id='word_1_310' title='bbox 2117 545 2270 611; x_wconf 70' lang='lat' dir='ltr'><strong>sto”,</strong></span> <span class='ocrx_word' id='word_1_311' title='bbox 2301 544 2354 598; x_wconf 89' lang='lat' dir='ltr'><strong>id</strong></span> <span class='ocrx_word' id='word_1_312' title='bbox 2385 554 2489 610; x_wconf 91' lang='lat' dir='ltr'><strong>est,</strong></span> <span class='ocrx_word' id='word_1_313' title='bbox 2523 545 2829 614; x_wconf 74' lang='lat' dir='ltr'><strong>disiunctus</strong></span> <span class='ocrx_word' id='word_1_314' title='bbox 2858 554 2911 600; x_wconf 90' lang='lat' dir='ltr'><strong>et</strong></span> <span class='ocrx_word' id='word_1_315' title='bbox 2954 554 3257 613; x_wconf 87' lang='lat' dir='ltr'><strong>separatus.</strong></span> <span class='ocrx_word' id='word_1_316' title='bbox 3293 539 3495 594; x_wconf 84' lang='lat' dir='ltr'><strong>Paulus</strong></span> <span class='ocrx_word' id='word_1_317' title='bbox 3532 540 3682 592; x_wconf 90' lang='lat' dir='ltr'><strong>enim</strong></span> 
     </span>
    </p>
   </div>
   <div class='ocr_carea' id='block_1_49' title="bbox 2118 630 3689 706">
    <p class='ocr_par' dir='ltr' id='par_1_49' title="bbox 2118 630 3689 706">
     <span class='ocr_line' id='line_1_49' title="bbox 2118 630 3689 706; baseline -0.004 -17"><span class='ocrx_word' id='word_1_318' title='bbox 2118 635 2321 692; x_wconf 81' lang='lat' dir='ltr'><strong>Mosem</strong></span> <span class='ocrx_word' id='word_1_319' title='bbox 2372 634 2727 701; x_wconf 53' lang='lat' dir='ltr'><strong>imitabatur,</strong></span> <span class='ocrx_word' id='word_1_320' title='bbox 2787 645 3144 706; x_wconf 82' lang='lat' dir='ltr'><strong>cognatorum</strong></span> <span class='ocrx_word' id='word_1_321' title='bbox 3198 648 3262 688; x_wconf 89' lang='lat' dir='ltr'><strong>ac</strong></span> <span class='ocrx_word' id='word_1_322' title='bbox 3313 630 3689 685; x_wconf 86' lang='lat' dir='ltr'><strong>contribnlnm</strong></span> 
     </span>
    </p>
   </div>
   <div class='ocr_carea' id='block_1_50' title="bbox 2117 721 3690 793">
    <p class='ocr_par' dir='ltr' id='par_1_50' title="bbox 2117 721 3690 793">
     <span class='ocr_line' id='line_1_50' title="bbox 2117 721 3690 793; baseline -0.006 -9"><span class='ocrx_word' id='word_1_323' title='bbox 2117 742 2337 785; x_wconf 86' lang='lat' dir='ltr'><strong>suorum</strong></span> <span class='ocrx_word' id='word_1_324' title='bbox 2369 728 2542 783; x_wconf 91' lang='lat' dir='ltr'><strong>vicem</strong></span> <span class='ocrx_word' id='word_1_325' title='bbox 2572 727 2867 791; x_wconf 87' lang='lat' dir='ltr'><strong>dolentem,</strong></span> <span class='ocrx_word' id='word_1_326' title='bbox 2896 726 3175 793; x_wconf 86' lang='lat' dir='ltr'><strong>Deumque</strong></span> <span class='ocrx_word' id='word_1_327' title='bbox 3220 723 3307 777; x_wconf 89' lang='lat' dir='ltr'><strong>bis</strong></span> <span class='ocrx_word' id='word_1_328' title='bbox 3340 721 3519 775; x_wconf 83' lang='lat' dir='ltr'><strong>verbis</strong></span> <span class='ocrx_word' id='word_1_329' title='bbox 3549 722 3690 775; x_wconf 84' lang='lat' dir='ltr'><strong>allo-</strong></span> 
     </span>
    </p>
   </div>
   <div class='ocr_carea' id='block_1_51' title="bbox 2115 815 3732 901">
    <p class='ocr_par' dir='ltr' id='par_1_51' title="bbox 2115 815 3732 901">
     <span class='ocr_line' id='line_1_51' title="bbox 2115 815 3732 901; baseline -0.006 -26"><span class='ocrx_word' id='word_1_330' title='bbox 2115 829 2371 890; x_wconf 88' lang='lat' dir='ltr'><strong>qucntem</strong></span> <span class='ocrx_word' id='word_1_331' title='bbox 2408 837 2422 874; x_wconf 92' lang='lat'>:</span> <span class='ocrx_word' id='word_1_332' title='bbox 2457 818 2518 874; x_wconf 88' lang='lat' dir='ltr'><strong>Si</strong></span> <span class='ocrx_word' id='word_1_333' title='bbox 2548 827 2823 888; x_wconf 85' lang='lat' dir='ltr'><strong>peccatum</strong></span> <span class='ocrx_word' id='word_1_334' title='bbox 2854 819 2982 886; x_wconf 80' lang='lat' dir='ltr'><strong>ipsis</strong></span> <span class='ocrx_word' id='word_1_335' title='bbox 3006 816 3297 881; x_wconf 76' lang='lat' dir='ltr'><strong>dimiseris,</strong></span> <span class='ocrx_word' id='word_1_336' title='bbox 3328 815 3534 868; x_wconf 80' lang='lat' dir='ltr'><strong>dimitte</strong></span> <span class='ocrx_word' id='word_1_337' title='bbox 3564 815 3693 869; x_wconf 79' lang='lat' dir='ltr'><strong>:sin</strong></span> <span class='ocrx_word' id='word_1_338' title='bbox 3726 896 3732 901; x_wconf 22' lang='grc'><em>⁴</em></span> 
     </span>
    </p>
   </div>
   <div class='ocr_carea' id='block_1_52' title="bbox 2115 902 3689 982">
    <p class='ocr_par' dir='ltr' id='par_1_52' title="bbox 2115 902 3689 982">
     <span class='ocr_line' id='line_1_52' title="bbox 2115 902 3689 982; baseline -0.006 -17"><span class='ocrx_word' id='word_1_339' title='bbox 2115 913 2309 976; x_wconf 78' lang='lat' dir='ltr'><strong>minus,</strong></span> <span class='ocrx_word' id='word_1_340' title='bbox 2346 912 2410 966; x_wconf 87' lang='lat' dir='ltr'><strong>de</strong></span> <span class='ocrx_word' id='word_1_341' title='bbox 2442 912 2599 979; x_wconf 86' lang='lat' dir='ltr'><strong>libro,</strong></span> <span class='ocrx_word' id='word_1_342' title='bbox 2630 927 2781 982; x_wconf 88' lang='lat' dir='ltr'><strong>quem</strong></span> <span class='ocrx_word' id='word_1_343' title='bbox 2804 909 3086 977; x_wconf 75' lang='lat' dir='ltr'><strong>scripsisti,</strong></span> <span class='ocrx_word' id='word_1_344' title='bbox 3120 923 3196 962; x_wconf 85' lang='lat' dir='ltr'><strong>me</strong></span> <span class='ocrx_word' id='word_1_345' title='bbox 3226 921 3428 977; x_wconf 81' lang='lat' dir='ltr'><strong>quoque</strong></span> <span class='ocrx_word' id='word_1_346' title='bbox 3447 902 3562 957; x_wconf 80' lang='lat' dir='ltr'><strong>dele</strong></span> <span class='ocrx_word' id='word_1_347' title='bbox 3584 903 3689 956; x_wconf 82' lang='lat'><strong>“&#39;.</strong></span> 
     </span>
    </p>
   </div>
   <div class='ocr_carea' id='block_1_53' title="bbox 2115 995 3690 1076">
    <p class='ocr_par' dir='ltr' id='par_1_53' title="bbox 2115 995 3690 1076">
     <span class='ocr_line' id='line_1_53' title="bbox 2115 995 3690 1076; baseline -0.006 -19"><span class='ocrx_word' id='word_1_348' title='bbox 2115 1004 2295 1076; x_wconf 85' lang='lat' dir='ltr'><strong>Atque</strong></span> <span class='ocrx_word' id='word_1_349' title='bbox 2333 1005 2628 1059; x_wconf 89' lang='lat' dir='ltr'><strong>multorum</strong></span> <span class='ocrx_word' id='word_1_350' title='bbox 2674 1004 2907 1061; x_wconf 75' lang='lat' dir='ltr'><strong>salutem</strong></span> <span class='ocrx_word' id='word_1_351' title='bbox 2968 1015 3068 1056; x_wconf 88' lang='lat' dir='ltr'><strong>sua</strong></span> <span class='ocrx_word' id='word_1_352' title='bbox 3130 999 3299 1055; x_wconf 91' lang='lat' dir='ltr'><strong>unius</strong></span> <span class='ocrx_word' id='word_1_353' title='bbox 3337 997 3514 1052; x_wconf 88' lang='lat' dir='ltr'><strong>salute</strong></span> <span class='ocrx_word' id='word_1_354' title='bbox 3566 995 3690 1048; x_wconf 66' lang='grc' dir='ltr'>[ιιι-</span> 
     </span>
    </p>
   </div>
   <div class='ocr_carea' id='block_1_54' title="bbox 2124 1083 3692 1162">
    <p class='ocr_par' dir='ltr' id='par_1_54' title="bbox 2124 1083 3692 1162">
     <span class='ocr_line' id='line_1_54' title="bbox 2124 1083 3692 1162; baseline -0.006 -16"><span class='ocrx_word' id='word_1_355' title='bbox 2124 1093 2455 1148; x_wconf 89' lang='lat' dir='ltr'><strong>ctuosiorem</strong></span> <span class='ocrx_word' id='word_1_356' title='bbox 2504 1092 3071 1162; x_wconf 84' lang='lat' dir='ltr'><strong>praestabilioremque</strong></span> <span class='ocrx_word' id='word_1_357' title='bbox 3119 1085 3399 1143; x_wconf 88' lang='lat' dir='ltr'><strong>ducebat:</strong></span> <span class='ocrx_word' id='word_1_358' title='bbox 3441 1087 3493 1139; x_wconf 89' lang='lat' dir='ltr'><strong>id</strong></span> <span class='ocrx_word' id='word_1_359' title='bbox 3538 1083 3692 1152; x_wconf 89' lang='lat' dir='ltr'><strong>quod</strong></span> 
     </span>
    </p>
   </div>
   <div class='ocr_carea' id='block_1_55' title="bbox 2115 1174 3695 1250">
    <p class='ocr_par' dir='ltr' id='par_1_55' title="bbox 2115 1174 3695 1250">
     <span class='ocr_line' id='line_1_55' title="bbox 2115 1174 3695 1250; baseline -0.009 -13"><span class='ocrx_word' id='word_1_360' title='bbox 2115 1191 2199 1237; x_wconf 88' lang='lat' dir='ltr'><strong>est</strong></span> <span class='ocrx_word' id='word_1_361' title='bbox 2242 1180 2498 1245; x_wconf 88' lang='lat' dir='ltr'><strong>hominis,</strong></span> <span class='ocrx_word' id='word_1_362' title='bbox 2532 1191 2649 1236; x_wconf 90' lang='lat' dir='ltr'><strong>tum</strong></span> <span class='ocrx_word' id='word_1_363' title='bbox 2702 1180 3011 1250; x_wconf 90' lang='lat' dir='ltr'><strong>proximum</strong></span> <span class='ocrx_word' id='word_1_364' title='bbox 3049 1184 3109 1231; x_wconf 87' lang='lat' dir='ltr'><strong>ut</strong></span> <span class='ocrx_word' id='word_1_365' title='bbox 3162 1176 3402 1245; x_wconf 81' lang='lat' dir='ltr'><strong>seipsum</strong></span> <span class='ocrx_word' id='word_1_366' title='bbox 3454 1174 3695 1244; x_wconf 84' lang='lat' dir='ltr'><strong>diligen-</strong></span> 
     </span>
    </p>
   </div>
   <div class='ocr_carea' id='block_1_56' title="bbox 2118 1265 3695 1333">
    <p class='ocr_par' dir='ltr' id='par_1_56' title="bbox 2118 1265 3695 1333">
     <span class='ocr_line' id='line_1_56' title="bbox 2118 1265 3695 1333; baseline -0.003 -11"><span class='ocrx_word' id='word_1_367' title='bbox 2118 1272 2233 1333; x_wconf 87' lang='lat' dir='ltr'><strong>tis,</strong></span> <span class='ocrx_word' id='word_1_368' title='bbox 2295 1279 2409 1326; x_wconf 91' lang='lat' dir='ltr'><strong>tum</strong></span> <span class='ocrx_word' id='word_1_369' title='bbox 2460 1272 2696 1327; x_wconf 78' lang='lat' dir='ltr'><strong>maxime</strong></span> <span class='ocrx_word' id='word_1_370' title='bbox 2748 1270 3026 1326; x_wconf 88' lang='lat' dir='ltr'><strong>Christum</strong></span> <span class='ocrx_word' id='word_1_371' title='bbox 3100 1267 3378 1331; x_wconf 88' lang='lat' dir='ltr'><strong>amantis,</strong></span> <span class='ocrx_word' id='word_1_372' title='bbox 3449 1280 3513 1320; x_wconf 88' lang='lat' dir='ltr'><strong>ac</strong></span> <span class='ocrx_word' id='word_1_373' title='bbox 3580 1265 3695 1319; x_wconf 88' lang='lat' dir='ltr'><strong>duo</strong></span> 
     </span>
    </p>
   </div>
   <div class='ocr_carea' id='block_1_57' title="bbox 2114 1354 3693 1430">
    <p class='ocr_par' dir='ltr' id='par_1_57' title="bbox 2114 1354 3693 1430">
     <span class='ocr_line' id='line_1_57' title="bbox 2114 1354 3693 1430; baseline -0.002 -19"><span class='ocrx_word' id='word_1_374' title='bbox 2114 1360 2291 1430; x_wconf 83' lang='lat' dir='ltr'><strong>prima</strong></span> <span class='ocrx_word' id='word_1_375' title='bbox 2322 1369 2376 1415; x_wconf 89' lang='lat' dir='ltr'><strong>et</strong></span> <span class='ocrx_word' id='word_1_376' title='bbox 2420 1376 2616 1430; x_wconf 87' lang='lat' dir='ltr'><strong>magna</strong></span> <span class='ocrx_word' id='word_1_377' title='bbox 2646 1371 2913 1429; x_wconf 62' lang='lat' dir='ltr'><strong>praecepta</strong></span> <span class='ocrx_word' id='word_1_378' title='bbox 2964 1358 3129 1413; x_wconf 91' lang='lat' dir='ltr'><strong>simul</strong></span> <span class='ocrx_word' id='word_1_379' title='bbox 3158 1355 3447 1426; x_wconf 88' lang='lat' dir='ltr'><strong>explcntis.</strong></span> <span class='ocrx_word' id='word_1_380' title='bbox 3482 1354 3693 1408; x_wconf 81' lang='lat' dir='ltr'><strong>Eodem</strong></span> 
     </span>
    </p>
   </div>
   <div class='ocr_carea' id='block_1_58' title="bbox 2117 1444 3693 1519">
    <p class='ocr_par' dir='ltr' id='par_1_58' title="bbox 2117 1444 3693 1519">
     <span class='ocr_line' id='line_1_58' title="bbox 2117 1444 3693 1519; baseline -0.006 -14"><span class='ocrx_word' id='word_1_381' title='bbox 2117 1450 2284 1519; x_wconf 78' lang='lat' dir='ltr'><strong>igitur</strong></span> <span class='ocrx_word' id='word_1_382' title='bbox 2328 1450 2490 1506; x_wconf 89' lang='lat' dir='ltr'><strong>modo</strong></span> <span class='ocrx_word' id='word_1_383' title='bbox 2545 1452 2659 1519; x_wconf 85' lang='lat' dir='ltr'><strong>ipse</strong></span> <span class='ocrx_word' id='word_1_384' title='bbox 2685 1464 2905 1519; x_wconf 88' lang='lat' dir='ltr'><strong>quoque</strong></span> <span class='ocrx_word' id='word_1_385' title='bbox 2954 1446 3228 1512; x_wconf 89' lang='lat' dir='ltr'><strong>nonnihil,</strong></span> <span class='ocrx_word' id='word_1_386' title='bbox 3266 1455 3324 1501; x_wconf 90' lang='lat' dir='ltr'><strong>ut</strong></span> <span class='ocrx_word' id='word_1_387' title='bbox 3368 1444 3693 1502; x_wconf 86' lang='lat' dir='ltr'><strong>damnatus.</strong></span> 
     </span>
    </p>
   </div>
   <div class='ocr_carea' id='block_1_59' title="bbox 2117 1536 3692 1613">
    <p class='ocr_par' dir='ltr' id='par_1_59' title="bbox 2117 1536 3692 1613">
     <span class='ocr_line' id='line_1_59' title="bbox 2117 1536 3692 1613; baseline -0.008 -17"><span class='ocrx_word' id='word_1_388' title='bbox 2117 1543 2327 1613; x_wconf 86' lang='lat' dir='ltr'><strong>perpeti</strong></span> <span class='ocrx_word' id='word_1_389' title='bbox 2364 1557 2473 1597; x_wconf 90' lang='lat' dir='ltr'><strong>non</strong></span> <span class='ocrx_word' id='word_1_390' title='bbox 2509 1556 2724 1607; x_wconf 92' lang='lat' dir='ltr'><strong>recuso,</strong></span> <span class='ocrx_word' id='word_1_391' title='bbox 2756 1541 2864 1595; x_wconf 80' lang='lat' dir='ltr'><strong>hac</strong></span> <span class='ocrx_word' id='word_1_392' title='bbox 2895 1539 3240 1602; x_wconf 88' lang='lat' dir='ltr'><strong>conditione,</strong></span> <span class='ocrx_word' id='word_1_393' title='bbox 3294 1545 3356 1591; x_wconf 90' lang='lat' dir='ltr'><strong>ut</strong></span> <span class='ocrx_word' id='word_1_394' title='bbox 3401 1536 3692 1591; x_wconf 86' lang='lat' dir='ltr'><strong>nobiscum</strong></span> 
     </span>
    </p>
   </div>
   <div class='ocr_carea' id='block_1_60' title="bbox 2118 1620 3694 1687">
    <p class='ocr_par' dir='ltr' id='par_1_60' title="bbox 2118 1620 3694 1687">
     <span class='ocr_line' id='line_1_60' title="bbox 2118 1620 3694 1687; baseline -0.006 -2"><span class='ocrx_word' id='word_1_395' title='bbox 2118 1620 2273 1687; x_wconf 83' lang='lat' dir='ltr'><strong>stetis</strong></span> <span class='ocrx_word' id='word_1_396' title='bbox 2304 1646 2366 1687; x_wconf 91' lang='lat' dir='ltr'><strong>ac</strong></span> <span class='ocrx_word' id='word_1_397' title='bbox 2394 1630 2780 1687; x_wconf 89' lang='lat' dir='ltr'><strong>communibus</strong></span> <span class='ocrx_word' id='word_1_398' title='bbox 2827 1630 3026 1685; x_wconf 89' lang='lat' dir='ltr'><strong>animis</strong></span> <span class='ocrx_word' id='word_1_399' title='bbox 3054 1627 3377 1682; x_wconf 83' lang='lat' dir='ltr'><strong>Trinitatem</strong></span> <span class='ocrx_word' id='word_1_400' title='bbox 3436 1625 3694 1679; x_wconf 82' lang='lat' dir='ltr'><strong>concele-</strong></span> 
     </span>
    </p>
   </div>
   <div class='ocr_carea' id='block_1_61' title="bbox 2120 1716 3693 1791">
    <p class='ocr_par' dir='ltr' id='par_1_61' title="bbox 2120 1716 3693 1791">
     <span class='ocr_line' id='line_1_61' title="bbox 2120 1716 3693 1791; baseline -0.004 -16"><span class='ocrx_word' id='word_1_401' title='bbox 2120 1721 2360 1778; x_wconf 89' lang='lat' dir='ltr'><strong>bremus.</strong></span> <span class='ocrx_word' id='word_1_402' title='bbox 2425 1722 2560 1777; x_wconf 86' lang='lat' dir='ltr'><strong>Nam</strong></span> <span class='ocrx_word' id='word_1_403' title='bbox 2606 1722 2736 1791; x_wconf 91' lang='lat' dir='ltr'><strong>quid</strong></span> <span class='ocrx_word' id='word_1_404' title='bbox 2781 1722 2848 1777; x_wconf 88' lang='lat' dir='ltr'><strong>de</strong></span> <span class='ocrx_word' id='word_1_405' title='bbox 2885 1721 3009 1775; x_wconf 89' lang='lat' dir='ltr'><strong>aliis</strong></span> <span class='ocrx_word' id='word_1_406' title='bbox 3062 1720 3238 1774; x_wconf 81' lang='lat' dir='ltr'><strong>dicam</strong></span> <span class='ocrx_word' id='word_1_407' title='bbox 3267 1759 3284 1783; x_wconf 88' lang='lat'><strong>,</strong></span> <span class='ocrx_word' id='word_1_408' title='bbox 3349 1717 3418 1772; x_wconf 91' lang='lat' dir='ltr'><strong>de</strong></span> <span class='ocrx_word' id='word_1_409' title='bbox 3470 1716 3693 1771; x_wconf 82' lang='lat' dir='ltr'><strong>Arianis</strong></span> 
     </span>
    </p>
   </div>
   <div class='ocr_carea' id='block_1_62' title="bbox 2122 1806 3692 1880">
    <p class='ocr_par' dir='ltr' id='par_1_62' title="bbox 2122 1806 3692 1880">
     <span class='ocr_line' id='line_1_62' title="bbox 2122 1806 3692 1880; baseline -0.008 -11"><span class='ocrx_word' id='word_1_410' title='bbox 2122 1813 2328 1869; x_wconf 89' lang='lat' dir='ltr'><strong>scilicet</strong></span> <span class='ocrx_word' id='word_1_411' title='bbox 2357 1828 2411 1865; x_wconf 89' lang='lat' dir='ltr'><strong>et</strong></span> <span class='ocrx_word' id='word_1_412' title='bbox 2438 1810 2821 1879; x_wconf 87' lang='lat' dir='ltr'><strong>Ettnomianis,</strong></span> <span class='ocrx_word' id='word_1_413' title='bbox 2857 1811 2950 1880; x_wconf 89' lang='lat' dir='ltr'><strong>qui</strong></span> <span class='ocrx_word' id='word_1_414' title='bbox 2981 1824 3089 1863; x_wconf 90' lang='lat' dir='ltr'><strong>non</strong></span> <span class='ocrx_word' id='word_1_415' title='bbox 3119 1809 3293 1862; x_wconf 90' lang='lat' dir='ltr'><strong>solum</strong></span> <span class='ocrx_word' id='word_1_416' title='bbox 3328 1808 3380 1861; x_wconf 92' lang='lat' dir='ltr'><strong>in</strong></span> <span class='ocrx_word' id='word_1_417' title='bbox 3421 1806 3692 1875; x_wconf 86' lang='lat' dir='ltr'><strong>Spiritum</strong></span> 
     </span>
    </p>
   </div>
   <div class='ocr_carea' id='block_1_63' title="bbox 2125 1898 3692 1972">
    <p class='ocr_par' dir='ltr' id='par_1_63' title="bbox 2125 1898 3692 1972">
     <span class='ocr_line' id='line_1_63' title="bbox 2125 1898 3692 1972; baseline -0.005 -16"><span class='ocrx_word' id='word_1_418' title='bbox 2125 1903 2472 1972; x_wconf 81' lang='lat' dir='ltr'><strong>blasphemas</strong></span> <span class='ocrx_word' id='word_1_419' title='bbox 2530 1918 2816 1958; x_wconf 85' lang='lat' dir='ltr'><strong>sermones</strong></span> <span class='ocrx_word' id='word_1_420' title='bbox 2850 1909 3134 1963; x_wconf 89' lang='lat' dir='ltr'><strong>evomunt,</strong></span> <span class='ocrx_word' id='word_1_421' title='bbox 3188 1914 3378 1952; x_wconf 89' lang='lat' dir='ltr'><strong>verum</strong></span> <span class='ocrx_word' id='word_1_422' title='bbox 3428 1898 3592 1952; x_wconf 88' lang='lat' dir='ltr'><strong>etiam</strong></span> <span class='ocrx_word' id='word_1_423' title='bbox 3636 1898 3692 1950; x_wconf 91' lang='lat' dir='ltr'><strong>in</strong></span> 
     </span>
    </p>
   </div>
   <div class='ocr_carea' id='block_1_64' title="bbox 2120 1988 3695 2061">
    <p class='ocr_par' dir='ltr' id='par_1_64' title="bbox 2120 1988 3695 2061">
     <span class='ocr_line' id='line_1_64' title="bbox 2120 1988 3695 2061; baseline -0.004 -15"><span class='ocrx_word' id='word_1_424' title='bbox 2120 1992 2317 2047; x_wconf 84' lang='lat' dir='ltr'><strong>Filium</strong></span> <span class='ocrx_word' id='word_1_425' title='bbox 2346 2031 2361 2057; x_wconf 94' lang='lat'><strong>,</strong></span> <span class='ocrx_word' id='word_1_426' title='bbox 2398 2007 2461 2047; x_wconf 87' lang='lat' dir='ltr'><strong>ac</strong></span> <span class='ocrx_word' id='word_1_427' title='bbox 2481 2001 2793 2061; x_wconf 84' lang='lat' dir='ltr'><strong>propterea.</strong></span> <span class='ocrx_word' id='word_1_428' title='bbox 2829 2000 3092 2061; x_wconf 84' lang='lat' dir='ltr'><strong>quantum</strong></span> <span class='ocrx_word' id='word_1_429' title='bbox 3122 1990 3190 2045; x_wconf 89' lang='lat' dir='ltr'><strong>ad</strong></span> <span class='ocrx_word' id='word_1_430' title='bbox 3209 1991 3448 2042; x_wconf 88' lang='lat' dir='ltr'><strong>animam</strong></span> <span class='ocrx_word' id='word_1_431' title='bbox 3479 1988 3695 2050; x_wconf 84' lang='lat' dir='ltr'><strong>attinet,</strong></span> 
     </span>
    </p>
   </div>
   <div class='ocr_carea' id='block_1_65' title="bbox 2121 2077 3694 2156">
    <p class='ocr_par' dir='ltr' id='par_1_65' title="bbox 2121 2077 3694 2156">
     <span class='ocr_line' id='line_1_65' title="bbox 2121 2077 3694 2156; baseline -0.004 -18"><span class='ocrx_word' id='word_1_432' title='bbox 2121 2098 2346 2156; x_wconf 89' lang='lat' dir='ltr'><strong>prorsus</strong></span> <span class='ocrx_word' id='word_1_433' title='bbox 2379 2085 2577 2138; x_wconf 87' lang='lat' dir='ltr'><strong>mortui</strong></span> <span class='ocrx_word' id='word_1_434' title='bbox 2608 2094 2772 2153; x_wconf 86' lang='lat' dir='ltr'><strong>atque</strong></span> <span class='ocrx_word' id='word_1_435' title='bbox 2798 2083 3047 2138; x_wconf 80' lang='lat' dir='ltr'><strong>exstincti</strong></span> <span class='ocrx_word' id='word_1_436' title='bbox 3073 2077 3225 2136; x_wconf 72' lang='lat' dir='ltr'><strong>sunt!</strong></span> <span class='ocrx_word' id='word_1_437' title='bbox 3254 2082 3463 2135; x_wconf 75' lang='lat' dir='ltr'><strong>Anima:</strong></span> <span class='ocrx_word' id='word_1_438' title='bbox 3491 2079 3694 2148; x_wconf 89' lang='lat' dir='ltr'><strong>quippe</strong></span> 
     </span>
    </p>
   </div>
   <div class='ocr_carea' id='block_1_66' title="bbox 2121 2171 3693 2247">
    <p class='ocr_par' dir='ltr' id='par_1_66' title="bbox 2121 2171 3693 2247">
     <span class='ocr_line' id='line_1_66' title="bbox 2121 2171 3693 2247; baseline -0.009 -14"><span class='ocrx_word' id='word_1_439' title='bbox 2121 2192 2271 2234; x_wconf 88' lang='lat' dir='ltr'><strong>mors</strong></span> <span class='ocrx_word' id='word_1_440' title='bbox 2301 2178 2571 2247; x_wconf 78' lang='lat' dir='ltr'><strong>separatio</strong></span> <span class='ocrx_word' id='word_1_441' title='bbox 2596 2185 2678 2231; x_wconf 89' lang='lat' dir='ltr'><strong>est</strong></span> <span class='ocrx_word' id='word_1_442' title='bbox 2706 2189 2736 2228; x_wconf 88' lang='lat' dir='ltr'><strong>a</strong></span> <span class='ocrx_word' id='word_1_443' title='bbox 2762 2173 2894 2242; x_wconf 88' lang='lat' dir='ltr'><strong>Deo,</strong></span> <span class='ocrx_word' id='word_1_444' title='bbox 2947 2173 3405 2244; x_wconf 82' lang='lat' dir='ltr'><strong>quemadmodum</strong></span> <span class='ocrx_word' id='word_1_445' title='bbox 3444 2171 3693 2241; x_wconf 84' lang='lat' dir='ltr'><strong>corporis</strong></span> 
     </span>
    </p>
   </div>
   <div class='ocr_carea' id='block_1_67' title="bbox 2122 2261 3692 2338">
    <p class='ocr_par' dir='ltr' id='par_1_67' title="bbox 2122 2261 3692 2338">
     <span class='ocr_line' id='line_1_67' title="bbox 2122 2261 3692 2338; baseline -0.007 -15"><span class='ocrx_word' id='word_1_446' title='bbox 2122 2284 2271 2326; x_wconf 88' lang='lat' dir='ltr'><strong>mors</strong></span> <span class='ocrx_word' id='word_1_447' title='bbox 2295 2277 2380 2324; x_wconf 91' lang='lat' dir='ltr'><strong>est</strong></span> <span class='ocrx_word' id='word_1_448' title='bbox 2416 2267 2590 2338; x_wconf 92' lang='lat' dir='ltr'><strong>ipsius</strong></span> <span class='ocrx_word' id='word_1_449' title='bbox 2621 2266 2691 2322; x_wconf 91' lang='lat' dir='ltr'><strong>ab</strong></span> <span class='ocrx_word' id='word_1_450' title='bbox 2722 2268 2901 2321; x_wconf 73' lang='lat' dir='ltr'><strong>anima</strong></span> <span class='ocrx_word' id='word_1_451' title='bbox 2927 2263 3241 2334; x_wconf 83' lang='lat' dir='ltr'><strong>disjunctio.</strong></span> <span class='ocrx_word' id='word_1_452' title='bbox 3266 2261 3376 2317; x_wconf 86' lang='lat' dir='ltr'><strong>Hos</strong></span> <span class='ocrx_word' id='word_1_453' title='bbox 3401 2261 3547 2316; x_wconf 90' lang='lat' dir='ltr'><strong>enim</strong></span> <span class='ocrx_word' id='word_1_454' title='bbox 3598 2275 3692 2328; x_wconf 84' lang='lat' dir='ltr'><strong>per</strong></span> 
     </span>
    </p>
   </div>
   <div class='ocr_carea' id='block_1_68' title="bbox 2125 2354 3690 2428">
    <p class='ocr_par' dir='ltr' id='par_1_68' title="bbox 2125 2354 3690 2428">
     <span class='ocr_line' id='line_1_68' title="bbox 2125 2354 3690 2428; baseline -0.007 -14"><span class='ocrx_word' id='word_1_455' title='bbox 2125 2361 2565 2416; x_wconf 86' lang='lat' dir='ltr'><strong>incredulitatem</strong></span> <span class='ocrx_word' id='word_1_456' title='bbox 2626 2370 2680 2414; x_wconf 88' lang='lat' dir='ltr'><strong>et</strong></span> <span class='ocrx_word' id='word_1_457' title='bbox 2731 2358 3016 2428; x_wconf 89' lang='lat' dir='ltr'><strong>perﬁdiam</strong></span> <span class='ocrx_word' id='word_1_458' title='bbox 3079 2365 3326 2411; x_wconf 84' lang='lat' dir='ltr'><strong>mortuos</strong></span> <span class='ocrx_word' id='word_1_459' title='bbox 3389 2354 3455 2407; x_wconf 88' lang='lat' dir='ltr'><strong>ad</strong></span> <span class='ocrx_word' id='word_1_460' title='bbox 3524 2354 3690 2405; x_wconf 81' lang='lat' dir='ltr'><strong>vitam</strong></span> 
     </span>
    </p>
   </div>
   <div class='ocr_carea' id='block_1_69' title="bbox 2121 2443 3690 2519">
    <p class='ocr_par' dir='ltr' id='par_1_69' title="bbox 2121 2443 3690 2519">
     <span class='ocr_line' id='line_1_69' title="bbox 2121 2443 3690 2519; baseline -0.006 -14"><span class='ocrx_word' id='word_1_461' title='bbox 2121 2466 2400 2516; x_wconf 90' lang='lat' dir='ltr'><strong>revocare,</strong></span> <span class='ocrx_word' id='word_1_462' title='bbox 2427 2451 2634 2506; x_wconf 77' lang='lat' dir='ltr'><strong>Christi</strong></span> <span class='ocrx_word' id='word_1_463' title='bbox 2679 2450 2850 2505; x_wconf 89' lang='lat' dir='ltr'><strong>solius</strong></span> <span class='ocrx_word' id='word_1_464' title='bbox 2881 2458 2963 2504; x_wconf 90' lang='lat' dir='ltr'><strong>est</strong></span> <span class='ocrx_word' id='word_1_465' title='bbox 2985 2449 3127 2519; x_wconf 89' lang='lat' dir='ltr'><strong>(qui,</strong></span> <span class='ocrx_word' id='word_1_466' title='bbox 3161 2455 3224 2502; x_wconf 90' lang='lat' dir='ltr'><strong>ut</strong></span> <span class='ocrx_word' id='word_1_467' title='bbox 3256 2454 3344 2501; x_wconf 87' lang='lat' dir='ltr'><strong>est</strong></span> <span class='ocrx_word' id='word_1_468' title='bbox 3370 2443 3514 2514; x_wconf 85' lang='lat' dir='ltr'><strong>apud</strong></span> <span class='ocrx_word' id='word_1_469' title='bbox 3548 2443 3690 2497; x_wconf 81' lang='lat' dir='ltr'><strong>Pan-</strong></span> 
     </span>
    </p>
   </div>
   <div class='ocr_carea' id='block_1_70' title="bbox 2122 2534 3692 2606">
    <p class='ocr_par' dir='ltr' id='par_1_70' title="bbox 2122 2534 3692 2606">
     <span class='ocr_line' id='line_1_70' title="bbox 2122 2534 3692 2606; baseline -0.007 -9"><span class='ocrx_word' id='word_1_470' title='bbox 2122 2542 2319 2606; x_wconf 73' lang='lat' dir='ltr'><strong>lum”,</strong></span> <span class='ocrx_word' id='word_1_471' title='bbox 2379 2541 2617 2600; x_wconf 81' lang='lat' dir='ltr'><strong>viviﬁcat</strong></span> <span class='ocrx_word' id='word_1_472' title='bbox 2671 2550 2956 2606; x_wconf 85' lang='lat' dir='ltr'><strong>mortuos,</strong></span> <span class='ocrx_word' id='word_1_473' title='bbox 2998 2541 3302 2595; x_wconf 85' lang='lat' dir='ltr'><strong>secundum</strong></span> <span class='ocrx_word' id='word_1_474' title='bbox 3365 2534 3692 2588; x_wconf 83' lang='lat' dir='ltr'><strong>inellabilcm</strong></span> 
     </span>
    </p>
   </div>
   <div class='ocr_carea' id='block_1_71' title="bbox 2122 2619 3695 2699">
    <p class='ocr_par' dir='ltr' id='par_1_71' title="bbox 2122 2619 3695 2699">
     <span class='ocr_line' id='line_1_71' title="bbox 2122 2619 3695 2699; baseline -0.007 -15"><span class='ocrx_word' id='word_1_475' title='bbox 2122 2631 2427 2685; x_wconf 89' lang='lat' dir='ltr'><strong>divinitatis</strong></span> <span class='ocrx_word' id='word_1_476' title='bbox 2457 2645 2572 2686; x_wconf 63' lang='lat' dir='ltr'><strong>suae</strong></span> <span class='ocrx_word' id='word_1_477' title='bbox 2606 2628 2951 2699; x_wconf 88' lang='lat' dir='ltr'><strong>potentiam).</strong></span> <span class='ocrx_word' id='word_1_478' title='bbox 3003 2626 3144 2694; x_wconf 85' lang='lat' dir='ltr'><strong>Quid</strong></span> <span class='ocrx_word' id='word_1_479' title='bbox 3176 2624 3398 2695; x_wconf 87' lang='lat' dir='ltr'><strong>quidem</strong></span> <span class='ocrx_word' id='word_1_480' title='bbox 3449 2622 3639 2675; x_wconf 81' lang='lat' dir='ltr'><strong>Ariani</strong></span> <span class='ocrx_word' id='word_1_481' title='bbox 3670 2619 3695 2674; x_wconf 65' lang='grc' dir='ltr'><strong><em>ἲ</em></strong></span> 
     </span>
    </p>
   </div>
   <div class='ocr_carea' id='block_1_72' title="bbox 2119 2714 3691 2792">
    <p class='ocr_par' dir='ltr' id='par_1_72' title="bbox 2119 2714 3691 2792">
     <span class='ocr_line' id='line_1_72' title="bbox 2119 2714 3691 2792; baseline -0.008 -13"><span class='ocrx_word' id='word_1_482' title='bbox 2119 2724 2383 2779; x_wconf 88' lang='lat' dir='ltr'><strong>Pietatem</strong></span> <span class='ocrx_word' id='word_1_483' title='bbox 2405 2723 2750 2785; x_wconf 84' lang='lat' dir='ltr'><strong>simulantes,</strong></span> <span class='ocrx_word' id='word_1_484' title='bbox 2772 2722 2890 2778; x_wconf 90' lang='lat' dir='ltr'><strong>loco</strong></span> <span class='ocrx_word' id='word_1_485' title='bbox 2909 2721 3127 2792; x_wconf 87' lang='lat' dir='ltr'><strong>quidem</strong></span> <span class='ocrx_word' id='word_1_486' title='bbox 3147 2734 3177 2773; x_wconf 89' lang='lat' dir='ltr'><strong>a</strong></span> <span class='ocrx_word' id='word_1_487' title='bbox 3196 2718 3423 2788; x_wconf 87' lang='lat' dir='ltr'><strong>reliquis</strong></span> <span class='ocrx_word' id='word_1_488' title='bbox 3444 2714 3691 2785; x_wconf 85' lang='lat' dir='ltr'><strong>ejusdem</strong></span> 
     </span>
    </p>
   </div>
   <div class='ocr_carea' id='block_1_73' title="bbox 2121 2803 3691 2877">
    <p class='ocr_par' dir='ltr' id='par_1_73' title="bbox 2121 2803 3691 2877">
     <span class='ocr_line' id='line_1_73' title="bbox 2121 2803 3691 2877; baseline -0.007 -11"><span class='ocrx_word' id='word_1_489' title='bbox 2121 2811 2383 2866; x_wconf 82' lang='lat' dir='ltr'><strong>doctrinae</strong></span> <span class='ocrx_word' id='word_1_490' title='bbox 2428 2811 2797 2866; x_wconf 89' lang='lat' dir='ltr'><strong>assertoribus</strong></span> <span class='ocrx_word' id='word_1_491' title='bbox 2827 2849 2843 2877; x_wconf 96' lang='lat'><strong>,</strong></span> <span class='ocrx_word' id='word_1_492' title='bbox 2892 2809 3149 2864; x_wconf 83' lang='lat' dir='ltr'><strong>nimirum</strong></span> <span class='ocrx_word' id='word_1_493' title='bbox 3188 2807 3258 2862; x_wconf 88' lang='lat' dir='ltr'><strong>ab</strong></span> <span class='ocrx_word' id='word_1_494' title='bbox 3312 2803 3691 2864; x_wconf 86' lang='lat' dir='ltr'><strong>Eunotnianis,</strong></span> 
     </span>
    </p>
   </div>
   <div class='ocr_carea' id='block_1_74' title="bbox 2122 2904 3692 2977">
    <p class='ocr_par' dir='ltr' id='par_1_74' title="bbox 2122 2904 3692 2977">
     <span class='ocr_line' id='line_1_74' title="bbox 2122 2904 3692 2977; baseline -0.008 -19"><span class='ocrx_word' id='word_1_495' title='bbox 2122 2904 2320 2960; x_wconf 89' lang='lat' dir='ltr'><strong>callide</strong></span> <span class='ocrx_word' id='word_1_496' title='bbox 2367 2915 2531 2977; x_wconf 89' lang='lat' dir='ltr'><strong>atque</strong></span> <span class='ocrx_word' id='word_1_497' title='bbox 2579 2912 2759 2959; x_wconf 89' lang='lat' dir='ltr'><strong>astute</strong></span> <span class='ocrx_word' id='word_1_498' title='bbox 2804 2912 3153 2974; x_wconf 87' lang='lat' dir='ltr'><strong>separantur,</strong></span> <span class='ocrx_word' id='word_1_499' title='bbox 3184 2912 3530 2969; x_wconf 88' lang='lat' dir='ltr'><strong>nequaquam</strong></span> <span class='ocrx_word' id='word_1_500' title='bbox 3565 2908 3692 2949; x_wconf 77' lang='lat' dir='ltr'><strong>cum</strong></span> 
     </span>
    </p>
   </div>
   <div class='ocr_carea' id='block_1_75' title="bbox 2120 2990 3693 3064">
    <p class='ocr_par' dir='ltr' id='par_1_75' title="bbox 2120 2990 3693 3064">
     <span class='ocr_line' id='line_1_75' title="bbox 2120 2990 3693 3064; baseline -0.008 -13"><span class='ocrx_word' id='word_1_501' title='bbox 2120 2995 2232 3051; x_wconf 88' lang='lat' dir='ltr'><strong>illis</strong></span> <span class='ocrx_word' id='word_1_502' title='bbox 2268 2994 2419 3053; x_wconf 90' lang='lat' dir='ltr'><strong>velut</strong></span> <span class='ocrx_word' id='word_1_503' title='bbox 2444 2995 2514 3050; x_wconf 91' lang='lat' dir='ltr'><strong>ab</strong></span> <span class='ocrx_word' id='word_1_504' title='bbox 2552 3009 2741 3050; x_wconf 88' lang='lat' dir='ltr'><strong>eorum</strong></span> <span class='ocrx_word' id='word_1_505' title='bbox 2787 2994 3043 3064; x_wconf 76' lang='lat' dir='ltr'><strong>dogmate</strong></span> <span class='ocrx_word' id='word_1_506' title='bbox 3089 2990 3535 3051; x_wconf 88' lang='lat' dir='ltr'><strong>abhorrentibus,</strong></span> <span class='ocrx_word' id='word_1_507' title='bbox 3566 3001 3693 3040; x_wconf 87' lang='lat' dir='ltr'><strong>ver-</strong></span> 
     </span>
    </p>
   </div>
   <div class='ocr_carea' id='block_1_76' title="bbox 2120 3082 3689 3156">
    <p class='ocr_par' dir='ltr' id='par_1_76' title="bbox 2120 3082 3689 3156">
     <span class='ocr_line' id='line_1_76' title="bbox 2120 3082 3689 3156; baseline -0.01 -13"><span class='ocrx_word' id='word_1_508' title='bbox 2120 3097 2303 3144; x_wconf 89' lang='lat' dir='ltr'><strong>santes</strong></span> <span class='ocrx_word' id='word_1_509' title='bbox 2335 3104 2353 3142; x_wconf 85' lang='lat'><strong>:</strong></span> <span class='ocrx_word' id='word_1_510' title='bbox 2384 3096 2639 3142; x_wconf 65' lang='lat' dir='ltr'><strong>cancrum</strong></span> <span class='ocrx_word' id='word_1_511' title='bbox 2663 3095 2928 3156; x_wconf 90' lang='lat' dir='ltr'><strong>quantum</strong></span> <span class='ocrx_word' id='word_1_512' title='bbox 2959 3084 3028 3139; x_wconf 91' lang='lat' dir='ltr'><strong>ad</strong></span> <span class='ocrx_word' id='word_1_513' title='bbox 3057 3082 3364 3139; x_wconf 85' lang='lat' dir='ltr'><strong>doctrinam</strong></span> <span class='ocrx_word' id='word_1_514' title='bbox 3391 3095 3457 3134; x_wconf 90' lang='lat' dir='ltr'><strong>ac</strong></span> <span class='ocrx_word' id='word_1_515' title='bbox 3482 3085 3689 3133; x_wconf 88' lang='lat' dir='ltr'><strong>sectam</strong></span> 
     </span>
    </p>
   </div>
   <div class='ocr_carea' id='block_1_77' title="bbox 2119 3170 3691 3246">
    <p class='ocr_par' dir='ltr' id='par_1_77' title="bbox 2119 3170 3691 3246">
     <span class='ocr_line' id='line_1_77' title="bbox 2119 3170 3691 3246; baseline -0.01 -13"><span class='ocrx_word' id='word_1_516' title='bbox 2119 3177 2331 3245; x_wconf 89' lang='lat' dir='ltr'><strong>attinet,</strong></span> <span class='ocrx_word' id='word_1_517' title='bbox 2376 3176 2727 3246; x_wconf 86' lang='lat' dir='ltr'><strong>inseparabili</strong></span> <span class='ocrx_word' id='word_1_518' title='bbox 2764 3191 2905 3231; x_wconf 87' lang='lat' dir='ltr'><strong>nexu</strong></span> <span class='ocrx_word' id='word_1_519' title='bbox 2954 3188 3082 3230; x_wconf 90' lang='lat' dir='ltr'><strong>cum</strong></span> <span class='ocrx_word' id='word_1_520' title='bbox 3120 3174 3229 3228; x_wconf 90' lang='lat' dir='ltr'><strong>illis</strong></span> <span class='ocrx_word' id='word_1_521' title='bbox 3269 3170 3567 3233; x_wconf 71' lang='lat' dir='ltr'><strong>cohaerent,</strong></span> <span class='ocrx_word' id='word_1_522' title='bbox 3622 3178 3691 3219; x_wconf 85' lang='lat' dir='ltr'><strong>ac</strong></span> 
     </span>
    </p>
   </div>
   <div class='ocr_carea' id='block_1_78' title="bbox 2122 3259 3689 3355">
    <p class='ocr_par' dir='ltr' id='par_1_78' title="bbox 2122 3259 3689 3355">
     <span class='ocr_line' id='line_1_78' title="bbox 2122 3259 3689 3355; baseline -0.011 -28"><span class='ocrx_word' id='word_1_523' title='bbox 2122 3272 2338 3328; x_wconf 84' lang='lat' dir='ltr'><strong>tametsi</strong></span> <span class='ocrx_word' id='word_1_524' title='bbox 2366 3270 2435 3355; x_wconf 67' lang='lat' dir='ltr'><strong>de</strong></span> <span class='ocrx_word' id='word_1_525' title='bbox 2458 3270 2582 3326; x_wconf 88' lang='lat' dir='ltr'><strong>ﬁdei</strong></span> <span class='ocrx_word' id='word_1_526' title='bbox 2611 3270 2860 3325; x_wconf 89' lang='lat' dir='ltr'><strong>doctrina</strong></span> <span class='ocrx_word' id='word_1_527' title='bbox 2889 3268 3032 3322; x_wconf 90' lang='lat' dir='ltr'><strong>inter</strong></span> <span class='ocrx_word' id='word_1_528' title='bbox 3064 3282 3123 3321; x_wconf 90' lang='lat' dir='ltr'><strong>se</strong></span> <span class='ocrx_word' id='word_1_529' title='bbox 3162 3264 3432 3319; x_wconf 89' lang='lat' dir='ltr'><strong>dissidere</strong></span> <span class='ocrx_word' id='word_1_530' title='bbox 3462 3259 3689 3313; x_wconf 86' lang='lat' dir='ltr'><strong>videan-</strong></span> 
     </span>
    </p>
   </div>
   <div class='ocr_carea' id='block_1_79' title="bbox 2121 3355 3691 3433">
    <p class='ocr_par' dir='ltr' id='par_1_79' title="bbox 2121 3355 3691 3433">
     <span class='ocr_line' id='line_1_79' title="bbox 2121 3355 3691 3433; baseline -0.01 -15"><span class='ocrx_word' id='word_1_531' title='bbox 2121 3372 2230 3429; x_wconf 90' lang='lat' dir='ltr'><strong>tur,</strong></span> <span class='ocrx_word' id='word_1_532' title='bbox 2269 3362 2399 3433; x_wconf 91' lang='lat' dir='ltr'><strong>quia</strong></span> <span class='ocrx_word' id='word_1_533' title='bbox 2449 3361 2691 3417; x_wconf 86' lang='lat' dir='ltr'><strong>locorum</strong></span> <span class='ocrx_word' id='word_1_534' title='bbox 2743 3358 3047 3415; x_wconf 89' lang='lat' dir='ltr'><strong>intervallis</strong></span> <span class='ocrx_word' id='word_1_535' title='bbox 3079 3355 3326 3411; x_wconf 89' lang='lat' dir='ltr'><strong>distincti</strong></span> <span class='ocrx_word' id='word_1_536' title='bbox 3370 3362 3536 3414; x_wconf 90' lang='lat' dir='ltr'><strong>sunt,</strong></span> <span class='ocrx_word' id='word_1_537' title='bbox 3578 3365 3691 3404; x_wconf 80' lang='lat' dir='ltr'><strong>non</strong></span> 
     </span>
    </p>
   </div>
   <div class='ocr_carea' id='block_1_80' title="bbox 2122 3450 3694 3523">
    <p class='ocr_par' dir='ltr' id='par_1_80' title="bbox 2122 3450 3694 3523">
     <span class='ocr_line' id='line_1_80' title="bbox 2122 3450 3694 3523; baseline -0.01 -13"><span class='ocrx_word' id='word_1_538' title='bbox 2122 3465 2304 3510; x_wconf 90' lang='lat' dir='ltr'><strong>tamen</strong></span> <span class='ocrx_word' id='word_1_539' title='bbox 2359 3453 2673 3519; x_wconf 87' lang='lat' dir='ltr'><strong>dissident,</strong></span> <span class='ocrx_word' id='word_1_540' title='bbox 2726 3450 3172 3523; x_wconf 88' lang='lat' dir='ltr'><strong>quandoquidem</strong></span> <span class='ocrx_word' id='word_1_541' title='bbox 3224 3450 3290 3501; x_wconf 88' lang='lat' dir='ltr'><strong>ad</strong></span> <span class='ocrx_word' id='word_1_542' title='bbox 3323 3460 3486 3501; x_wconf 90' lang='lat' dir='ltr'><strong>unam</strong></span> <span class='ocrx_word' id='word_1_543' title='bbox 3538 3458 3694 3497; x_wconf 77' lang='lat' dir='ltr'><strong>eam-</strong></span> 
     </span>
    </p>
   </div>
   <div class='ocr_carea' id='block_1_81' title="bbox 2118 3533 3693 3616">
    <p class='ocr_par' dir='ltr' id='par_1_81' title="bbox 2118 3533 3693 3616">
     <span class='ocr_line' id='line_1_81' title="bbox 2118 3533 3693 3616; baseline -0.011 -13"><span class='ocrx_word' id='word_1_544' title='bbox 2118 3547 2354 3616; x_wconf 89' lang='lat' dir='ltr'><strong>demque</strong></span> <span class='ocrx_word' id='word_1_545' title='bbox 2417 3561 2533 3609; x_wconf 85' lang='lat' dir='ltr'><strong>rem</strong></span> <span class='ocrx_word' id='word_1_546' title='bbox 2600 3544 2965 3599; x_wconf 90' lang='lat' dir='ltr'><strong>concordibus</strong></span> <span class='ocrx_word' id='word_1_547' title='bbox 3017 3540 3219 3595; x_wconf 89' lang='lat' dir='ltr'><strong>animis</strong></span> <span class='ocrx_word' id='word_1_548' title='bbox 3289 3537 3561 3592; x_wconf 79' lang='lat' dir='ltr'><strong>feruntur.</strong></span> <span class='ocrx_word' id='word_1_549' title='bbox 3624 3533 3693 3586; x_wconf 85' lang='lat' dir='ltr'><strong>Et</strong></span> 
     </span>
    </p>
   </div>
   <div class='ocr_carea' id='block_1_82' title="bbox 2119 3628 3692 3710">
    <p class='ocr_par' dir='ltr' id='par_1_82' title="bbox 2119 3628 3692 3710">
     <span class='ocr_line' id='line_1_82' title="bbox 2119 3628 3692 3710; baseline -0.01 -18"><span class='ocrx_word' id='word_1_550' title='bbox 2119 3637 2579 3708; x_wconf 86' lang='lat' dir='ltr'><strong>quemadmodum</strong></span> <span class='ocrx_word' id='word_1_551' title='bbox 2613 3636 2724 3691; x_wconf 92' lang='lat' dir='ltr'><strong>duo</strong></span> <span class='ocrx_word' id='word_1_552' title='bbox 2750 3635 2893 3710; x_wconf 83' lang='lat' dir='ltr'><strong>oculi</strong></span> <span class='ocrx_word' id='word_1_553' title='bbox 2922 3633 3165 3698; x_wconf 90' lang='lat' dir='ltr'><strong>distorti,</strong></span> <span class='ocrx_word' id='word_1_554' title='bbox 3200 3628 3418 3685; x_wconf 86' lang='lat' dir='ltr'><strong>tametsi</strong></span> <span class='ocrx_word' id='word_1_555' title='bbox 3472 3628 3543 3680; x_wconf 82' lang='lat' dir='ltr'><strong>ob</strong></span> <span class='ocrx_word' id='word_1_556' title='bbox 3568 3640 3692 3695; x_wconf 89' lang='lat' dir='ltr'><strong>per-</strong></span> 
     </span>
    </p>
   </div>
   <div class='ocr_carea' id='block_1_83' title="bbox 2121 3716 3690 3800">
    <p class='ocr_par' dir='ltr' id='par_1_83' title="bbox 2121 3716 3690 3800">
     <span class='ocr_line' id='line_1_83' title="bbox 2121 3716 3690 3800; baseline -0.01 -14"><span class='ocrx_word' id='word_1_557' title='bbox 2121 3746 2333 3786; x_wconf 86' lang='lat' dir='ltr'><strong>versum</strong></span> <span class='ocrx_word' id='word_1_558' title='bbox 2364 3739 2417 3785; x_wconf 88' lang='lat' dir='ltr'><strong>et</strong></span> <span class='ocrx_word' id='word_1_559' title='bbox 2457 3730 2779 3800; x_wconf 69' lang='lat' dir='ltr'><strong>inaequalem</strong></span> <span class='ocrx_word' id='word_1_560' title='bbox 2812 3727 2976 3782; x_wconf 91' lang='lat' dir='ltr'><strong>situm</strong></span> <span class='ocrx_word' id='word_1_561' title='bbox 3019 3726 3121 3781; x_wconf 90' lang='lat' dir='ltr'><strong>sibi</strong></span> <span class='ocrx_word' id='word_1_562' title='bbox 3151 3723 3383 3778; x_wconf 88' lang='lat' dir='ltr'><strong>invicem</strong></span> <span class='ocrx_word' id='word_1_563' title='bbox 3413 3716 3690 3773; x_wconf 84' lang='lat' dir='ltr'><strong>adversari</strong></span> 
     </span>
    </p>
   </div>
   <div class='ocr_carea' id='block_1_84' title="bbox 2119 3810 3687 3885">
    <p class='ocr_par' dir='ltr' id='par_1_84' title="bbox 2119 3810 3687 3885">
     <span class='ocr_line' id='line_1_84' title="bbox 2119 3810 3687 3885; baseline -0.009 -9"><span class='ocrx_word' id='word_1_564' title='bbox 2119 3824 2425 3885; x_wconf 86' lang='lat' dir='ltr'><strong>videantur,</strong></span> <span class='ocrx_word' id='word_1_565' title='bbox 2481 3822 2706 3875; x_wconf 87' lang='lat' dir='ltr'><strong>tuinime</strong></span> <span class='ocrx_word' id='word_1_566' title='bbox 2757 3830 2940 3874; x_wconf 91' lang='lat' dir='ltr'><strong>tamen</strong></span> <span class='ocrx_word' id='word_1_567' title='bbox 2993 3817 3381 3878; x_wconf 87' lang='lat' dir='ltr'><strong>adversantur,</strong></span> <span class='ocrx_word' id='word_1_568' title='bbox 3427 3810 3687 3882; x_wconf 86' lang='lat' dir='ltr'><strong>quoniam</strong></span> 
     </span>
    </p>
   </div>
   <div class='ocr_carea' id='block_1_85' title="bbox 2122 3900 3690 3987">
    <p class='ocr_par' dir='ltr' id='par_1_85' title="bbox 2122 3900 3690 3987">
     <span class='ocr_line' id='line_1_85' title="bbox 2122 3900 3690 3987; baseline -0.009 -18"><span class='ocrx_word' id='word_1_569' title='bbox 2122 3931 2234 3971; x_wconf 90' lang='lat' dir='ltr'><strong>rem</strong></span> <span class='ocrx_word' id='word_1_570' title='bbox 2266 3914 2513 3987; x_wconf 78' lang='lat' dir='ltr'><strong>eamdem</strong></span> <span class='ocrx_word' id='word_1_571' title='bbox 2551 3916 2833 3967; x_wconf 89' lang='lat' dir='ltr'><strong>intuentur</strong></span> <span class='ocrx_word' id='word_1_572' title='bbox 2863 3914 3062 3979; x_wconf 87' lang='lat' dir='ltr'><strong>(neque</strong></span> <span class='ocrx_word' id='word_1_573' title='bbox 3102 3910 3248 3963; x_wconf 89' lang='lat' dir='ltr'><strong>enim</strong></span> <span class='ocrx_word' id='word_1_574' title='bbox 3300 3914 3553 3977; x_wconf 88' lang='lat' dir='ltr'><strong>aspectu,</strong></span> <span class='ocrx_word' id='word_1_575' title='bbox 3590 3900 3690 3957; x_wconf 83' lang='lat' dir='ltr'><strong>sed</strong></span> 
     </span>
    </p>
   </div>
   <div class='ocr_carea' id='block_1_86' title="bbox 2115 3992 3691 4074">
    <p class='ocr_par' dir='ltr' id='par_1_86' title="bbox 2115 3992 3691 4074">
     <span class='ocr_line' id='line_1_86' title="bbox 2115 3992 3691 4074; baseline -0.009 -12"><span class='ocrx_word' id='word_1_576' title='bbox 2115 4008 2222 4063; x_wconf 89' lang='lat' dir='ltr'><strong>situ</strong></span> <span class='ocrx_word' id='word_1_577' title='bbox 2276 4006 2580 4070; x_wconf 88' lang='lat' dir='ltr'><strong>dissident;</strong></span> <span class='ocrx_word' id='word_1_578' title='bbox 2616 4019 2717 4060; x_wconf 88' lang='lat' dir='ltr'><strong>nec</strong></span> <span class='ocrx_word' id='word_1_579' title='bbox 2748 3992 3018 4074; x_wconf 86' lang='lat' dir='ltr'><strong>quantum</strong></span> <span class='ocrx_word' id='word_1_580' title='bbox 3081 4001 3147 4055; x_wconf 90' lang='lat' dir='ltr'><strong>ad</strong></span> <span class='ocrx_word' id='word_1_581' title='bbox 3202 4009 3386 4056; x_wconf 88' lang='lat' dir='ltr'><strong>actum</strong></span> <span class='ocrx_word' id='word_1_582' title='bbox 3447 3997 3589 4051; x_wconf 89' lang='lat' dir='ltr'><strong>inter</strong></span> <span class='ocrx_word' id='word_1_583' title='bbox 3627 4009 3691 4050; x_wconf 87' lang='lat' dir='ltr'><strong>se</strong></span> 
     </span>
    </p>
   </div>
   <div class='ocr_carea' id='block_1_87' title="bbox 2117 4089 3689 4167">
    <p class='ocr_par' dir='ltr' id='par_1_87' title="bbox 2117 4089 3689 4167">
     <span class='ocr_line' id='line_1_87' title="bbox 2117 4089 3689 4167; baseline -0.008 -16"><span class='ocrx_word' id='word_1_584' title='bbox 2117 4096 2382 4152; x_wconf 87' lang='lat' dir='ltr'><strong>contrarii</strong></span> <span class='ocrx_word' id='word_1_585' title='bbox 2430 4094 2599 4167; x_wconf 88' lang='lat' dir='ltr'><strong>sunt)</strong></span> <span class='ocrx_word' id='word_1_586' title='bbox 2634 4113 2649 4155; x_wconf 87' lang='lat'><strong>:</strong></span> <span class='ocrx_word' id='word_1_587' title='bbox 2687 4095 2767 4152; x_wconf 92' lang='lat' dir='ltr'><strong>sic</strong></span> <span class='ocrx_word' id='word_1_588' title='bbox 2818 4096 2981 4149; x_wconf 85' lang='lat' dir='ltr'><strong>etiam</strong></span> <span class='ocrx_word' id='word_1_589' title='bbox 3016 4093 3203 4147; x_wconf 80' lang='lat' dir='ltr'><strong>Ariani</strong></span> <span class='ocrx_word' id='word_1_590' title='bbox 3261 4089 3689 4158; x_wconf 87' lang='lat' dir='ltr'><strong>haudquaquam</strong></span> 
     </span>
    </p>
   </div>
   <div class='ocr_carea' id='block_1_88' title="bbox 2119 4177 3695 4257">
    <p class='ocr_par' dir='ltr' id='par_1_88' title="bbox 2119 4177 3695 4257">
     <span class='ocr_line' id='line_1_88' title="bbox 2119 4177 3695 4257; baseline -0.006 -16"><span class='ocrx_word' id='word_1_591' title='bbox 2119 4188 2261 4241; x_wconf 88' lang='lat' dir='ltr'><strong>inter</strong></span> <span class='ocrx_word' id='word_1_592' title='bbox 2287 4202 2366 4252; x_wconf 91' lang='lat' dir='ltr'><strong>se,</strong></span> <span class='ocrx_word' id='word_1_593' title='bbox 2399 4197 2665 4257; x_wconf 91' lang='lat' dir='ltr'><strong>quantum</strong></span> <span class='ocrx_word' id='word_1_594' title='bbox 2699 4187 2765 4241; x_wconf 88' lang='lat' dir='ltr'><strong>ad</strong></span> <span class='ocrx_word' id='word_1_595' title='bbox 2798 4185 2924 4240; x_wconf 86' lang='lat' dir='ltr'><strong>lidei</strong></span> <span class='ocrx_word' id='word_1_596' title='bbox 2973 4185 3278 4239; x_wconf 90' lang='lat' dir='ltr'><strong>doctrinam</strong></span> <span class='ocrx_word' id='word_1_597' title='bbox 3314 4191 3583 4253; x_wconf 88' lang='lat' dir='ltr'><strong>pugnant,</strong></span> <span class='ocrx_word' id='word_1_598' title='bbox 3621 4177 3695 4232; x_wconf 86' lang='lat' dir='ltr'><strong>ad</strong></span> 
     </span>
    </p>
   </div>
   <div class='ocr_carea' id='block_1_89' title="bbox 2117 4275 3688 4347">
    <p class='ocr_par' dir='ltr' id='par_1_89' title="bbox 2117 4275 3688 4347">
     <span class='ocr_line' id='line_1_89' title="bbox 2117 4275 3688 4347; baseline -0.007 -17"><span class='ocrx_word' id='word_1_599' title='bbox 2117 4276 2362 4330; x_wconf 90' lang='lat' dir='ltr'><strong>eamdem</strong></span> <span class='ocrx_word' id='word_1_600' title='bbox 2422 4277 2624 4332; x_wconf 87' lang='lat' dir='ltr'><strong>etenim</strong></span> <span class='ocrx_word' id='word_1_601' title='bbox 2689 4277 3022 4347; x_wconf 81' lang='lat' dir='ltr'><strong>impietatem</strong></span> <span class='ocrx_word' id='word_1_602' title='bbox 3089 4275 3414 4337; x_wconf 85' lang='lat' dir='ltr'><strong>collimant,</strong></span> <span class='ocrx_word' id='word_1_603' title='bbox 3486 4282 3688 4325; x_wconf 84' lang='lat' dir='ltr'><strong>verum</strong></span> 
     </span>
    </p>
   </div>
   <div class='ocr_carea' id='block_1_90' title="bbox 2117 4362 3689 4437">
    <p class='ocr_par' dir='ltr' id='par_1_90' title="bbox 2117 4362 3689 4437">
     <span class='ocr_line' id='line_1_90' title="bbox 2117 4362 3689 4437; baseline -0.007 -15"><span class='ocrx_word' id='word_1_604' title='bbox 2117 4379 2383 4434; x_wconf 82' lang='lat' dir='ltr'><strong>quantum</strong></span> <span class='ocrx_word' id='word_1_605' title='bbox 2437 4369 2505 4423; x_wconf 89' lang='lat' dir='ltr'><strong>ad</strong></span> <span class='ocrx_word' id='word_1_606' title='bbox 2573 4368 2781 4434; x_wconf 73' lang='lat' dir='ltr'><strong>locum,</strong></span> <span class='ocrx_word' id='word_1_607' title='bbox 2821 4381 2931 4437; x_wconf 88' lang='lat' dir='ltr'><strong>quo</strong></span> <span class='ocrx_word' id='word_1_608' title='bbox 2967 4367 3109 4421; x_wconf 90' lang='lat' dir='ltr'><strong>inter</strong></span> <span class='ocrx_word' id='word_1_609' title='bbox 3164 4379 3225 4419; x_wconf 82' lang='lat' dir='ltr'><strong>se</strong></span> <span class='ocrx_word' id='word_1_610' title='bbox 3274 4362 3689 4431; x_wconf 82' lang='lat' dir='ltr'><strong>disjunguntur.</strong></span> 
     </span>
    </p>
   </div>
   <div class='ocr_carea' id='block_1_91' title="bbox 444 4448 3692 4550">
    <p class='ocr_par' dir='ltr' id='par_1_91' title="bbox 444 4448 3692 4550">
     <span class='ocr_line' id='line_1_91' title="bbox 444 4448 3692 4550; baseline 0.007 -40"><span class='ocrx_word' id='word_1_611' title='bbox 444 4467 533 4511; x_wconf 87' lang='lat' dir='ltr'><strong>est</strong></span> <span class='ocrx_word' id='word_1_612' title='bbox 579 4459 633 4512; x_wconf 88' lang='lat' dir='ltr'><strong>itt</strong></span> <span class='ocrx_word' id='word_1_613' title='bbox 666 4458 1046 4529; x_wconf 86' lang='lat' dir='ltr'><strong>spiritualibus</strong></span> <span class='ocrx_word' id='word_1_614' title='bbox 1080 4463 1382 4530; x_wconf 89' lang='lat' dir='ltr'><strong>elaborare,</strong></span> <span class='ocrx_word' id='word_1_615' title='bbox 1416 4467 1620 4523; x_wconf 90' lang='lat' dir='ltr'><strong>laboris</strong></span> <span class='ocrx_word' id='word_1_616' title='bbox 1647 4476 1827 4523; x_wconf 89' lang='lat' dir='ltr'><strong>autem</strong></span> <span class='ocrx_word' id='word_1_617' title='bbox 1857 4485 2013 4526; x_wconf 84' lang='lat' dir='ltr'><strong>coro-</strong></span> <span class='ocrx_word' id='word_1_618' title='bbox 2044 4495 2089 4550; x_wconf 73' lang='grc' dir='ltr'><strong>υ</strong></span> <span class='ocrx_word' id='word_1_619' title='bbox 2123 4459 2270 4525; x_wconf 68' lang='lat' dir='ltr'><strong>Qum</strong></span> <span class='ocrx_word' id='word_1_620' title='bbox 2300 4462 2463 4539; x_wconf 71' lang='grc' dir='ltr'>ειίωῐι</span> <span class='ocrx_word' id='word_1_621' title='bbox 2492 4458 2595 4514; x_wconf 73' lang='grc' dir='ltr'><strong>Ιιοϐ</strong></span> <span class='ocrx_word' id='word_1_622' title='bbox 2645 4458 2700 4513; x_wconf 66' lang='lat' dir='ltr'><strong>in</strong></span> <span class='ocrx_word' id='word_1_623' title='bbox 2732 4459 2839 4514; x_wconf 53' lang='lat' dir='ltr'><strong>ista</strong></span> <span class='ocrx_word' id='word_1_624' title='bbox 2887 4456 3302 4526; x_wconf 67' lang='grc' dir='ltr'><strong>εοσιΡειτθιίουθ</strong></span> <span class='ocrx_word' id='word_1_625' title='bbox 3348 4448 3692 4550; x_wconf 47' lang='grc' dir='ltr'><strong>ἀίεθτίωῂῗίδ</strong></span> 
     </span>
    </p>
   </div>
   <div class='ocr_carea' id='block_1_92' title="bbox 444 4548 2010 4628">
    <p class='ocr_par' dir='ltr' id='par_1_92' title="bbox 444 4548 2010 4628">
     <span class='ocr_line' id='line_1_92' title="bbox 444 4548 2010 4628; baseline 0.011 -29"><span class='ocrx_word' id='word_1_626' title='bbox 444 4563 569 4600; x_wconf 89' lang='lat' dir='ltr'><strong>nam</strong></span> <span class='ocrx_word' id='word_1_627' title='bbox 605 4548 725 4604; x_wconf 91' lang='lat' dir='ltr'><strong>ideo</strong></span> <span class='ocrx_word' id='word_1_628' title='bbox 758 4565 867 4605; x_wconf 91' lang='lat' dir='ltr'><strong>non</strong></span> <span class='ocrx_word' id='word_1_629' title='bbox 903 4553 1173 4625; x_wconf 88' lang='lat' dir='ltr'><strong>accipere,</strong></span> <span class='ocrx_word' id='word_1_630' title='bbox 1202 4554 1329 4624; x_wconf 87' lang='lat' dir='ltr'><strong>quia</strong></span> <span class='ocrx_word' id='word_1_631' title='bbox 1362 4556 1676 4625; x_wconf 88' lang='lat' dir='ltr'><strong>hujusmodi</strong></span> <span class='ocrx_word' id='word_1_632' title='bbox 1704 4560 1855 4615; x_wconf 90' lang='lat' dir='ltr'><strong>labor</strong></span> <span class='ocrx_word' id='word_1_633' title='bbox 1877 4576 2010 4628; x_wconf 92' lang='lat' dir='ltr'><strong>non,</strong></span> 
     </span>
    </p>
   </div>
   <div class='ocr_carea' id='block_1_93' title="bbox 445 4644 2014 4720">
    <p class='ocr_par' dir='ltr' id='par_1_93' title="bbox 445 4644 2014 4720">
     <span class='ocr_line' id='line_1_93' title="bbox 445 4644 2014 4720; baseline 0.015 -33"><span class='ocrx_word' id='word_1_634' title='bbox 445 4645 505 4690; x_wconf 93' lang='lat' dir='ltr'><strong>nt</strong></span> <span class='ocrx_word' id='word_1_635' title='bbox 562 4649 815 4708; x_wconf 87' lang='lat' dir='ltr'><strong>oportet,</strong></span> <span class='ocrx_word' id='word_1_636' title='bbox 876 4644 1195 4713; x_wconf 88' lang='lat' dir='ltr'><strong>suscipitur.</strong></span> <span class='ocrx_word' id='word_1_637' title='bbox 1247 4646 1300 4702; x_wconf 88' lang='lat' dir='ltr'><strong>ls</strong></span> <span class='ocrx_word' id='word_1_638' title='bbox 1353 4663 1517 4718; x_wconf 87' lang='lat' dir='ltr'><strong>porro</strong></span> <span class='ocrx_word' id='word_1_639' title='bbox 1550 4651 1789 4720; x_wconf 85' lang='lat' dir='ltr'><strong>legitime</strong></span> <span class='ocrx_word' id='word_1_640' title='bbox 1823 4663 2014 4719; x_wconf 89' lang='lat' dir='ltr'><strong>certat,</strong></span> 
     </span>
    </p>
   </div>
   <div class='ocr_carea' id='block_1_94' title="bbox 444 4727 2007 4815">
    <p class='ocr_par' dir='ltr' id='par_1_94' title="bbox 444 4727 2007 4815">
     <span class='ocr_line' id='line_1_94' title="bbox 444 4727 2007 4815; baseline 0.014 -35"><span class='ocrx_word' id='word_1_641' title='bbox 444 4727 540 4797; x_wconf 87' lang='lat' dir='ltr'><strong>qui</strong></span> <span class='ocrx_word' id='word_1_642' title='bbox 578 4744 683 4783; x_wconf 89' lang='lat' dir='ltr'><strong>non</strong></span> <span class='ocrx_word' id='word_1_643' title='bbox 716 4733 882 4786; x_wconf 87' lang='lat' dir='ltr'><strong>modo</strong></span> <span class='ocrx_word' id='word_1_644' title='bbox 907 4735 974 4794; x_wconf 83' lang='lat' dir='ltr'><strong>ad</strong></span> <span class='ocrx_word' id='word_1_645' title='bbox 998 4745 1274 4794; x_wconf 90' lang='lat' dir='ltr'><strong>certamen</strong></span> <span class='ocrx_word' id='word_1_646' title='bbox 1307 4741 1587 4798; x_wconf 87' lang='lat' dir='ltr'><strong>accinctus</strong></span> <span class='ocrx_word' id='word_1_647' title='bbox 1612 4753 1721 4808; x_wconf 89' lang='lat' dir='ltr'><strong>est,</strong></span> <span class='ocrx_word' id='word_1_648' title='bbox 1750 4754 1914 4815; x_wconf 87' lang='lat' dir='ltr'><strong>atque</strong></span> <span class='ocrx_word' id='word_1_649' title='bbox 1954 4748 2007 4802; x_wconf 91' lang='lat' dir='ltr'><strong>in</strong></span> 
     </span>
    </p>
   </div>
   <div class='ocr_carea' id='block_1_95' title="bbox 447 4823 2015 4907">
    <p class='ocr_par' dir='ltr' id='par_1_95' title="bbox 447 4823 2015 4907">
     <span class='ocr_line' id='line_1_95' title="bbox 447 4823 2015 4907; baseline 0.015 -37"><span class='ocrx_word' id='word_1_650' title='bbox 447 4834 670 4887; x_wconf 84' lang='lat' dir='ltr'><strong>arenam</strong></span> <span class='ocrx_word' id='word_1_651' title='bbox 733 4823 980 4890; x_wconf 90' lang='lat' dir='ltr'><strong>prodiit,</strong></span> <span class='ocrx_word' id='word_1_652' title='bbox 1032 4827 1127 4882; x_wconf 89' lang='lat' dir='ltr'><strong>sed</strong></span> <span class='ocrx_word' id='word_1_653' title='bbox 1195 4829 1360 4885; x_wconf 86' lang='lat' dir='ltr'><strong>etiam</strong></span> <span class='ocrx_word' id='word_1_654' title='bbox 1417 4835 1736 4890; x_wconf 87' lang='lat' dir='ltr'><strong>certaminis</strong></span> <span class='ocrx_word' id='word_1_655' title='bbox 1802 4836 2015 4907; x_wconf 85' lang='lat' dir='ltr'><strong>legibus</strong></span> 
     </span>
    </p>
   </div>
   <div class='ocr_carea' id='block_1_96' title="bbox 444 4908 2014 4995">
    <p class='ocr_par' dir='ltr' id='par_1_96' title="bbox 444 4908 2014 4995">
     <span class='ocr_line' id='line_1_96' title="bbox 444 4908 2014 4995; baseline 0.012 -31"><span class='ocrx_word' id='word_1_656' title='bbox 444 4908 737 4975; x_wconf 81' lang='lat' dir='ltr'><strong>satisfecit,</strong></span> <span class='ocrx_word' id='word_1_657' title='bbox 763 4918 929 4981; x_wconf 88' lang='lat' dir='ltr'><strong>atque</strong></span> <span class='ocrx_word' id='word_1_658' title='bbox 960 4915 1336 4974; x_wconf 89' lang='lat' dir='ltr'><strong>adversarium</strong></span> <span class='ocrx_word' id='word_1_659' title='bbox 1367 4925 1662 4991; x_wconf 85' lang='lat' dir='ltr'><strong>superavit.</strong></span> <span class='ocrx_word' id='word_1_660' title='bbox 1689 4925 1807 4995; x_wconf 87' lang='lat' dir='ltr'><strong>Ipse</strong></span> <span class='ocrx_word' id='word_1_661' title='bbox 1836 4928 2014 4982; x_wconf 90' lang='lat' dir='ltr'><strong>enim-</strong></span> 
     </span>
    </p>
   </div>
   <div class='ocr_carea' id='block_1_97' title="bbox 451 5002 2012 5076">
    <p class='ocr_par' dir='ltr' id='par_1_97' title="bbox 451 5002 2012 5076">
     <span class='ocr_line' id='line_1_97' title="bbox 451 5002 2012 5076; baseline 0.015 -23"><span class='ocrx_word' id='word_1_662' title='bbox 451 5014 583 5054; x_wconf 89' lang='lat' dir='ltr'><strong>vero</strong></span> <span class='ocrx_word' id='word_1_663' title='bbox 647 5002 801 5058; x_wconf 79' lang='lat' dir='ltr'><strong>vol.is</strong></span> <span class='ocrx_word' id='word_1_664' title='bbox 855 5004 997 5061; x_wconf 82' lang='lat' dir='ltr'><strong>hanc</strong></span> <span class='ocrx_word' id='word_1_665' title='bbox 1044 5007 1331 5066; x_wconf 85' lang='lat' dir='ltr'><strong>laudabilis</strong></span> <span class='ocrx_word' id='word_1_666' title='bbox 1364 5012 1490 5067; x_wconf 62' lang='lat' dir='ltr'><strong>vitae</strong></span> <span class='ocrx_word' id='word_1_667' title='bbox 1538 5020 1843 5073; x_wconf 86' lang='lat' dir='ltr'><strong>mercedem</strong></span> <span class='ocrx_word' id='word_1_668' title='bbox 1896 5020 2012 5076; x_wconf 85' lang='lat' dir='ltr'><strong>dari</strong></span> 
     </span>
    </p>
   </div>
   <div class='ocr_carea' id='block_1_98' title="bbox 448 5091 2008 5169">
    <p class='ocr_par' dir='ltr' id='par_1_98' title="bbox 448 5091 2008 5169">
     <span class='ocr_line' id='line_1_98' title="bbox 448 5091 2008 5169; baseline 0.016 -26"><span class='ocrx_word' id='word_1_669' title='bbox 448 5099 597 5159; x_wconf 92' lang='lat' dir='ltr'><strong>opto,</strong></span> <span class='ocrx_word' id='word_1_670' title='bbox 639 5103 694 5146; x_wconf 92' lang='lat' dir='ltr'><strong>ut</strong></span> <span class='ocrx_word' id='word_1_671' title='bbox 734 5091 1001 5164; x_wconf 89' lang='lat' dir='ltr'><strong>Spiritum</strong></span> <span class='ocrx_word' id='word_1_672' title='bbox 1052 5097 1266 5168; x_wconf 87' lang='lat' dir='ltr'><strong>egregie</strong></span> <span class='ocrx_word' id='word_1_673' title='bbox 1314 5101 1708 5163; x_wconf 87' lang='lat' dir='ltr'><strong>conﬁteamini.</strong></span> <span class='ocrx_word' id='word_1_674' title='bbox 1765 5108 1842 5163; x_wconf 89' lang='lat' dir='ltr'><strong>Ac</strong></span> <span class='ocrx_word' id='word_1_675' title='bbox 1882 5126 2008 5169; x_wconf 89' lang='lat' dir='ltr'><strong>cum</strong></span> 
     </span>
    </p>
   </div>
   <div class='ocr_carea' id='block_1_99' title="bbox 451 5186 2008 5263">
    <p class='ocr_par' dir='ltr' id='par_1_99' title="bbox 451 5186 2008 5263">
     <span class='ocr_line' id='line_1_99' title="bbox 451 5186 2008 5263; baseline 0.012 -27"><span class='ocrx_word' id='word_1_676' title='bbox 451 5191 646 5238; x_wconf 62' lang='lat' dir='ltr'><strong>caetera</strong></span> <span class='ocrx_word' id='word_1_677' title='bbox 677 5192 857 5238; x_wconf 87' lang='lat' dir='ltr'><strong>vestra</strong></span> <span class='ocrx_word' id='word_1_678' title='bbox 887 5194 1034 5243; x_wconf 89' lang='lat' dir='ltr'><strong>recte</strong></span> <span class='ocrx_word' id='word_1_679' title='bbox 1063 5186 1226 5259; x_wconf 79' lang='lat' dir='ltr'><strong>facta,</strong></span> <span class='ocrx_word' id='word_1_680' title='bbox 1279 5200 1392 5247; x_wconf 92' lang='lat' dir='ltr'><strong>tum</strong></span> <span class='ocrx_word' id='word_1_681' title='bbox 1414 5195 1696 5263; x_wconf 83' lang='lat' dir='ltr'><strong>pallorem</strong></span> <span class='ocrx_word' id='word_1_682' title='bbox 1727 5199 1892 5254; x_wconf 91' lang='lat' dir='ltr'><strong>istum</strong></span> <span class='ocrx_word' id='word_1_683' title='bbox 1945 5216 2008 5255; x_wconf 87' lang='lat' dir='ltr'><strong>ex</strong></span> 
     </span>
    </p>
   </div>
   <div class='ocr_carea' id='block_1_100' title="bbox 445 5271 2010 5352">
    <p class='ocr_par' dir='ltr' id='par_1_100' title="bbox 445 5271 2010 5352">
     <span class='ocr_line' id='line_1_100' title="bbox 445 5271 2010 5352; baseline 0.009 -27"><span class='ocrx_word' id='word_1_684' title='bbox 445 5271 570 5326; x_wconf 74' lang='lat' dir='ltr'><strong>vita:</strong></span> <span class='ocrx_word' id='word_1_685' title='bbox 603 5272 941 5329; x_wconf 79' lang='lat' dir='ltr'><strong>continentia</strong></span> <span class='ocrx_word' id='word_1_686' title='bbox 990 5283 1045 5330; x_wconf 88' lang='lat' dir='ltr'><strong>et</strong></span> <span class='ocrx_word' id='word_1_687' title='bbox 1074 5275 1384 5347; x_wconf 75' lang='lat' dir='ltr'><strong>frugalitate</strong></span> <span class='ocrx_word' id='word_1_688' title='bbox 1424 5280 1657 5337; x_wconf 81' lang='lat' dir='ltr'><strong>aﬁ’usum</strong></span> <span class='ocrx_word' id='word_1_689' title='bbox 1708 5287 2010 5352; x_wconf 83' lang='lat' dir='ltr'><strong>amplector</strong></span> 
     </span>
    </p>
   </div>
   <div class='ocr_carea' id='block_1_101' title="bbox 446 5369 2013 5446">
    <p class='ocr_par' dir='ltr' id='par_1_101' title="bbox 446 5369 2013 5446">
     <span class='ocr_line' id='line_1_101' title="bbox 446 5369 2013 5446; baseline 0.011 -30"><span class='ocrx_word' id='word_1_690' title='bbox 446 5371 502 5417; x_wconf 87' lang='lat' dir='ltr'><strong>ct</strong></span> <span class='ocrx_word' id='word_1_691' title='bbox 530 5369 841 5431; x_wconf 76' lang='lat' dir='ltr'><strong>exosculor,</strong></span> <span class='ocrx_word' id='word_1_692' title='bbox 884 5375 941 5422; x_wconf 93' lang='lat' dir='ltr'><strong>ut</strong></span> <span class='ocrx_word' id='word_1_693' title='bbox 974 5383 1073 5438; x_wconf 89' lang='lat' dir='ltr'><strong>pro</strong></span> <span class='ocrx_word' id='word_1_694' title='bbox 1121 5371 1275 5425; x_wconf 90' lang='lat' dir='ltr'><strong>vobis</strong></span> <span class='ocrx_word' id='word_1_695' title='bbox 1310 5371 1439 5428; x_wconf 92' lang='lat' dir='ltr'><strong>illud</strong></span> <span class='ocrx_word' id='word_1_696' title='bbox 1473 5374 1718 5444; x_wconf 82' lang='lat' dir='ltr'><strong>Apostoli</strong></span> <span class='ocrx_word' id='word_1_697' title='bbox 1768 5377 2013 5446; x_wconf 71' lang='lat' dir='ltr'><strong>proterre</strong></span> 
     </span>
    </p>
   </div>
   <div class='ocr_carea' id='block_1_102' title="bbox 2118 4547 3693 4619">
    <p class='ocr_par' dir='ltr' id='par_1_102' title="bbox 2118 4547 3693 4619">
     <span class='ocr_line' id='line_1_102' title="bbox 2118 4547 3693 4619; baseline -0.007 -14"><span class='ocrx_word' id='word_1_698' title='bbox 2118 4560 2224 4615; x_wconf 89' lang='lat' dir='ltr'><strong>cst,</strong></span> <span class='ocrx_word' id='word_1_699' title='bbox 2255 4551 2398 4619; x_wconf 91' lang='lat' dir='ltr'><strong>quod</strong></span> <span class='ocrx_word' id='word_1_700' title='bbox 2425 4549 2574 4619; x_wconf 88' lang='lat' dir='ltr'><strong>pravi</strong></span> <span class='ocrx_word' id='word_1_701' title='bbox 2605 4565 2669 4605; x_wconf 89' lang='lat' dir='ltr'><strong>ac</strong></span> <span class='ocrx_word' id='word_1_702' title='bbox 2693 4548 2909 4605; x_wconf 89' lang='lat' dir='ltr'><strong>distorti</strong></span> <span class='ocrx_word' id='word_1_703' title='bbox 2930 4547 3075 4603; x_wconf 90' lang='lat' dir='ltr'><strong>oculi</strong></span> <span class='ocrx_word' id='word_1_704' title='bbox 3099 4556 3384 4613; x_wconf 89' lang='lat' dir='ltr'><strong>utcunque</strong></span> <span class='ocrx_word' id='word_1_705' title='bbox 3412 4548 3648 4596; x_wconf 87' lang='lat' dir='ltr'><strong>cernunt</strong></span> <span class='ocrx_word' id='word_1_706' title='bbox 3674 4553 3693 4594; x_wconf 86' lang='lat'><strong>:</strong></span> 
     </span>
    </p>
   </div>
   <div class='ocr_carea' id='block_1_103' title="bbox 2118 4635 3695 4711">
    <p class='ocr_par' dir='ltr' id='par_1_103' title="bbox 2118 4635 3695 4711">
     <span class='ocr_line' id='line_1_103' title="bbox 2118 4635 3695 4711; baseline -0.008 -15"><span class='ocrx_word' id='word_1_707' title='bbox 2118 4643 2171 4696; x_wconf 92' lang='lat' dir='ltr'><strong>hi</strong></span> <span class='ocrx_word' id='word_1_708' title='bbox 2207 4651 2415 4711; x_wconf 90' lang='lat' dir='ltr'><strong>autem,</strong></span> <span class='ocrx_word' id='word_1_709' title='bbox 2445 4649 2506 4697; x_wconf 93' lang='lat' dir='ltr'><strong>ut</strong></span> <span class='ocrx_word' id='word_1_710' title='bbox 2554 4642 2737 4710; x_wconf 90' lang='lat' dir='ltr'><strong>aptius</strong></span> <span class='ocrx_word' id='word_1_711' title='bbox 2765 4640 2984 4709; x_wconf 89' lang='lat' dir='ltr'><strong>loquar,</strong></span> <span class='ocrx_word' id='word_1_712' title='bbox 3039 4636 3207 4692; x_wconf 90' lang='lat' dir='ltr'><strong>animi</strong></span> <span class='ocrx_word' id='word_1_713' title='bbox 3238 4635 3415 4691; x_wconf 90' lang='lat' dir='ltr'><strong>oculis</strong></span> <span class='ocrx_word' id='word_1_714' title='bbox 3465 4644 3695 4701; x_wconf 73' lang='lat' dir='ltr'><strong>prorsus</strong></span> 
     </span>
    </p>
   </div>
   <div class='ocr_carea' id='block_1_104' title="bbox 2118 4723 3691 4805">
    <p class='ocr_par' dir='ltr' id='par_1_104' title="bbox 2118 4723 3691 4805">
     <span class='ocr_line' id='line_1_104' title="bbox 2118 4723 3691 4805; baseline -0.011 -16"><span class='ocrx_word' id='word_1_715' title='bbox 2118 4735 2378 4805; x_wconf 76' lang='lat' dir='ltr'><strong>ealigant.</strong></span> <span class='ocrx_word' id='word_1_716' title='bbox 2409 4736 2611 4803; x_wconf 84' lang='lat' dir='ltr'><strong>Atque,</strong></span> <span class='ocrx_word' id='word_1_717' title='bbox 2647 4741 2707 4788; x_wconf 93' lang='lat' dir='ltr'><strong>ut</strong></span> <span class='ocrx_word' id='word_1_718' title='bbox 2754 4733 2863 4787; x_wconf 91' lang='lat' dir='ltr'><strong>alio</strong></span> <span class='ocrx_word' id='word_1_719' title='bbox 2892 4731 3142 4800; x_wconf 85' lang='lat' dir='ltr'><strong>exemplo</strong></span> <span class='ocrx_word' id='word_1_720' title='bbox 3178 4737 3419 4789; x_wconf 88' lang='lat' dir='ltr'><strong>utamur,</strong></span> <span class='ocrx_word' id='word_1_721' title='bbox 3451 4723 3597 4794; x_wconf 88' lang='lat' dir='ltr'><strong>quod</strong></span> <span class='ocrx_word' id='word_1_722' title='bbox 3632 4724 3691 4773; x_wconf 86' lang='lat' dir='ltr'><strong>in</strong></span> 
     </span>
    </p>
   </div>
   <div class='ocr_carea' id='block_1_105' title="bbox 2116 4818 3695 4892">
    <p class='ocr_par' dir='ltr' id='par_1_105' title="bbox 2116 4818 3695 4892">
     <span class='ocr_line' id='line_1_105' title="bbox 2116 4818 3695 4892; baseline -0.009 -14"><span class='ocrx_word' id='word_1_723' title='bbox 2116 4826 2220 4880; x_wconf 92' lang='lat' dir='ltr'><strong>viis</strong></span> <span class='ocrx_word' id='word_1_724' title='bbox 2250 4834 2303 4879; x_wconf 90' lang='lat' dir='ltr'><strong>et</strong></span> <span class='ocrx_word' id='word_1_725' title='bbox 2328 4823 2509 4878; x_wconf 81' lang='lat' dir='ltr'><strong>ﬂuviis</strong></span> <span class='ocrx_word' id='word_1_726' title='bbox 2539 4823 2776 4892; x_wconf 90' lang='lat' dir='ltr'><strong>reperire</strong></span> <span class='ocrx_word' id='word_1_727' title='bbox 2813 4830 2918 4885; x_wconf 86' lang='lat' dir='ltr'><strong>est,</strong></span> <span class='ocrx_word' id='word_1_728' title='bbox 2947 4830 3055 4875; x_wconf 90' lang='lat' dir='ltr'><strong>uta</strong></span> <span class='ocrx_word' id='word_1_729' title='bbox 3085 4834 3142 4874; x_wconf 84' lang='lat' dir='ltr'><strong>se</strong></span> <span class='ocrx_word' id='word_1_730' title='bbox 3170 4818 3400 4872; x_wconf 88' lang='lat' dir='ltr'><strong>invicem</strong></span> <span class='ocrx_word' id='word_1_731' title='bbox 3418 4822 3695 4873; x_wconf 87' lang='lat' dir='ltr'><strong>secentur,</strong></span> 
     </span>
    </p>
   </div>
   <div class='ocr_carea' id='block_1_106' title="bbox 2123 4906 3695 4979">
    <p class='ocr_par' dir='ltr' id='par_1_106' title="bbox 2123 4906 3695 4979">
     <span class='ocr_line' id='line_1_106' title="bbox 2123 4906 3695 4979; baseline -0.01 -7"><span class='ocrx_word' id='word_1_732' title='bbox 2123 4933 2187 4973; x_wconf 90' lang='lat' dir='ltr'><strong>ac</strong></span> <span class='ocrx_word' id='word_1_733' title='bbox 2235 4932 2427 4972; x_wconf 86' lang='lat' dir='ltr'><strong>rursus</strong></span> <span class='ocrx_word' id='word_1_734' title='bbox 2479 4917 2532 4970; x_wconf 91' lang='lat' dir='ltr'><strong>in</strong></span> <span class='ocrx_word' id='word_1_735' title='bbox 2566 4929 2735 4970; x_wconf 88' lang='lat' dir='ltr'><strong>unum</strong></span> <span class='ocrx_word' id='word_1_736' title='bbox 2783 4922 3001 4979; x_wconf 89' lang='lat' dir='ltr'><strong>coeant,</strong></span> <span class='ocrx_word' id='word_1_737' title='bbox 3061 4912 3199 4966; x_wconf 89' lang='lat' dir='ltr'><strong>idem</strong></span> <span class='ocrx_word' id='word_1_738' title='bbox 3259 4906 3527 4962; x_wconf 56' lang='lat' dir='ltr'><strong>haereticis</strong></span> <span class='ocrx_word' id='word_1_739' title='bbox 3561 4919 3695 4957; x_wconf 83' lang='lat' dir='ltr'><strong>usu-</strong></span> 
     </span>
    </p>
   </div>
   <div class='ocr_carea' id='block_1_107' title="bbox 2123 4995 3695 5078">
    <p class='ocr_par' dir='ltr' id='par_1_107' title="bbox 2123 4995 3695 5078">
     <span class='ocr_line' id='line_1_107' title="bbox 2123 4995 3695 5078; baseline -0.01 -15"><span class='ocrx_word' id='word_1_740' title='bbox 2123 5011 2291 5064; x_wconf 90' lang='lat' dir='ltr'><strong>venit.</strong></span> <span class='ocrx_word' id='word_1_741' title='bbox 2322 5006 2457 5062; x_wconf 81' lang='lat' dir='ltr'><strong>Nam</strong></span> <span class='ocrx_word' id='word_1_742' title='bbox 2501 5008 2555 5061; x_wconf 92' lang='lat' dir='ltr'><strong>in</strong></span> <span class='ocrx_word' id='word_1_743' title='bbox 2587 5006 2916 5078; x_wconf 89' lang='lat' dir='ltr'><strong>quibusdam</strong></span> <span class='ocrx_word' id='word_1_744' title='bbox 2943 5002 3355 5063; x_wconf 88' lang='lat' dir='ltr'><strong>dissentientes,</strong></span> <span class='ocrx_word' id='word_1_745' title='bbox 3384 4998 3438 5050; x_wconf 91' lang='lat' dir='ltr'><strong>in</strong></span> <span class='ocrx_word' id='word_1_746' title='bbox 3462 4995 3695 5066; x_wconf 83' lang='lat' dir='ltr'><strong>quihus-</strong></span> 
     </span>
    </p>
   </div>
   <div class='ocr_carea' id='block_1_108' title="bbox 2120 5083 3695 5160">
    <p class='ocr_par' dir='ltr' id='par_1_108' title="bbox 2120 5083 3695 5160">
     <span class='ocr_line' id='line_1_108' title="bbox 2120 5083 3695 5160; baseline -0.012 -4"><span class='ocrx_word' id='word_1_747' title='bbox 2120 5100 2248 5156; x_wconf 90' lang='lat' dir='ltr'><strong>dam</strong></span> <span class='ocrx_word' id='word_1_748' title='bbox 2295 5114 2485 5154; x_wconf 87' lang='lat' dir='ltr'><strong>rursus</strong></span> <span class='ocrx_word' id='word_1_749' title='bbox 2535 5097 2928 5153; x_wconf 88' lang='lat' dir='ltr'><strong>consentiunt:</strong></span> <span class='ocrx_word' id='word_1_750' title='bbox 2962 5097 3100 5149; x_wconf 88' lang='lat' dir='ltr'><strong>adeo</strong></span> <span class='ocrx_word' id='word_1_751' title='bbox 3146 5102 3209 5145; x_wconf 92' lang='lat' dir='ltr'><strong>ut</strong></span> <span class='ocrx_word' id='word_1_752' title='bbox 3253 5090 3412 5160; x_wconf 86' lang='lat' dir='ltr'><strong>plane</strong></span> <span class='ocrx_word' id='word_1_753' title='bbox 3460 5083 3695 5156; x_wconf 80' lang='lat' dir='ltr'><strong>perspici</strong></span> 
     </span>
    </p>
   </div>
   <div class='ocr_carea' id='block_1_109' title="bbox 2120 5188 3690 5261">
    <p class='ocr_par' dir='ltr' id='par_1_109' title="bbox 2120 5188 3690 5261">
     <span class='ocr_line' id='line_1_109' title="bbox 2120 5188 3690 5261; baseline -0.01 -14"><span class='ocrx_word' id='word_1_754' title='bbox 2120 5192 2450 5261; x_wconf 89' lang='lat' dir='ltr'><strong>nequeat,in</strong></span> <span class='ocrx_word' id='word_1_755' title='bbox 2485 5206 2597 5260; x_wconf 88' lang='lat' dir='ltr'><strong>quo</strong></span> <span class='ocrx_word' id='word_1_756' title='bbox 2622 5190 2706 5245; x_wconf 93' lang='lat' dir='ltr'><strong>vel</strong></span> <span class='ocrx_word' id='word_1_757' title='bbox 2729 5188 3000 5254; x_wconf 81' lang='lat' dir='ltr'><strong>diﬂ‘erant,</strong></span> <span class='ocrx_word' id='word_1_758' title='bbox 3033 5188 3115 5242; x_wconf 87' lang='lat' dir='ltr'><strong>vel</strong></span> <span class='ocrx_word' id='word_1_759' title='bbox 3142 5188 3405 5244; x_wconf 65' lang='lat' dir='ltr'><strong>doctrina:</strong></span> <span class='ocrx_word' id='word_1_760' title='bbox 3436 5195 3690 5239; x_wconf 81' lang='lat' dir='ltr'><strong>conmm-</strong></span> 
     </span>
    </p>
   </div>
   <div class='ocr_carea' id='block_1_110' title="bbox 2120 5273 3694 5356">
    <p class='ocr_par' dir='ltr' id='par_1_110' title="bbox 2120 5273 3694 5356">
     <span class='ocr_line' id='line_1_110' title="bbox 2120 5273 3694 5356; baseline -0.008 -18"><span class='ocrx_word' id='word_1_761' title='bbox 2120 5285 2281 5339; x_wconf 91' lang='lat' dir='ltr'><strong>nione</strong></span> <span class='ocrx_word' id='word_1_762' title='bbox 2310 5285 2630 5355; x_wconf 76' lang='lat' dir='ltr'><strong>iungantur.</strong></span> <span class='ocrx_word' id='word_1_763' title='bbox 2657 5283 2769 5356; x_wconf 79' lang='lat' dir='ltr'><strong>(5t)</strong></span> <span class='ocrx_word' id='word_1_764' title='bbox 2800 5284 2924 5339; x_wconf 65' lang='lat' dir='ltr'><strong>llaec</strong></span> <span class='ocrx_word' id='word_1_765' title='bbox 2954 5284 3118 5339; x_wconf 84' lang='lat' dir='ltr'><strong>verba</strong></span> <span class='ocrx_word' id='word_1_766' title='bbox 3148 5290 3315 5351; x_wconf 84' lang='lat' dir='ltr'><strong>atque</strong></span> <span class='ocrx_word' id='word_1_767' title='bbox 3374 5282 3489 5334; x_wconf 59' lang='lat' dir='ltr'><strong>haec</strong></span> <span class='ocrx_word' id='word_1_768' title='bbox 3539 5273 3694 5328; x_wconf 86' lang='lat' dir='ltr'><strong>vobis</strong></span> 
     </span>
    </p>
   </div>
   <div class='ocr_carea' id='block_1_111' title="bbox 2121 5370 3692 5442">
    <p class='ocr_par' dir='ltr' id='par_1_111' title="bbox 2121 5370 3692 5442">
     <span class='ocr_line' id='line_1_111' title="bbox 2121 5370 3692 5442; baseline -0.009 -11"><span class='ocrx_word' id='word_1_769' title='bbox 2121 5377 2470 5442; x_wconf 87' lang='lat' dir='ltr'><strong>disserimus,</strong></span> <span class='ocrx_word' id='word_1_770' title='bbox 2529 5379 2596 5432; x_wconf 86' lang='lat' dir='ltr'><strong>ad</strong></span> <span class='ocrx_word' id='word_1_771' title='bbox 2658 5375 2958 5431; x_wconf 84' lang='lat' dir='ltr'><strong>Macedonii</strong></span> <span class='ocrx_word' id='word_1_772' title='bbox 2992 5383 3294 5432; x_wconf 81' lang='lat' dir='ltr'><strong>sectatores</strong></span> <span class='ocrx_word' id='word_1_773' title='bbox 3356 5370 3692 5428; x_wconf 77' lang='lat' dir='ltr'><strong>referuntur.</strong></span> 
     </span>
    </p>
   </div>
   <div class='ocr_carea' id='block_1_112' title="bbox 518 5523 2013 5599">
    <p class='ocr_par' dir='ltr' id='par_1_112' title="bbox 518 5523 2013 5595">
     <span class='ocr_line' id='line_1_112' title="bbox 518 5523 2013 5595; baseline 0.004 -16"><span class='ocrx_word' id='word_1_774' title='bbox 518 5523 564 5554; x_wconf 82' lang='lat'>&quot;°</span> <span class='ocrx_word' id='word_1_775' title='bbox 587 5523 762 5579; x_wconf 84' lang='lat' dir='ltr'><strong>Galat.</strong></span> <span class='ocrx_word' id='word_1_776' title='bbox 796 5540 849 5587; x_wconf 80' lang='grc' dir='ltr'><strong>ν,</strong></span> <span class='ocrx_word' id='word_1_777' title='bbox 876 5525 967 5580; x_wconf 75' lang='lat'><strong>22.</strong></span> <span class='ocrx_word' id='word_1_778' title='bbox 1042 5525 1089 5558; x_wconf 78' lang='lat'>”</span> <span class='ocrx_word' id='word_1_779' title='bbox 1128 5524 1172 5580; x_wconf 89' lang='lat' dir='ltr'><strong>ll</strong></span> <span class='ocrx_word' id='word_1_780' title='bbox 1195 5525 1337 5581; x_wconf 88' lang='lat' dir='ltr'><strong>Tim.</strong></span> <span class='ocrx_word' id='word_1_781' title='bbox 1366 5545 1427 5595; x_wconf 88' lang='lat' dir='ltr'><strong>tt,</strong></span> <span class='ocrx_word' id='word_1_782' title='bbox 1461 5530 1513 5584; x_wconf 82' lang='lat'><strong>5.</strong></span> <span class='ocrx_word' id='word_1_783' title='bbox 1587 5532 1631 5564; x_wconf 81' lang='grc'>⁸¹</span> <span class='ocrx_word' id='word_1_784' title='bbox 1662 5529 1818 5584; x_wconf 78' lang='lat' dir='ltr'><strong>Rom.</strong></span> <span class='ocrx_word' id='word_1_785' title='bbox 1852 5547 1925 5594; x_wconf 88' lang='lat' dir='ltr'><strong>tx,</strong></span> <span class='ocrx_word' id='word_1_786' title='bbox 1959 5531 2013 5585; x_wconf 75' lang='grc' dir='ltr'><strong>ὅ.</strong></span> 
     </span>
    </p>
   </div>
   <div class='ocr_carea' id='block_1_113' title="bbox 2119 5523 3218 5599">
    <p class='ocr_par' dir='ltr' id='par_1_113' title="bbox 2119 5528 3218 5599">
     <span class='ocr_line' id='line_1_113' title="bbox 2119 5528 3218 5599; baseline -0.004 -14"><span class='ocrx_word' id='word_1_787' title='bbox 2119 5532 2147 5563; x_wconf 69' lang='grc' dir='ltr'><strong>τ’</strong></span> <span class='ocrx_word' id='word_1_788' title='bbox 2172 5531 2343 5588; x_wconf 83' lang='lat' dir='ltr'><strong>Exod.</strong></span> <span class='ocrx_word' id='word_1_789' title='bbox 2374 5547 2547 5599; x_wconf 65' lang='grc' dir='ltr'>χχιιι,</span> <span class='ocrx_word' id='word_1_790' title='bbox 2579 5530 2669 5587; x_wconf 76' lang='grc'><strong>32.</strong></span> <span class='ocrx_word' id='word_1_791' title='bbox 2746 5532 2794 5565; x_wconf 83' lang='grc'><strong>⁸³</strong></span> <span class='ocrx_word' id='word_1_792' title='bbox 2821 5532 2982 5586; x_wconf 83' lang='lat' dir='ltr'><strong>Rom.</strong></span> <span class='ocrx_word' id='word_1_793' title='bbox 3016 5545 3094 5592; x_wconf 84' lang='lat' dir='ltr'><strong>tv,</strong></span> <span class='ocrx_word' id='word_1_794' title='bbox 3130 5528 3218 5582; x_wconf 81' lang='lat' dir='ltr'><strong>l7.</strong></span> 
     </span>
    </p>
   </div>
   <div class='ocr_carea' id='block_1_114' title="bbox 524 5651 2013 5739">
    <p class='ocr_par' dir='ltr' id='par_1_114' title="bbox 524 5659 2013 5739">
     <span class='ocr_line' id='line_1_114' title="bbox 524 5659 2013 5739; baseline 0.003 -26"><span class='ocrx_word' id='word_1_795' title='bbox 524 5660 639 5739; x_wconf 53' lang='grc' dir='ltr'><strong>(ξολ</strong></span> <span class='ocrx_word' id='word_1_796' title='bbox 679 5659 1360 5739; x_wconf 44' lang='grc' dir='ltr'><strong>Ὅρθοτομουμένην.-ῌᾳε</strong></span> <span class='ocrx_word' id='word_1_797' title='bbox 1401 5666 1629 5739; x_wconf 83' lang='lat' dir='ltr'><strong>dictione</strong></span> <span class='ocrx_word' id='word_1_798' title='bbox 1672 5668 1840 5721; x_wconf 85' lang='lat' dir='ltr'><strong>utitur</strong></span> <span class='ocrx_word' id='word_1_799' title='bbox 1876 5666 2013 5721; x_wconf 82' lang='lat' dir='ltr'><strong>Paul</strong></span> 
     </span>
    </p>
   </div>
   <div class='ocr_carea' id='block_1_115' title="bbox 2119 5651 3690 5739">
    <p class='ocr_par' dir='ltr' id='par_1_115' title="bbox 2139 5651 3690 5739">
     <span class='ocr_line' id='line_1_115' title="bbox 2139 5651 3690 5739; baseline -0.004 -16"><span class='ocrx_word' id='word_1_800' title='bbox 2139 5668 2201 5723; x_wconf 88' lang='lat' dir='ltr'><strong><em>II</em></strong></span> <span class='ocrx_word' id='word_1_801' title='bbox 2235 5669 2370 5724; x_wconf 83' lang='lat' dir='ltr'><strong>Tim.</strong></span> <span class='ocrx_word' id='word_1_802' title='bbox 2425 5686 2542 5738; x_wconf 81' lang='lat' dir='ltr'><strong>cap.</strong></span> <span class='ocrx_word' id='word_1_803' title='bbox 2587 5685 2649 5737; x_wconf 88' lang='lat' dir='ltr'><strong>tt,</strong></span> <span class='ocrx_word' id='word_1_804' title='bbox 2720 5665 3161 5739; x_wconf 76' lang='grc' dir='ltr'><strong>Ὀρθοτομοῦντα</strong></span> <span class='ocrx_word' id='word_1_805' title='bbox 3221 5663 3312 5716; x_wconf 77' lang='grc' dir='ltr'><strong>τὸν</strong></span> <span class='ocrx_word' id='word_1_806' title='bbox 3357 5659 3516 5729; x_wconf 72' lang='grc' dir='ltr'>λόγον</span> <span class='ocrx_word' id='word_1_807' title='bbox 3575 5651 3690 5724; x_wconf 65' lang='grc' dir='ltr'><strong>τῆς</strong></span> 
     </span>
    </p>
   </div>
   <div class='ocr_carea' id='block_1_116' title="bbox 451 5727 2038 5801">
    <p class='ocr_par' dir='ltr' id='par_1_116' title="bbox 451 5727 2038 5801">
     <span class='ocr_line' id='line_1_116' title="bbox 451 5727 2038 5801; baseline 0.006 -20"><span class='ocrx_word' id='word_1_808' title='bbox 451 5727 706 5798; x_wconf 60' lang='grc' dir='ltr'><strong>ἀληθείας</strong></span> <span class='ocrx_word' id='word_1_809' title='bbox 739 5727 874 5782; x_wconf 81' lang='lat' dir='ltr'><strong>recte</strong></span> <span class='ocrx_word' id='word_1_810' title='bbox 911 5727 1191 5797; x_wconf 76' lang='lat' dir='ltr'><strong>secantem,</strong></span> <span class='ocrx_word' id='word_1_811' title='bbox 1220 5731 1446 5801; x_wconf 82' lang='lat' dir='ltr'><strong>Vulgata</strong></span> <span class='ocrx_word' id='word_1_812' title='bbox 1484 5737 1674 5798; x_wconf 84' lang='lat' dir='ltr'><strong>versio,</strong></span> <span class='ocrx_word' id='word_1_813' title='bbox 1706 5747 2038 5793; x_wconf 76' lang='lat' dir='ltr'><strong>tractantem.</strong></span> 
     </span>
    </p>
   </div>
  </div>
