4024 6292
327 301 458 365 1461

1267 303 1584 368 NICETAS
1626 306 1706 368 IN
1751 307 1968 368 ORAT.
2014 311 2194 370 XLIV
2235 311 2292 369 S.
2337 309 2545 369 GREG

3413 298 3566 364 146⁵2³

322 413 510 467 Ariani
531 409 679 465 enim
711 417 766 465 et
798 410 1120 466 Eunomiani
1154 421 1302 468 tanta
1324 417 1633 472 animorum
1663 431 1892 474 conten.
1922 423 1964 477 A
1995 421 2090 476 lhc
2117 423 2261 476 enim
2294 420 2528 490 primum
2556 417 2793 489 Spiritus
2818 415 2994 472 sancti
3033 413 3280 469 meminit
3301 453 3314 476 ,
3359 413 3557 466 deinde

326 504 476 557 tione
527 500 670 556 inter
706 514 765 556 se
811 502 1144 570 pugnabant,
1187 512 1246 557 ut
1301 520 1368 558 ne
1397 515 1646 561 mutuum
1671 509 1888 578 quidem

329 598 616 662 aspectum
650 600 702 645 et
727 604 1081 660 congressum
1108 592 1248 647 ferre
1269 607 1514 664 possent.
1552 597 1702 664 Quos
1726 600 1890 652 etiam

330 683 470 738 haud
498 682 662 736 dubie
691 688 938 738 mortuos
967 698 1088 738 esse
1114 685 1265 750 dicit,
1303 697 1487 757 utpote
1513 704 1578 744 eo
1609 690 1892 759 impudeuo

331 774 417 826 tite
439 780 878 842 prorumpentes,
915 782 1052 828 utet
1098 774 1320 840 Filium,
1369 787 1423 832 et
1452 779 1714 849 Spiritum
1763 799 1896 852 san-

329 873 479 918 ctum
535 864 718 933 impiis
751 865 1008 921 eonvitiis
1063 867 1484 924 insecta-rentur.
1517 871 1682 941 Optat
1711 885 1891 930 autem

328 955 622 1026 Gregorius
659 957 798 1012 hanc
849 959 1249 1026 probatissimae
1275 962 1399 1016 vitae
1444 966 1746 1021 mercedem
1784 968 1896 1022 Ma-

327 1049 646 1104 cedonianis
676 1049 816 1112 dari,
855 1059 914 1102 ut
947 1048 1208 1120 Spiritum
1234 1064 1481 1109 sanctum
1517 1057 1681 1112 Deum
1723 1059 1897 1114 eonﬁ-

328 1149 566 1206 teantur,
605 1155 838 1208 eumque
867 1156 991 1196 cum
1024 1143 1350 1200 Christianis
1387 1146 1552 1202 Deum
1577 1152 1894 1218 praedicent;

328 1231 442 1283 imo
489 1231 654 1284 etiam
683 1241 809 1284 ante
841 1246 964 1294 nos,
1013 1231 1064 1286 id
1112 1242 1214 1298 est,
1250 1237 1479 1290 seorsim
1517 1252 1550 1291 a
1589 1239 1779 1304 nobis;
1814 1240 1896 1293 vel

329 1321 492 1373 etiam
529 1320 633 1372 hoc
665 1319 802 1384 vult,
843 1330 901 1373 ut
927 1321 1246 1391 priusquam
1293 1324 1362 1378 ad
1406 1325 1546 1380 hanc
1593 1327 1896 1382 confessio-

329 1426 452 1464 nem
507 1410 754 1474 veniant,
811 1426 930 1480 qute
988 1410 1253 1482 Spiritum
1303 1426 1554 1471 sanctum
1613 1420 1897 1488 perSpicue

331 1502 499 1556 Deum
534 1503 810 1572 pra'dicat,
865 1519 962 1573 per
1009 1506 1146 1560 alias
1187 1508 1458 1563 dictiones
1511 1510 1651 1564 idem
1688 1513 1896 1581 signiﬁ-

331 1601 524 1647 cantes
577 1593 966 1648 conﬁteantur.
1022 1594 1160 1649 Nam
1213 1597 1328 1652 haec
1375 1602 1585 1654 verba:
1621 1601 1895 1666 Quantum

332 1685 508 1751 ipsius
559 1685 798 1754 dignitas
862 1688 1127 1755 postulat,
1176 1691 1544 1758 exprimendae
1596 1695 1896 1751 divinitatis

1996 513 2140 575 lt'ilii,
2171 520 2444 581 postremo
2474 511 2566 566 Dei
2600 518 2656 565 et
2677 508 2874 563 Patris.
2907 507 3027 563 Jam
3059 520 3156 560 nec
3180 519 3242 560 ea
3275 503 3386 558 sola
3426 517 3559 555 con-
3617 513 3622 533 λ

1995 615 2375 670 numerantur,
2410 622 2530 679 qua:
2586 604 2887 660 substantia
2939 600 3126 655 eadem
3167 606 3318 660 sunt,
3370 595 3465 650 sed
3497 610 3558 648 ea

1993 702 2181 762 etiam,
2207 714 2325 768 quae
2348 699 2619 754 diversam
2650 694 3010 752 substantiam
3041 692 3260 746 habent.
3295 690 3381 743 Ait
3409 688 3554 742 enim

1992 791 2231 846 Joannes
2261 808 2274 843 :
2317 788 2441 842 Tres
2468 795 2627 849 sunt,
2660 787 2750 856 qui
2787 784 3146 838 testimonium
3199 780 3351 844 dant,
3382 775 3558 845 Spiri-

1997 891 2100 944 tus,
2137 896 2295 950 aqua,
2349 888 2397 932 et
2441 876 2728 946 sanguis”.
2783 875 2908 927 Haec
2957 886 3121 941 porro
3170 879 3439 938 quantum
3489 865 3558 921 ad

1997 970 2358 1027 substantiam
2395 968 2582 1021 eadem
2617 981 2722 1020 non
2751 974 2896 1020 sunt.
2933 962 3096 1017 Vides
3127 961 3400 1030 quomodo
3434 973 3556 1012 cor-

1997 1071 2120 1116 ruat
2181 1059 2458 1114 haereticis
2522 1058 2613 1110 illa
2671 1054 3178 1112 connumerationis
3235 1048 3554 1120 disputatio.

1999 1151 2236 1220 Spiritus
2288 1149 2453 1218 igitur
2502 1146 2694 1202 eodem
2728 1146 2920 1200 ordine
2951 1158 3071 1196 cum
3127 1140 3285 1193 Patre
3325 1147 3379 1193 et
3427 1137 3560 1190 Filio

1997 1253 2247 1297 censetur
2300 1256 2364 1294 ae
2422 1237 2799 1308 gloriﬁcatur,
2855 1241 3040 1302 utpote
3092 1247 3186 1300 per
3220 1242 3382 1299 quem
3445 1226 3591 1293 ipsa.

1997 1349 2214 1402 quoque
2277 1331 2460 1387 divina
2508 1329 2754 1398 Operatio
2789 1327 3116 1396 expleatur:
3164 1319 3353 1376 Gratia
3413 1317 3588 1373 enim.

1997 1423 2208 1478 Domini
2248 1423 2414 1476 nostri
2452 1421 2581 1475 Jesu
2642 1418 2866 1481 Christi,
2910 1415 3085 1483 inquit
3137 1411 3436 1482 Apostolus
3462 1450 3477 1473 ,
3513 1418 3569 1460 etv

1997 1517 2228 1569 charitas
2270 1513 2363 1566 Dei
2396 1512 2594 1574 Patris,
2632 1519 2680 1564 et
2718 1506 3056 1578 participatio
3089 1504 3259 1558 sancti
3298 1500 3559 1569 Spiritus,

1997 1609 2065 1662 sit
2093 1622 2212 1660 cum
2246 1605 2488 1660 omnibus
2519 1602 2745 1656 vobis".
2787 1599 2850 1653 Et
2902 1607 3101 1651 nostrae
3151 1593 3346 1648 salutis
3377 1597 3562 1660 caput,

1999 1711 2059 1750 ac
2094 1697 2331 1766 perfecta
2378 1696 2444 1750 de
2493 1693 2781 1747 divinitate
2819 1689 3040 1744 traditio
3089 1688 3204 1740 haec
3247 1692 3352 1749 est,
3379 1680 3564 1750 utqui

331 1775 464 1826 mihi
505 1775 612 1827 νίιη
656 1775 859 1830 habere
913 1777 1191 1834 videntur.
1222 1778 1320 1834 Vel
1345 1783 1509 1836 etiam
1548 1801 1562 1837 :
1597 1787 1736 1838 Ante
1768 1801 1892 1846 nos,
1930 1763 1964 1816 Β
2000 1763 2252 1858 baptismi
2283 1803 2424 1857 aqua
2477 1789 2787 1854 tinguntur,
2839 1783 2906 1836 ad
2942 1776 3384 1848 consequendam
3438 1789 3566 1827 san-

332 1865 493 1928 dixit,
519 1867 572 1920 id
606 1875 712 1932 est,
740 1867 795 1921 in
838 1870 1085 1924 omnium
1113 1882 1408 1942 conspectu
1445 1885 1500 1928 et
1522 1877 1800 1944 propalam
1832 1893 1907 1947 ac.

335 1958 531 2014 libere.

401 2050 522 2107 Col.
571 2051 699 2106 442.
731 2052 1022 2122 Postquam
1063 2065 1239 2110 autem
1285 2057 1354 2110 ad
1376 2073 1463 2112 vos
1487 2069 1768 2130 utcunque,
1786 2071 1891 2119 etc.

329 2141 647 2209 Postquam,
702 2143 898 2211 inquit,
931 2145 998 2198 ad
1033 2158 1130 2201 vos
1178 2155 1460 2214 utcunque
1508 2149 1766 2211 disserui,
1799 2153 1891 2220 qui

332 2230 631 2286 Macedonii
655 2243 850 2303 dogma
875 2235 1211 2302 proﬁtentes,
1236 2238 1382 2292 circa
1408 2237 1529 2292 Filii
1558 2243 1892 2295 divinitatem

335 2330 488 2376 recto
511 2322 716 2392 judicio
750 2323 1050 2388 ducimini,
1101 2326 1332 2395 agedum
1381 2329 1448 2382 ad
1491 2344 1798 2386 sermonem
1830 2334 1896 2386 de

328 2413 533 2482 Spiritu
563 2424 756 2469 sancto
781 2430 843 2470 se
873 2414 1075 2470 referat
1098 2419 1297 2474 oratio.
1335 2418 1410 2473 Ae
1437 2436 1537 2474 vos
1561 2437 1804 2492 quoque,
1836 2434 1895 2476 ut

328 2505 549 2574 Opinor,
595 2505 702 2563 his.
733 2520 856 2575 quae
885 2507 1191 2570 attulimus,
1229 2511 1502 2577 persuasi,
1546 2513 1895 2567 contentione

329 2597 541 2665 abiecta
563 2598 830 2652 dicentem
857 2601 1184 2669 sequemini,
1220 2616 1284 2654 ac
1309 2601 1545 2672 benigne
1586 2613 1640 2658 et
1665 2606 1894 2659 candide

331 2689 497 2743 verba
522 2698 712 2744 nostra
741 2691 997 2748 audietis.
1042 2690 1182 2746 Hinc
1215 2703 1398 2748 autem
1433 2696 1737 2750 ordiemur.
1770 2699 1894 2767 Spi-

329 2781 470 2836 ritus
502 2790 744 2845 sanctus,
784 2797 882 2840 nec
931 2786 1098 2854 cespit
1130 2800 1254 2840 esse
1291 2785 1528 2857 (semper
1564 2789 1708 2842 enim
1754 2790 1893 2858 erat)

329 2887 430 2926 nec
461 2887 587 2927 esse
611 2871 860 2939 desinet;
894 2890 1084 2930 verum
1110 2886 1214 2943 est,
1243 2885 1299 2932 et
1337 2880 1462 2945 erit,
1491 2887 1545 2935 et
1576 2895 1698 2935 eum
1735 2881 1895 2936 Patre

329 2976 395 3016 ac
423 2960 563 3018 Filio
592 2964 944 3034 conjungitur
987 2975 1044 3021 et
1084 2980 1540 3034 connumeratur,
1571 2986 1679 3025 non
1713 2983 1892 3027 autem

329 3052 722 3123 subiungitur,
773 3064 869 3110 aut
926 3058 1348 3114 subnumeratur
1375 3098 1390 3124 ,
1436 3062 1893 3130 quemadmodum

330 3142 603 3198 haereticis
638 3145 816 3213 placet
868 3147 1042 3215 ipsius
1076 3149 1398 3217 dignitatem
1439 3151 1768 3206 imminuere
1794 3167 1892 3205 en-

320 3233 632 3302 .pientibus.
663 3234 832 3289 Aiunt
863 3236 1012 3290 enim
1039 3239 1344 3307 aaqualibus
1390 3248 1445 3294 et
1493 3242 1737 3295 eamdem
1770 3241 1898 3296 sub-

329 3326 586 3381 stantiam
668 3328 1025 3395 habentibus,
1110 3334 1593 3386 connumerationis
1668 3333 1894 3388 verbum

330 3420 670 3474 corwenire:
723 3420 1078 3478 inferioribus
1127 3433 1310 3478 autem
1338 3423 1722 3494 diversamque
1763 3425 1896 3480 sub-

332 3512 591 3567 stantiam
663 3513 1032 3584 habentibus,
1141 3517 1628 3572 subnumerationis
1702 3533 1898 3573 nomen

336 3605 628 3672 quadrare,
664 3607 751 3660 vel
791 3607 1088 3676 singularis
1132 3608 1542 3664 declarationis.
1577 3611 1655 3665 Ac
1691 3625 1900 3665 connu-

334 3698 693 3750 merationem
745 3698 965 3766 quidem
1020 3709 1221 3752 vmant
1282 3701 1710 3755 contractionem
1757 3716 1896 3766 eam,

333 3803 456 3856 quas
503 3790 557 3841 in
594 3805 761 3843 unum
805 3805 1096 3844 numerum
1136 3791 1216 3856 ﬁt,
1263 3801 1322 3846 ut
1360 3807 1486 3846 cum
1519 3792 1757 3846 dicimus
1793 3803 1901 3846 tres

333 3879 467 3932 deos
493 3888 588 3931 aut
620 3889 732 3934 tres
764 3881 1013 3935 homines
1047 3898 1062 3935 :
1098 3897 1208 3935 non
1235 3893 1418 3938 autem
1453 3884 1896 3937 conuumeratio-

335 3985 480 4034 nem,
511 3973 604 4026 sed
636 3971 972 4041 singularem
1001 3975 1462 4039 enuntiationem,
1492 3991 1616 4030 cum
1643 3975 1898 4040 dicimus,

335 4077 504 4115 unum
529 4073 583 4116 et
612 4080 782 4117 unum
807 4082 822 4119 :
858 4066 1404 4120 subnumerationem
1432 4067 1665 4135 denique
1687 4079 1900 4136 postre-

334 4169 484 4206 mum
518 4155 572 4208 in
623 4156 1042 4210 enumeratione
1073 4158 1326 4228 gradum,
1386 4167 1445 4212 ut
1471 4156 1652 4223 Pater,
1708 4157 1901 4224 Filius,

335 4254 390 4298 et
452 4243 690 4315 Spiritus
747 4256 1013 4307 sanctus;
1049 4249 1126 4302 En
1160 4289 1174 4314 ,
1241 4249 1540 4319 inquiunt,
1594 4259 1902 4319 postremus

337 4347 650 4393 recensetur
685 4355 750 4395 ac
793 4341 1180 4408 pronuntiatur
1233 4341 1506 4410 Spiritus,
1563 4356 1627 4396 ac
1658 4341 1804 4396 Patri
1849 4348 1903 4395 et

1997 1881 2417 1945 ctiﬁcationem,
2447 1879 2501 1933 in
2533 1880 2756 1932 nomine
2788 1874 2966 1929 Patris
2989 1881 3042 1926 et
3091 1869 3214 1924 Filii
3245 1877 3296 1924 et
3331 1865 3568 1936 Spiritus

1997 1974 2172 2028 sancti
2217 1973 2585 2040 baptizentur.
2636 1967 2770 2022 Nam
2802 1966 2949 2036 quod
3013 1965 3068 2017 in
3123 1963 3314 2017 iisdem
3365 1957 3570 2014 divinis

1995 2065 2251 2131 operibus
2282 2073 2468 2118 sancta
2511 2061 2754 2114 Trinitas
2783 2057 3146 2129 gloriﬁcetur,
3192 2050 3576 2108 certissimum-

1995 2156 2301 2211 divinitatis
2386 2155 2549 2208 unius
2613 2158 2996 2219 argumentum
3063 2154 3168 2200 est.
3236 2144 3313 2198 Ac
3379 2155 3568 2194 rursus

1994 2247 2288 2316 Apostolus
2321 2247 2374 2298 in
2405 2245 2548 2299 hunc
2581 2244 2801 2298 modum
2828 2239 3064 2312 loquitur
3098 2257 3108 2291 :
3145 2235 3291 2292 Unus
3323 2233 3479 2296 Deus,
3505 2245 3569 2284 ea:

1993 2355 2095 2409 quo
2141 2338 2340 2399 omnia,
2381 2343 2428 2388 et
2464 2351 2596 2387 unus
2649 2333 2905 2388 Dominus
2945 2330 3102 2385 Jesus
3160 2328 3434 2388 Christus,
3480 2336 3572 2392 per

1993 2445 2144 2498 quem
2178 2427 2376 2490 omnia,
2417 2435 2464 2479 et
2495 2441 2629 2477 unus
2663 2422 2898 2493 Spiritus
2929 2428 3165 2485 sanctus,
3197 2419 3252 2471 in
3297 2432 3399 2486 quo
3451 2429 3571 2467 om-

1997 2518 2085 2570 nia
2115 2517 2180 2571 ⁵⁶.
2221 2516 2298 2570 En
2329 2516 2430 2568 hoc
2467 2528 2684 2584 quoque
2714 2515 2832 2566 loco
2864 2510 3097 2580 Spiritus
3127 2517 3351 2564 sanctus
3376 2504 3566 2559 eodem

1996 2607 2186 2660 ordine
2247 2621 2310 2659 ae
2333 2619 2563 2658 numero
2614 2618 2736 2656 cum
2801 2602 2962 2656 Patre
3020 2608 3076 2654 et
3135 2597 3272 2651 Filio
3324 2595 3565 2664 ponitur.

1994 2695 2180 2765 Neque
2219 2696 2362 2750 enim
2422 2694 2625 2762 alioqui
2666 2692 2904 2746 Trinitas
2955 2689 3140 2750 fuerit,
3174 2687 3280 2742 nisi
3330 2687 3570 2756 Spiritus

1995 2810 2214 2864 quoque
2243 2801 2696 2848 connumerctur.
2752 2789 2816 2841 Et
2842 2787 3302 2858 quemadmodum
3350 2782 3574 2837 tradidit

1995 2899 2228 2954 magnus
2289 2881 2402 2946 ille,
2452 2889 2508 2934 et
2551 2895 2578 2933 θ
2617 2878 2900 2932 miraculis
2952 2876 3116 2930 editis
3174 2872 3569 2939 Thaumaturgi

1997 2983 2418 3044 cognomentum
2483 2971 2715 3041 adeptus
2767 2967 3104 3038 Gregorius,
3152 2979 3430 3034 nunquam
3485 2962 3571 3015 vel

1921 3090 1963 3148 ρ
1999 3065 2146 3120 Patri
2196 3063 2372 3128 Filius
2413 3061 2608 3127 deluit,
2651 3059 2733 3114 vel
2767 3057 2906 3112 Filio
2936 3056 3170 3126 Spiritus
3212 3060 3481 3148 sanctus,
3514 3050 3568 3148 id

1999 3157 2144 3227 quod
2189 3165 2367 3210 tamen
2422 3152 2658 3222 Spiritus
2684 3151 2868 3206 hostes
2895 3156 3169 3204 astruunt.
3212 3145 3266 3199 ld
3315 3145 3459 3199 enim
3515 3142 3568 3196 in

1999 3250 2292 3305 maximam
2325 3247 2680 3317 ignominiam
2709 3243 2804 3298 Dei
2836 3242 3070 3298 cederet.
3097 3238 3238 3293 Hinc
3265 3238 3408 3292 enim
3435 3251 3566 3289 con-

2002 3341 2274 3406 ﬁceretur,
2302 3338 2470 3392 Deum
2502 3352 2532 3390 a
2565 3332 2836 3404 principio
2867 3330 3166 3400 perfectum
3216 3342 3326 3382 non
3374 3325 3563 3387 fuisse,

2001 3447 2189 3488 verum
2225 3441 2436 3500 postea,
2470 3427 2626 3498 quasi
2651 3423 2970 3496 poenitentia
3018 3430 3248 3484 motum,
3277 3431 3568 3489 personam

2000 3540 2122 3594 quae
2162 3521 2595 3586 desiderabatur,
2659 3519 2766 3573 hoc
2797 3525 2903 3580 est,
2961 3513 3225 3584 Spiritum
3296 3517 3569 3565 sanctum,

2002 3615 2388 3684 assumpsisse,
2421 3621 2582 3681 atque
2612 3610 2688 3664 ita
2721 3609 2788 3664 ad
2819 3606 2996 3661 modis
3025 3603 3277 3658 omnibus
3323 3601 3569 3654 cumula-

2005 3717 2112 3762 tam
2178 3717 2234 3761 et
2285 3704 2584 3776 perfectam
2631 3700 2968 3757 divinitatem
3036 3695 3372 3768 pervenisse.
3443 3691 3573 3746 Erat

2004 3799 2169 3867 igitur
2193 3796 2248 3850 in
2285 3794 2551 3864 principio
2584 3792 2840 3863 Spiritus,
2877 3801 3039 3858 atque
3077 3788 3146 3843 ab
3177 3785 3326 3842 omni
3351 3784 3572 3855 quidem

2002 3899 2254 3946 creatura
2314 3887 2653 3956 percipitur,
2699 3884 2765 3940 ad
2797 3883 2880 3939 sui
2948 3877 3470 3950 coagmentationem
3520 3881 3575 3928 et

2004 3980 2469 4037 conversationem
2495 3993 2559 4031 eo
2597 3992 2732 4046 opus
2775 3972 3173 4042 habentezipse
3221 3977 3402 4023 autem
3446 3966 3572 4022 nul-

2004 4076 2110 4130 lius
2151 4073 2228 4128 rei
2268 4071 2534 4141 particeps
2581 4068 2829 4122 edicitur.
2866 4065 3078 4120 Nullius
3130 4063 3274 4118 enim
3337 4059 3570 4128 indiget,

2005 4179 2173 4233 seque
2207 4163 2325 4232 ipso
2357 4170 2648 4216 contentus
2662 4167 2763 4212 est.
2787 4157 3003 4212 Perﬁcit
3035 4155 3218 4210 omnia
3239 4160 3396 4220 atque
3425 4149 3586 4218 ipsos.

2005 4256 2166 4311 etiam
2217 4254 2436 4324 angelos
2499 4267 2595 4322 per
2649 4251 3132 4306 sanctiﬁcationem
3170 4265 3183 4300 :
3219 4247 3331 4314 ipse
3391 4250 3571 4295 autem

2006 4362 2116 4402 non
2147 4346 2444 4414 perﬁcitur,
2485 4343 2682 4412 quippe
2731 4351 2924 4395 natura
2957 4337 3232 4408 perfectus
3275 4342 3438 4402 atque
3481 4331 3567 4384 ine

337 4428 477 4484 Filio
511 4431 958 4485 subnumeratur.
993 4434 1172 4502 Atque
1201 4432 1317 4488 haec
1336 4433 1440 4502 ipsi
1463 4433 1672 4497 dicunt,
1702 4433 1904 4487 doctri-
1937 4438 1980 4492 D
2009 4448 2346 4495 crementum
2381 4436 2647 4490 nesciens.
2692 4432 2886 4501 Implet
2916 4430 3098 4485 omnia
3143 4443 3246 4482 sua
3289 4425 3527 4479 essentia
3555 4439 3570 4476 :

337 4538 464 4576 nam
513 4539 668 4577 suam
702 4525 858 4593 quasi
902 4525 1008 4578 lata
1040 4525 1157 4594 lege
1186 4527 1619 4595 promulgantes,
1651 4536 1896 4580 caeterum

1998 4535 2220 4604 Spiritus
2267 4531 2411 4585 enim
2450 4529 2661 4583 Domini
2697 4527 2910 4596 replevit
2976 4524 3151 4578 orbem
3206 4531 3465 4574 terrarum
3501 4518 3570 4580 ³⁷,

337 4627 367 4665 a
393 4613 619 4667 veritate
646 4615 984 4670 recedentes.
1019 4614 1154 4669 Nam
1187 4627 1371 4669 reVera
1406 4617 1640 4684 Spiritus
1669 4627 1892 4672 sanctus

339 4705 394 4758 in
429 4705 712 4777 Scriptura
756 4724 864 4761 non
917 4723 1135 4777 semper
1172 4719 1451 4777 postremo
1486 4709 1606 4763 loco
1657 4709 1901 4777 ponitur,

337 4801 432 4852 sed
482 4800 758 4854 interdum
789 4802 955 4856 etiam
989 4802 1157 4871 priori
1198 4801 1316 4858 loco
1351 4810 1690 4866 numeratur;
1740 4801 1902 4856 Pater

337 4893 866 4959 autem‘posteriori,
900 4902 1097 4947 utcum
1129 4893 1204 4946 ait
1241 4892 1576 4961 Apostolus:
1609 4893 1902 4948 Divisiones

337 4983 634 5050 gratiarum
667 4994 813 5049 sunt,
851 4985 989 5037 idem
1031 4994 1205 5038 autem
1246 4983 1506 5050 Spiritus,
1535 4985 1626 5053 qui
1654 4995 1905 5053 operatur

337 5074 620 5127 divisiones
680 5078 972 5145 gratiarum
1014 5076 1133 5148 (pro
1184 5079 1418 5139 ratione,
1471 5086 1530 5130 ut
1564 5077 1792 5146 opinor,
1849 5084 1902 5132 et

340 5168 539 5219 merito
570 5183 783 5233 eorum,
839 5169 933 5238 qui
983 5185 1076 5225 eas
1110 5169 1415 5238 suscipiunt
1450 5168 1584 5239 );et
1615 5169 1902 5223 divisiones

340 5260 794 5312 ministrationum
853 5270 1011 5323 sunt,
1073 5261 1209 5314 idem
1270 5270 1444 5315 autem
1517 5259 1804 5322 Dominus;
1851 5267 1900 5312 et

341 5350 620 5404 divisiones
671 5353 1034 5421 operationum
1073 5364 1215 5418 sunt,
1264 5355 1402 5406 idem
1446 5361 1624 5407 autem
1652 5352 1794 5406 Deus
1811 5351 1898 5405 "'.

2005 4623 2496 4695 inquitSalomon;
2529 4628 2584 4674 et
2613 4618 2780 4672 David
2805 4636 2817 4670 :
2847 4616 2962 4682 Quo
2986 4615 3066 4668 ibo
3095 4633 3127 4668 a
3157 4612 3363 4682 Spiritu
3389 4619 3479 4664 tuo
3505 4609 3580 4662 “3?

2004 4717 2126 4785 Ipse
2169 4722 2353 4770 autem
2402 4727 2508 4766 non
2546 4709 2830 4778 impletur.
2880 4715 3064 4775 utpote
3110 4705 3300 4773 plenus
3342 4715 3406 4756 ac
3455 4699 3574 4768 plus

2003 4823 2164 4878 quam
2215 4806 2450 4875 plenus:
2491 4801 2560 4854 Et
2603 4802 2667 4854 de
2697 4799 3026 4869 plenitudine
3079 4796 3192 4864 ejus
3246 4808 3337 4846 nos
3396 4804 3574 4848 omnes

2005 4901 2299 4967 accepimus
2345 4897 2414 4960 ⁵³,
2442 4905 2495 4949 et
2543 4892 2861 4962 accipimus,
2907 4897 3075 4960 atque
3114 4885 3425 4957 implentur.
3508 4881 3577 4932 At

2007 4991 2128 5060 ipse
2154 5005 2255 5045 nec
2287 4987 2362 5044 rei
2401 4986 2560 5041 ullius
2601 4983 2826 5053 indiget,
2853 4996 2954 5036 nec
2989 4979 3255 5034 minuitur
3288 4993 3302 5029 :
3329 4989 3433 5029 non
3487 4986 3607 5026 ευ·-

2009 5095 2108 5135 cus
2147 5095 2213 5134 ae
2242 5079 2324 5134 sol
2351 5076 2678 5146 corporibus
2716 5073 3005 5143 aﬁulgens,
3057 5069 3312 5138 varieque
3357 5065 3424 5118 ab
3469 5061 3576 5115 illis

2007 5180 2317 5242 perceptus,
2392 5168 2813 5236 haudquaquam
2857 5178 2886 5217 a
2934 5159 3359 5233 percipientibus
3399 5151 3578 5242 immi-

2010 5240 2218 5312 nuitur.
2249 5254 2585 5316 Sanctiﬁcat,
2623 5259 2682 5306 ut
2714 5260 2903 5305 natura
2933 5257 3198 5306 sanctus:
3230 5243 3408 5296 Abluti
3431 5240 3575 5294 enim

2009 5353 2153 5414 estis,
2181 5347 2380 5418 inquit,
2405 5355 2454 5402 et
2482 5345 2803 5414 sanctiﬁcati
2849 5343 2972 5397 estis
3021 5343 3074 5394 in
3120 5336 3325 5390 nomine
3365 5331 3576 5386 Domini

410 5465 507 5517 ⁵³⁵1
534 5467 664 5521 Cor.
694 5482 794 5536 xu,
823 5467 943 5522 4-6.
1018 5465 1063 5500 “
1092 5465 1289 5521 lJoan.
1318 5485 1370 5533 νη,
1392 5467 1446 5522 8.
1521 5467 1566 5498 ⁸⁵
1591 5464 1634 5519 Π
1660 5464 1896 5520 Cor-X1“

2002 5465 2056 5519 5.
2129 5462 2176 5494 ⁸⁸
2205 5461 2370 5516 ltlor.
2401 5475 2519 5523 vui,
2543 5457 2594 5510 6.
2669 5457 2714 5489 "
2745 5458 2871 5524 Sap.
2893 5471 2931 5519 ι,
2951 5453 3004 5506 7.
3079 5452 3125 5484 ⁵⁸
3147 5449 3290 5506 Psal.
3317 5460 3579 5510 cxxvvm,

343 5534 394 5592 7.
471 5541 516 5570 ⁸⁵
546 5539 704 5595 Joan.
736 5534 787 5605 ι,“
817 5539 904 5592 16.

411 5700 524 5765 (3|)
568 5697 689 5752 llaec
719 5699 770 5752 in
807 5713 930 5753 meo
980 5695 1159 5750 Nitcta
1195 5712 1295 5749 non
1341 5694 1634 5758 habentur,
1685 5702 1738 5746 et
1771 5691 1907 5744 alius
1950 5688 2253 5758 cuiuspiam
2295 5685 2611 5756 interpretis
2649 5697 2769 5738 esse
2795 5679 3069 5734 videntur.
