4024 6292
515 291 538 350 1
555 286 650 348 463

1945 293 2324 357 ADDENDA.

3633 304 3772 368 1404

509 400 675 452 nostri
705 397 833 452 Jestt
868 398 1089 462 Christi,
1125 409 1174 452 et
1207 401 1260 452 in
1301 398 1503 468 Spiritu
1551 400 1644 453 Dei
1690 402 1858 456 nostri
1884 403 1950 471 ⁶⁰;
1977 404 2089 473 ipse
2115 405 2163 464 Α
2192 407 2246 462 id
2278 414 2384 473 est,
2420 416 2612 462 natura
2639 416 2693 462 et
2724 423 2821 478 per
2849 409 3092 480 seipsum
3133 411 3432 480 potentiam
3473 415 3664 482 habet,
3708 436 3774 475 ac

509 499 691 544 autem
722 488 959 558 Spiritus
987 488 1212 544 minime
1257 493 1672 557 sanctificatur;
1703 508 1879 564 neque
1939 495 2085 550 enim

510 581 659 652 quod
717 582 956 637 essentia
1004 593 1256 636 sanctum
1304 584 1932 642 est'sanctif‘tcatiouem
1998 603 2086 643 re-

511 673 700 742 quirit.
734 670 1061 728 Hominibus
1090 674 1428 728 divinitatem
1476 675 1649 739 aflert,
1685 692 1784 746 per
1831 678 2086 747 adoptio-

508 779 629 820 nem
673 774 726 819 et
768 765 994 835 gratiam
1031 784 1044 821 :
1078 767 1194 836 ipse
1247 779 1426 822 autem
1483 769 1624 824 Deus
1668 785 1774 824 non
1834 771 2082 826 eflicitur.

506 855 640 910 Nam
691 857 839 925 quod
883 857 1006 912 aliis
1040 858 1376 913 divinitatem
1408 859 1658 929 largitur,
1687 872 1882 916 natura
1942 864 2084 920 Deus

504 958 609 1004 est.
640 951 842 1004 Adbaec
882 950 971 1004 ille
1017 950 1118 1004 sibi
1163 951 1263 1020 ipsi
1293 967 1509 1022 semper
1566 955 1792 1022 aequalis
1833 965 1888 1010 et
1940 957 2081 1010 idem

504 1053 607 1105 est,
653 1043 858 1096 nullam
903 1045 1317 1099 conversiOnem
1377 1059 1442 1100 ae
1469 1048 1827 1101 mutationem
1880 1049 2081 1104 admit-

503 1144 659 1196 tens,
707 1134 1165 1201 quemadmodum
1213 1151 1312 1191 nec
1367 1137 1528 1192 Pater
1558 1153 1658 1193 nec
1709 1138 1903 1204 Filius,
1957 1157 2080 1195 cum

503 1225 705 1293 quibus
762 1224 1001 1295 Spiritus
1067 1227 1398 1296 conjunctus
1464 1239 1568 1284 cst.
1633 1229 2081 1288 Invisibiliszsic

500 1318 646 1372 enim
699 1319 774 1372 ait
811 1319 1063 1374 Christus
1099 1338 1113 1374 :
1153 1320 1413 1389 Spiritum
1453 1323 1677 1378 mundus
1712 1327 1945 1395 accipere
1977 1345 2080 1380 non

498 1421 682 1478 potest,
712 1415 834 1476 quia
864 1430 967 1466 non
1002 1415 1139 1468 videt
1170 1415 1672 1486 eum”.Temporis
1707 1434 1921 1488 expers,
1944 1436 2081 1489 quo-

498 1502 645 1556 niam
679 1513 731 1557 et
757 1503 1057 1560 increatus.
1086 1505 1280 1560 Creata
1315 1508 1460 1562 enim
1497 1518 1643 1574 sunt,
1674 1526 1795 1580 quae
1835 1511 1889 1565 in
1937 1522 2077 1566 tem-

497 1610 631 1662 pore
661 1605 808 1650 sunt.
847 1597 1420 1666 lncomprehensibilis
1452 1603 1676 1668 mundo,
1717 1612 1981 1672 quantum
2010 1603 2077 1657 ad

497 1688 798 1754 potentiam
835 1697 888 1741 et
931 1691 1386 1759 magnitudinem,
1435 1701 1652 1763 propter
1680 1694 1978 1750 bonitatem
2013 1712 2075 1749 ac

499 1780 912 1834 beneficentiam
947 1797 1174 1851 capaces
1217 1785 1302 1840 sui
1345 1785 1598 1840 homines
1631 1787 1778 1841 facit.
1816 1787 2076 1842 lmmuta-

496 1871 642 1938 bilis,
675 1874 802 1942 quia
847 1882 897 1928 et
938 1874 1256 1944 ingenitus;
1292 1892 1413 1946 quae
1459 1879 1603 1933 enim
1651 1891 1769 1934 orta
1810 1890 1863 1935 et
1912 1897 2077 1951 gene-

496 1972 615 2016 rata
690 1977 844 2031 sunt,
893 1968 1183 2022 mutationi
1229 1970 1462 2023 obnoxia
1545 1979 1689 2025 sunt.
1770 1971 2075 2038 Qualitate,

493 2057 821 2123 quantitate,
853 2057 1050 2113 forma.
1083 2069 1136 2113 ct
1170 2068 1314 2114 tactu
1344 2075 1564 2126 carens,
1599 2063 1726 2130 quia
1760 2063 1988 2132 simplex
2024 2075 2077 2118 et

493 2148 872 2218 incorporeus.
919 2151 1300 2207 Accidentium
1355 2153 1500 2208 enim
1558 2155 1823 2210 rationem
1873 2156 2077 2210 habent

493 2238 748 2306 qualitas,
791 2241 1096 2309 quantitas,
1144 2252 1342 2310 tactus,
1395 2251 1448 2297 et
1494 2242 1690 2308 forma,
1742 2261 1836 2302 seu
1880 2247 2071 2316 figura,

495 2345 615 2396 quae
655 2331 876 2399 quidem
921 2333 975 2386 in
1023 2334 1344 2404 compositis
1390 2334 1834 2390 considerantur.
1856 2338 1926 2390 At
1967 2337 2075 2392 Deo

494 2420 728 2486 qualitas
760 2422 906 2476 nulla
941 2422 1226 2478 tribuenda
1267 2433 1351 2480 est
1373 2425 1466 2493 (ne
1497 2427 1861 2495 compositum
1895 2429 2071 2495 ipsum

495 2519 824 2578 statuamus,
885 2515 1146 2569 nimirum
1197 2531 1262 2570 ex
1317 2518 1626 2572 substantia
1674 2527 1727 2573 et
1765 2520 2071 2590 qualitate),

496 2615 595 2655 nec
638 2602 809 2656 ullum
863 2606 1088 2658 omnino
1156 2607 1432 2661 accidens.
1477 2607 1618 2661 Nihil
1663 2611 1805 2662 enim
1848 2610 1901 2663 in
1951 2611 2071 2679 ipso

495 2692 742 2746 nascitur
790 2704 954 2762 atque
1007 2697 1376 2766 exstinguitur
1409 2716 1421 2751 :
1456 2714 1644 2754 verum
1714 2701 2070 2760 immutabilis

494 2791 578 2836 est
612 2793 664 2838 et
695 2783 1072 2851 inalterabilis,
1113 2803 1462 2858 semperque,
1497 2801 1556 2844 ut
1590 2791 1852 2856 diximus,
1881 2795 2069 2849 eodem

493 2875 658 2931 modo
691 2892 751 2932 se
797 2878 982 2933 habet.
1016 2878 1136 2934 Jam
1183 2897 1312 2935 vero
1370 2893 1564 2937 caetera
1615 2886 1800 2938 omnia
1852 2885 2071 2941 aliunde

493 2976 702 3022 motum
732 2969 951 3034 habent,
985 2971 1089 3027 hoc
1133 2983 1236 3038 est,
1268 2990 1298 3028 a
1327 2974 1456 3040 Deo,
1492 2990 1522 3029 a
1553 2992 1661 3045 quo
1690 2977 1848 3032 facta
1893 2989 2021 3033 sunt
2054 2998 2066 3033 :

493 3073 549 3113 at
577 3060 814 3130 Spiritus
840 3077 1086 3130 sanctus,
1111 3066 1203 3134 qui
1249 3066 1393 3121 Deus
1434 3077 1537 3128 est,
1579 3083 1680 3122 nec
1720 3086 1747 3122 a
1790 3086 2066 3140 quoquam
2097 3093 2140 3152 ο

492 3165 710 3208 creatus
737 3163 842 3215 est.
876 3171 974 3210 nec
1012 3167 1290 3224 movetur,
1321 3174 1510 3213 verum
1541 3170 1733 3229 saepte
1765 3173 1914 3216 metu
1953 3164 2066 3216 cie-

495 3254 608 3309 tur,
637 3260 702 3299 ac
734 3247 961 3314 proinde
1015 3260 1338 3318 perpetuum
1381 3261 1589 3304 motum
1637 3252 1816 3306 habet.
1844 3253 2067 3321 Insuper

493 3337 706 3391 arbitrii
734 3354 952 3408 quoque
982 3339 1137 3394 liberi
1184 3354 1266 3395 est
1297 3341 1536 3410 Spiritus
1565 3355 1808 3398 sanctus.
1843 3344 2065 3399 Diversa

493 3439 673 3484 autem
703 3430 1102 3501 signiﬁcatione
1137 3432 1347 3486 arbitrii
1373 3431 1596 3488 libertas
1626 3438 1841 3502 capitur
1861 3473 1874 3496 ,
1910 3437 2067 3489 aliter

491 3537 618 3574 cum
651 3522 716 3576 de
742 3523 851 3576 Deo
887 3537 1071 3579 sermo
1095 3523 1346 3587 habetur,
1377 3523 1533 3578 aliter
1566 3539 1688 3577 cum
1729 3525 1797 3580 de
1835 3528 2062 3594 angelis,

491 3614 652 3668 aliter
684 3615 920 3684 denique
954 3631 1076 3670 cum
1111 3617 1178 3670 de
1214 3616 1545 3671 hominibus.
1593 3617 1651 3671 lu
1699 3616 1808 3672 Dee
1845 3627 1930 3674 est
1970 3635 2065 3674 su-

490 3701 984 3770 peresseutialiter;
1011 3704 1064 3757 in
1096 3705 1322 3773 angelis,
1361 3704 1487 3773 quia
1517 3714 1748 3763 conatus
1776 3710 2067 3780 operisque

488 3795 832 3863 cspromptie
874 3809 996 3850 cum
1041 3797 1228 3852 habitu
1258 3799 1558 3864 concurrit,
1596 3815 1700 3854 nec
1729 3801 1892 3856 ullam
1921 3812 2064 3857 tem-

490 3885 637 3949 peris
678 3885 1143 3955 intercapedinem
1188 3889 1448 3943 admittit.
1483 3889 1619 3944 Nam
1673 3907 1796 3946 cum
1842 3893 2066 3960 angelus

489 3978 700 4032 arbitrii
750 3979 1056 4033 libertatem
1103 3989 1298 4035 natura
1336 3981 1551 4044 habeat.
1590 3983 1712 4037 sine
1740 3983 1852 4038 ullo
1884 3984 2058 4053 impe-

487 4068 737 4122 dimento
766 4084 829 4124 ea
861 4071 1054 4136 utitur,
1089 4073 1535 4142 quandoquidem
1562 4091 1662 4130 nec
1698 4078 1945 4146 corporis
1976 4095 2061 4133 re-

487 4157 841 4215 luctationem
877 4163 1115 4230 patitur,
1148 4179 1250 4220 nec
1280 4165 1604 4234 cujusquam
1653 4169 2063 4236 oppugnatione

486 4252 774 4316 premitur.
807 4251 982 4306 Simul
1014 4257 1160 4308 enim
1188 4271 1311 4309 cum
1344 4267 1537 4310 natura
1565 4267 1618 4311 et
1651 4258 1931 4313 creatione
1960 4275 2057 4314 sua

485 4343 712 4398 liberam
777 4345 988 4399 arbitrii
1047 4347 1358 4402 facultatem
1416 4350 1659 4418 accepit,
1714 4365 2057 4420 nequaquam

2189 509 2476 570 propterea
2529 502 2754 563 omnia,
2805 517 2924 571 quas
2958 504 3104 567 vult,
3154 513 3370 573 potest;
3423 522 3530 562 non
3579 521 3771 565 autem

2189 592 2373 646 omnia
2406 592 2542 654 vult,
2580 607 2702 662 quae
2743 601 2940 661 potest.
2975 592 3234 648 Mundum
3278 596 3425 649 enim
3471 597 3654 652 delere
3707 615 3776 654 ac

2188 683 2416 750 perdere
2447 693 2646 752 potest,
2684 699 2791 736 non
2841 693 3020 737 tamen
3048 685 3186 738 vult.
3219 685 3373 752 Quod
3406 687 3451 742 si
3488 689 3621 758 quid
3666 689 3776 744 hu-

2189 771 2375 826 milius
2404 783 2457 826 et
2481 773 2749 839 abjectius
2777 774 2843 828 de
2889 788 2956 827 eo
2991 775 3193 828 dictum
3233 775 3501 843 invenias,
3533 779 3773 848 exempli

2187 873 2354 913 causa
2391 879 2404 914 :
2437 861 2591 926 Quod
2623 878 2649 913 a
2681 861 2843 916 Patre
2879 863 3136 926 mittitur,
3166 873 3260 918 aut
3289 867 3467 934 datur,
3501 878 3595 921 aut
3626 869 3772 922 divi-

2186 953 2353 1016 ditur,
2375 963 2470 1006 aut
2497 954 2808 1018 intercedit,
2837 965 2929 1008 aut
2963 955 3107 1008 aliud
3153 957 3433 1026 quidpiam
3465 961 3634 1029 hujus
3668 977 3776 1031 εει.

2185 1044 2354 1106 neris,
2387 1045 2526 1098 scito
2566 1045 2680 1099 hare
2703 1046 2886 1100 omnia
2916 1045 2982 1100 ad
3013 1045 3241 1115 primam
3273 1064 3492 1104 causam
3538 1053 3756 1116 referri,

2187 1133 2288 1186 hoc
2326 1142 2430 1196 est,
2463 1133 2530 1188 ad
2562 1133 2800 1198 Patrem,
2836 1137 3296 1206 quemadmodum
3333 1150 3385 1192 ct
3407 1141 3475 1195 ad
3509 1144 3766 1197 eumdem

2185 1240 2278 1277 sua
2315 1225 2484 1282 Filius
2515 1227 2698 1282 refert.
2737 1227 2827 1282 Sic
2857 1229 3002 1282 enim
3034 1231 3155 1286 Vita
3180 1232 3292 1299 ipsa
3336 1232 3619 1302 loquitur:
3653 1235 3769 1305 Ego

2184 1317 2294 1368 oivo
2326 1329 2536 1386 propter
2565 1319 2780 1374 Patrem
2805 1321 2873 1375 ".
2906 1321 2970 1376 Et
2993 1323 3109 1391 ipsa
3144 1321 3387 1378 Potentia
3409 1343 3422 1378 :
3444 1325 3566 1380 Non
3595 1339 3766 1396 potest

2185 1410 2359 1464 Filius
2397 1411 2570 1478 facere
2595 1428 2626 1466 α
2657 1414 2826 1482 seipse
2857 1413 3144 1483 quidquam
3185 1416 3249 1468 ⁸³.
3287 1415 3354 1471 Ει
3393 1418 3637 1486 perfecta
3665 1421 3768 1475 Sa-

2182 1505 2430 1573 pientia:
2471 1504 2782 1558 Mandatum
2825 1509 3022 1575 accepi,
3064 1509 3190 1577 quid
3239 1508 3438 1574 dicam,
3489 1523 3605 1580 aut.
3637 1516 3767 1582 quid

2182 1596 2374 1666 loquar
2407 1595 2451 1628 “
2478 1598 2501 1650 ?
2531 1597 2610 1649 Ac
2646 1615 2880 1653 rursus:
2908 1601 2945 1651 Α
2982 1601 3179 1668 nteipso
3215 1617 3314 1654 non
3358 1620 3475 1656 sum
3525 1605 3766 1666 locutus,

2182 1685 2736 1758 Ied‘quemadmodum
2763 1690 2897 1745 dixit
2926 1693 3051 1745 mihi
3081 1691 3263 1756 Pater,
3291 1695 3367 1746 sic
3401 1695 3540 1762 facio
3567 1697 3633 1748 ⁸⁵.
3667 1697 3766 1750 His

2185 1791 2366 1835 autem
2399 1782 2580 1835 verbis
2612 1797 2717 1836 non
2746 1797 2811 1836 eo
2835 1783 3022 1849 utitur,
3051 1784 3494 1854 quod,veluntate
3525 1803 3588 1839 ac
3611 1798 3763 1841 motu

2184 1881 2386 1936 careat,
2421 1883 2475 1927 et
2511 1874 2653 1928 velut
2706 1874 3040 1942 imperialem
3106 1883 3366 1931 tesseram
3427 1889 3756 1948 exspectet;

2184 1964 2278 2019 sed
2313 1966 2708 2019 utseutenliam
2734 1980 2890 2020 suam
2910 1967 3242 2036 eonjunctim
3261 1978 3314 2022 et
3331 1969 3765 2038 inseparabiliter

2184 2071 2214 2109 a
2248 2055 2406 2111 Patre
2433 2056 2757 2126 pendentem
2807 2058 3084 2122 ostendat,
3117 2074 3181 2113 ac
3209 2075 3304 2128 per
3336 2061 3451 2115 lure
3480 2063 3664 2114 omnia
3690 2062 3759 2117 ad

2183 2145 2362 2200 Patris
2403 2149 2765 2216 cognitionem
2824 2149 2985 2202 nobis
3021 2159 3221 2217 praaeat
3247 2169 3261 2204 :
3285 2150 3352 2203 ad
3378 2166 3542 2220 quem
3578 2167 3758 2204 rerum

2195 2253 2410 2304 earum,
2441 2254 2562 2308 quae
2603 2239 2670 2292 ab
2700 2254 2766 2293 eo
2801 2238 3060 2301 eduntur,
3104 2241 3423 2294 miraculum
3467 2241 3654 2301 rcl‘ert.
3699 2254 3761 2297 ut

2182 2345 2278 2398 per
2313 2344 2438 2383 eum
2487 2331 2554 2383 ad
2603 2328 2778 2384 Patris
2822 2330 3186 2399 cognitionem
3245 2333 3564 2385 evehatnur.
3615 2334 3757 2398 Quin

2181 2421 2343 2474 etiam
2378 2419 2617 2489 Spiritus
2650 2422 2756 2474 vita
2795 2430 2896 2484 est,
2931 2429 2985 2475 et
3035 2421 3336 2487 vivificaris;
3369 2425 3450 2478 sic
3487 2424 3634 2476 enim
3682 2424 3761 2476 ait

2182 2511 2473 2580 Apostolus
2527 2509 2816 2579 :Spiritus
2870 2514 2974 2565 vita
3029 2523 3107 2566 est
3150 2529 3242 2582 per
3269 2513 3640 2580 justitiam“.
3697 2514 3757 2567 Et

2182 2619 2376 2657 rursus
2411 2621 2424 2655 :
2458 2602 2661 2657 Littera
2691 2605 2910 2670 occidit,
2944 2604 3182 2672 Spiritus
3219 2615 3396 2658 autem
3429 2606 3658 2674 oioiﬁcat
3687 2608 3750 2660 ".

2179 2696 2245 2750 Et
2303 2696 2564 2752 Dominus
2601 2696 2719 2764 ipse
2769 2697 2872 2751 hoc
2908 2697 3220 2752 testimonio
3274 2698 3702 2752 suocenﬁrmat
3734 2714 3753 2750 ς

2179 2785 2436 2856 Spiritus,
2471 2787 2671 2857 inquit,
2704 2797 2779 2840 est
2810 2788 2900 2857 qui
2937 2788 3196 2856 vioiﬁcat;
3226 2803 3353 2842 caro
3392 2804 3500 2841 non
3535 2789 3754 2857 prodest

2177 2879 2462 2949 quidquam
2486 2879 2552 2932 ⁸⁸.
2603 2877 2852 2933 Vivificat
2880 2894 3041 2948 porro
3072 2895 3195 2933 cum
3226 2879 3338 2934 Dee
3373 2879 3536 2934 Patre
3566 2883 3754 2936 omnia

2177 2969 2504 3032 vivificante,
2541 2977 2596 3024 et
2629 2984 2750 3023 cum
2788 2969 2926 3024 Filio
2961 2970 3126 3024 vitam
3157 2971 3342 3024 dante.
3378 2971 3470 3026 Sic
3499 2973 3649 3026 enim
3679 2975 3756 3026 ait

2176 3061 2473 3130 Apostolus
2506 3078 2518 3114 :
2553 3061 2657 3125 Qui
2697 3063 2967 3114 suscitauit
3001 3061 3268 3116 Christum
3321 3079 3350 3115 a
3381 3065 3637 3129 mortuis,
3669 3065 3753 3118 oi-

2179 3155 2406 3224 ri/icabit
2434 3164 2482 3208 et
2515 3170 2738 3224 corpora
2786 3163 2968 3207 nostra
3010 3156 3260 3207 mortalia
3307 3171 3409 3223 per
3448 3156 3752 3209 inhabitan-

2179 3252 2280 3296 tem
2307 3241 2562 3311 Spiritum
2617 3260 2770 3298 suum
2801 3244 2858 3296 iu
2891 3243 3038 3297 nobis
3073 3244 3140 3297 ".
3177 3243 3244 3297 Et
3288 3241 3582 3299 Christus:
3615 3246 3750 3299 Ores

2179 3351 2306 3389 mea:
2338 3351 2506 3387 recent
2544 3350 2710 3388 meam
2747 3335 3009 3398 audiunt,
3051 3342 3098 3386 et
3144 3350 3237 3403 ego
3291 3334 3453 3386 vitam
3493 3343 3751 3387 cateruam

2177 3437 2243 3478 ao
2273 3426 2348 3479 eis
2382 3427 2450 3476 ⁷ο.
2480 3426 2548 3479 Ει
2573 3436 2633 3478 ut
2664 3441 2772 3480 uno
2815 3427 2981 3480 verbo
3031 3425 3344 3487 absolvam.
3388 3427 3751 3495 quemadmo-

2176 3516 2304 3571 dum
2341 3531 2440 3570 nec
2469 3517 2538 3570 ab
2566 3515 2688 3582 igne
2723 3518 2893 3580 calor,
2932 3531 3032 3570 nec
3071 3531 3103 3569 a
3132 3516 3255 3570 luce
3297 3518 3556 3584 splendor
3591 3531 3748 3586 sepao

2176 3609 2286 3662 rari
2320 3617 2520 3678 potest,
2545 3608 2625 3662 sic
2654 3624 2752 3663 nec
2779 3624 2808 3661 a
2841 3608 3046 3678 Spiritu
3080 3608 3463 3672 sanctiﬁcatio,
3501 3609 3746 3664 vivifica-

2176 3701 2274 3767 tio,
2313 3700 2546 3764 bonitas,
2583 3702 2873 3756 rectitude.
2919 3699 3032 3754 Nec
3077 3701 3374 3771 quidquam
3419 3701 3616 3756 borum
3651 3703 3749 3756 ad—

2174 3792 2462 3846 ventitium
2509 3791 2610 3861 ipsi
2647 3801 2734 3848 est
2764 3802 2856 3846 aut
2899 3794 3172 3860 posterius
3210 3793 3497 3847 accedens.
3536 3793 3746 3848 Lumen

2173 3896 2254 3940 est
2279 3894 2332 3941 et
2361 3887 2584 3941 luminis
2608 3886 2853 3954 largitor.
2879 3884 2944 3939 In
2975 3885 3174 3940 lumine
3205 3886 3352 3940 enim
3402 3897 3512 3953 tuo,
3542 3888 3745 3957 inquit,

2172 3977 2455 4031 videbimus
2503 3977 2768 4042 lumen“,
2797 3976 2851 4030 id
2893 3985 2998 4040 est,
3039 3977 3092 4030 in
3131 3975 3333 4046 Spiritu
3375 3975 3598 4033 Filium.
3635 3976 3748 4032 Hoc

2174 4082 2336 4137 porro
2385 4068 2603 4123 Davidis
2642 4068 2924 4122 oraculum
2976 4075 3089 4121 tum
3135 4067 3414 4136 impletum
3458 4078 3566 4132 est,
3616 4082 3743 4122 cum

2173 4161 2446 4230 baptizato
2479 4161 2716 4232 Jesu,§ut
2748 4172 2832 4216 est
2855 4160 2997 4231 apud
3024 4159 3316 4226 Joannem,
3355 4160 3595 4231 Spiritus
3626 4177 3746 4214 san-

2173 4263 2294 4307 ctus
2370 4252 2508 4307 Filio
2561 4252 2862 4307 divinitatis
2925 4251 3298 4308 testimonium
3354 4253 3587 4321 praebuit
3621 4291 3636 4312 .
3691 4253 3741 4305 in

2173 4343 2438 4396 columba:
2480 4342 2653 4396 forma
2692 4343 3066 4405 descendens;
3095 4358 3218 4396 nam
3261 4353 3371 4395 tum
3427 4342 3480 4395 in
3534 4340 3744 4411 Spiritu

485 4444 672 4500 postea
717 4436 818 4504 ipsi
865 4438 1236 4499 accedentem,
1292 4449 1386 4494 aut
1426 4440 1807 4494 intermedium
1850 4450 2062 4510 tempus
2094 4445 2142 4504 D
2173 4441 2365 4487 $311010
2397 4431 2592 4486 Filium
2623 4433 3003 4501 οοὸηονίηιυεο
3049 4431 3258 4486 Lumen
3282 4439 3466 4485 autem
3511 4432 3745 4500 δνίτίωδ

487 4528 798 4583 habentem.
850 4529 905 4584 id
946 4544 1122 4585 autem
1191 4531 1474 4599 proposito
1545 4531 1795 4600 exemplo
1856 4531 2060 4586 clarius

484 4621 608 4674 erit.
664 4619 806 4676 Puer
851 4623 1034 4689 enim,
1081 4625 1183 4679 etsi
1236 4633 1432 4678 natura
1491 4625 1721 4677 liberum
1771 4624 2058 4678 arbitrium

485 4711 672 4776 habet,
708 4721 886 4768 tamen
920 4717 990 4770 ob
1025 4716 1453 4771 imbecillitatem
1493 4717 1543 4770 in
1598 4717 1784 4772 multis
1811 4716 1972 4770 rebus
1998 4732 2060 4770 ea

483 4801 730 4854 libertate
783 4804 859 4856 uti
902 4805 1245 4873 prohibetur.
1278 4807 1347 4858 At
1392 4806 1444 4858 in
1484 4806 1798 4860 hominibus
1844 4805 2060 4860 habitus

483 4900 613 4944 ante
639 4892 1040 4960 aggressionem
1072 4895 1358 4962 temporali
1391 4896 1551 4949 modo
1583 4896 1728 4962 prior
1765 4894 2055 4964 cogitatur.

484 4980 725 5037 Tametsi
758 4983 900 5036 enim
927 4984 1041 5052 ipse
1078 4999 1298 5054 quoque
1330 4985 1541 5039 arbitrii
1578 4987 1827 5040 libertate
1861 4986 2055 5054 praedi-

483 5086 572 5128 tus
621 5087 726 5137 est,
773 5089 1006 5144 eamque
1047 5085 1242 5129 natura
1293 5077 1454 5130 habet
1484 5093 1498 5130 :
1526 5084 1703 5130 tamen
1744 5077 1813 5130 ob
1854 5077 2055 5131 diaboli

482 5167 747 5237 impetum
793 5175 847 5222 et
891 5168 1386 5236 oppugnationem,
1439 5178 1492 5222 et
1539 5177 1756 5237 propter
1810 5169 2056 5236 corporis

483 5258 827 5324 gravitatem,
863 5275 996 5314 usus
1024 5259 1196 5327 ipsius
1230 5270 1282 5314 ct
1337 5261 1618 5314 exsecutio
1649 5260 1835 5314 habitu
1869 5269 2055 5328 poste-

481 5350 656 5404 riores
691 5358 842 5405 sunt.
875 5349 993 5406 Jam
1024 5350 1259 5421 Spiritus
1300 5367 1516 5422 quoque
1545 5352 1916 5421 αὑτοδύναμος
1945 5358 2048 5415 est,

553 5529 596 5558 ⁶⁰
629 5527 645 5579 l
685 5528 810 5582 Cor.
841 5545 914 5592 vt,
946 5530 1025 5583 ll.

512 5599 601 5651 5|.
677 5601 719 5628 ⁶⁶
747 5598 926 5655 Galat.
961 5617 1031 5665 γι,
1070 5600 1122 5653 8.

480 5681 645 5731 xxxv,
689 5669 771 5721 lt).

1104 5529 1143 5562 ⁶¹
1183 5528 1337 5582 .loan.
1369 5543 1479 5592 xw,
1527 5530 1611 5581 l7.

1197 5600 1243 5648 .‘7
1281 5599 1323 5651 ll
1363 5599 1490 5653 Cor.
1537 5614 1615 5657 111.
1649 5596 1700 5651 6.

1689 5528 1733 5557 "
1758 5526 1915 5582 Joan.
1957 5545 2032 5594 vt,
2062 5527 2149 5582 58.

1779 5599 1826 5632 “
1853 5596 2008 5653 Joau.
2035 5613 2108 5664 vr,
2144 5599 2232 5651 (ii.

2165 4536 2390 4580 sanctus
2453 4526 2780 4595 appellatur,
2828 4527 2958 4596 quia
3007 4540 3224 4579 omnem
3271 4527 3632 4594 ignorantiam
3692 4536 3744 4579 cl.

2165 4631 2408 4671 errorem
2458 4632 2522 4670 ex
2551 4618 2769 4682 animis,
2817 4616 3017 4684 quibus
3063 4614 3282 4669 infusus
3317 4625 3422 4678 est,
3453 4616 3694 4684 dispellit
3723 4632 3741 4673 :

2165 4717 2276 4762 tum
2343 4710 2508 4764 etiam
2571 4709 2698 4778 quia
2762 4709 2981 4773 omnia,
3042 4723 3166 4776 qua:
3214 4706 3388 4776 ipsius
3455 4705 3748 4775 splendore

2163 4803 2531 4864 continentur,
2586 4801 2650 4854 ad
2701 4800 2940 4869 seipsum
2979 4799 3207 4868 colligit.
3261 4798 3480 4851 Bonitas
3528 4797 3646 4865 ipsa
3691 4807 3746 4850 et

2164 4891 2286 4948 fons
2345 4891 2624 4955 bonitatis,
2683 4891 2735 4945 id
2767 4901 2851 4945 est
2893 4890 3186 4946 essentiale
3219 4890 3445 4952 bonum,
3488 4903 3520 4940 a
3550 4902 3662 4957 quo
3690 4897 3745 4942 et

2167 4983 2272 5036 alia
2304 4993 2361 5036 ut
2392 4999 2459 5037 ex
2499 4981 2646 5037 fonte
2691 4983 2985 5038 bonitatem
3041 4981 3322 5035 hauriunt.
3385 4977 3550 5032 David
3595 4977 3741 5031 enim

2163 5069 2426 5140 Spiritum
2455 5071 2659 5126 bonum
2688 5073 2861 5140 ipsum
2897 5070 3179 5134 nominat;
3211 5066 3521 5136 Theologus
3555 5075 3738 5118 autem

2161 5165 2374 5220 laudem
2405 5167 2764 5236 ampliﬁcatis,
2801 5175 2964 5234 atque
2991 5162 3285 5218 ostendens
3309 5176 3432 5214 eum
3470 5173 3580 5214 non
3610 5174 3738 5228 par-

2159 5258 2473 5325 ticipatione
2503 5259 2702 5312 bonum
2732 5271 2877 5320 esse,
2912 5255 3207 5310 bonitatem
3242 5255 3412 5320 ipsam
3445 5266 3570 5304 cum
3599 5265 3741 5303 nuu-

2161 5349 2397 5417 cupavit,
2456 5348 2615 5419 cujus
2669 5347 2934 5402 beneficio
2996 5347 3102 5400 alia
3157 5359 3378 5413 quoque
3434 5342 3734 5396 bonitatem

3345 5525 3392 5554 "
3430 5523 3589 5578 Joan.
3622 5535 3731 5580 stv.

2750 5526 2794 5558 ⁸³
2825 5525 2982 5582 Joan.
3026 5543 3122 5589 xu,
3171 5527 3264 5580 49.
3345 5525 3392 5554 ⁸⁸
3430 5525 3589 5578 Joan.
3622 5535 3708 5574 stv

2750 5597 2821 5644 ll-
2937 5599 2982 5628 ⁷⁰
3017 5595 3177 5644 Junii-
3223 5613 3270 5644 Χ-
3312 5593 3401 5644 28.
3512 5592 3555 5624 ⁷¹
3590 5589 3708 5644 Psal

3634 5619 3734 5645 De“.

2230 5528 2274 5559 ⁸³
2306 5527 2460 5581 Joau.
2495 5543 2546 5590 v,
2584 5528 2668 5582 19.
2750 5527 2794 5558 “
2825 5527 2982 5582 Joan.
3026 5543 3122 5589 xu,
3171 5527 3264 5580 49.
3345 5527 3381 5554 ⁶¹

2230 5639 2232 5649 .
2313 5599 2357 5630 ⁸³
2391 5597 2547 5650 Rom.
2583 5613 2672 5651 vttt
2698 5637 2710 5651 .
2738 5597 2823 5651 il.
2937 5599 2982 5628 ⁷⁰
3017 5595 3177 5651 Joan.
3223 5613 3270 5651 κ.
3312 5593 3381 5649 28

3087 5634 3177 5650 ιιιιο
3223 5634 3270 5664 ι’
3317 5634 3401 5649 -νι

2313 5599 2357 5630 ⁸³
2391 5597 2547 5650 Rom.
2583 5613 2672 5651 vttt
2698 5637 2710 5662 ,
2738 5597 2823 5652 il.
