4076 6292
354 355 489 419 1465

1309 365 1625 426 NICE'I‘AS
1669 368 1747 428 IN
1789 367 2011 426 ORAT.
2052 367 2232 430 XLIV
2276 369 2337 428 S.
2374 367 2605 427 GREG.

3457 367 3482 431 1
3494 368 3600 431 466

351 478 780 537 consoqunntur.
841 470 1079 541 Spiritus
1129 484 1307 531 rectus
1328 518 1342 540 ,
1401 478 1741 547 principalis.
1795 478 1920 532 lltec
1950 481 1995 536 Α
2025 477 2240 530 modum
2268 477 2571 531 vaticinans
2601 494 2614 530 :
2656 473 2720 528 Et
2753 475 3072 542 requiescent
3103 490 3262 543 super
3292 492 3408 528 eum
3442 480 3600 545 spiri-
3687 456 3696 466 ⁸

353 577 572 630 quoque
598 563 817 618 Davidis
839 573 966 618 sunt
996 582 1010 618 :
1041 564 1297 635 Spiritum
1316 570 1484 632 enim,
1504 571 1695 639 inquit,
1726 582 1923 624 rectum

352 653 543 705 iunova
585 653 640 705 in
675 653 954 707 visceribus
990 656 1116 708 meis
1147 657 1213 710 τ’.
1252 658 1344 711 Et:
1386 657 1592 724 Spiritu
1643 659 1926 729 principali

353 741 612 806 conﬁrma
664 759 744 796 me
792 744 858 796 ⁷³.
917 743 994 799 Ac
1062 756 1240 800 rectus
1303 747 1518 816 quidem
1574 749 1807 812 dicitur,
1865 757 1925 802 ut

353 831 600 887 ﬂexuoso
635 844 688 888 et
733 834 957 903 obliquo
1012 838 1250 905 serpenti
1298 841 1628 893 oomrarius.
1661 839 1794 893 Nam
1821 881 1834 902 ,
1866 850 1926 894 ut

353 923 430 975 ait
483 923 806 992 Scriptura:
843 924 1078 995 Spiritus
1127 938 1338 982 sanctus
1387 930 1599 999 effugiet
1647 931 1828 984 dolum
1857 933 1923 990 ⁷⁵.

354 1012 554 1068 Rectus
591 1015 750 1069 etiam
787 1017 1009 1081 dicitur,
1038 1021 1165 1088 quia
1197 1021 1310 1090 ipse
1353 1023 1562 1091 justitia
1590 1033 1673 1078 est
1705 1034 1758 1077 et
1784 1024 1925 1076 veri.

353 1111 461 1168 tas,
487 1103 854 1174 digressiones
880 1123 942 1162 ac
963 1108 1290 1166 deﬂexiones
1322 1112 1374 1166 in
1405 1121 1688 1182 utramque
1717 1123 1922 1182 partem

352 1209 462 1247 non
498 1196 726 1250 habens.
762 1198 1082 1268 Principalis
1113 1212 1316 1266 autem,
1345 1213 1401 1257 ut
1435 1205 1684 1275 princeps
1725 1217 1778 1258 et
1822 1206 1921 1260 do-

350 1287 610 1352 minator,
643 1298 756 1342 tum
788 1291 952 1344 etiam
986 1301 1044 1346 ut
1070 1295 1366 1363 principem
1393 1307 1627 1352 mentem
1663 1299 1922 1367 dirigens.

352 1379 428 1430 Ita
465 1376 755 1432 Dominum
789 1395 912 1433 eum
945 1391 1103 1435 vocat
1137 1385 1448 1452 Apostolus,
1475 1387 1660 1441 dicens
1694 1405 1709 1441 :
1744 1389 1925 1440 Domi-

351 1481 450 1517 nus
481 1475 656 1517 autem
703 1465 898 1536 dirigat
929 1469 1089 1521 corda
1130 1479 1300 1522 vestra
1335 1473 1386 1524 in
1419 1475 1676 1528 charitate
1729 1475 1842 1539 Dei,
1875 1486 1924 1528 et

351 1557 612 1622 patientia
653 1553 854 1612 Christi
888 1559 952 1610 ⁷⁸.
981 1560 1044 1612 Ει
1067 1562 1172 1613 alio
1203 1563 1320 1616 loco
1347 1581 1360 1617 :
1396 1564 1493 1617 Vos
1523 1575 1698 1618 autent
1742 1567 1922 1622 Denti-

355 1661 455 1698 nus
512 1645 821 1714 multiplicet
870 1657 917 1700 et
963 1647 1234 1703 abundare
1283 1653 1446 1719 faciat
1494 1670 1586 1719 per
1614 1656 1924 1709 charitatem

355 1747 616 1803 mutuam,
639 1746 688 1790 et
719 1738 787 1790 ad
811 1740 1175 1807 conﬁrmanda
1207 1743 1368 1796 corda
1394 1755 1567 1798 vestra
1606 1747 1720 1799 sine
1751 1764 1925 1813 repre-

2028 578 2110 621 tus
2133 579 2346 637 septem,
2372 569 2588 636 spiritus
2622 568 2895 632 sapientiae
2927 574 2976 619 et
3015 567 3336 636 prudenticc,
3379 571 3596 636 spiritus

2027 660 2232 712 consilii
2271 668 2318 711 et
2369 658 2718 726 fortitudinis,
2749 659 2969 724 spiritus
3015 659 3248 711 scientia:
3293 669 3340 710 et
3383 660 3595 726 pietatis

2025 751 2241 818 spiritus
2277 751 2476 802 timoris
2510 749 2600 801 Dei
2627 749 2859 817 implebit
2893 763 3010 801 eum
3035 749 3104 803 ³³.
3131 748 3222 802 Sic
3269 760 3448 801 autem
3502 765 3597 801 vo-

2025 852 2182 895 catur
2212 842 2450 910 Spiritus
2491 851 2735 902 sanctus,
2783 851 2840 894 ttt
2869 855 3058 893 eorum
3107 849 3298 892 auctor
3326 850 3377 892 et
3407 856 3601 908 suppe-

2023 933 2240 986 ditatur.
2291 932 2466 999 Atque
2495 931 2658 984 etiam
2691 931 2847 984 Pater
2881 946 2974 998 per
3009 929 3272 997 Spiritum
3310 929 3597 998 cognosci-

2026 1031 2141 1075 tur:
2179 1021 2407 1087 Spiritus
2436 1023 2605 1083 enim,
2639 1029 2698 1074 ut
2728 1021 2802 1074 ait
2829 1020 3142 1088 Apostolus,
3169 1021 3347 1072 omnia
3382 1031 3595 1071 scruta-
3637 1001 3644 1056 ἶ

2026 1124 2134 1176 tur,
2169 1115 2327 1166 etiam
2359 1113 2627 1180 profunda
2659 1112 2753 1164 Dei
2778 1113 2844 1166 ".
2880 1111 2943 1162 Et
2982 1111 3055 1164 ait
3085 1112 3201 1163 loco
3236 1127 3251 1166 :
3294 1110 3420 1173 Quis
3464 1111 3600 1162 enim

2023 1223 2082 1260 ea
2118 1209 2234 1266 scit,
2277 1223 2393 1275 quin
2429 1216 2546 1257 sunt
2570 1206 2816 1267 hominis,
2863 1207 2963 1257 nisi
2997 1206 3214 1271 spiritus
3253 1203 3476 1256 hominis
3512 1202 3600 1270 qui

2024 1300 2077 1352 in
2104 1301 2214 1366 ipo
2245 1301 2372 1353 est?
2407 1298 2480 1350 sic
2508 1299 2665 1350 etiam
2708 1314 2768 1349 ea
2808 1311 2924 1365 qua:
2964 1297 3059 1348 Dei
3103 1305 3244 1354 sunt,
3291 1309 3436 1346 nemo
3478 1294 3599 1356 scit,

2025 1386 2128 1438 nisi
2163 1384 2393 1452 Spiritus
2424 1384 2519 1436 Dei
2545 1384 2615 1438 ⁸⁸.
2643 1381 2746 1436 Per
2777 1382 3041 1450 Spiritum
3071 1381 3240 1433 Filius
3271 1381 3598 1432 Celebratur.

2024 1473 2142 1544 Ipse
2175 1475 2318 1527 enim
2355 1473 2676 1542 Unigenitns
2717 1473 2768 1524 in
2800 1472 3028 1526 Joannis
3076 1470 3366 1538 Evangelio
3403 1469 3469 1521 de
3501 1469 3602 1520 Pa—

2024 1565 2224 1618 racleto
2263 1565 2343 1618 sic
2375 1564 2652 1630 loquitur:
2678 1562 2780 1614 Ille
2808 1578 2886 1614 me
2921 1560 3241 1629 glori/icabit
3269 1561 3334 1611 '°.
3361 1558 3598 1626 Spiritus

2023 1655 2165 1708 enim
2218 1654 2506 1707 Dominum
2549 1653 2705 1722 digne
2746 1653 3030 1722 gloriﬁcat,
3065 1666 3171 1702 non
3226 1659 3283 1703 ut
3329 1657 3598 1710 creatura,

2026 1744 2116 1798 sed
2160 1753 2218 1798 ut
2249 1743 2484 1812 Spiritus
2524 1743 2800 1805 veritatis,
2836 1741 3073 1796 dilucide
3114 1756 3179 1794 ac
3212 1739 3500 1808 perspicue
3545 1739 3599 1790 itt

351 1827 602 1880 hcnsione
646 1829 700 1881 in
746 1833 1028 1883 sanctitate
1075 1848 1253 1884 coram
1300 1846 1346 1886 et
1402 1835 1506 1888 Deo
1567 1846 1614 1889 et
1658 1835 1821 1890 Patre
1869 1837 1926 1890 in
1959 1820 1998 1872 Β
2029 1836 2208 1903 seipso
2244 1834 2522 1888 veritatem
2554 1833 2869 1893 ostendens,
2898 1840 3060 1900 atque
3089 1833 3250 1885 etiam
3285 1839 3343 1883 ut
3369 1829 3604 1898 Spirtius

358 1919 585 1971 adventu
630 1919 841 1974 Domini
875 1923 1040 1975 nostri
1077 1922 1206 1976 Iesu
1250 1924 1446 1979 Christi
1471 1927 1536 1978 "°.
1572 1928 1636 1980 Et
1663 1928 1788 1981 alibi
1834 1944 1924 1982 ex-

352 2025 543 2077 presse
572 2011 858 2065 Dominum
895 2029 1017 2066 eum
1057 2025 1233 2076 vocat,
1270 2017 1353 2070 his
1395 2018 1574 2071 verbis
1609 2035 1623 2071 ε
1671 2019 1924 2072 Dominus

353 2110 532 2153 autem
587 2100 822 2171 Spiritus
867 2113 944 2157 est
977 2105 1042 2159 ⁷⁷.
1077 2105 1143 2159 Et
1172 2122 1364 2162 rursus
1400 2124 1413 2160 :
1453 2107 1726 2178 Tanquam
1757 2127 1787 2162 a
1827 2109 1930 2176 Do;

354 2193 496 2246 ntino
549 2192 777 2262 Spiritus
814 2193 883 2249 ’⁸.
937 2195 1114 2267 Atque
1167 2199 1330 2252 etiam
1389 2198 1627 2269 Spiritus
1705 2213 1928 2256 sanctus

354 2285 520 2338 mittit
547 2294 600 2339 et
639 2295 901 2356 segregat.
937 2288 1021 2342 Ait
1055 2291 1196 2344 enim
1225 2290 1392 2346 Isaias
1422 2309 1434 2345 :
1491 2293 1742 2348 Dominus
1784 2297 1930 2348 misit

355 2392 459 2439 me,
491 2385 539 2428 et
576 2375 809 2445 Spiritus
861 2380 1026 2445 ipsius
1057 2381 1126 2434 ⁷⁸.
1159 2380 1430 2450 Scriptum
1483 2385 1644 2437 etiam
1699 2387 1928 2440 habetur

354 2468 410 2520 in
457 2467 682 2524 Actibus
741 2473 1112 2538 apostolorum
1146 2492 1157 2527 :
1194 2472 1260 2526 Et
1305 2475 1388 2527 illi
1430 2477 1638 2544 quidem
1675 2478 1850 2531 emissi
1897 2495 1930 2530 a

355 2557 559 2624 Spiritu
611 2560 986 2614 descenderunt
1052 2562 1351 2617 Seleuciam
1398 2567 1465 2618 ⁸ο.
1529 2566 1589 2620 Et
1637 2568 1688 2620 in
1737 2569 1925 2621 eodem

356 2649 495 2700 libro
527 2666 541 2700 :
573 2648 720 2702 Dixit
762 2651 990 2718 Spiritus
1018 2663 1232 2706 sanctus
1259 2671 1278 2708 :
1315 2655 1599 2724 Segregate
1633 2659 1760 2710 mihi
1787 2658 1928 2710 Pau-

357 2739 468 2790 lum
529 2747 578 2790 et
629 2738 933 2794 Barnabam
977 2745 1028 2794 in
1073 2758 1201 2810 opus
1242 2745 1310 2796 ad
1353 2747 1492 2813 quod
1538 2763 1622 2799 eos
1663 2751 1836 2816 accepi
1861 2751 1928 2803 ⁸³.

358 2829 642 2900 Templum
697 2831 801 2885 sibi
833 2841 1144 2889 exstruens.
1181 2835 1296 2890 Hoc
1328 2852 1545 2906 quoque
1578 2839 1646 2892 ab
1675 2841 1930 2908 Apostolo

357 2933 634 2990 sumptum
672 2933 795 2978 est:
833 2922 1057 2978 Nescitis
1083 2926 1222 2995 quod
1265 2929 1514 2989 templum
1559 2928 1649 2982 Dei
1683 2932 1842 2996 estis,
1881 2940 1928 2984 et

357 3013 593 3082 Spiritus
629 3015 722 3069 Dei
745 3016 950 3069 habitat
989 3020 1040 3070 in
1077 3018 1218 3072 vobis
1242 3019 1324 3072 "?
1357 3018 1420 3071 Et
1452 3036 1672 3076 rursus:
1695 3022 1929 3092 Corpora

2031 1926 2329 1994 sapientiai,
2381 1924 2684 1987 Christum,
2715 1925 2806 1992 qui
2842 1923 2935 1976 Dei
2970 1923 3233 1990 sapientia
3265 1932 3368 1986 est,
3416 1922 3467 1972 in
3504 1934 3604 1973 sua

2033 2017 2408 2086 magnitudine
2470 2017 2824 2086 patefaciens.
2868 2013 3007 2067 Tum
3057 2014 3222 2066 etiam
3279 2012 3477 2081 duplex
3523 2019 3606 2063 est

2031 2109 2226 2178 gloria,
2263 2109 2367 2162 alia
2399 2108 2683 2173 naturalis,
2718 2115 2779 2161 ut
2833 2106 3005 2177 gloria
3052 2106 3186 2159 solis
3220 2105 3311 2158 lux
3347 2111 3452 2166 est,
3499 2102 3606 2155 alia

2029 2209 2278 2262 externa,
2303 2214 2409 2266 qua
2444 2215 2507 2251 cx
2548 2198 2717 2251 animi
2772 2197 3054 2266 proposito
3101 2205 3154 2248 et
3203 2195 3484 2247 voluntate
3541 2207 3606 2244 ac

2027 2292 2255 2361 judicio,
2305 2292 2397 2360 qui
2431 2307 2491 2344 ea
2525 2292 2672 2359 digni
2725 2299 2872 2353 sunt,
2915 2289 3242 2342 alliciuntur.
3274 2287 3445 2353 Cujus
3494 2285 3604 2337 duo

2032 2401 2250 2453 quoque
2275 2395 2400 2438 sunt
2432 2399 2624 2454 genera
2651 2402 2664 2436 :
2695 2383 2861 2435 Filius
2887 2381 3050 2443 enim,
3081 2379 3258 2448 inquit
3295 2378 3403 2437 ille,
3438 2376 3604 2445 glori-

2034 2479 2156 2530 licat
2182 2485 2388 2544 patrem
2419 2491 2598 2535 suum,
2629 2484 2683 2528 et
2715 2488 2906 2528 servus
2937 2471 3215 2524 dominum
3249 2484 3430 2522 suum.
3459 2466 3608 2529 Quo—

2038 2570 2182 2624 circa
2226 2565 2392 2636 gloria
2452 2567 2667 2620 servilis
2711 2581 2740 2618 a
2788 2565 3053 2617 creaturis
3085 2571 3411 2632 praestatur:
3441 2569 3489 2611 at
3524 2556 3607 2611 fa-

2034 2660 2260 2714 miliaris
2287 2667 2341 2711 et
2375 2659 2589 2727 propria
2613 2696 2626 2719 ,
2656 2672 2684 2710 a
2722 2655 2914 2724 spiritu
2981 2653 3256 2707 tribuitur.
3292 2651 3381 2704 Sic
3421 2650 3606 2717 igitur,

2033 2760 2087 2805 et
2118 2750 2282 2804 Pater
2311 2766 2404 2819 per
2442 2751 2705 2819 Spiritum
2758 2747 3125 2817 cognoscitur,
3161 2754 3212 2797 et
3243 2743 3412 2796 Filius
3443 2739 3610 2809 glori-

2034 2844 2248 2899 ﬁcatur.
2285 2842 2496 2895 Rursus
2525 2852 2700 2894 autem
2735 2841 2971 2907 Spiritus
3004 2839 3072 2890 ab
3106 2828 3187 2888 his
3230 2835 3364 2890 solis
3407 2846 3609 2902 cogno—

2037 2939 2224 2998 scitur,
2269 2938 2372 2987 boc
2422 2941 2503 2986 est
2532 2972 2546 2996 ,
2580 2947 2607 2984 a
2649 2929 2808 2983 Patre
2860 2930 2976 2984 solo
3008 2936 3060 2982 et
3090 2926 3246 2980 Filio.
3283 2926 3457 2991 Atque
3503 2939 3607 2976 una

2035 3039 2236 3083 sancta:
2270 3023 2554 3078 Trinitatis
2582 3022 2774 3076 classis
2797 3029 2898 3085 est,
2923 3020 2976 3073 id
3001 3029 3100 3080 est,
3126 3018 3258 3071 unio
3282 3024 3337 3070 et
3364 3015 3610 3068 adoratio

355 3118 530 3160 vestra
588 3112 835 3176 templum
868 3120 990 3163 sunt
1035 3109 1270 3179 Spiritus
1321 3115 1514 3177 sancti,
1547 3116 1635 3183 qui
1688 3117 1743 3167 in
1787 3116 1928 3169 vobis
1954 3148 1999 3210 Ο
2033 3119 2238 3173 eadem.
2276 3115 2388 3170 Nec
2418 3114 2561 3168 enim
2605 3114 2762 3167 aliter
2811 3112 3030 3165 Patrem
3070 3125 3132 3163 ac
3169 3108 3364 3162 Filium
3392 3145 3406 3169 ,
3457 3105 3613 3159 aliter

354 3210 435 3254 cst
465 3201 530 3254 ⁸³.
567 3201 745 3270 Atque
781 3203 942 3256 etiam
979 3203 1214 3272 Spiritus
1245 3212 1472 3259 sanctus
1499 3205 1602 3260 iter
1641 3222 1924 3260 common-

356 3301 534 3345 strat:
565 3291 842 3345 Descendit
871 3295 1038 3359 enim,
1060 3295 1254 3363 inquit,
1283 3293 1514 3366 Spiritus
1548 3315 1581 3351 a
1610 3297 1851 3360 Domino,
1881 3308 1928 3352 et

357 3385 562 3452 prwivit
589 3386 660 3438 eis
691 3384 758 3438 “.
795 3386 856 3440 Et
888 3387 1051 3442 David
1083 3405 1097 3442 :
1123 3389 1353 3457 Spiritus
1386 3400 1505 3443 tuus
1529 3391 1692 3444 bonus
1715 3391 1931 3444 deducet

358 3491 443 3528 me
483 3477 538 3528 in
570 3478 708 3530 viam
755 3489 957 3531 rectam
987 3482 1064 3533 ⁸⁵.
1102 3481 1170 3535 Ει
1209 3483 1472 3538 Dominus
1507 3499 1520 3535 :
1555 3484 1688 3537 Cum
1737 3485 1932 3537 venerit

358 3565 700 3632 Paracletus,
734 3568 964 3637 Spiritus
995 3572 1258 3639 veritatis,
1292 3573 1382 3626 ille
1421 3589 1506 3626 vos
1538 3573 1858 3635 admonebit,
1885 3585 1934 3626 et

361 3657 577 3711 deducet
628 3660 680 3712 in
730 3677 936 3713 onmem
976 3663 1248 3716 veritatem
1276 3665 1347 3716 ⁸⁸.
1375 3670 1452 3718 Ac
1491 3681 1558 3718 ne
1608 3667 1740 3718 mihi
1794 3666 1935 3720 hanc

360 3747 697 3816 praeitionem
735 3755 786 3802 in
814 3753 1162 3818 abjectiorem
1183 3768 1402 3809 sensum
1423 3756 1813 3824 interpreteris,
1835 3759 1937 3812 hoc

359 3855 580 3909 quoque
637 3857 773 3911 opus
821 3843 1104 3913 Scriptura
1166 3845 1276 3899 Deo
1336 3847 1624 3901 attribuit:
1663 3847 1936 3901 Deduxisti

360 3933 531 3997 enim,
574 3933 770 4001 inquit,
803 3936 953 4003 quasi
987 3952 1101 3989 oves
1129 3939 1376 4005 populum
1421 3947 1568 3992 tuum
1601 3940 1667 3993 ⁸⁷.
1699 3940 1764 3994 Et
1794 3959 1807 3994 :
1835 3940 1940 4005 Qui

361 4024 580 4077 deducis
610 4024 746 4078 velut
782 4043 924 4080 ovem
968 4026 1160 4094 Joseph
1185 4029 1251 4082 ⁸⁸.
1281 4028 1343 4082 Ει
1375 4047 1388 4082 :
1427 4029 1706 4084 Deduxisti
1745 4047 1829 4084 eos
1885 4034 1940 4086 in

361 4129 477 4182 spe,
508 4123 557 4166 et
607 4131 710 4169 non
755 4117 1039 4170 timuerunt
1067 4118 1131 4171 ⁸³.
1161 4117 1421 4172 Ιδνίριεηεε
1461 4120 1732 4188 Spiritus,
1779 4132 1940 4190 prout

365 4203 517 4265 vult,
573 4215 831 4274 Operatur
876 4221 940 4260 ac
991 4207 1186 4262 dividit
1228 4210 1452 4278 gratias,
1482 4211 1938 4279 quemadmodum

361 4305 417 4348 cl.
452 4295 650 4352 Paulus
678 4305 932 4364 testatur,
961 4299 1146 4353 dicens
1184 4317 1199 4354 :
1235 4304 1362 4354 [lac
1395 4311 1570 4355 autem
1613 4303 1790 4356 omnia
1819 4319 1943 4372 ope-

365 4397 522 4438 ratur
551 4403 686 4441 unus
725 4400 880 4456 atque
918 4389 1055 4442 idem
1087 4389 1352 4460 Spiritus,
1394 4391 1629 4445 dividens
1663 4394 1945 4461 unicuique

2035 3212 2296 3282 Spiritum
2327 3216 2575 3264 sanctum
2607 3207 2841 3262 colimus
2871 3214 2924 3259 et
2955 3204 3266 3263 adoramus,
3301 3199 3393 3254 sed
3418 3198 3606 3253 eodem

2040 3318 2269 3372 prorsus
2293 3301 2475 3356 modo.
2507 3300 2624 3355 Una
2656 3297 2923 3359 adoratio,
2960 3303 3009 3348 et
3043 3309 3184 3347 unus
3219 3294 3390 3346 honor
3421 3306 3615 3343 set-un-

2033 3397 2162 3450 dum
2200 3396 2427 3465 cultum,
2473 3409 2577 3446 non
2624 3391 2920 3443 secundum
2973 3388 3310 3441 relationem.
3346 3382 3465 3436 Una
3517 3398 3614 3450 pn-

2037 3489 2204 3542 tentia
2230 3487 2389 3540 trium
2422 3499 2773 3552 personarum
2801 3481 3061 3533 immensa
3085 3486 3137 3531 et
3172 3476 3401 3530 inﬁnita.
3433 3472 3615 3526 Potest

2036 3579 2178 3632 enim
2209 3587 2394 3631 sancta
2420 3574 2658 3628 Trinitas
2691 3569 2951 3641 quidquid
2982 3567 3250 3624 vult.Una
3277 3564 3538 3636 perfectio
3561 3574 3614 3617 ct

2037 3667 2421 3729 sanctiﬁcatio,
2446 3680 2567 3734 quae
2603 3679 2632 3717 a
2664 3662 2840 3716 tribus
2871 3661 3117 3730 personis
3148 3658 3370 3713 aliertur
3397 3656 3527 3724 (59.).

2111 3759 2199 3812 14.
2242 3757 2384 3822 Quid
2413 3755 2650 3824 pluribus
2697 3753 2863 3807 verbis
2907 3768 3038 3822 opus
3073 3753 3192 3805 est?
3231 3749 3446 3812 Omnia,
3507 3756 3614 3798 etc.

2043 3850 2225 3913 Pater,
2255 3847 2446 3910 Filius,
2483 3847 2718 3916 Spiritus
2755 3855 2998 3909 sanctus,
3037 3842 3368 3910 ingenitura,
3398 3853 3621 3909 genera-

2044 3942 2155 4004 tio,
2221 3938 2500 4009 processio
2553 3955 2567 3990 :
2625 3936 2712 3992 fac
2768 3934 3128 4005 proprietates
3195 3932 3296 3985 has
3357 3929 3620 3983 memoria

2045 4039 2254 4086 teneas.
2286 4029 2446 4095 Quid,
2481 4029 2673 4096 inquit,
2707 4038 2903 4082 caetera
2929 4038 3360 4080 commemorare
3385 4019 3619 4074 attinet?

2045 4122 2240 4175 Omnia
2277 4134 2617 4189 quaecunque
2653 4117 2810 4170 Pater
2852 4118 3035 4181 habet,
3064 4123 3192 4171 sunt
3231 4113 3375 4175 Filii,
3399 4121 3621 4182 praeter-

2043 4224 2206 4279 quam
2247 4209 2390 4277 quod
2427 4207 2700 4275 ingenitus
2733 4221 2838 4259 non
2870 4215 2975 4267 est,
3005 4206 3160 4274 jus-ta
3201 4202 3412 4256 Domini
3447 4203 3618 4268 ipsius

2044 4294 2262 4362 vocem,
2304 4301 2576 4352 dicentis:
2609 4299 2824 4359 Omnia,
2872 4310 3189 4366 quaecunque
3234 4295 3384 4347 habet
3437 4293 3619 4354 Pater,

2047 4408 2160 4445 mea
2190 4401 2311 4444 sunt
2349 4391 2494 4442 ⁸⁷⁸⁸³.
2526 4388 2659 4442 Nam
2697 4386 2936 4457 perfecto
2989 4398 3327 4454 quaecunque
3390 4382 3622 4452 principi

365 4478 500 4531 sicut
529 4480 642 4531 vult
673 4481 987 4550 ".Spiritus
1023 4482 1350 4552 adoptionis.
1391 4483 1481 4536 Sic
1516 4500 1707 4539 rursus
1743 4484 1944 4540 Paulus
1978 4483 2021 4536 D
2052 4482 2242 4536 formae
2289 4481 2520 4544 adsunt,
2570 4480 2758 4534 eadem
2807 4478 3063 4545 imaginis
3108 4491 3325 4544 quoque
3375 4483 3522 4528 sunt.
3565 4473 3622 4525 Et

367 4571 545 4635 ipsum
579 4581 755 4634 vocat,
788 4573 868 4625 sic
894 4573 1124 4640 loquens
1155 4595 1168 4627 :
1201 4573 1325 4627 Non
1351 4576 1488 4628 enim
1530 4577 1802 4643 accepistis
1837 4577 1946 4644 spi-

369 4658 532 4712 ritum
573 4661 836 4712 servitutis
887 4661 942 4712 in
991 4663 1211 4726 timore,
1259 4664 1349 4716 sed
1389 4663 1644 4731 Spiritum
1703 4665 1945 4734 adoptio~

369 4751 451 4802 nis
479 4750 546 4801 ⁹¹.
589 4748 852 4817 Spiritum
897 4760 1080 4804 autem
1118 4755 1358 4806 veritatis
1394 4755 1654 4809 Dominus
1682 4756 1794 4824 ipse
1821 4771 1944 4810 eum

371 4841 717 4902 nominavit,
761 4839 948 4895 dicens
993 4857 1006 4894 :
1051 4839 1184 4894 Cum
1239 4845 1432 4897 venerit
1467 4845 1798 4910 Paracletus,
1827 4846 1947 4914 Spi-

376 4934 512 4987 ritus
547 4933 790 4987 veritatis
815 4933 883 4986 θ’.
912 4930 1144 4987 Nomina
1175 4944 1379 4999 autem,
1413 4952 1533 5004 quae
1562 4938 1816 5008 deinceps
1864 4955 1949 4992 se-

373 5036 618 5095 quuntur
645 5065 661 5092 ,
700 5026 865 5081 Isaias
918 5036 1236 5092 enumerat,
1277 5028 1343 5082 de
1379 5029 1600 5084 Christo
1655 5032 1721 5084 ad
1804 5030 1951 5084 hunc

447 5179 501 5250 ’ξΔ
525 5177 669 5250 Psal.
700 5180 866 5240 1.,12.
976 5180 1022 5250 τε
1053 5180 1182 5235 ibid.
1215 5181 1301 5234 11.
1413 5183 1460 5213 τι
1496 5180 1620 5250 Sap.
1671 5199 1707 5247 I,
1741 5184 1794 5238 5.

374 5248 422 5278 ⁷⁸
461 5246 505 5316 ΙΙ
539 5248 661 5302 Cor.
694 5265 776 5314 ιιι,
813 5251 900 5304 18.
977 5249 1022 5282 ⁷⁹
1047 5250 1149 5304 lsa.
1187 5267 1376 5316 XLVIII,
1412 5253 1478 5306 16

375 5317 426 5348 ⁸³
458 5315 558 5369 lsa.
596 5333 724 5370 ιιιιι
748 5359 762 5384 ,
800 5320 884 5372 14.
994 5319 1041 5351 ⁸³
1072 5321 1211 5375 Psal.
1243 5315 1405 5379 cun.
1439 5321 1527 5374 10.

376 5401 580 5450 Lxxvn,
604 5387 691 5440 55.
767 5388 857 5442 "l
893 5389 1020 5445 Cor.
1041 5405 1155 5452 xm,
1188 5392 1274 5444 11.
1378 5394 1420 5424 ⁹¹
1451 5391 1607 5445 Rom.
1645 5407 1756 5454 vin,
1793 5393 1879 5446 15.

377 5457 426 5488 ’³
458 5455 588 5509 ibid.
625 5457 710 5511 11.
786 5459 832 5490 ³⁸
865 5458 1022 5514 Joan.
1059 5475 1169 5523 xvi,
1205 5461 1290 5514 14.
1367 5462 1485 5498 ⁹⁷ο⁹⁹
1519 5460 1673 5516 Joau.
1707 5478 1816 5526 ut,
1848 5462 1930 5517 15.

454 5615 568 5682 (52)
601 5615 716 5670 Hoc
757 5616 960 5690 locoin
995 5617 1216 5690 Reginae
1257 5621 1442 5675 codice
1464 5621 1706 5690 quaedam
1743 5620 1947 5676 inserta

379 5695 560 5754 orant,
593 5702 714 5754 qua:
768 5688 898 5740 nihil
941 5689 1004 5739 ad
1042 5704 1151 5741 rem
1185 5688 1610 5753 l'aciebant,’nec
1661 5693 1710 5744 in
1764 5701 1947 5746 nostro

383 5752 569 5813 Niccta
612 5752 956 5825 legebantur.
987 5757 1164 5824 Quare
1203 5773 1264 5814 ea
1293 5762 1412 5814 loco
1459 5752 1748 5827 movimus,
1787 5772 1948 5828 atque

1890 5183 1934 5214 ⁷⁵
1962 5182 2154 5264 Thess.-
2190 5199 2296 5264 ,ειμι
2323 5183 2378 5264 5;

1596 5253 1642 5283 ⁸ο
1673 5254 1792 5306 Act.
1833 5269 1950 5310 xm.
1982 5256 2035 5308 4.
2110 5254 2152 5284 ⁸¹
2189 5253 2320 5304 ibid.
2355 5253 2410 5304 2.

1603 5323 1647 5354 ⁸⁸
1673 5321 1830 5377 Joan.
1872 5339 1979 5387 xvr,
2012 5324 2100 5376 15.
2178 5322 2220 5364 ⁸⁷
2258 5321 2401 5375 Psal.
2434 5338 2473 5374 1.:

1603 5432 1607 5444 .
1645 5407 1756 5454 vin,
1793 5393 1879 5446 15.
1989 5394 2032 5426 "
2061 5393 2218 5447 Joan.
2252 5407 2362 5456 xvi,
2392 5391 2473 5446 15.

2067 4573 2249 4627 omnia
2294 4588 2414 4638 qua-
2466 4570 2638 4624 Filius
2696 4569 2878 4632 habet,
2932 4566 3168 4634 Spiritus
3217 4565 3394 4618 sancti
3478 4572 3626 4627 sunt,

2056 4675 2279 4734 excepta
2311 4663 2682 4734 generatione.
2720 4658 2909 4729 Neque
2956 4659 3103 4712 enim
3146 4657 3363 4726 genitus
3394 4665 3478 4708 est
3506 4653 3628 4722 Spi-

2058 4761 2218 4820 ritus,
2253 4757 2348 4811 sed
2397 4754 2719 4825 procedens.
2766 4751 3003 4820 Spiritus
3044 4765 3238 4804 rursus
3286 4747 3410 4801 Filii
3455 4747 3631 4815 imago

2055 4857 2156 4902 est.
2185 4848 2308 4901 llaec
2335 4857 2511 4900 autem
2544 4843 2786 4907 nomina,
2813 4840 3068 4894 nimirum
3099 4839 3445 4910 ingenitum,
3475 4853 3629 4906 gene-

2056 4941 2373 5005 rationis,et
2402 4938 2791 5007 processionis,
2816 4934 2941 4989 licet
2959 4933 3404 5003 pronuntiatione
3420 4931 3633 4984 diversa

2057 5030 2205 5094 sint,
2272 5032 2693 5100 haudquaquam
2750 5039 2931 5082 tamen
2994 5027 3241 5080 diversas
3297 5023 3633 5108 substantias

2490 5183 2536 5222 ⁷⁸
2574 5181 2590 5233 l
2631 5181 2826 5236 Thess.
2885 5196 2966 5242 ιιι.
3021 5182 3107 5235 15.
3144 5181 3185 5210 "
3217 5179 3376 5233 Joan.
3427 5191 3500 5237 tv,
3531 5175 3632 5232 2i.

2515 5253 2561 5282 ⁸³
2595 5251 2631 5296 ΙΙ
2661 5252 2786 5296 Cur.
2820 5267 2900 5296 ιιι-
2941 5251 3027 5296 16-
3137 5249 3181 5280 ⁸³
3208 5247 3358 5296 [Cor
3418 5261 3468 5296 VI
3492 5284 3506 5296 .
3550 5245 3632 5296 15.

2189 5253 2320 5304 ibid.
2355 5253 2410 5304 2.
2515 5253 2561 5282 ⁸⁸
2592 5251 2633 5304 ΙΙ
2661 5252 2786 5305 Cor.
2820 5267 2901 5307 ιιι.
2941 5251 3027 5304 16.
3137 5249 3181 5280 ⁸⁸
3208 5247 3226 5299 ι
3251 5248 3358 5301 Cor
3418 5261 3506 5306 vr,
3550 5247 3634 5297 15.

2178 5322 2220 5364 ⁸⁷
2258 5321 2401 5375 Psal.
2434 5337 2614 5386 Lxxw,
2640 5321 2728 5374 21.
2808 5321 2854 5352 ⁸⁸
2888 5321 3030 5375 Psal.
3061 5333 3242 5379 Lxxtx,
3279 5318 3331 5386 1_.
3408 5317 3450 5348 ”
3492 5313 3633 5386 Psal.

2591 5382 2637 5424 ⁸⁸
2671 5391 2773 5446 lsa.
2813 5407 2888 5456 xu,
2915 5395 2972 5457 2,
3000 5391 3054 5444 5.
3158 5387 3204 5418 ⁸⁵
3238 5384 3413 5440 lCor.
3447 5399 3506 5448 ιι,
3553 5382 3635 5441 lt).

2058 5621 2112 5675 in
2150 5634 2246 5674 sua
2279 5619 2406 5673 sede
2431 5618 2859 5680 collocavimus,
2903 5615 3158 5671 nimirum
3205 5613 3296 5668 ubi
3346 5613 3499 5668 locus
3542 5610 3634 5666 ille

2063 5689 2278 5744 stidis
2309 5689 2579 5757 profertur
2624 5707 2634 5744 :
2678 5687 2743 5744 In
2788 5688 2982 5743 lumine
3015 5696 3102 5739 tuo
3137 5684 3424 5740 videbimus
3459 5685 3635 5737 lumen

2059 5759 2225 5824 (Psal.
2258 5775 2420 5827 xxxv,
2461 5759 2569 5829 10).
