4024 6292
508 330 533 388 1
549 329 640 389 i6?

505 527 629 580 dum
687 526 1042 591 dilTerentim,
1103 527 1246 579 sicut
1293 525 1479 579 Ariani
1542 535 1705 592 atque
1751 523 2074 578 Ennomiani

507 619 771 670 h'nterant
799 636 812 670 :
847 633 1058 681 verum,
1090 627 1149 670 ut
1179 619 1294 686 ipse
1324 631 1540 680 censeo,
1567 616 1708 670 circa
1741 630 1902 670 unam
1928 631 2081 670 eam-

506 711 736 777 demque
766 709 1123 764 substantiam
1160 709 1498 774 dividuntur,
1537 709 1684 762 velut
1724 709 2079 778 proprietates

509 801 886 852 distinctarum
923 815 1278 868 personarum
1320 799 1646 854 indistincta:
1683 800 2002 854 substantim
2026 808 2081 854 et

509 899 716 943 naturae
743 907 806 945 ac
841 891 1156 945 divinitatis.
1183 891 1656 957 Quemadmodum
1685 893 1827 945 enim
1864 893 2081 962 propria

510 982 760 1045 nomina,
788 984 939 1036 verbi
972 984 1166 1051 gratia,
1201 981 1393 1036 Petrus
1415 1023 1428 1046 ,
1460 981 1683 1045 Paulus,
1720 993 1774 1037 et
1820 981 2081 1047 Joannes,

513 1089 619 1127 non
663 1083 884 1128 naturas
916 1075 1203 1138 dividunt,
1239 1076 1331 1129 sed
1365 1078 1509 1128 circa
1551 1086 1799 1129 naturam
1839 1076 2081 1128 eamdem

511 1165 871 1230 dividuntur,
929 1182 992 1219 ac
1058 1181 1318 1234 personas
1385 1168 1726 1235 distinguunt
1783 1167 2082 1236 (quamvis

510 1259 654 1310 enim
686 1258 897 1312 diversa
932 1259 1040 1310 sint
1085 1259 1303 1312 nomina
1331 1299 1344 1322 ,
1394 1269 1586 1313 natura
1629 1266 1809 1312 tamen
1842 1259 2082 1327 ipsorum

511 1364 617 1401 una
644 1361 746 1412 est,
785 1349 1040 1403 nimirum
1070 1349 1427 1421 humanitas);
1454 1351 1645 1404 eodem
1672 1351 1832 1405 modo
1851 1361 1898 1404 et
1933 1350 2084 1420 inge-

512 1441 718 1504 nitura,
752 1443 1031 1510 generatio
1067 1454 1121 1496 et
1148 1442 1446 1511 processio,
1480 1443 1582 1496 tria
1617 1442 1836 1497 nomina
1865 1442 2004 1496 inter
2026 1456 2087 1496 se

511 1533 730 1602 quidem
763 1535 951 1588 eadem
982 1549 1089 1588 non
1126 1544 1278 1599 sunt,
1314 1550 1503 1590 verum
1540 1550 1604 1590 ea
1644 1534 1842 1604 quibus
1875 1535 2084 1598 insunt,

516 1621 706 1675 eadem
757 1633 884 1676 sunt
920 1641 933 1675 :
971 1638 1070 1678 nec
1118 1624 1476 1678 substantiam
1521 1624 1793 1687 scindunt,
1826 1624 1919 1678 sed
1943 1624 2089 1678 circa

511 1714 756 1766 eamdem
806 1713 1164 1767 substantiam
1212 1714 1554 1778 scinduntur,
1603 1729 1665 1768 ac
1699 1729 1961 1782 personas
1999 1730 2089 1768 se-

1923 325 2308 385 ADDENDA.

404 452 418 465 ·
503 434 790 498 inducunt,
825 442 920 489 aut
948 449 1043 490 eas
1079 434 1350 501 dividunt,
1379 434 1535 504 quasi
1589 432 1904 488 essentiales
1947 449 2093 504 qum-
2123 445 2164 497 Α
2198 443 2445 496 sanctus,
2485 433 2661 503 prius,
2697 432 2747 487 id
2781 441 2883 497 est,
2921 440 3212 500 antequam
3257 430 3530 486 sensibilis
3561 442 3760 484 natura

3624 318 3650 382 1
3661 321 3757 382 408

2189 535 2469 594 procreata
2521 535 2689 590 esset,
2738 525 2790 580 in
2841 524 3050 594 angelis
3089 524 3198 578 vim
3235 538 3391 578 suam
3448 524 3759 577 exercebat.

2186 617 2368 686 Ipsius
2414 617 2560 672 enim
2629 617 2891 672 beneﬁcio
2940 614 3330 685 perfectionem
3390 614 3464 667 illi
3516 615 3765 666 habent:

2190 709 2452 778 perfectio
2513 717 2694 763 autem
2773 709 3086 778 angelorum
3180 705 3546 761 sanctiﬁcatio
3635 714 3765 767 est,

2190 807 2561 867 constansque
2608 797 2662 850 in
2712 811 2774 851 ea
2821 795 3155 865 permansio.
3196 795 3272 848 Ac
3316 808 3513 849 rursus
3564 792 3768 846 illumi-

2192 889 2468 942 nationem
2520 888 2744 951 habent,
2801 901 3034 956 eamque
3072 885 3476 956 praestantiam,
3529 892 3591 938 ut
3638 898 3763 935 cum

2194 981 2346 1048 prius
2401 980 2466 1032 ad
2524 979 2726 1032 malum
2773 994 2915 1049 aegre
2968 978 3429 1046 impellerentur,
3492 988 3644 1028 nunc
3700 987 3770 1027 ne

2193 1074 2304 1126 ullo
2344 1072 2562 1140 quidem
2600 1070 2707 1143 (55)
2736 1073 2896 1124 modo
2939 1070 3147 1139 impelli
3176 1076 3402 1138 queant,
3434 1068 3604 1134 idque
3657 1080 3768 1118 non

2195 1174 2415 1227 natura,
2459 1164 2551 1218 sed
2596 1163 2790 1232 gratia,
2828 1177 2924 1229 per
2971 1176 3137 1230 quam
3174 1173 3388 1214 summo
3420 1157 3568 1212 bono
3621 1154 3769 1208 indi-

2195 1257 2349 1311 vulse
2381 1256 2646 1309 assident.
2686 1254 2934 1319 Quonam
2984 1253 3129 1306 enim
3175 1252 3337 1304 modo
3377 1248 3552 1318 angeli
3583 1247 3770 1301 dicere

2195 1355 2430 1417 queant:
2463 1346 2650 1400 Gloria
2685 1348 2737 1399 in
2772 1346 3045 1398 altissimis
3075 1343 3179 1396 Deo
3205 1342 3249 1407 ³,
3286 1339 3393 1394 nisi
3423 1341 3533 1393 vim
3572 1351 3698 1390 eam
3741 1351 3772 1387 a

2197 1439 2400 1508 Spiritu
2437 1437 2789 1506 acceperint?
2825 1434 2993 1490 Nemo
3028 1435 3173 1488 enim
3200 1441 3369 1500 potest
3410 1432 3581 1485 dicere
3604 1469 3620 1494 ,
3665 1427 3773 1480 Do-

2198 1533 2398 1586 minum
2446 1529 2653 1593 Iesum,
2706 1529 2808 1581 nisi
2849 1529 2902 1579 in
2957 1535 3142 1580 sancto
3185 1523 3394 1594 Spiritu
3416 1522 3458 1576 ⁸.
3519 1521 3774 1587 Quonam

2197 1631 2328 1679 item
2364 1623 2525 1675 modo
2562 1623 2750 1690 prima:
2796 1621 2899 1673 illa:
2930 1628 3053 1687 post
3083 1617 3251 1670 Deum
3283 1625 3582 1685 potestates
3616 1616 3775 1694 beata

2200 1719 2308 1770 vita
2345 1714 2682 1774 fruerentur.
2737 1713 2838 1766 nisi
2889 1712 3080 1765 faciem
3127 1709 3324 1772 Patris,
3369 1708 3460 1776 qui
3509 1707 3562 1759 iu
3617 1705 3776 1758 crelis

511 1814 764 1860 cernunt.
796 1806 928 1859 Nam
957 1810 1318 1877 proprietates
1350 1809 1485 1869 istae,
1509 1809 1653 1862 velut
1678 1818 1818 1863 nota:
1847 1808 2094 1875 quaedam
2129 1797 2169 1855 Β
2199 1819 2323 1870 est,
2379 1821 2594 1874 semper
2645 1803 2985 1858 viderent"?
3055 1801 3218 1868 Atqui
3283 1800 3422 1852 visio
3479 1801 3594 1851 haec
3657 1799 3779 1849 sine

512 1899 568 1953 in
599 1901 902 1955 substantia
939 1902 1316 1967 consideratur,
1350 1903 1583 1970 propriis
1599 1903 1819 1970 quidem
1853 1910 1906 1954 et
1932 1917 2095 1970 pecu-

513 1990 746 2046 liaribus
777 1993 917 2047 notis
949 2008 1061 2046 rem
1092 2007 1436 2046 communem
1479 1992 1750 2058 dividunt,
1777 1993 2098 2048 substantia:

514 2096 647 2135 vero
736 2082 1072 2137 identitatem
1163 2084 1390 2138 minime
1439 2083 1778 2152 disiungunt.
1851 2081 2097 2149 Exempli

515 2189 704 2239 causa,
729 2177 1035 2230 eonnnuuis
1065 2177 1279 2244 quidem
1312 2183 1396 2229 est
1423 2175 1677 2228 divinitas
1698 2192 1710 2228 :
1732 2174 2099 2244 proprietates

516 2274 718 2327 autem,
766 2265 1062 2330 paternitas
1108 2273 1162 2318 et
1207 2263 1419 2330 ﬁliatio,
1469 2279 1534 2316 ex
1585 2265 1875 2334 utriusque
1933 2278 2099 2332 porro

517 2357 866 2408 connexione
897 2355 1146 2411 veritatis
1193 2357 1429 2425 cognitio
1471 2365 1633 2426 atque
1679 2355 2099 2425 comprehensio

514 2447 678 2500 nobis
705 2447 1078 2514 ingeneratut'.

591 2539 713 2591 Col.
749 2538 856 2592 442
899 2538 962 2591 1).
1010 2537 1260 2591 I’arturis
1306 2535 1661 2604 objectiones?
1704 2535 1774 2586 At
1826 2551 1919 2602 ego
1971 2552 2097 2588 ora-

520 2629 682 2681 tionis
731 2644 964 2690 cursum,
1022 2639 1126 2680 etc.
1163 2627 1476 2680 Orationem
1519 2625 1584 2678 ad
1623 2623 1862 2692 Spiritus
1911 2627 2098 2682 hostes

518 2719 828 2783 convertit,
860 2718 1044 2784 aitque
1082 2733 1096 2769 :
1132 2717 1382 2771 Parturis
1435 2715 1774 2784 obiectiones
1799 2756 1814 2780 ,
1851 2733 1916 2771 ac
1973 2731 2099 2770 rur-

518 2824 614 2865 sus
649 2807 700 2859 in
753 2807 1123 2861 contentiosas
1165 2805 1568 2876 disputationes
1612 2806 1901 2874 erumpis?
1932 2806 2100 2862 Paras

516 2915 784 2970 quaerere,
824 2898 1103 2967 quomodo
1143 2897 1383 2970 Spiritus
1430 2907 1676 2962 sanctus,
1711 2914 1834 2952 cum
1879 2915 1908 2950 a
1942 2899 2100 2952 Patre

518 2992 612 3055 sit,
677 3007 785 3043 nou
855 2990 1229 3060 generationis
1293 2990 1477 3055 modo,
1544 2989 1640 3044 sed
1701 2990 2096 3058 processionis,

517 3083 665 3139 Deus
714 3084 806 3138 sit.
854 3085 922 3138 At
965 3099 1067 3154 ego
1115 3084 1379 3137 institutae
1423 3083 1692 3144 orationis
1745 3097 1967 3136 cursum
2011 3096 2100 3138 se-

517 3178 771 3246 riemque
803 3177 1074 3247 parturio.
1105 3175 1347 3246 Tempus
1379 3177 1523 3230 enim
1575 3176 1681 3230 hoc
1709 3175 1916 3231 festiva:
1954 3178 2098 3231 cele-

518 3270 739 3326 britatis
797 3281 881 3324 est
943 3284 1052 3324 non
1125 3272 1519 3326 contentionis.
1578 3269 1808 3326 Prohibe
1860 3273 2097 3344 linguam

523 3372 672 3415 tuam
712 3380 744 3415 a
774 3363 913 3416 malo
943 3365 994 3428 ¹;
1026 3363 1307 3432 paululum
1343 3352 1464 3416 eam
1508 3363 1831 3432 comprime.
1871 3363 1943 3418 De
1976 3365 2099 3419 aliis

525 3454 734 3522 linguis
765 3455 925 3510 nobis
957 3457 1229 3525 agendum
1259 3464 1366 3510 est.
1399 3455 1510 3510 Has
1551 3471 1676 3512 cum
1716 3458 1840 3524 igne
1872 3459 2098 3528 conspi-

520 3561 656 3600 cuas
700 3561 1004 3607 venerare,
1065 3547 1194 3615 quia
1249 3547 1588 3601 divinitatem
1639 3549 1920 3603 indicant:
1958 3550 2098 3604 Deus

521 3637 667 3692 enim
716 3647 896 3692 noster
964 3639 1100 3709 ignis
1168 3655 1478 3692 consumens
1513 3641 1675 3698 est”:
1739 3640 1820 3694 vel
1877 3654 2096 3708 metue,

521 3739 746 3798 propter
799 3730 906 3784 vim
965 3729 1314 3795 adustivam,
1368 3746 1534 3800 quam
1605 3732 1862 3788 divinitas
1916 3734 2098 3790 habet.

521 3820 698 3875 Hodie
747 3822 1068 3887 doceamus,
1121 3823 1173 3880 id
1223 3834 1328 3887 est,
1387 3825 1620 3879 ﬁdeliter
1672 3834 1726 3880 et
1778 3828 2102 3897 simpliciter

523 3911 774 3967 doctrina
805 3913 872 3968 de
907 3912 1116 3982 Spiritu
1161 3924 1373 3976 sancto,
1419 3930 1583 3984 quam
1619 3914 1901 3986 Scriptura
1943 3921 2101 3976 nobis

523 4002 705 4065 otl'ert,
739 4013 1002 4060 utamur:
1035 4019 1159 4060 cras
1192 4017 1373 4060 autem
1401 4007 1701 4064 artiﬁciose
1730 4009 2100 4076 disseremus,

523 4106 578 4148 et
607 4096 676 4149 ab
710 4096 940 4152 honesto
970 4111 1031 4152 ac
1060 4098 1266 4152 decoro
1301 4100 1647 4162 recedemus.
1687 4100 1736 4154 id
1781 4107 1886 4164 est,
1910 4112 2102 4170 argute

523 4198 580 4242 et
629 4187 929 4256 sophistice
987 4201 1042 4246 et
1095 4207 1160 4245 ex
1216 4191 1520 4248 dialectica:
1579 4194 1718 4247 artis
1778 4193 1992 4263 legibus
2048 4201 2103 4248 et

525 4281 784 4334 methodo
809 4281 1236 4350 disputationem
1259 4282 1630 4338 instituemus.
1652 4282 1810 4337 Enim
1832 4282 1960 4338 vero
1986 4284 2102 4338 haec

523 4375 691 4430 verba
725 4391 738 4428 :
777 4375 1101 4436 Doccamus,
1137 4383 1192 4428 et
1223 4374 1444 4430 Festum
1478 4389 1728 4445 agamus,
1776 4377 2100 4431 consulendi

2127 3131 2170 3190 C-

2202 1900 2447 1969 Spiritus
2523 1897 2696 1966 gratia
2768 1910 2872 1948 non
2939 1893 3227 1962 contingit.
3299 1890 3777 1956 Quemadmodum

2199 1992 2348 2046 enim
2413 1990 2458 2044 si
2520 1997 2684 2042 noctu
2739 1987 2923 2040 lumen
2987 2002 3016 2039 a
3081 1984 3245 2038 dumo
3298 1981 3614 2040 sustuleris,
3683 1996 3781 2032 nec

2199 2080 2375 2135 oculis
2424 2087 2653 2147 aspectu
2704 2074 3003 2137 constabit,
3061 2088 3161 2126 nec
3213 2069 3568 2124 materiarum
3602 2069 3780 2136 pretia

2201 2182 2255 2228 et
2311 2172 2611 2239 dignitates
2678 2169 2897 2239 agnosci
2955 2173 3213 2234 poterunt
3273 2170 3423 2233 (tum
3474 2161 3624 2215 enim
3686 2175 3781 2228 per

2201 2262 2571 2334 ignorantiam
2627 2276 2783 2330 aeque
2822 2273 3020 2314 aurum
3061 2272 3125 2312 ac
3184 2267 3328 2309 terra
3379 2253 3723 2319 calcabitur)
3763 2270 3778 2305 :

2201 2357 2282 2412 sic
2344 2356 2512 2411 etiam
2560 2355 2614 2407 in
2671 2352 2944 2422 spirituali
2995 2350 3318 2418 angelorum
3349 2348 3547 2401 ordine
3593 2345 3780 2400 divina

2199 2449 2312 2502 vita
2354 2447 2473 2501 sine
2530 2443 2738 2514 Spiritu
2789 2457 3116 2512 permanere
3175 2455 3284 2494 non
3336 2447 3541 2508 potest,
3602 2437 3778 2490 nihilo

2199 2548 2349 2594 certe
2378 2536 2553 2608 magis
2575 2551 2742 2605 quam
2770 2535 3051 2590 exercitus
3075 2532 3210 2586 ordo
3240 2541 3294 2586 et
3318 2530 3636 2597 disciplina,
3670 2527 3773 2580 nisi

2199 2631 2455 2686 ordinum
2487 2629 2784 2700 praefectus
2813 2627 2982 2691 adsit,
3005 2633 3100 2679 aut
3127 2623 3283 2678 chori
3312 2632 3638 2684 concentus,
3674 2620 3778 2674 nisi

2201 2724 2353 2780 chori
2403 2722 2665 2792 magister
2713 2732 2999 2774 cantorum
3055 2732 3221 2772 voces
3272 2723 3570 2784 componat
3618 2722 3782 2782 atque

2201 2815 2520 2872 concinnet.
2571 2813 2822 2880 Quonam
2875 2825 3070 2866 rursus
3111 2808 3271 2864 modo
3314 2806 3498 2861 dicere
3552 2814 3780 2874 possent

2201 2905 2492 2976 Seraphim
2539 2903 2860 2967 :Sanctus,
2914 2909 3167 2964 sanctus,
3221 2905 3436 2951 sanctus
3466 2897 3512 2960 ⁸,
3579 2895 3688 2950 ιιἰεί
3748 2910 3780 2947 a

2204 2999 2413 3070 Spiritu
2471 2996 2818 3060 didicissent,
2868 2995 3087 3063 quoties
3145 2989 3457 3060 huiusmodi
3515 2989 3639 3042 laus
3697 2987 3785 3055 pie

2205 3101 2484 3161 repetatur
2509 3091 2534 3144 ἲ
2566 3090 2644 3144 Ita
2672 3090 2752 3154 ﬁt,
2788 3097 2848 3142 ut
2872 3084 3172 3156 spiritualis
3199 3085 3286 3138 ille
3312 3091 3640 3143 concentus,
3672 3080 3783 3133 nisi

2205 3185 2446 3256 Spiritus
2473 3185 2790 3254 magisterio
2817 3190 2873 3236 et
2902 3178 3214 3248 disciplina,
3264 3175 3486 3229 retineri
3519 3180 3782 3241 nequeat.

2204 3281 2395 3336 Postea
2430 3289 2613 3332 autem
2653 3275 2915 3344 Spiritum
2952 3274 3008 3327 in
3041 3271 3287 3341 patribus
3331 3277 3385 3323 et
3417 3268 3469 3321 in
3500 3263 3784 3334 prophetis

2203 3374 2556 3444 operabatur.
2591 3367 3039 3424 Patriarcharum
3076 3364 3223 3417 enim
3258 3359 3692 3419 benedictiones,
3726 3364 3784 3408 et

2205 3467 2410 3536 ﬁgurae,
2445 3480 2509 3517 ac
2533 3459 2818 3522 vaticinia,
2850 3474 2948 3527 per
2974 3455 3217 3525 Spiritus
3251 3454 3482 3524 gratiam
3515 3451 3780 3506 conﬁcie-

2203 3559 2425 3613 bantur.
2471 3555 2683 3609 Etenim
2718 3567 2785 3606 ει
2812 3550 2978 3620 iustis
3007 3548 3100 3602 alii
3137 3546 3307 3600 Deum
3350 3560 3446 3614 per
3480 3543 3781 3612 imaginem

2205 3655 2618 3719 conspexerunt
2684 3655 2779 3700 aut
2834 3649 3239 3713 cognoverunt.
3312 3637 3416 3690 Per
3481 3634 3779 3704 imaginem

2207 3744 2500 3799 obscuram
2557 3739 2651 3794 Dei
2714 3735 3262 3806 comprehensionem
3320 3728 3563 3797 intellige
3615 3744 3630 3778 :
3687 3739 3785 3794 per

2205 3834 2579 3903 cognitionem
2627 3838 2836 3889 autem,
2892 3841 3012 3881 eam
3047 3839 3174 3894 qua:
3229 3821 3495 3876 illustrior
3541 3827 3627 3873 est
3669 3832 3787 3871 ura-

2207 3930 2403 4000 girque
2442 3925 2755 3995 perspicua.
2807 3920 2904 3976 Vel
2947 3919 3136 3978 etiam,
3179 3915 3442 3986 quoniam
3487 3910 3782 3982 phantasia

2207 4037 2348 4090 saepe
2408 4021 2768 4089 imposturam
2825 4013 3012 4068 animo
3069 4012 3235 4073 facit,
3305 4008 3515 4063 idcirco
3575 4001 3784 4073 adjecit

2208 4112 2544 4180 Theologus,
2569 4111 2981 4180 Cognoverunt,
3018 4112 3079 4157 ut
3111 4103 3383 4156 visionem
3421 4100 3561 4151 hanc
3599 4109 3784 4149 veram

2207 4222 2327 4260 esse
2371 4207 2589 4259 eredas.
2622 4202 2768 4269 Ergo
2795 4199 3128 4269 patriarcha:
3164 4193 3337 4248 Deum
3364 4207 3462 4261 per
3488 4189 3781 4258 imaginem

2207 4305 2615 4363 conspexerunt
2670 4291 3028 4361 :lpropheta:
3082 4297 3262 4342 autem
3325 4285 3511 4339 futura
3569 4295 3786 4351 quoque

2208 4395 2336 4441 ante
2381 4387 2598 4455 cognita
2648 4384 2982 4443 habuerunt,
3043 4380 3368 4448 impressam
3424 4375 3602 4428 instar
3650 4385 3788 4427 cera:

525 4464 711 4519 animo
740 4465 1022 4520 dicuntur.
1072 4464 1201 4520 Haec
1247 4475 1454 4533 autem,
1505 4468 1823 4523 Artiﬁciose
1863 4470 2105 4525 dissere-
2136 4473 2181 4529 Β
2211 4485 2446 4532 mentem
2482 4491 2513 4530 a
2547 4483 2739 4530 sancto
2770 4474 2976 4543 Spiritu
3012 4471 3296 4531 habentes,
3323 4482 3388 4520 ac
3414 4464 3597 4519 futura
3629 4462 3787 4530 quasi

525 4571 672 4620 mus,
724 4567 800 4622 et,
839 4558 924 4612 Ab
965 4559 1200 4613 honesto
1246 4567 1301 4614 ct
1328 4561 1530 4614 decoro
1579 4562 1924 4628 recedemus,
1974 4574 2105 4616 sunt

526 4646 739 4702 irouice
770 4649 1067 4726 loquentis,
1101 4662 1266 4720 atque
1295 4650 1613 4722 huiusmodi
1646 4666 1735 4706 res
1770 4656 2100 4710 aversantis.

527 4735 682 4792 Unde
711 4746 766 4791 et
810 4743 1215 4808 turpitudinem
1261 4750 1315 4797 et
1361 4743 1744 4798 temulentiam
1789 4758 1884 4798 eas
1919 4754 2100 4811 vocat,

526 4837 692 4897 atque
723 4829 790 4882 ad
823 4829 1002 4884 forum
1043 4842 1097 4885 et
1133 4835 1350 4887 theatra
1382 4833 1576 4901 reiicit.

599 4919 732 4974 Ibid.
778 4919 1132 4992 Posteaquam
1155 4935 1330 4977 autem
1355 4925 1556 4980 alienos
1585 4927 1964 4993 submovimus,
1989 4937 2098 4983 etc.

528 5015 902 5085 Posteaquam
973 5017 1181 5072 alienos
1233 5028 1287 5071 ct
1352 5019 1642 5074 haereticos
1719 5020 2103 5077 submovimus

529 5120 694 5180 atque
733 5110 1096 5172 extrusimus,
1127 5125 1225 5179 age
1270 5109 1382 5180 iam
1437 5120 1656 5168 nostros
1689 5122 1743 5166 et
1775 5113 1965 5166 eadem
2001 5115 2104 5167 ﬁde

529 5201 790 5273 praeditos
848 5200 1106 5256 meliores
1156 5204 1449 5259 faciamus.
1503 5204 1604 5258 llic
1658 5205 1825 5273 igitur
1867 5205 2106 5274 Spiritus

606 5382 796 5440 'Psal.
830 5396 1026 5447 χχχιιι,
1066 5381 1154 5437 14.
1231 5386 1251 5416 ¹
1275 5383 1434 5440 Deut.
1472 5397 1546 5447 tv,
1581 5383 1673 5438 24.

607 5572 722 5639 (55)
765 5568 921 5627 Nunc
943 5587 1005 5624 ne
1024 5569 1132 5623 ullo
1157 5567 1384 5639 quidem.
1436 5539 1609 5639 «Post
1627 5564 1837 5632 lapsum
1869 5564 2103 5639 Satanan

536 5632 717 5710 inquit
756 5642 894 5710 Aug.
936 5641 1032 5694 lib.
1079 5632 1398 5710 De'Eccles.
1446 5633 1659 5710 dog_m.,
1705 5649 1826 5702 cap.
1874 5632 2103 5710 62,_ita

539 5703 871 5768 confirmati'
892 5717 1018 5765 sunt
1061 5707 1236 5776 angeli
1271 5706 1361 5775 qui
1396 5704 1768 5773 perstiterunt,
1812 5712 1868 5755 ut
1910 5703 2104 5757 cadere

1751 5383 1927 5436 ’Luc.
1963 5387 2057 5447 vti,
2098 5382 2184 5436 Η.

2211 4570 2502 4642 praesentia
2563 4577 2849 4623 cernentes
2913 4573 3078 4632 atque
3133 4561 3441 4616 audientes.
3514 4557 3788 4623 Quocirca

2211 4661 2552 4732 prophetiam
2603 4671 2826 4726 quoque
2874 4655 3141 4710 visionem
3193 4649 3566 4720 appellabant,
3623 4656 3790 4714 atque

2210 4754 2316 4822 ipsi
2376 4752 2627 4804 videntes
2676 4746 3124 4803 nominabantur.
3194 4741 3519 4811 Huiusmodi
3580 4741 3788 4808 quippe

2213 4843 2451 4912 Spiritus
2499 4842 2580 4896 vis
2624 4848 2748 4905 est;
2800 4837 3158 4892 illuminatrix
3205 4835 3436 4896 scilicet,
3485 4832 3554 4886 ad
3584 4831 3789 4885 summi
3850 4843 3865 4857 ·

2213 4935 2344 4990 honi
2388 4933 2760 5001 cognitionem
2795 4931 2978 4986 omnia
3013 4928 3371 4984 collustrans.
3409 4923 3626 4978 Etenim
3671 4937 3794 4975 om-

2214 5028 2402 5090 nibus,
2429 5041 2551 5098 qua:
2598 5025 2816 5080 ratione
2864 5032 2921 5078 et
2965 5020 3321 5090 intelligentia
3356 5015 3585 5087 prmdita
3637 5024 3793 5079 sunt,

2215 5118 2281 5173 ad
2316 5117 2562 5171 veritatis
2590 5115 2958 5169 inventionem
2995 5109 3299 5180 spiritualis
3339 5107 3428 5162 lus
3467 5115 3575 5168 est,
3614 5106 3794 5175 iisque

2216 5207 2363 5262 velut
2390 5205 2834 5276 perspicuitatem
2862 5201 3156 5274 quamdam
3185 5214 3282 5270 per
3315 5212 3373 5255 se
3394 5196 3574 5253 aﬂ‘ert.

2262 5382 2327 5434 ⁸1
2359 5382 2492 5438 Cor.
2532 5395 2630 5447 xu,
2667 5381 2722 5435 '5.

2799 5382 2821 5414 ³
2845 5379 3044 5435 Matth.
3077 5393 3235 5445 xvm,
3275 5380 3364 5432 to.
3439 5377 3592 5431 ‘isa.
3632 5390 3707 5434 vr.
3737 5373 3792 5427 5.

2217 5559 2443 5616 omnino
2479 5574 2584 5614 non
2617 5558 2847 5628 possint,
2881 5557 2972 5625 qui
3011 5571 3078 5610 ne
3103 5554 3328 5612 omnino
3358 5554 3471 5621 iam
3503 5554 3793 5618 caderent,

2219 5631 2474 5685 virtutem
2513 5627 3080 5685 incentmutabilitatis
3114 5634 3464 5692 acceperunt.
3499 5643 3519 5677 ι
