4024 6292
237 354 375 419 1460

1226 361 1544 425 NICETAS
1587 364 1664 423 IN
1705 365 1930 425 ΟΒᾹΤ.
1972 363 2156 424 XLIV
2200 363 2263 423 S.
2301 361 2533 423 GREG.

3350 353 3370 416 1
3383 354 3483 418 470

306 472 438 527 Tum
493 474 549 526 in
591 471 796 528 Christi
844 474 1155 544 discipulis,
1212 484 1317 530 etc.
1374 475 1536 542 Tum,
1601 478 1809 547 inquit,
1839 479 1887 540 Α
1916 478 2049 532 nihil
2079 494 2187 532 non
2207 484 2493 542 poterant,
2522 472 2809 543 sanctique
2838 469 3078 541 Spiritus
3099 464 3482 534 expietionem,

233 565 471 634 Spiritus
500 572 728 619 sanctus
764 565 817 619 in
852 564 1056 621 Christi
1103 565 1393 636 discipulis
1439 568 1628 622 eiiicax
1659 578 1796 623 erat.

231 655 337 710 Nec
369 655 515 709 enim
552 655 736 709 dicere
766 670 1012 724 possum,
1050 658 1197 728 quod
1247 658 1301 712 in
1336 658 1555 715 Christo
1584 676 1801 731 quoque

227 747 580 815 operabatur.
628 746 846 802 Christo
893 748 1158 816 siquidem
1210 751 1421 815 aderat,
1446 736 1575 807 tuon
1619 764 1679 807 ut
1718 744 1801 807 af-

228 839 385 900 ﬂatus,
418 839 879 908 quemadmodum
916 841 969 894 in
1002 842 1124 897 aliis
1169 842 1502 906 hominibus,
1540 846 1632 913 qui
1678 844 1803 915 Spi-

228 932 334 983 ritu
386 938 579 984 sancto
625 929 898 995 aiilantur,
938 932 1033 987 sed
1091 941 1148 987 ut
1203 947 1328 987 eum
1383 935 1578 1004 aequali
1632 936 1798 990 simul

231 1022 489 1075 incedens
545 1028 710 1091 atque
761 1023 1054 1088 exsistens,
1108 1034 1329 1094 promer
1381 1023 1797 1095 inseparabilem

227 1115 427 1161 sancta:
461 1104 747 1162 Trinitatis
775 1110 1235 1178 conjunctionem.
1269 1111 1343 1166 De
1368 1128 1474 1181 qua
1502 1129 1560 1168 re
1594 1114 1649 1168 in
1686 1114 1800 1169 hate

225 1199 389 1253 verba
420 1199 665 1268 loquitur
695 1199 931 1255 Basilius
967 1219 980 1256 :
1014 1200 1113 1256 Ubi
1140 1203 1355 1272 propria
1380 1213 1433 1257 et
1466 1213 1801 1258 connatura-

226 1290 291 1344 lis
321 1296 490 1358 atque
543 1291 926 1358 inseparabilis
975 1300 1060 1346 est
1088 1292 1345 1359 societas,
1392 1293 1501 1349 illic
1531 1295 1706 1364 aptior
1746 1302 1801 1347 et

224 1379 622 1449 signiticatttior
669 1396 772 1434 vox
819 1383 1342 1453 εει-συνυπάρχειν,
1379 1384 1427 1438 id
1482 1393 1606 1447 cst,
1639 1382 1800 1437 simul

224 1471 507 1529 exsistere,
540 1468 685 1538 quod
720 1471 824 1524 hoc
861 1470 1086 1526 verbum
1126 1473 1505 1542 inseparabilis
1535 1473 1797 1527 consortii

222 1560 607 1630 cogitationem
672 1562 857 1615 animo
912 1562 1106 1617 oii‘erat
1151 1580 1164 1616 :
1221 1574 1274 1616 at
1337 1565 1428 1619 ubi
1489 1580 1580 1619 res
1633 1565 1799 1619 unitas

223 1655 464 1719 separari
502 1658 757 1719 possunt,
793 1652 906 1706 illic
957 1655 1302 1707 commodior
1330 1665 1383 1708 et
1413 1656 1799 1724 congruentior

223 1756 323 1795 vox
350 1750 435 1795 est
462 1741 818 1810 ἐνυπάρχειν,
849 1741 954 1797 hoc
980 1753 1082 1809 est,
1116 1745 1303 1800 inesse.
1324 1736 1792 1812 Quemadmodum

1903 571 2083 624 dicere
2114 569 2387 638 quispiam
2423 576 2608 637 posset
2640 580 2766 619 eum
2797 559 3167 616 essentialiter
3192 571 3315 610 cum
3346 554 3482 623 ipsis

1898 676 2020 718 esse
2061 677 2125 715 ac
2154 659 2382 715 versari.
2420 658 2554 712 Nam
2593 671 2718 712 eum
2748 654 2925 709 Filius
2960 664 3193 720 corpore
3225 646 3480 703 sensibili

1900 758 2062 820 atque
2095 747 2391 816 conspicuo
2429 745 2718 798 nobiscum
2752 737 3208 795 consuetudinem
3250 732 3481 787 habuis-

1900 849 2003 903 set,
2071 855 2169 910 par
2225 848 2365 902 erat,
2431 845 2488 890 ut
2538 835 2776 904 Spiritus
2839 844 3059 901 quoque
3123 824 3484 895 corporaliter

1899 942 2211 1003 appareret,
2244 927 2708 1001 quemadmodum
2746 925 2907 979 etiam
2937 920 3213 991 apparuit,
3242 917 3481 987 primum
3533 992 3539 997 ο

1906 1026 1960 1080 in
1993 1023 2166 1079 forma
2223 1021 2512 1081 columbae,
2564 1033 2711 1072 nunc
2755 1026 2940 1070 autem
2976 1015 3027 1067 in
3064 1012 3239 1066 forma
3270 1009 3482 1078 lingua-

1898 1128 2020 1167 rum
2051 1112 2352 1182 ignearum.
2386 1109 2450 1163 Et
2487 1122 2609 1161 cum
2640 1104 2895 1160 Christus
2920 1103 2988 1156 ab
3024 1104 3091 1156 iis
3122 1115 3244 1169 quae
3289 1098 3482 1152 buma-

1898 1203 2055 1259 nitati
2110 1212 2403 1270 assumpta!
2457 1198 2876 1258 conveniebant,
2940 1202 3064 1263 post
3120 1189 3482 1246 resurrectio-

1898 1310 2046 1356 nem,
2083 1294 2148 1347 ad
2172 1308 2233 1347 ea
2267 1306 2390 1362 quae
2418 1291 2529 1344 Deo
2563 1286 2985 1349 conveniebant,
3021 1297 3277 1337 reversus
3311 1288 3479 1339 esset,

1898 1401 2121 1456 suaeque
2187 1386 2417 1456 gloriae,
2480 1397 2646 1452 quam
2715 1388 2843 1436 ante
2915 1387 3230 1445 susceptum
3287 1373 3481 1428 salutis

1905 1485 2110 1533 nostrte
2144 1476 2416 1547 negotium
2448 1473 2703 1537 habebat,
2736 1470 3028 1525 restitutus
3059 1475 3204 1521 esset
3244 1466 3390 1531 (nam
3415 1477 3478 1517 ea

1897 1571 1948 1625 in
1999 1570 2161 1624 breve
2206 1577 2420 1637 tempus
2472 1572 2693 1634 propter
2740 1576 2839 1615 nos
2887 1558 3205 1613 exinanitus
3251 1555 3471 1619 fuerat;

1896 1664 2110 1720 dicebat
2159 1663 2301 1715 enim
2340 1678 2354 1718 :
2405 1659 2662 1728 Clariﬁca
2707 1672 2807 1719 me,
2850 1654 3032 1715 Pater,
3094 1650 3237 1719 apud
3291 1656 3479 1701 temet-

1899 1759 2073 1828 ipsum
2103 1754 2373 1815 claritate,
2403 1768 2561 1821 quam
2594 1748 2848 1802 habebam
2880 1744 3021 1811 apud
3069 1753 3136 1804 te,
3167 1742 3477 1810 priusquam

222 1831 389 1885 vitam
422 1835 620 1886 anima:
647 1833 1021 1903 συνυπάρχειν
1066 1834 1327 1900 dicimus,
1362 1838 1412 1891 id
1455 1846 1560 1902 est,
1597 1855 1791 1905 caesae,

1905 1820 2130 1901 mundus
2181 1844 2375 1911 esset')
2459 1842 2722 1910 Spiritum
2753 1839 2818 1891 ad
2864 1851 2964 1891 nos
3021 1843 3144 1904 post
3199 1830 3474 1885 Christum

164 1982 171 1990 _
224 1924 442 1988 corpori
502 1934 710 1987 autem,
759 1925 1119 1995 ἐνυπάρχειν,
1166 1927 1354 1981 inesse.
1405 1931 1485 1984 Ab
1529 1944 1595 1983 eo
1647 1932 1791 1983 enim

224 2016 466 2083 separari
504 2024 701 2084 potest.
741 2016 944 2070 Eodem
975 2017 1140 2088 igitur
1182 2020 1345 2074 modo
1379 2020 1792 2090 Spiritus'sau-

224 2116 345 2161 ctus
410 2107 691 2177 unigenito
743 2107 884 2162 Filio
932 2124 1122 2186 coesse
1167 2113 1407 2166 dicitur:
1442 2113 1563 2169 aliis
1610 2124 1790 2168 autem

227 2201 429 2254 sanctis
490 2201 668 2256 inesse
729 2201 987 2269 Spiritus.
1060 2201 1245 2273 Itaque
1294 2206 1490 2275 triplici
1541 2207 1701 2261 modo
1736 2205 1790 2260 in

229 2291 492 2359 aposwlis
524 2293 630 2344 vim
657 2306 811 2346 suam
841 2293 1056 2360 edebat,
1097 2304 1256 2363 prout
1303 2297 1559 2351 nimirum
1593 2306 1647 2351 et
1686 2297 1790 2364 ipsi

226 2399 455 2451 rapaces
506 2394 684 2444 erant.
722 2392 778 2439 et
823 2385 987 2438 trium
1026 2395 1331 2456 temporum
1381 2391 1522 2442 ratio
1561 2388 1787 2443 ferebat.

223 2473 490 2541 Primum,
533 2474 584 2529 id
619 2483 722 2540 est,
759 2485 886 2531 ante
933 2476 1136 2531 Christi
1168 2479 1499 2547 passionem,
1535 2480 1790 2545 obscure,

222 2579 346 2618 cum
374 2581 470 2620 eos
496 2565 848 2635 praedicatum
881 2566 1052 2632 misit,
1083 2580 1137 2622 et
1164 2568 1536 2638 pellendorum
1570 2571 1790 2625 inorbo-

223 2670 371 2720 rum,
393 2657 813 2729 daamonumque
828 2660 1287 2732 proﬂigandorum
1309 2671 1629 2732 potestatem
1656 2665 1790 2733 ipsis

223 2747 370 2801 dedit
396 2747 438 2801 ⁷.
469 2745 601 2813 Quae
644 2751 825 2803 omnia
865 2767 1210 2821 nequaquam
1248 2754 1367 2808 sine
1417 2753 1652 2824 Spiritus
1690 2772 1792 2809 nu-

221 2836 366 2891 mine
396 2838 616 2894 ﬂebant.
652 2840 904 2895 Secundo
927 2852 1052 2912 post
1079 2846 1535 2901 resurrectionem
1562 2862 1788 2917 expres-

218 2931 338 2985 sius
386 2940 442 2985 et
490 2933 717 2987 clarius.
769 2934 1023 2990 Christus
1071 2936 1216 2990 enim
1262 2953 1385 2993 cum
1435 2939 1787 3004 insuillasset,

220 3021 358 3076 dixit
407 3039 421 3076 :
470 3027 704 3092 Arripite
756 3025 1014 3095 Spiritum
1059 3030 1384 3095 sanctum‘,
1441 3046 1786 3101 nequaquam

221 3110 365 3168 alius
392 3116 690 3184 exsistens,
719 3135 883 3188 quam
922 3121 1012 3187 qui
1038 3136 1069 3176 a
1101 3122 1274 3192 prima
1309 3136 1489 3175 rerum
1514 3122 1789 3177 creatione

219 3205 612 3275 insutilaverat,
661 3209 755 3264 sed
799 3210 941 3266 idem
985 3213 1121 3282 ipse,
1147 3228 1240 3282 per
1285 3228 1445 3282 quem
1494 3212 1786 3267 iusuiilatio

216 3296 343 3351 data
380 3298 584 3365 fuerat,
634 3310 765 3358 tunc
813 3304 1032 3373 quidem
1067 3304 1180 3374 (54)
1224 3320 1346 3357 cum
1396 3304 1598 3371 anima,
1642 3321 1789 3361 nunc

214 3397 400 3444 autem
456 3391 510 3445 in
547 3394 812 3448 animam.
855 3393 1043 3450 Tertio
1087 3403 1268 3451 autem
1299 3396 1612 3466 perfectius,
1660 3411 1805 3460 cunr

211 3478 472 3534 Christus
521 3482 576 3534 in
620 3482 817 3537 ctelum
875 3486 1138 3551 ascendit,
1204 3486 1289 3540 vel
1350 3486 1547 3541 divinae
1597 3486 1786 3557 gloriae

213 3573 510 3627 restitutus
544 3583 649 3637 est,
679 3575 767 3629 vel
793 3591 903 3646 quo
936 3579 1161 3632 nomine
1185 3577 1240 3631 id
1275 3579 1659 3647 appellandum
1694 3579 1784 3644 sit,

208 3664 424 3719 nescio.
482 3665 757 3721 Addubito
791 3668 937 3721 enim
976 3667 1118 3737 quod
1152 3683 1349 3723 nomen
1402 3670 1660 3724 ineﬂ'abili
1708 3672 1785 3732 illi

208 3752 275 3806 ad
309 3753 555 3822 priorem
585 3764 787 3808 statum
820 3755 1131 3809 ascensioni
1177 3757 1521 3812 tribuendum
1556 3760 1644 3813 sit.
1681 3758 1787 3813 Sed

209 3846 500 3912 quomodo
543 3846 784 3913 Spiritus
829 3847 1118 3917 discipulis
1153 3848 1444 3919 perfectius
1488 3851 1542 3904 in
1574 3849 1791 3923 lingua-

183 3950 334 4001 rum
391 3934 664 3989 divisione
700 3936 809 3990 vim
846 3952 1001 3993 suam
1051 3938 1297 3992 exeruit?
1347 3939 1612 3994 Nimirum
1659 3943 1788 4010 quia

207 4026 457 4098 Spiritus
495 4037 720 4083 sanctus
753 4044 860 4083 non
890 4029 1024 4097 iam,
1060 4040 1119 4084 ut
1163 4031 1413 4094 antehac,
1466 4047 1560 4100 per
1594 4046 1788 4101 opera-
1821 4051 1829 4059 δ

207 4121 420 4173 tionem
449 4118 658 4185 aderat,
690 4120 807 4184 sed,
834 4129 894 4174 ut
923 4121 1002 4176 sic
1024 4121 1239 4190 loquar,
1273 4123 1634 4176 essentialiter
1660 4137 1785 4177 cum

206 4210 345 4280 ipsis
385 4220 505 4265 erat
527 4227 591 4266 ac
620 4212 955 4267 vetabatur.
993 4213 1145 4285 Quod
1173 4221 1352 4268 autem
1388 4213 1522 4267 dixit
1551 4231 1565 4269 :
1608 4212 1672 4269 Ut
1707 4215 1788 4270 sic

208 4301 430 4371 loquar,
463 4302 531 4357 ad
561 4304 1028 4372 praamolliendum
1068 4305 1207 4358 hanc
1241 4319 1449 4368 vocem,
1492 4305 1788 4359 essentiali-

207 4404 309 4457 ter,
338 4395 509 4456 dixit,
531 4403 589 4448 ut
618 4395 798 4450 minus
830 4395 1048 4464 proprie
1076 4403 1239 4465 atque
1269 4405 1456 4449 exacte
1494 4396 1785 4464 prolatam,

1898 1938 2231 1993 descendere
2260 1933 2569 2000 oportebat.
2626 1930 2782 1998 Quod
2815 1930 2861 1983 si
2914 1925 3159 1981 audieris
3193 1923 3473 1977 Christum

1895 2031 1950 2085 in
1997 2028 2290 2099 Evangelia
2339 2026 2615 2080 dicentem
2648 2041 2662 2077 :
2692 2023 2825 2077 Cum
2878 2019 3074 2075 venerit
3136 2012 3474 2073 Paracletus,

1894 2138 2047 2192 quem
2104 2136 2197 2189 ego
2257 2120 2465 2173 mittam
2489 2116 2568 2181 ¹⁶,
2632 2127 2795 2183 atque
2848 2111 3027 2167 illud:
3092 2108 3209 2162 Nisi
3257 2105 3472 2161 abiero,

1898 2213 2213 2268 Paractetus
2253 2227 2358 2265 non
2398 2210 2565 2264 ueniet
2605 2207 2674 2261 ad
2712 2205 2893 2268 vos“,
2922 2203 2994 2256 ita
3043 2201 3137 2254 tibi
3186 2199 3294 2251 hoe
3332 2194 3475 2249 acci-

1894 2306 2150 2376 piendum
2181 2314 2284 2363 est.
2323 2310 2383 2356 ιιι
2424 2300 2613 2356 venire
2647 2298 2869 2368 quidem
2919 2291 3179 2363 Spiritum
3224 2294 3472 2376 sanetum

1894 2375 2163 2465 intelligas
2204 2392 2481 2456 beriliter,
2521 2398 2683 2457 atque
2729 2394 2789 2441 ut
2825 2382 3116 2437 Dominum
3159 2375 3475 2465 :mittiiau-

1894 2494 2003 2541 tem
2056 2494 2205 2538 certo
2246 2481 2478 2535 consilio
2543 2493 2608 2534 ac
2660 2472 3094 2546 dispensatione,
3143 2478 3198 2524 et
3256 2475 3316 2519 ut
3364 2464 3473 2518 Deo

1893 2576 2119 2631 minime
2149 2573 2552 2628 adversantem.
2607 2568 2699 2623 Hae
2731 2564 3001 2635 siquidem
3035 2573 3217 2622 voces,
3253 2556 3475 2625 πέμπε-

1895 2666 2022 2721 σθαι
2072 2674 2127 2719 et
2173 2659 2623 2723 ἀποστέλλεσθαι,
2674 2657 2725 2711 id
2787 2662 2892 2722 est,
2936 2652 3100 2715 mitti,
3147 2662 3212 2702 ac
3264 2657 3473 2701 caetera:

1892 2753 2186 2828 ejusmodi,
2241 2764 2589 2820 nequaquam
2648 2746 2875 2803 omnino
2922 2751 3149 2796 naturas
3196 2736 3469 2799 dividunt,

1892 2845 2351 2921 quemadmodum
2402 2843 2700 2912 opinantur
2751 2835 2994 2891 haeretici
3044 2845 3284 2921 :verum
3339 2843 3474 2881 con-

1891 2939 2131 2994 cordiam
2176 2935 2491 2998 ostendunt,
2544 2941 2607 2986 ut
2650 2930 2697 2984 si
2746 2928 2872 2997 quis
2905 2926 3093 2981 dicat:
3139 2920 3336 2975 Missus
3387 2927 3471 2972 est

1893 3031 2106 3085 amicus
2140 3028 2210 3083 ab
2257 3030 2460 3090 amico,
2489 3034 2584 3078 aut
2629 3021 2828 3076 litterae
2869 3017 2939 3071 ab
2974 3029 3040 3068 eo
3069 3016 3162 3082 qui
3215 3009 3469 3079 scripsit,

1892 3130 1988 3176 aut
2037 3120 2174 3190 lapis
2227 3118 2296 3174 ab
2356 3132 2422 3172 eo
2488 3114 2582 3185 qui
2632 3110 2871 3182 proiicit.
2935 3103 3304 3172 Quamobrem
3359 3113 3469 3153 non

1891 3226 2113 3282 semper
2157 3218 2389 3265 naturas
2438 3204 2771 3264 distrahunt,
2829 3199 2922 3254 sed
2977 3193 3254 3251 interdum
3302 3192 3469 3245 etiam

1889 3301 2244 3359 concordiam
2299 3309 2448 3355 certo
2502 3293 2849 3357 conﬁrmant,
2897 3297 3060 3357 atque
3113 3297 3267 3351 aeque
3319 3294 3468 3334 nunc

1890 3396 2014 3454 hoc,
2045 3407 2193 3447 nunc
2225 3389 2356 3444 illud
2403 3386 2665 3441 etiiciunt.
2720 3378 2981 3443 Proinde,
3031 3373 3177 3444 quod
3227 3370 3469 3440 Spiritus

1888 3483 2031 3537 mitti
2077 3481 2300 3543 dicitur,
2354 3475 2708 3532 concordiam
2741 3469 2915 3539 ipsius
2968 3480 3092 3520 cum
3141 3477 3230 3527 eo,
3283 3476 3313 3514 a
3356 3471 3466 3528 quo

1891 3574 2092 3628 missus
2127 3582 2234 3634 est,
2260 3569 2488 3632 indicat,
2520 3578 2628 3618 non
2660 3571 2841 3619 autem
2869 3555 3119 3612 servilem
3152 3550 3381 3623 gradum
3411 3555 3468 3602 et

1892 3663 2283 3731 subiectionem
2328 3657 2464 3725 (54).

1961 3754 2083 3808 Col.
2133 3752 2240 3806 445
2285 3748 2350 3803 D.
2413 3745 2623 3800 Idcirco
2653 3751 2773 3813 post
2818 3740 3089 3794 Christum
3129 3748 3281 3804 quem
3316 3742 3466 3783 acce—

1890 3848 1991 3911 dit,
2026 3851 2134 3898 etc.
2162 3842 2397 3897 Causam
2434 3838 2671 3906 explicat
2705 3831 3039 3899 Theologus,
3070 3841 3242 3895 quare
3296 3820 3467 3891 Spiri—

1891 3947 1982 3990 tus
2012 3942 2136 4004 post
2161 3931 2366 3987 Citriin
2398 3914 2690 3984 ascensum
2722 3921 3099 3984 descenderit;
3140 3926 3303 3986 atque
3337 3914 3413 3967 ait
3444 3927 3462 3968 :

1890 4029 1965 4082 Ne
1998 4025 2317 4079 Paracletus
2349 4021 2505 4074 nobis
2544 4020 2704 4074 desit.
2754 4017 2886 4071 Nam
2911 4013 3077 4068 etiam
3108 4009 3359 4064 Christus
3406 4005 3462 4062 in

1890 4121 2066 4190 prima
2124 4114 2352 4170 Joannis
2419 4111 2657 4180 Epistola
2709 4107 3012 4180 paraclctus
3100 4102 3352 4157 dicitur:
3404 4097 3466 4190 Si

1888 4189 2026 4280 quis,
2063 4209 2258 4278 inquit,
2290 4203 2602 4273 peccaverit,
2627 4198 2959 4268 par‘actetum
3020 4194 3269 4247 habemus
3321 4189 3462 4257 apud

1890 4301 2108 4356 Patrem
2145 4298 2328 4353 Iesum
2376 4294 2644 4348 Christum
2666 4292 2875 4360 justum
2901 4287 2965 4338 “.
3007 4286 3256 4339 Abeunte
3300 4280 3464 4349 igitur

1889 4394 2110 4448 Christo
2172 4389 2496 4461 paracleto,
2579 4382 2919 4438 Paracletum
2984 4390 3177 4430 rursus
3238 4372 3305 4426 ad
3362 4384 3463 4423 nos

205 4485 277 4537 ob
305 4484 545 4554 aptioris
572 4484 831 4540 dictionis
856 4487 1160 4556 penuriam.
1191 4482 1378 4554 Neque
1412 4486 1556 4539 enim
1594 4500 1782 4540 essen-
1817 4490 1858 4546 ο
1888 4484 2148 4540 accedere
2193 4480 2576 4541 conveniebat,
2634 4486 2828 4540 nempe
2875 4468 3141 4556 Spiritum
3186 4471 3459 4556 sanctum.

206 4576 413 4631 tialiter
460 4593 588 4631 cum
640 4576 780 4632 Filio
840 4577 1073 4647 Spiritus
1129 4585 1351 4631 sanctus
1409 4575 1462 4628 in
1515 4576 1776 4643 apostolis

206 4665 483 4721 habitavit
540 4684 558 4727 ;
617 4684 805 4723 verum
864 4683 961 4735 per
1015 4666 1256 4721 divinam
1334 4665 1782 4719 inhabitationcm

204 4761 512 4826 igneasque
542 4758 772 4828 linguas,
804 4766 966 4827 atque
1003 4757 1241 4812 aiilatum
1285 4757 1459 4820 illum,
1494 4774 1592 4828 per
1625 4772 1785 4826 quem

272 4938 295 4970 "
323 4938 524 4993 Matth.
556 4956 610 5006 tt,
644 4941 694 4993 i.

205 5014 249 5045 ”
272 5011 441 5068 Joan.
485 5025 600 5072 ιιν,
639 5010 724 5066 16.

768 4934 972 4994 'Joan.
1008 4955 1103 5001 xx,
1134 4939 1227 4996 (ὶὲ.
1305 4941 1327 4973 ³
1352 4939 1516 4995 Joan.
1550 4955 1683 5005 tum,
1716 4939 1770 4993 5.

276 5197 395 5267 (δεμ
438 5196 486 5251 Τ
487 5213 590 5267 unc
620 5193 850 5264 quidem.
891 5189 1006 5246 Hoc
1035 5200 1139 5267 est,
1170 5195 1224 5249 in
1256 5190 1450 5267 _A_dami
1501 5189 1784 5246 creatione

205 5261 516 5323 insttﬂlntio
548 5261 690 5319 facta
736 5270 820 5329 est
849 5276 973 5317 cum
1020 5262 1226 5323 anima,
1261 5261 1312 5315 id
1341 5271 1443 5324 est,
1476 5274 1782 5328 cooperaus

206 5338 430 5396 animm.
479 5350 590 5390 non
619 5331 764 5401 quod
800 5331 938 5383 idem
970 5345 1092 5401 cum
1141 5330 1319 5401 anima
1344 5338 1534 5401 esset:
1570 5338 1785 5401 atupost

208 5398 677 5461 resurrectionem
739 5401 1024 5468 discipulis
1078 5400 1130 5451 in
1198 5400 1434 5452 animam
1489 5398 1784 5454 iusuiﬂatio

208 5478 338 5529 data
392 5484 515 5536 est,
570 5473 676 5525 hoc
735 5483 852 5529 est.
906 5470 1213 5522 virentibus
1254 5470 1436 5537 ipsis,
1499 5484 1606 5521 una
1662 5484 1784 5520 cum

210 5552 490 5614 potestate
543 5541 745 5614 ligandi
806 5549 858 5598 et
923 5538 1186 5614 solre-udi.
1250 5536 1434 5614 itaque
1494 5537 1786 5614 insumatio

212 5606 340 5666 cum
375 5606 765 5669 animafsicut
796 5618 921 5663 ante
947 5610 1149 5662 dictum
1175 5614 1280 5670 est,
1328 5606 1444 5663 bzec
1477 5608 1586 5660 duo
1617 5607 1786 5676 signi-

213 5684 361 5744 ticat,
392 5694 591 5747 nempe
619 5680 766 5747 quod
794 5693 900 5732 nou
936 5688 990 5730 ut
1021 5694 1047 5729 a
1080 5685 1223 5728 terra
1255 5691 1456 5747 corpus
1490 5676 1727 5747 hominis
1753 5692 1783 5728 a

211 5753 324 5806 Deo
358 5745 651 5816 acceptum
676 5758 839 5817 atque
870 5758 1107 5804 creatum
1139 5757 1241 5811 est,
1280 5745 1359 5799 sic
1389 5745 1551 5800 etiam
1579 5745 1782 5809 anima,

1851 4937 1893 4971 ‘°
1918 4937 2079 4993 Joan.
2108 4955 2229 5005 nr,
2251 4937 2343 4993 26.

1889 4576 2033 4644 Quin
2088 4575 2203 4643 ipse
2269 4586 2488 4642 quoque
2546 4566 2810 4621 Dominus
2866 4559 3009 4628 apud
3064 4554 3332 4644 Joannem
3391 4550 3464 4603 ita

1895 4643 2140 4735 loquitur
2162 4680 2175 4715 :
2200 4661 2312 4731 Ego
2338 4648 2809 4729 rogabo'Patrem,
2841 4658 2889 4704 et
2919 4647 3085 4701 alium
3116 4643 3463 4735 Paractetum

1894 4734 2041 4811 dabit
2086 4756 2227 4811 nobis
2254 4754 2328 4819 ",
2372 4753 2425 4807 id
2465 4763 2571 4818 est,
2599 4749 2765 4804 alium
2806 4743 2939 4798 mihi
2990 4738 3276 4810 aequalem.
3311 4734 3464 4802 Quo-

2422 4938 2464 4969 “
2492 4934 2801 4996 Joanuxvt,
2838 4929 2925 4984 Η.
3003 4925 3088 4981 ⁸³1
3120 4922 3279 4980 Joan.
3315 4932 3376 4985 tt,
3406 4918 3464 4974 2.

1888 5203 2078 5242 verum
2146 5201 2211 5242 ex
2269 5186 2443 5241 nihilo
2496 5185 2567 5240 ab
2626 5197 2694 5240 eo
2746 5181 3013 5252 producta
3061 5196 3076 5233 :
3127 5187 3240 5234 tum
3297 5174 3462 5252 etiam

1892 5258 2235 5328 ligandorum
2287 5264 2452 5328 atque
2492 5251 3279 5328 solvendorumpeccatorum
3304 5251 3461 5328 pote:

1891 5316 2088 5383 statem
2144 5316 2421 5389 ostendit,
2477 5339 2642 5392 quam
2693 5316 2943 5397 apostoli
2967 5336 3008 5397 _a
3060 5316 3462 5397 D_omino__post

1892 5382 2353 5467 resurrectionem
2381 5382 2743 5467 acceperunt:
2760 5394 2835 5467 de
2859 5391 3019 5467 te_rtio
3039 5387 3206 5467 etiam
3230 5382 3459 5467 indicat,

1896 5466 2043 5534 quod
2098 5481 2203 5518 non
2257 5466 2451 5536 minus
2488 5452 2668 5536 facile
2689 5463 2870 5515 anima
2908 5454 3147 5536 hominis
3194 5452 3459 5536 prodtrcta

1894 5518 1999 5599 est,
2032 5550 2195 5607 quam
2229 5518 2376 5589 velut
2409 5534 2454 5589 si
2489 5533 2612 5602 quis
2634 5525 3095 5607 ilatumemittere
3122 5518 3302 5607 queat.
3332 5518 3460 5607 Huic

1895 5591 2025 5673 quia
2052 5591 2254 5657 'Nicctze
2288 5591 2686 5673 commentario
2710 5601 2763 5653 in
2797 5597 3012 5673 Regium
3043 5591 3461 5673 codice-temere

1894 5661 1945 5728 et
1971 5674 2286 5743 perturbate
2314 5672 2713 5743 inserta_erant,
2741 5682 2841 5721 nec
2867 5661 2919 5719 in
2947 5671 3138 5718 nostro
3162 5661 3453 5725 habentur,

1892 5740 1999 5798 huc
2029 5742 2323 5812 rcjicienda
2355 5740 2682 5809 putarimus.
