4024 6292
568 351 701 416 Mil

1963 341 2342 403 ADDENDA.

3662 342 3792 406 14ἷέ

565 466 710 518 circa
763 461 878 515 haec
925 458 1126 522 dietio,-
1158 459 1330 521 Alius,
1386 455 1732 524 aequalitatis,
1794 469 1897 508 non
1948 463 2126 508 autem
2159 459 2200 515 Δ
2233 457 2419 526 gratiae
2451 473 2620 527 genus
2644 459 2706 514 ".
2731 458 3050 529 Quanquam
3081 459 3220 513 enim
3250 458 3485 528 Spiritus
3515 459 3632 529 ipse
3669 462 3795 515 sim-

567 553 965 608 imminutionis
1022 565 1185 604 causa
1238 549 1410 618 posita
1465 555 1578 609 est,
1641 561 1702 600 ac
1743 560 1979 614 peream
2027 545 2127 597 do-

567 641 880 696 minationis
915 640 1278 700 consortium,
1310 655 1414 691 non
1450 646 1792 705 contemptus
1835 635 2124 688 indicatur;

567 733 690 786 Herc
747 733 890 787 enim
949 747 1077 795 vox,
1137 732 1314 793 Alius,
1371 729 1441 782 ita
1501 727 1845 793 intelligenda
1901 733 2005 791 est,
2067 733 2126 778 ut

564 824 732 878 alium
791 823 924 876 mihi
990 821 1252 890 aequalem
1313 818 1600 886 signiﬁcet.
1657 816 1867 870 Etenim
1927 815 1979 869 in
2035 814 2122 877 iis,

563 929 684 983 quae
740 914 986 982 eiusdem
1047 921 1256 965 naturae
1309 919 1462 972 sunt,
1519 909 1682 962 alium
1745 916 1908 976 atque
1957 905 2123 958 alium

562 1006 819 1067 dicimus,
855 1003 1000 1057 velut
1048 1003 1189 1056 alius
1238 1001 1453 1066 Petrus,
1496 1010 1550 1054 et
1588 999 1730 1052 alius
1779 997 1980 1050 Paulus
2014 1014 2028 1051 :
2070 1005 2124 1050 at

562 1111 687 1152 cum
721 1096 788 1150 de
837 1095 904 1148 iis
936 1110 1055 1164 qua:
1107 1095 1318 1148 diversa
1365 1102 1558 1145 natura
1609 1098 1756 1153 sunt,
1806 1102 1989 1142 sermo
2030 1088 2126 1140 ha-

563 1192 747 1248 betur,
802 1187 949 1240 aliud
995 1195 1158 1254 atque
1200 1185 1346 1239 aliud
1388 1181 1658 1244 dicimus,
1703 1187 1802 1244 ut,
1852 1178 1995 1232 aliud
2042 1187 2126 1231 est

565 1281 683 1343 bos,
725 1289 779 1333 et
828 1279 988 1332 aliud
1032 1291 1231 1346 equus.
1305 1273 1570 1340 Quoniam
1628 1282 1809 1326 autem
1869 1271 1922 1324 in
1975 1270 2125 1323 Actis

565 1371 934 1439 apostolorum
985 1369 1212 1421 habetur
1237 1365 1302 1431 “‘,
1360 1363 1507 1432 quod
1560 1378 1684 1416 eum
1739 1361 1793 1414 in
1840 1360 2124 1414 caenaculo

564 1461 854 1524 sederent,
916 1465 1285 1526 apparuerunt
1357 1455 1492 1523 ipsis
1557 1452 1856 1521 dispertita:
1928 1451 2125 1519 linguae

563 1549 720 1616 quasi
754 1549 914 1616 ignis,
964 1547 1208 1613 seditque
1253 1559 1416 1612 super
1473 1543 1700 1612 singulis
1749 1557 1960 1605 eorum,
2013 1543 2126 1594 hinc

563 1653 779 1706 quoque
801 1635 1128 1704 dispicienda
1157 1643 1297 1688 sunt.
1328 1637 1404 1686 Ac
1431 1633 1663 1700 primum
1689 1647 1784 1684 cur
1807 1632 1859 1683 in
1886 1629 2125 1700 linguis?

564 1731 732 1797 Cuius
763 1729 836 1782 rei
873 1728 1103 1780 fortasse
1135 1727 1248 1778 haec
1287 1734 1369 1778 est
1399 1724 1560 1788 ratio,
1594 1723 1721 1792 quia
1770 1726 1914 1776 sicut
1944 1723 2122 1793 lingua

564 1819 838 1888 propriqu
877 1827 959 1872 est
1000 1816 1268 1871 sermonis
1321 1830 1582 1884 organqu
1616 1831 1629 1867 ε
1667 1815 1738 1868 ita
1784 1814 1946 1868 etiam
1995 1828 2127 1881 apo-
2160 1803 2202 1860 Β

565 1912 688 1966 stoli
749 1911 815 1964 ad
883 1910 1159 1978 Evangelii
1218 1908 1444 1961 verbum
1505 1907 1613 1974 apti
1671 1915 1726 1958 ct
1781 1905 2125 1959 accommodi

565 2011 761 2067 erant,
811 2018 916 2055 non
959 2017 1115 2056 secus
1163 2011 1324 2069 atque
1357 2015 1601 2069 organa,
1647 2000 1823 2068 ipsum
1874 2015 2131 2054 resonan-

565 2105 646 2146 tcs
697 2113 711 2147 :
761 2108 825 2148 ac
884 2108 978 2161 per
1026 2093 1282 2162 linguas.
1355 2094 1711 2159 congruentia
1771 2107 1958 2146 eorum
1993 2131 2007 2154 ,
2077 2100 2130 2144 et

563 2185 808 2254 aptitudo
894 2185 960 2238 ad
1057 2185 1379 2238 Christiana:
1440 2184 1700 2236 doctrinae
1790 2181 2132 2252 praedicatio-

565 2292 684 2330 nem
739 2275 1168 2344 signiﬁcabatur.
1199 2277 1327 2340 Aut,
1391 2276 1436 2330 si
1506 2276 1676 2345 magis
1728 2277 1976 2341 arridet,
2033 2291 2130 2345 per

569 2363 800 2417 Verbum
856 2365 957 2418 hoc
1004 2364 1125 2418 loco
1158 2363 1436 2417 Christum
1469 2363 1732 2432 intelligo.
1787 2363 1974 2429 itaque
2003 2377 2126 2414 cum

565 2456 877 2524 huiusmodi
925 2455 1102 2510 Verbo
1158 2453 1395 2523 Spiritus
1457 2464 1730 2516 sanctus,
1789 2453 2015 2520 perinde
2064 2466 2130 2506 ac

565 2549 744 2615 lingua
812 2546 1099 2615 qumdam,
1181 2546 1564 2613 cognationem
1640 2543 2126 2597 necessitudinem-

564 2655 668 2703 que
721 2639 902 2691 habet.
962 2639 1135 2689 Tanta
1187 2646 1271 2689 est
1318 2637 1460 2689 enim
1503 2635 1740 2704 Spiritus
1790 2636 1964 2689 sancti
2006 2649 2131 2688 cum

563 2731 782 2783 Christo
836 2729 1194 2797 coniunctio,
1247 2739 1305 2782 ut
1368 2728 1569 2783 Christi
1626 2743 1844 2796 quoque
1898 2727 2134 2796 Spiritus

563 2823 810 2876 dic;itur:
844 2819 902 2874 Si
931 2822 1045 2888 quis
1091 2821 1261 2885 enim,
1299 2819 1496 2887 inquit,
1532 2817 1791 2886 Spiritum
1823 2833 1925 2869 non
1953 2817 2131 2880 habet,

565 2915 648 2964 hic
683 2929 785 2966 non
825 2920 903 2966 est
951 2913 1152 2982 ejus”.
1194 2911 1306 2965 Cur
1355 2920 1535 2964 autem
1581 2911 1633 2962 in
1689 2910 1860 2980 igneis
1894 2910 2135 2978 linguis?

566 3007 818 3060 Fortasse
841 3006 962 3072 quia
994 3004 1231 3072 Spiritus
1265 3004 1528 3073 purgandi
1555 3003 1659 3055 vim
1712 3011 1766 3057 et
1823 3002 2132 3057 facultatem

2232 547 2352 616 plex
2376 557 2460 602 est
2517 559 2571 603 et
2616 551 2859 618 partibus
2917 565 3130 610 carens,
3191 558 3354 618 atque
3412 549 3793 604 indivisibilis:

2228 637 2402 706 ipsius
2437 649 2614 693 tamen
2655 640 2840 708 gratiae
2895 639 3232 704 dividuntur,
3281 639 3370 692 ac‘
3396 654 3493 707 pro
3535 640 3798 708 cujusque

2229 729 2424 780 merito
2451 738 2504 782 et
2534 728 2792 796 dignitate
2826 729 3242 784 distribuuntur.
3275 728 3448 794 Quam
3491 739 3676 783 autem
3736 729 3802 780 ob

2227 833 2447 872 causam
2479 820 2730 874 sedentes
2755 821 2951 889 lingua:
2979 837 3141 889 super
3172 822 3446 888 apostolos
3473 823 3604 878 visae
3635 826 3800 879 sunt?

2226 909 2493 975 Quoniam
2519 911 2697 978 regius
2730 910 2954 965 thronus
2983 911 3088 981 ipsi
3115 911 3237 965 facti
3272 921 3399 966 sunt
3425 913 3571 981 regis
3604 926 3660 967 et
3683 916 3794 976 Dei,

2229 999 2332 1053 hoc
2367 1009 2475 1063 est,
2506 998 2746 1068 Spiritus
2774 1001 2966 1061 sancti,
3005 1016 3068 1056 ac
3090 1003 3357 1069 requievit
3379 1019 3543 1071 super
3564 1019 3661 1058 eos
3699 1006 3798 1059 Pa-

2224 1091 2475 1145 racletns.
2505 1089 2595 1144 Sic
2618 1090 2761 1144 enim
2812 1091 3050 1158 loquitur
3087 1091 3248 1144 David
3284 1109 3298 1144 :
3336 1091 3440 1157 Qui
3460 1093 3610 1146 sedes
3648 1110 3801 1160 super

2225 1181 2528 1246 Clterubim,
2559 1182 2897 1250 manifestare
2913 1179 2980 1236 ‘°.
3015 1182 3080 1234 Et
3106 1197 3341 1237 rursus:
3373 1183 3623 1236 Ascendit
3651 1199 3800 1250 super

2224 1273 2523 1336 Cherubim,
2579 1284 2624 1326 et
2692 1273 2885 1326 volavit
2934 1273 3001 1326 ".
3065 1272 3130 1326 Et
3190 1271 3438 1327 Ezechiel
3487 1269 3799 1341 huiusmodi

2223 1364 2516 1433 quamdam
2567 1364 2830 1418 visionem
2882 1364 3092 1431 habuit,
3142 1380 3337 1433 nempe
3380 1365 3704 1430 Cherubim,
3750 1371 3802 1419 et

2225 1456 2635 1512 similitudinem
2665 1456 3011 1520 thronorum,
3044 1465 3097 1510 et
3129 1472 3294 1525 supra
3317 1472 3438 1510 cum
3485 1457 3800 1510 similitudi-

2225 1562 2344 1600 nem
2391 1545 2543 1614 quasi
2581 1545 2768 1600 formae
2795 1545 3050 1600 hominis.
3109 1548 3183 1600 Ac
3232 1556 3490 1614 prieterea
3518 1547 3603 1602 his
3622 1547 3806 1602 verbis

2223 1639 2394 1693 utitur
2425 1661 2438 1694 :
2473 1638 2698 1708 Egressa
2715 1649 2786 1692 est
2813 1640 2985 1708 giuria
3024 1639 3244 1693 Domini
3275 1641 3340 1692 ab
3372 1641 3551 1709 aprico
3585 1642 3801 1704 domus,

2224 1740 2271 1784 et
2307 1732 2537 1784 ascendit
2557 1747 2711 1798 super
2740 1730 3020 1785 Cherubim
3042 1733 3110 1785 ”.
3142 1731 3300 1796 Quod
3327 1733 3371 1786 si
3395 1732 3480 1786 cui
3509 1733 3801 1795 curiosior,

2231 1837 2391 1888 quam
2428 1837 2523 1890 par
2563 1822 2654 1884 sit,
2696 1837 2802 1875 non
2826 1822 3031 1886 videor,
3062 1831 3122 1876 ut
3152 1824 3246 1891 qui
3277 1823 3531 1877 omnibus
3561 1823 3702 1877 locis
3729 1824 3804 1876 al-

2232 1910 2490 1978 legoriaut
2528 1919 2764 1978 captem,
2796 1911 2898 1964 hoc
2931 1925 3149 1979 quoque
3191 1911 3488 1969 excutiam.
3528 1910 3707 1976 Quam
3736 1912 3804 1966 ob

2230 2017 2473 2064 causam,
2513 2016 2636 2054 cum
2667 2000 2894 2070 apostoli
2930 2001 2982 2054 in
3012 2001 3298 2056 cmnaculo
3325 2010 3528 2064 essent,
3571 2000 3806 2070 Spiritus

2230 2096 2296 2145 ad
2330 2108 2423 2146 eos
2472 2093 2720 2147 accessit.
2769 2091 3024 2148 Fortasse
3076 2103 3137 2147 ut
3176 2093 3520 2162 perspicuum
3561 2093 3676 2156 ﬁat,
3713 2109 3804 2147 eos

2230 2184 2321 2252 qui
2347 2183 2647 2251 spiritualia
2675 2183 2814 2236 dona
2844 2183 3116 2252 accepturi
3142 2191 3289 2248 sunt,
3323 2199 3487 2252 supra
3514 2198 3602 2237 res
3631 2193 3803 2237 terre-

2231 2289 2328 2327 nas
2349 2273 2519 2328 attolli
2578 2273 2777 2328 debere
2830 2290 2848 2329 :
2895 2273 3330 2343 quandoquidem
3377 2276 3543 2326 etiam
3606 2274 3805 2329 ditinis

2232 2369 2388 2435 aquis
2418 2367 2697 2421 caanacula
2731 2365 2978 2436 quaedam
3005 2377 3276 2435 teguntur.
3304 2368 3391 2420 Ait
3419 2369 3564 2421 enim
3599 2367 3802 2421 David:

2234 2457 2337 2522 Qui
2368 2458 2494 2525 tegis
2535 2458 2685 2525 aquis
2713 2457 2984 2510 caenaculo
3009 2457 3124 2525 ejus
3142 2459 3207 2511 “.
3250 2456 3368 2522 Quo
3399 2457 3522 2513 loco
3551 2473 3649 2528 per
3694 2472 3805 2511 ca:-

2233 2551 2449 2611 nacula,
2476 2549 2725 2602 homines
2775 2549 2992 2603 sublimi
3024 2559 3078 2603 et
3102 2550 3316 2604 excelsa
3356 2561 3537 2604 mente
3598 2550 3800 2616 praediti

2234 2639 2532 2708 signiﬁcari
2563 2641 2775 2708 possint
2805 2657 2822 2697 :
2860 2656 2955 2710 per
2987 2655 3158 2710 aquas
3192 2651 3369 2696 autem
3420 2657 3514 2696 eos
3543 2653 3799 2712 tegentes,

2234 2729 2491 2799 angelicae
2545 2740 2864 2798 potestates.
2910 2729 3013 2786 Per
3047 2747 3182 2800 quas
3223 2748 3392 2804 aquas
3424 2733 3566 2789 Deus
3591 2749 3806 2803 quoque

2237 2824 2485 2878 laudibus
2535 2823 2883 2880 celebratur:
2954 2825 3194 2880 Laudate
3227 2828 3372 2881 enim
3421 2843 3562 2894 eum,
3611 2829 3805 2898 inquit,

2235 2913 2350 2966 caeli
2374 2914 2641 2979 castorum,
2669 2923 2716 2968 et
2751 2931 2902 2984 aqua:
2935 2931 3053 2986 qua:
3079 2931 3234 2984 super
3259 2916 3413 2972 caelos
3461 2928 3586 2972 sunt
3609 2919 3678 2974 “.
3715 2921 3808 2973 At-

2235 3020 2341 3074 que
2376 3007 2489 3073 ipsc
2507 3007 2670 3060 etiam
2707 3005 2956 3061 Christus
2982 3007 3036 3060 in
3071 3009 3356 3062 ctenaculo
3384 3010 3670 3081 mysticam
3699 3026 3808 3064 ca:-

569 3099 748 3159 habet,
781 3098 922 3150 velut
977 3097 1116 3165 ignis
1172 3096 1280 3159 ille,
1338 3095 1406 3150 de
1451 3111 1560 3164 quo
1610 3094 1860 3149 Christus
1917 3093 2131 3147 aiebat":
2160 3128 2204 3191 Ο
2241 3110 2365 3147 nam
2391 3094 2676 3163 discipulis
2710 3095 2970 3163 impertit,
2995 3110 3116 3149 cum
3165 3097 3276 3166 iam
3325 3097 3694 3153 divinioribus
3749 3114 3810 3152 ac

484 3235 489 3241 .
566 3187 749 3254 Ignem
779 3190 892 3241 veni
945 3189 1150 3241 mittere
1208 3189 1264 3240 in
1293 3187 1573 3240 terram".
1610 3184 1708 3240 Hic
1737 3194 1916 3240 autem
1973 3186 2136 3241 absu-

569 3281 778 3335 mendae
808 3282 1072 3343 materiae,
1107 3279 1424 3348 vitiosaeque
1463 3277 1698 3333 actionis
1725 3287 1777 3331 et
1803 3277 2139 3332 habitudinis

570 3375 875 3429 facultatem
904 3374 1086 3436 habet,
1117 3388 1276 3441 quem
1303 3373 1462 3425 etiam
1489 3369 1889 3438 quamprimum
1914 3369 2136 3422 accendi

568 3467 738 3536 cupit,
788 3467 892 3519 hoc
939 3471 1043 3527 est,
1099 3462 1464 3532 evangelicam
1519 3459 1985 3530 praedicationem,
2017 3474 2138 3527 qua:

569 3559 710 3627 ignis
728 3557 902 3610 instar
929 3555 1262 3610 credentium
1292 3561 1510 3622 peccata
1544 3559 1735 3621 purgat
1764 3559 1924 3619 atque
1941 3549 2135 3605 abolet.

570 3649 827 3703 Fortasse
855 3649 1018 3702 etiam
1069 3656 1286 3716 propter
1323 3645 1641 3701 essentiam.
1691 3642 1964 3711 Scriptum
1993 3643 2138 3698 enim

569 3743 796 3795 habetur
866 3743 919 3794 in
979 3739 1392 3795 Deutcrouomio
1439 3757 1452 3792 :
1503 3736 1757 3790 Dominus
1823 3737 1961 3790 Deus
2020 3745 2138 3790 tuus

569 3836 704 3903 ignis
729 3850 1032 3888 consumens
1061 3843 1161 3898 est,
1185 3832 1317 3885 Deus
1335 3829 1768 3884 aemulatorm".
1797 3828 1942 3897 Ignis
1975 3827 2142 3897 igitur

571 3927 788 3979 nomine
824 3925 916 3979 Dei
949 3925 1240 3979 essentiam
1269 3921 1607 3990 intelligitur,
1655 3935 1763 3974 non
1814 3920 1955 3988 quod
1999 3919 2140 3986 ignis

572 4019 662 4081 sit,
700 4031 886 4069 verum
923 4016 1212 4084 allegorica
1245 4013 1476 4078 ratione,
1508 4012 1633 4080 quia
1664 4012 1712 4064 vi
1743 4027 1841 4066 sua
1865 4009 2142 4065 consumit

570 4117 733 4173 atque
773 4104 973 4166 abolet,
1011 4118 1074 4156 ac
1108 4103 1243 4155 mira
1273 4099 1608 4154 vehementia
1640 4098 1769 4165 agit.
1801 4097 1943 4151 Deus
1972 4096 2140 4160 enim,

571 4209 632 4249 ut
665 4195 825 4263 iustis
851 4195 938 4247 lux
970 4204 1073 4258 est,
1094 4193 1168 4245 ita
1198 4191 1575 4260 peccatoribus
1606 4189 1765 4258 ignis.
1806 4186 2006 4241 Eodem
2044 4187 2142 4257 igi-

572 4300 660 4342 tur
723 4288 886 4340 modo
943 4286 1182 4352 Spiritus
1232 4299 1447 4353 quoque
1500 4283 1641 4353 ignis
1688 4279 1906 4342 dicitur,
1956 4288 2143 4347 utpote

573 4381 734 4441 heus,
767 4379 832 4432 ad
861 4377 1288 4447 exprimendam,
1330 4377 1384 4429 ni
1434 4374 1614 4437 fallon,
1649 4373 1768 4443 eius
1802 4386 1926 4425 cum
1983 4369 2143 4424 Patre

2237 3184 2652 3254 perfectioribus
2675 3185 3051 3241 imbuerentur
3076 3197 3238 3256 atque
3263 3187 3698 3243 iustituerentur.
3728 3187 3807 3252 Et,

2237 3286 2418 3334 utuuo
2436 3279 2598 3334 verbo
2617 3279 2815 3343 dicam,
2838 3294 2933 3348 per
2963 3279 3110 3333 illum
3129 3279 3519 3349 discipulorum
3544 3281 3598 3334 in
3633 3295 3813 3334 creua-

2237 3372 2420 3426 culum
2467 3387 2753 3427 ascensum
2791 3373 2894 3426 hoc
2935 3373 3217 3435 docemur,
3254 3387 3475 3428 necesse
3507 3387 3655 3438 esse,
3687 3389 3812 3442 par-

2238 3465 2334 3518 tim
2375 3473 2433 3518 ut
2472 3463 2612 3518 Deus
2639 3464 2948 3528 descendat,
2999 3464 3256 3518 nimirum
3290 3478 3385 3533 per
3424 3465 3809 3533 benignitatem

2237 3554 2556 3624 fastigiique
2584 3554 2666 3608 sui
2689 3553 3144 3620 submissionem;
3177 3554 3374 3621 partim
3400 3562 3461 3606 ut
3490 3554 3594 3622 ipsi
3626 3568 3815 3608 ascen-

2239 3647 2451 3708 damus,
2514 3659 2610 3715 per
2679 3651 3020 3699 terrenarum
3089 3657 3272 3698 rerum
3337 3643 3815 3712 contemptionem,

2239 3734 2498 3806 permista
2530 3733 2788 3787 nimirum
2831 3732 3014 3786 divina
3068 3732 3423 3802 amplitudine
3454 3746 3581 3786 cum
3613 3732 3816 3785 vilitate

2238 3832 2425 3879 nostra
2457 3839 2472 3876 :
2508 3821 2965 3892 quemadmodum
3002 3822 3057 3876 in
3084 3821 3232 3878 Mose
3255 3837 3474 3891 quoque
3499 3829 3660 3876 antea
3693 3838 3817 3875 usu-

2240 3916 2410 3970 venit.
2440 3913 2576 3968 Nam
2613 3922 2667 3968 et
2713 3915 2830 3984 ipse
2877 3914 2932 3968 in
2987 3924 3221 3968 montem
3281 3913 3410 3967 Sina
3446 3913 3694 3968 ascendit
3725 3932 3738 3967 :
3769 3924 3816 3968 ct

2242 4005 2384 4061 Deus
2431 4005 2709 4060 descendit
2741 4022 2756 4060 :
2807 4013 2969 4075 atque
3013 4005 3085 4059 ita
3119 4006 3455 4059 consortium
3485 4006 3685 4059 initum
3719 4017 3816 4068 est,

2242 4113 2308 4153 ac
2354 4098 2683 4168 Decalogum
2723 4097 2951 4166 accepit.
3008 4095 3222 4165 Alioqui
3253 4097 3300 4151 si
3340 4096 3484 4152 Deus
3510 4097 3569 4151 in
3604 4095 3817 4166 fastigio

2243 4205 2344 4246 suo
2372 4199 2612 4256 maneat,
2633 4204 2698 4244 ac
2715 4203 2815 4243 nos
2838 4189 2890 4242 in
2917 4188 3221 4242 humilitate
3241 4197 3450 4253 nostra,
3481 4187 3576 4241 Dei
3608 4188 3818 4241 bonitas

2242 4282 2395 4336 nullo
2423 4280 2588 4336 modo
2621 4281 2780 4335 nobis
2806 4280 3027 4335 misceri
3057 4294 3122 4334 ac
3161 4281 3559 4334 communicari
3598 4281 3818 4348 poterit.

2243 4372 2432 4444 Neque
2474 4373 2625 4427 dives
2656 4372 2746 4426 ille
2772 4387 2802 4426 a
2829 4370 3060 4437 Lazaro,
3089 4379 3143 4426 et
3171 4372 3238 4425 ab
3266 4371 3574 4440 expetendo
3593 4373 3820 4424 Abt-aha:

567 4481 620 4524 et
651 4469 787 4524 Filio
825 4469 1142 4522 substantiae
1169 4467 1550 4535 aaqualitatem,
1604 4463 1975 4532 disrumpatur
2017 4462 2142 4515 licet
2173 4458 2219 4516 υ
2245 4466 2390 4528 sinu,
2440 4473 2590 4518 tanto
2630 4463 2774 4518 hiatu
2830 4463 3116 4532 interiecto
3153 4463 3548 4532 dirimebatur,
3594 4474 3657 4517 ut
3701 4479 3821 4531 pro-

572 4563 877 4624 haereticus,
900 4571 1060 4630 atque
1089 4560 1142 4613 in
1175 4568 1466 4628 angustum
1487 4565 1784 4624 prematur,
1807 4554 1934 4620 quia
1962 4553 2136 4620 Spiri-

572 4665 682 4705 tum
724 4661 969 4706 sanctum
1025 4650 1168 4704 Patri
1201 4661 1253 4704 et
1275 4649 1414 4703 Filio
1459 4646 1978 4702 consubstantialem
2019 4659 2138 4699 esse

571 4742 948 4795 concludimus
965 4751 1257 4809 aperteque
1287 4739 1602 4807 probamus.
1647 4735 1781 4789 Nam
1844 4749 1965 4788 cum
1999 4733 2140 4788 Deus

574 4833 715 4901 ignis
749 4833 838 4894 sit,
872 4832 1013 4900 ignis
1053 4840 1237 4885 autem
1263 4830 1496 4898 Spiritus
1523 4842 1742 4896 quoque
1776 4827 1867 4886 sit,
1893 4824 2140 4893 profecto

572 4941 694 4978 cum
717 4924 958 4992 eiusdem
982 4923 1054 4976 sit
1081 4921 1396 4974 substantiae
1424 4935 1546 4973 cum
1579 4919 1708 4980 Deo,
1741 4916 1908 4969 Deum
1927 4931 2141 4985 quoque

573 5018 750 5087 ipsum
785 5029 906 5069 esse
950 5012 1234 5082 perspicue
1292 5019 1524 5064 constat.
1573 5009 1683 5064 Cur
1729 5017 1907 5062 autem
1945 5009 2140 5076 lingua:

569 5106 986 5163 dividebantur?
1007 5105 1142 5169 Quia
1174 5103 1401 5157 diversa:
1419 5111 1471 5156 et
1497 5100 1824 5170 multiplices
1854 5109 1983 5154 sunt
2017 5099 2140 5168 Spi-

571 5203 711 5256 ritus
745 5199 950 5269 gratire.
983 5200 1158 5266 Atque
1185 5195 1276 5250 alii
1305 5194 1520 5265 quidem
1550 5195 1710 5246 datur
1764 5193 1987 5260 spiritus
2049 5205 2139 5244 sa-

573 5294 806 5364 pientiae,
830 5291 920 5345 alii
955 5298 1134 5344 autem
1161 5288 1385 5356 spiritus
1417 5285 1674 5346 seicutiw,
1695 5283 1784 5336 alii
1810 5293 1985 5335 autem
2017 5296 2144 5348 pro-

573 5386 786 5454 pheliaa,
833 5383 920 5438 alii
947 5395 1143 5453 genera
1168 5379 1495 5448 linguarum,
1537 5375 1627 5428 alii
1682 5372 1825 5426 aliud
1865 5371 2135 5428 ouoddam

643 5593 686 5622 ⁸⁵
711 5593 829 5644 Aet.
865 5605 938 5651 ιι,
968 5591 991 5641 ι
1029 5603 1181 5655 seqq.
1263 5587 1304 5616 ”‘
1329 5584 1484 5655 Itoni.
1520 5582 1706 5655 vin,9.

573 5661 628 5723 4,
657 5660 708 5712 7.
809 5661 853 5691 ιο
883 5649 1026 5714 l‘sal.
1050 5649 1308 5719 Lx'x'txﬂ.
1370 5655 1425 5723 κει
1453 5651 1593 5704 l’sal.
1625 5665 1728 5723 vv”
1765 5649 1860 5723 Ait,

575 5717 682 5795 tit,
725 5729 787 5794 l;
821 5727 932 5782 Luc
985 5743 1058 5792 tv,
1107 5726 1192 5778 18.
1227 5717 1231 5719 Ὗ
1292 5725 1337 5755 ³⁸
1369 5722 1469 5776 lsa.
1510 5737 1558 5774 λι
1585 5759 1599 5776 .
1630 5721 1683 5772 ‘2.
1763 5721 1803 5746 "
1833 5717 2062 5774 Zachar.

1791 5580 1831 5610 “
1857 5577 1988 5630 Luc.
2023 5593 2115 5642 vn,
2140 5577 2228 5631 59.
2307 5577 2388 5605 ‘7"

1791 5649 1860 5698 ll.
1939 5649 1981 5676 "
2017 5646 2209 5698 Ezech.
2235 5660 2287 5698 ιι.
2323 5644 2388 5697 18

2017 5661 2209 5700 ιιῑρριι.
2235 5661 2287 5703 Χ,
2323 5661 2409 5698 Ίδ.

2238 4567 2418 4612 creata
2442 4565 2626 4610 nostra
2657 4567 2871 4617 natura,
2905 4565 2960 4610 et
2984 4553 3208 4626 proinde
3227 4554 3622 4622 corruptibilis,
3649 4555 3717 4608 ab
3742 4555 3823 4608 in-

2239 4657 2420 4703 creata
2450 4657 2642 4701 natura
2672 4662 2736 4701 ac
2761 4655 3048 4716 propterea
3087 4645 3488 4714 ineorruptibili
3507 4684 3522 4710 ,
3557 4647 3825 4715 dirempta

2240 4737 2535 4806 dissitaque
2564 4736 2847 4791 videbitur.

2313 4829 2429 4882 Col.
2457 4828 2561 4904 ﬂii
2593 4827 2655 4882 C.
2674 4828 2772 4882 llic
2801 4846 2833 4882 a
2855 4830 3116 4897 prophetis
3135 4829 3345 4898 quidem
3375 4829 3697 4897 prtedicatus
3726 4838 3826 4886 est.

2245 4930 2350 4976 etc.
2371 4920 2468 4974 llic
2482 4919 2717 4989 Spiritus
2729 4929 2990 4975 sanctusa
3007 4921 3286 4990 prophetis
3305 4920 3632 4988 praedicatus
3649 4930 3756 4976 est.
3771 4930 3825 4971 nt

2245 5009 2574 5076 cumilsaias
2615 5009 2666 5061 in
2697 5009 2901 5063 Christi
2936 5024 3165 5077 persona
3195 5009 3310 5063 ait:
3344 5007 3576 5078 Spiritus
3617 5009 3826 5062 Domini

2245 5113 2400 5163 super
2417 5114 2496 5150 me
2523 5097 2596 5163 ¹⁵;
2619 5107 2670 5150 et
2689 5113 2880 5152 rursus
2898 5098 2965 5151 de
2980 5097 3168 5152 eodem
3193 5098 3422 5168 loquens
3441 5115 3454 5149 :
3479 5096 3824 5166 Requiesrent

2248 5204 2406 5256 super
2442 5203 2558 5240 eum
2587 5197 2780 5255 septem
2805 5188 3024 5256 spiritus
3081 5189 3147 5254 ⁸⁸,
3177 5189 3281 5242 hoc
3303 5199 3409 5252 est,
3445 5190 3633 5256 gratia:
3660 5198 3716 5243 et
3745 5189 3826 5240 vi-

2246 5295 2333 5334 res
2349 5289 2400 5333 et
2425 5280 2692 5343 actiones,
2711 5295 2848 5348 quas
2875 5289 3079 5348 septem
3108 5278 3297 5332 oculos
3322 5276 3617 5331 Zacharias
3652 5277 3826 5332 nomi-

2246 5371 2396 5426 navit
2419 5373 2484 5424 ".
2529 5370 2739 5426 Dictqu
2773 5381 2856 5425 est
2887 5372 3110 5441 insuper
3156 5371 3223 5426 de
3265 5369 3467 5424 Jud:eis
3501 5389 3515 5424 :
3546 5369 3825 5424 Descendit

2307 5575 2422 5605 "-“'
2450 5573 2603 5628 Deut.
2645 5590 2718 5638 Iv,
2741 5575 2845 5638 ‘24;
2880 5573 3054 5629 Exod.
3086 5589 3266 5634 χχχιιι,
3297 5572 3376 5626 Η.

2488 5645 2532 5676 ’³
2569 5643 2710 5701 l‘sal.
2743 5660 2858 5711 Clll,
2891 5645 2944 5697 5.

3460 5574 3503 5603 ’³
3531 5573 3546 5626 1
3574 5571 3704 5628 Cor.
3731 5587 3820 5634 ιιι,

3021 5644 3066 5674 ’⁸
3092 5643 3229 5697 Psal.
3260 5657 3482 5705 cstvtn,
3508 5643 3562 5696 ι.
3643 5644 3686 5674 ⁸⁵
3722 5642 3817 5696 Ιεει.

2131 5731 2214 5782 ιιι,
2267 5715 2319 5768 9.
