4076 6292
244 361 278 420 1
299 359 396 421 £73

1243 349 1556 412 NICETAS
1595 350 1676 410 IN
1708 347 1928 408 ORAT.
1969 345 2154 408 XLIV
2193 347 2250 406 S.
2293 343 2516 404 GREG.

3280 305 3288 313 ’
3364 343 3500 405 tm

247 474 497 544 Spiritus
544 469 776 534 Domini,
826 477 875 521 et
905 469 1118 522 deduxit
1178 484 1263 521 eos
1292 469 1357 519 ’⁸.
1418 468 1494 520 Ac
1539 481 1728 520 rursus
1782 465 1834 517 in
1871 470 1910 525 Λ
1941 471 1994 514 et
2037 462 2455 530 separationem.
2507 459 2684 528 Atque
2737 457 2964 521 idcirco.
2985 459 3039 513 in
3095 457 3310 513 inferno
3343 476 3502 513 nemo

246 567 427 621 Exodi
455 565 591 618 libro
617 563 877 630 scriptum
914 571 997 615 est
1039 577 1053 614 :
1093 559 1333 628 Implevit
1363 558 1594 628 Spiritus
1618 558 1826 612 divinus

247 655 490 710 Beseleel
540 654 802 723 sapientia
857 662 905 706 et
935 653 1205 705 industria
1257 662 1304 706 et
1350 653 1566 704 scientia
1599 650 1664 701 ".
1699 650 1831 702 Erat

259 757 455 801 autem
494 746 757 809 Beseleel,
785 744 1117 798 tabernaculi
1149 743 1280 797 Mosi
1324 743 1376 796 in
1410 749 1592 795 monte
1625 740 1831 794 ostensi

243 834 616 887 architectus.
664 831 830 884 Isaias
880 845 1092 894 rursus,
1140 827 1356 882 Judaeos
1390 841 1677 890 accusans,
1707 826 1829 878 ait:

248 923 378 994 Ipsi
409 932 740 976 contumaces
760 921 992 989 fuerunt,
1029 935 1089 972 ac
1115 917 1375 987 Spiritum
1407 928 1644 970 sanctum
1667 917 1832 984 ipsius

241 1014 330 1067 ad
363 1015 502 1066 iram
535 1020 963 1080 prorataverunt.
999 1009 1061 1060 Et
1089 1025 1362 1061 conversus
1387 1019 1460 1061 est
1492 1009 1618 1076 ipsis
1647 1010 1701 1061 in
1733 1008 1835 1060 ini-

237 1105 522 1158 micitiam
553 1103 620 1154 ³⁰.
647 1101 817 1155 Porro
845 1101 1070 1154 historia
1116 1100 1245 1153 Elia:
1274 1100 1413 1152 libro
1443 1100 1600 1164 tertio
1628 1097 1833 1168 Regum

237 1193 478 1265 prodita
529 1202 633 1253 est,
673 1191 765 1244 ubi
801 1189 1022 1243 disertis
1057 1189 1236 1243 verbis
1273 1189 1502 1241 habetur
1542 1206 1554 1242 :
1608 1187 1834 1255 Spiritus

235 1301 382 1340 eum
419 1283 607 1336 extulit
632 1282 698 1346 ⁸¹;
740 1296 806 1335 ex
834 1297 942 1349 quo
965 1280 1014 1332 id
1049 1281 1210 1333 datur
1255 1279 1499 1349 intelligi,
1531 1280 1674 1348 quod
1695 1279 1834 1332 divi.

239 1389 372 1429 nus
403 1371 646 1441 Spiritus
680 1371 965 1423 hominum
989 1369 1243 1437 Opinione
1271 1369 1474 1436 majora
1494 1370 1546 1420 in
1571 1383 1637 1420 eo
1665 1376 1837 1435 patra-

244 1467 376 1517 bat.
417 1461 616 1514 Eodem
643 1460 781 1513 libro
812 1457 989 1512 Eliswi
1021 1473 1235 1527 quoque
1273 1457 1566 1525 postulatio
1596 1457 1840 1510 contine-

247 1564 378 1608 tur.
436 1549 582 1604 Dixit
613 1549 783 1612 enim,
842 1547 1038 1615 inquit,
1086 1546 1312 1600 Elisaeus
1364 1547 1429 1600 ad
1465 1545 1636 1599 Eliam
1670 1543 1839 1598 :Fiat

244 1643 524 1714 Spiritus,
550 1643 638 1712 qui
665 1642 718 1694 in
759 1649 808 1692 te
846 1650 946 1704 est,
969 1638 1162 1705 duplex
1185 1639 1240 1690 in
1270 1653 1348 1690 me
1379 1637 1445 1690 ³².
1498 1635 1630 1701 Quae
1658 1646 1837 1688 autem

245 1746 594 1804 sequuntur,
629 1751 659 1788 e
684 1731 912 1787 Psalmis
949 1733 1115 1800 petita
1159 1738 1304 1785 sunt.
1337 1729 1423 1782 Ait
1452 1730 1597 1782 enim
1633 1727 1795 1780 David
1823 1745 1836 1781 :

1931 561 2012 606 est
2061 553 2150 622 qui
2192 551 2300 606 Deo
2319 552 2643 606 conﬁteatur
2670 550 2994 628 laudemque
3028 556 3304 603 contexat.
3325 549 3510 617 Neque

1932 641 2079 695 enim
2133 656 2373 711 prtesens
2408 641 2513 694 illis
2554 639 2790 707 Spiritus
2826 640 3090 692 auxilium
3143 631 3392 708 aﬁ‘ulgot.

2008 730 2126 783 Col.
2160 729 2259 782 4-67
2290 729 2354 781 A.
2392 727 2492 780 Ilie
2522 731 2750 796 Spiritus
2778 737 2824 780 et
2858 744 2974 780 cum
3002 726 3166 791 Filio,
3199 740 3302 784 etc.
3335 732 3510 802 Spiri-

1935 831 2022 876 tus
2055 831 2272 875 sanctns
2301 821 2355 874 in
2396 821 2661 889 principio
2691 836 2870 874 rerum
2901 824 3231 875 creationem
3259 839 3382 876 cum
3415 825 3508 877 Fi-

1935 912 2006 965 lio
2033 913 2329 965 fabricatus
2365 923 2470 973 est,
2501 912 2958 980 quemadmodum
2981 913 3058 965 ait
3095 916 3257 966 David
3300 932 3312 966 :
3346 915 3512 969 Verbo

1934 1002 2150 1055 Domini
2191 1001 2307 1054 coeli
2336 1002 2537 1069 ﬁrmati
2577 1013 2724 1068 sunt,
2763 1013 2810 1055 et
2837 1001 3040 1068 Spiritu
3069 1006 3174 1056 oris
3207 1006 3318 1072 ejus
3342 1011 3509 1060 omnis

1935 1099 2100 1150 virtus
2130 1111 2309 1148 eorum
2333 1095 2399 1146 “.
2439 1093 2700 1159 Quocirca
2732 1097 2832 1148 hoc
2862 1096 3000 1158 loco,
3035 1111 3132 1152 nec
3155 1112 3249 1163 per
3286 1098 3509 1151 verbum

1938 1187 2081 1240 aeris
2107 1187 2400 1254 impressio
2417 1186 2774 1256 signiﬁcatur,
2810 1201 2930 1254 quae
2963 1201 3058 1254 per
3079 1187 3282 1240 vocalia
3309 1202 3513 1256 organa

1937 1276 2178 1341 eﬁertur,
2213 1293 2311 1331 nec
2347 1293 2442 1347 per
2494 1278 2740 1346 spiritum
2783 1280 2890 1330 oris
2947 1293 3152 1346 vapor,
3201 1280 3292 1347 qui
3349 1280 3516 1333 abiis

1944 1369 2214 1434 partibus,
2276 1370 2476 1438 quibus
2542 1371 2898 1438 respiramus,
2953 1370 3514 1424 extruditurzverum

1941 1458 2043 1510 hoc
2083 1455 2319 1512 Verbum
2357 1460 2537 1512 vivum
2575 1467 2657 1513 est
2686 1468 2738 1513 et
2781 1461 3107 1524 subsistens,
3157 1462 3291 1514 illud
3356 1461 3517 1514 nimi-

1941 1565 2085 1613 rum,
2112 1552 2254 1618 quod
2285 1551 2336 1602 in
2371 1551 2641 1620 principio
2686 1559 2802 1604 erat
2859 1554 2996 1620 apud
3030 1552 3224 1616 Deum,
3290 1565 3344 1607 et
3375 1554 3518 1607 Deus

1939 1651 2078 1694 erat.
2105 1641 2282 1710 Atque
2318 1643 2500 1696 itidem
2521 1643 2743 1711 spiritus
2783 1644 2894 1697 oris
2921 1644 3014 1697 Dei
3043 1685 3058 1707 ,
3103 1643 3335 1712 Spiritus
3375 1646 3518 1697 veri-

1943 1732 2067 1786 tatis
2108 1743 2211 1794 est,
2249 1733 2394 1800 quia
2427 1732 2584 1786 Patre
2611 1734 2874 1801 procedit.
2907 1733 3029 1786 Tria
3059 1734 3240 1803 itaque
3272 1735 3518 1787 animad-

241 1826 504 1894 Spiritus
531 1835 649 1878 tuus
674 1825 837 1877 bonus
863 1823 1084 1876 deducet
1109 1838 1190 1875 me
1218 1822 1270 1874 in
1298 1822 1434 1873 viam
1466 1829 1660 1872 rectam
1681 1819 1747 1872 ³³.
1777 1818 1841 1872 Ει
1875 1805 1914 1860 Β
1944 1833 2112 1886 verte,
2163 1821 2375 1878 Patrem
2439 1825 2815 1892 imperantem,
2869 1823 3064 1878 Filium
3141 1825 3517 1889 fabricantetn,

247 1920 378 1972 alio
410 1918 529 1971 loco
553 1934 565 1970 :
596 1915 662 1968 Et
689 1915 878 1979 spiritu
904 1914 1187 1983 principali
1215 1913 1467 1980 conﬁrma
1494 1927 1573 1964 me
1601 1911 1664 1964 ³⁸.

336 2007 798 2064 lbid.Promissus
839 2016 1014 2060 autem
1044 2016 1142 2071 est,
1191 2006 1337 2073 prius
1370 2003 1570 2073 quidem
1608 2019 1640 2055 a
1673 2000 1840 2065 Joele,

248 2115 372 2157 etc.
403 2101 494 2154 Sic
519 2116 547 2153 a
588 2100 862 2168 prophetis
919 2097 1154 2166 Spiritus
1195 2096 1521 2165 prtedicatus
1566 2104 1668 2157 est,
1717 2108 1845 2160 pro-

251 2194 476 2246 miSSUs
527 2192 745 2259 quidem
811 2186 1267 2242 anzeanOele"
1301 2192 1416 2254 (per
1466 2187 1640 2255 ipsum
1697 2187 1842 2240 enim

255 2286 419 2336 Deus
449 2283 715 2351 pollicitus
737 2290 820 2336 est
851 2280 986 2345 fore,
1023 2291 1082 2334 ut
1101 2280 1336 2350 seipsum
1361 2278 1656 2334 eﬁunderet
1683 2293 1844 2348 super

251 2389 490 2428 omnem
527 2389 769 2428 carnem.
809 2375 878 2427 At
921 2373 1228 2443 Theologus
1261 2371 1550 2426 dictionem
1576 2371 1714 2424 hanc
1748 2383 1845 2423 ex-

251 2480 501 2536 ponens,
539 2481 644 2520 non
673 2466 995 2534 simpliciter
1039 2464 1446 2532 intelligendam
1479 2472 1663 2516 censet
1708 2462 1844 2515 hanc

250 2556 595 2609 effusionem
636 2569 798 2623 super
833 2569 1048 2607 onmem
1086 2568 1329 2616 carnem,
1388 2568 1573 2606 verum
1617 2553 1669 2604 in
1726 2566 1844 2605 cre-

253 2648 514 2698 dentem.
561 2645 695 2697 Nam
727 2645 818 2712 qui
848 2646 936 2712 pia
965 2645 1067 2696 ﬁde
1114 2644 1180 2695 ad
1229 2643 1504 2696 Christum
1545 2648 1843 2705 accedunt,

256 2735 538 2805 Spiritum
565 2735 891 2802 percipiunt,
950 2747 1057 2786 non
1101 2743 1279 2786 autem
1327 2733 1634 2799 increduli).
1664 2732 1846 2786 Poste-

254 2829 390 2883 rius
414 2837 596 2879 aulem
633 2843 659 2878 a
689 2823 907 2878 Christo
938 2826 1243 2893 promissus
1265 2833 1386 2878 est:
1421 2822 1636 2892 Rogabo
1687 2828 1842 2887 enim,

263 2918 483 2987 inquit,
508 2917 746 2980 Patrem,
775 2927 820 2969 et
853 2916 1018 2968 alium
1053 2915 1384 2968 Paracletum
1413 2914 1553 2966 dabit
1589 2913 1754 2977 vobis,
1790 2923 1845 2966 ut

254 3018 489 3066 maneat
529 3008 790 3062 vobiscum
840 3008 893 3059 in
923 3017 1175 3060 aeternum
1200 3007 1266 3059 ³⁸.
1305 3003 1648 3058 Gloriﬁcatur
1683 3019 1846 3073 porro

1946 1905 2210 1981 spiritum
2253 1925 2502 1968 sanctum
2557 1915 2862 1969 ﬁrmantem
2899 1925 2953 1969 et
2981 1915 3314 1968 fulcientem.
3374 1913 3517 1968 Nihil

1943 2019 2108 2072 porro
2147 2004 2295 2058 aliud
2327 2015 2409 2060 est
2459 2006 2715 2071 ﬁrmatio,
2777 2021 2939 2074 quam
2986 2005 3248 2074 perfectio
3291 2021 3519 2075 ea,qua:

1943 2094 2376 2148 sanctiﬁcatione
2412 2106 2772 2164 comparatur,
2804 2111 2869 2149 ac
2903 2095 3132 2150 ﬁrmitas
3171 2106 3226 2150 et
3262 2107 3518 2151 constan-

1944 2186 2019 2238 tia
2091 2185 2145 2238 in
2179 2185 2342 2238 bono.
2389 2185 2757 2242 Sanctiﬁcatio
2808 2203 2932 2242 vero
2975 2189 3090 2242 sine
3133 2188 3332 2258 Spiritu
3371 2189 3518 2242 nulla

1943 2285 2046 2329 est.
2072 2277 2261 2346 Neque
2283 2277 2430 2330 enim
2469 2287 2658 2330 natura
2688 2279 2938 2334 cwlestes
2965 2280 3069 2334 illa:
3098 2289 3152 2332 et
3169 2281 3334 2333 beata:
3363 2295 3518 2333 men-

1947 2378 2026 2424 tes
2054 2378 2253 2424 sanctae
2285 2379 2414 2425 sunt
2450 2392 2463 2424 :
2495 2385 2682 2424 verum
2739 2373 2977 2426 essentia
3017 2373 3259 2440 ipsarum
3325 2387 3520 2426 aereus

1945 2460 2178 2515 fortasse
2225 2461 2450 2530 spiritus
2508 2471 2610 2527 est,
2661 2473 2754 2514 aut
2795 2463 2934 2530 ignis
2991 2463 3232 2517 materize
3281 2479 3518 2534 expers:

1947 2550 2309 2604 sanctiﬁcatio
2359 2563 2562 2616 autem,
2614 2567 2732 2619 quae
2764 2553 2832 2605 ab
2880 2555 3115 2606 essentia
3143 2563 3366 2608 externa
3415 2565 3521 2616 est,

1945 2641 2333 2707 perfectionem
2367 2641 2498 2708 ipsi-3
2548 2655 2650 2708 per
2679 2642 2913 2710 Spiritus
2942 2645 3112 2696 sancti
3159 2647 3518 2698 communica-

1949 2730 2150 2781 tionem
2187 2729 2418 2786 inducit.
2453 2731 2634 2800 lgnem
2657 2741 2834 2784 autem
2883 2733 3109 2785 materia
3136 2743 3406 2787 carentem
3433 2735 3519 2788 di-

1948 2819 2043 2882 cit,
2097 2821 2253 2888 quasi
2294 2823 2589 2875 aztbereum
2619 2859 2634 2883 ,
2668 2822 2760 2888 qui
2821 2821 2887 2874 ad
2933 2823 3292 2877 dill‘erentiam
3354 2827 3524 2880 nostri

1950 2911 2093 2979 ignis
2127 2913 2500 2967 immaterialis
2541 2912 2761 2963 dicitur.
2800 2910 2901 2965 llic
2950 2913 3094 2966 enim
3129 2913 3373 2976 inferior,
3403 2917 3524 2971 abs-

1954 3018 2062 3070 que
2125 3004 2372 3061 materia,
2408 3015 2506 3055 nec
2549 3014 2769 3053 manere
2805 3010 3001 3070 potest,
3055 3019 3154 3055 nec
3199 3004 3522 3058 subsistere.

256 3101 529 3156 Christus
561 3115 589 3152 a
621 3099 822 3169 Spiritu
862 3114 1102 3168 eumque
1134 3099 1375 3151 vicissim
1423 3095 1710 3165 gloriﬁcat.
1773 3096 1918 3185 AcC
1956 3097 2146 3149 Vivum
2197 3111 2326 3165 ergo
2370 3094 2608 3148 Verbum
2644 3095 2770 3147 illml
2802 3103 2904 3156 est,
2930 3096 2983 3148 in
3031 3111 3138 3164 quo
3179 3097 3302 3149 eteli
3357 3099 3523 3152 creati

257 3193 610 3266 gloriﬁcatur
655 3193 894 3259 quidem,
948 3191 1104 3260 juxta
1144 3190 1197 3243 id
1235 3189 1378 3256 quod
1430 3190 1504 3240 ait
1535 3187 1789 3240 Christus
1827 3203 1840 3240 :

259 3285 377 3340 Ille
424 3299 504 3334 me
562 3281 968 3350 clariﬁcabit".
1031 3281 1284 3334 Vicissim
1339 3288 1517 3332 autem
1583 3275 1846 3344 Spiritum

259 3374 566 3446 glorilirat,
595 3387 717 3426 cum
743 3388 864 3425 eum
893 3372 1167 3440 praedicat,
1203 3380 1365 3438 atque
1393 3369 1494 3421 hoc
1529 3369 1594 3420 de
1617 3383 1681 3420 eo
1709 3381 1848 3434 pro—

263 3474 378 3523 fert
439 3465 849 3519 testimonium:
907 3463 1074 3518 Omne
1129 3473 1396 3530 pecc..tum
1429 3467 1493 3513 ‘et
1533 3459 1851 3526 blasphemia

263 3559 572 3612 remittetur
597 3555 926 3620 hominibus;
953 3553 1345 3621 atblaspltemia.
1365 3553 1418 3604 in
1440 3550 1694 3616 Spiritum
1723 3566 1850 3602 san-

263 3663 415 3704 ctum
460 3664 562 3700 nou
598 3649 892 3700 remittetur
913 3646 977 3698 ³⁸.
1034 3644 1500 3709 Quemadmodum
1553 3651 1606 3694 et
1635 3641 1851 3694 Patrem

263 3744 531 3797 Christus
569 3737 834 3808 gloriticat
858 3736 942 3790 his
975 3735 1154 3788 verbis
1199 3752 1213 3788 :
1247 3732 1357 3800 Ego
1384 3742 1432 3785 te
1477 3732 1769 3802 gloriﬁcavi
1798 3734 1853 3784 in

268 3845 422 3887 terra
460 3830 506 3860 ”
539 3847 552 3882 :
597 3844 659 3881 ac
695 3841 886 3880 rursus
933 3825 1002 3879 ab
1049 3825 1166 3893 ipso
1212 3822 1373 3877 Patre
1405 3823 1733 3892 gloriﬁcatur
1765 3823 1852 3876 die

264 3932 431 3979 cente
459 3935 474 3970 :
510 3916 576 3970 Et
607 3915 895 3982 clariﬁcavi
929 3925 999 3982 te,
1031 3923 1092 3983 et.
1121 3917 1314 3967 iterum
1343 3915 1646 3981 clariﬁcabo
1672 3917 1734 3966 ‘°.
1776 3917 1854 3971 Ac

267 4015 418 4074 vide,
451 4023 614 4076 quam
675 4007 929 4074 opulenta
952 4045 966 4070 ,
994 4019 1155 4073 quam
1181 4005 1420 4072 profusa,
1453 4015 1504 4059 et
1533 4006 1750 4074 copiosa
1781 4008 1853 4060 sit

266 4100 582 4160 Salvatoris
607 4097 942 4166 pollicitatio.
977 4097 1234 4150 Promisit
1279 4099 1424 4149 enim
1457 4095 1590 4161 fore,
1641 4107 1700 4150 ut
1735 4097 1856 4165 Spi-

267 4199 417 4250 ritus
459 4200 683 4244 sanctns
726 4191 777 4242 in
836 4199 1098 4242 aeternum
1129 4203 1256 4241 cum
1294 4187 1426 4256 ipsis
1451 4200 1692 4242 maneret
1725 4206 1740 4244 :
1788 4189 1855 4242 Ut

268 4292 513 4347 maneat,
557 4281 734 4350 inquit
765 4319 780 4344 ,
819 4279 1084 4332 vobiscum
1111 4278 1163 4330 in
1200 4287 1473 4331 a'ternum.
1513 4276 1856 4332 Permanebit

270 4389 483 4442 autem,
513 4375 629 4430 sive
664 4373 717 4426 in
750 4372 1002 4440 przesenti
1029 4371 1136 4424 vita
1167 4387 1290 4426 cum
1325 4371 1390 4424 iis
1422 4372 1512 4440 qui
1554 4371 1620 4424 ad
1648 4379 1856 4439 tempus

1951 3195 2118 3248 sunt;
2158 3188 2264 3240 vita
2294 3195 2502 3251 autem,
2547 3185 2785 3254 Spiritus
2812 3187 2899 3240 ille
2941 3196 3044 3252 est,
3072 3202 3102 3240 a
3143 3202 3250 3254 quo
3278 3188 3525 3244 cmlestes

1952 3278 2177 3331 virtutes
2231 3277 2492 3332 absoluta;
2540 3292 2604 3330 ac
2651 3277 2904 3346 perfecta‘.
2936 3284 3084 3330 sunt.
3136 3277 3321 3346 Neque
3379 3279 3524 3332 enim

1957 3366 2112 3422 Verbi
2142 3370 2576 3437 pronuntiatione
2605 3380 2750 3423 creat
2807 3369 2980 3433 Deus;
3034 3385 3132 3424 nec
3173 3371 3399 3439 spiritus
3433 3387 3524 3426 ae-

1953 3460 2030 3513 rei
2067 3460 2381 3528 profusione
2411 3462 2532 3515 cmli
2572 3469 2841 3515 ornantur
2871 3478 2885 3514 :
2921 3476 3108 3514 verum
3143 3461 3375 3530 Spiritus
3403 3463 3525 3518 viva

1955 3554 2215 3621 potentia,
2241 3556 2500 3608 etdivina
2545 3566 2762 3618 natura,
2806 3555 2970 3608 simu‘l
3019 3570 3141 3608 cum
3189 3557 3312 3611 vivo
3347 3553 3526 3611 Verbo

1955 3654 2234 3699 creaturas
2248 3645 2445 3709 eﬁecit,
2478 3645 2934 3713 quemadmodum
2961 3660 3025 3698 ex
3046 3646 3242 3699 Davide
3269 3645 3525 3701 dicimus.

1954 3732 2098 3798 Quin
2140 3735 2301 3788 etiam
2337 3733 2439 3787 Job
2469 3735 2706 3803 quodam
2757 3735 2880 3788 loco
2919 3736 3000 3789 sic
3036 3735 3275 3803 loquitur
3308 3753 3321 3789 :
3358 3735 3526 3804 Spiri-

1957 3833 2040 3878 tus
2067 3826 2296 3889 divinus,
2341 3829 2430 3894 qui
2493 3827 2614 3895 fecit
2655 3841 2736 3878 me
2758 3824 2824 3890 δ’,
2857 3834 3020 3893 atque
3067 3827 3140 3879 ita
3190 3829 3522 3892 procreatio-

1956 3929 2078 3967 nem
2116 3916 2199 3967 sui
2229 3913 2454 3983 Spiritui
2480 3924 2666 3969 sancto
2695 3915 2974 3970 adscribit.
3000 3913 3109 3969 Nec
3129 3929 3194 3969 eo
3210 3925 3522 3982 contentus,

1956 4021 2068 4060 suae
2088 4021 2303 4076 quoque
2335 4006 2612 4075 sapientiae
2640 4009 2872 4077 gratiam
2918 4008 3095 4062 eidem
3149 4009 3415 4079 assignat,
3460 4025 3526 4065 ac

1957 4101 2272 4167 magistrum
2300 4113 2421 4151 eum
2451 4101 2694 4166 agnoscit
2725 4101 2910 4154 dicens
2938 4117 2951 4152 :
2985 4097 3176 4153 Flatus
3199 4109 3374 4154 autem
3412 4118 3528 4154 om-

1957 4189 2233 4256 nipotentis
2277 4190 2367 4256 qui
2403 4191 2551 4242 docet
2613 4206 2692 4242 me
2719 4189 2782 4242 ⁵³.
2832 4190 2984 4256 Quod
3044 4192 3168 4245 huic
3217 4194 3527 4260 evangelico

1961 4281 2105 4334 dicto
2151 4279 2440 4347 respondet
2471 4297 2483 4332 :
2523 4277 2644 4332 Non
2675 4281 2810 4332 enim
2839 4297 2925 4334 eos
2949 4282 3095 4344 estis,
3119 4283 3207 4350 qui
3225 4282 3523 4350 loquimini,

1958 4371 2048 4424 sed
2090 4370 2323 4440 Spiritus
2355 4371 2538 4424 Patris
2573 4373 2750 4432 uestri,
2786 4373 2877 4439 qui
2922 4371 3151 4439 loquitur
3184 4375 3238 4426 in
3283 4375 3426 4430 vobis
3456 4377 3524 4431 “.

271 4471 426 4539 digni
460 4465 828 4530 invenientur,
868 4463 984 4517 sive
1032 4461 1086 4516 in
1115 4461 1300 4515 futuro
1330 4475 1446 4515 arvo
1473 4476 1597 4516 cum
1650 4461 1854 4530 justis:
1885 4448 1933 4507 D
1962 4463 2038 4515 Ad
2073 4463 2184 4516 hzec
2221 4462 2456 4530 Spiritus
2499 4472 2718 4516 sanctus
2748 4477 3092 4516 communem
3144 4465 3387 4517 omnium
3423 4482 3526 4520 no.

273 4564 320 4616 si
357 4559 581 4629 quidem
619 4555 672 4607 in
711 4556 811 4606 hac
843 4553 950 4605 vita
980 4552 1246 4621 integrum
1289 4553 1466 4619 ipsum
1492 4554 1849 4618 servaverint,

273 4667 339 4706 ac
374 4663 484 4702 non
543 4645 809 4698 hactenus
854 4641 1209 4708 perdiderint,
1252 4651 1525 4708 quatenus
1578 4643 1631 4694 in
1659 4643 1850 4720 vitium

275 4740 414 4810 lapsi
442 4736 665 4789 fuerint.
702 4732 975 4796 ,Quamvis
1027 4732 1168 4783 enim
1219 4729 1452 4798 Spiritus
1492 4740 1714 4786 sanctus
1762 4734 1851 4797 iis,

279 4840 470 4900 utpote
500 4825 761 4891 indignis,
794 4837 1137 4890 nequaquam
1172 4823 1437 4876 admistus
1462 4824 1552 4884 sit,
1589 4833 1764 4876 tamen
1797 4826 1848 4876 in

279 4925 384 4978 hoc
415 4917 618 4974 saeculo
663 4915 914 4982 baptismi
968 4928 1109 4981 aqua
1163 4912 1398 4981 perfusis
1448 4917 1852 4982 quodammodo

283 5017 475 5067 adesse
503 5008 739 5070 videtur,
764 5005 992 5057 salutem
1029 5006 1269 5072 ipsorum
1304 5020 1397 5071 per
1423 5007 1849 5073 resipiscmtiam

283 5109 632 5169 exspectans.
669 5097 739 5149 At
780 5096 831 5148 in
858 5096 1045 5148 futuro
1077 5110 1190 5148 aevo
1217 5097 1282 5148 ab
1312 5096 1460 5152 onllti
1501 5097 1703 5159 anima,
1732 5113 1852 5164 quzc

289 5194 459 5261 ipsius
494 5186 720 5255 gratiam
758 5184 1146 5254 profanaverit,
1193 5187 1559 5240 abscindatur.
1593 5187 1684 5240 Illa
1710 5189 1852 5242 enim

288 5282 479 5341 sectio,
523 5277 590 5331 de
617 5293 722 5347 qua
753 5277 807 5330 in
848 5276 1138 5344 Evangelio
1180 5278 1238 5330 ﬁt
1273 5279 1495 5343 mentio,
1544 5278 1680 5331 nihil
1711 5280 1854 5332 aliud

291 5370 578 5440 signiﬁcat,
620 5383 780 5436 quam
829 5367 1195 5421 omnimodam
1223 5383 1253 5422 a
1286 5368 1489 5436 Spiritu
1519 5369 1853 5424 aversionem

365 5564 410 5596 ³³
452 5563 554 5619 lsa.
583 5579 732 5632 xxxt,
755 5567 808 5620 4.

297 5636 342 5669 ³⁸
365 5635 501 5688 Psal.
526 5649 584 5698 1.,
621 5637 706 5692 M.

296 5708 341 5738 ⁸⁰
359 5708 511 5759 Joan.
539 5721 634 5760 ιιι.

884 5568 929 5598 ³ο
961 5567 1131 5621 Exod.
1169 5582 1314 5630 xxiii,
1343 5568 1396 5620 2.

785 5639 827 5670 ³⁵
849 5636 963 5691 Joel
992 5639 1158 5699 11,26.

1253 5638 1295 5667 ³⁸⁵
1320 5638 1474 5691 Joan.
1506 5657 1615 5706 xw,
1647 5643 1729 5695 16.

733 5709 773 5738 ⁴¹
798 5708 942 5763 Psal.
972 5724 1141 5772 xxx“,
1171 5708 1223 5762 6.

1300 5707 1461 5763 “Job
1489 5726 1680 5776 χχχιιι,
1705 5711 1758 5764 4.

1472 5569 1515 5602 ³ο
1542 5570 1951 5674 lsa.“t:x111,.30l.

1866 5645 1882 5673 ⁷
1910 5642 2066 5696 Joan.
2098 5661 2211 5707 xv1,
2253 5648 2338 5699 Μ.

1862 5714 1906 5744 ⁸³
1939 5715 2068 5768 ibid.
2146 5717 2190 5746 “
2213 5717 2336 5768 Matt

1956 4563 2126 4607 strum
2162 4556 2610 4609 resurrectionem
2639 4555 2800 4608 simul
2831 4569 2954 4607 cum
2987 4556 3206 4608 Christo
3229 4555 3450 4609 molitur
3473 4567 3525 4611 ct

1953 4644 2118 4699 efﬁcit
2147 4685 2161 4710 ,
2199 4627 2654 4711 quemadmodum
2681 4647 2967 4698 conﬁrmat
2995 4644 3162 4698 David
3195 4645 3279 4699 his
3309 4647 3486 4701 verbis
3510 4664 3524 4699 :

1960 4732 2184 4787 Entittes
2217 4734 2476 4804 Spiritum
2505 4747 2674 4798 tuum,
2721 4745 2768 4788 et
2797 4737 3132 4798 creabantur,
3163 4747 3210 4788 et
3258 4738 3527 4790 renovabis

1952 4825 2138 4882 faciem
2176 4827 2406 4879 term“.
2427 4826 2633 4880 Etenim
2662 4827 2897 4894 Spiritus
2922 4835 3162 4892 sanctus,
3197 4842 3283 4882 res
3316 4837 3528 4882 creatas

1959 4915 2025 4966 ad
2071 4916 2526 4970 immortalitatem
2577 4926 2819 4970 renovat.
2867 4915 2967 4969 Per
2989 4917 3524 4972 emissionemautem

1960 5005 2197 5073 Spiritus
2222 5044 2237 5071 ,
2290 5007 2458 5060 David
2485 5008 2603 5076 ejus
2629 5007 2693 5060 ad
2729 5006 2999 5076 agendum
3040 5008 3422 5062 demissionem
3448 5009 3530 5060 in-

1961 5097 2172 5165 telligit,
2206 5111 2312 5149 non
2341 5101 2504 5151 eloco
2535 5099 2602 5152 ad
2633 5100 2696 5152 lor
2720 5115 2809 5151 um
2845 5101 3263 5167 migrationem:
3297 5099 3528 5167 Spiritus

1959 5191 2094 5241 enim
2135 5189 2347 5240 Domini
2382 5189 2592 5256 replevit
2613 5191 2787 5241 orbem
2820 5199 3081 5242 terrarum
3102 5192 3168 5242 ⁸⁸.
3199 5191 3337 5254 Quin
3365 5191 3526 5242 etiam

1965 5277 2200 5346 Spiritus
2234 5289 2454 5333 sanctus
2489 5280 2823 5346 spiritualem
2887 5297 2981 5350 per
3026 5282 3348 5349 baptismum
3379 5295 3514 5349 rege-

1964 5372 2296 5424 nerationem
2318 5368 2506 5424 efﬁcit.
2538 5369 2706 5440 Hujus
2732 5373 2807 5426 rei
2837 5374 3055 5427 minime
3078 5370 3308 5424 mendax
3336 5370 3425 5424 ille
3449 5382 3524 5425 te-

2029 5573 2068 5603 ³¹
2092 5571 2158 5626 ιγ
2196 5581 2334 5642 Reg.
2364 5591 2421 5640 ιι,
2453 5575 2537 5629 16.
2616 5577 2660 5607 ³²
2696 5577 2802 5631 ibid
2825 5618 2838 5642 ,
2865 5578 2921 5632 9.

2435 5648 2478 5676 ³⁸
2522 5643 2711 5701 Matth.
2735 5663 2826 5711 xu,
2869 5648 2948 5700 5|.

2146 5717 2190 5746 “
2213 5717 2398 5772 Matth.
2426 5733 2479 5783 Χ,
2504 5718 2590 5772 20.

2998 5577 3042 5609 ³³
3067 5577 3208 5631 Psal.
3230 5592 3399 5644 CXLII,
3435 5578 3527 5633 l0.

3025 5649 3068 5679 ⁸⁹
3109 5647 3265 5702 Joan.
3306 5665 3430 5713 xvn,
3475 5652 3526 5703 4.

2667 5718 2871 5772 "Psal.
2897 5716 3117 5783 (1111,50.
3195 5719 3239 5750 "
3269 5717 3397 5786 Sap.
3422 5719 3527 5784 1,7.
