4024 6292
583 337 722 400 1475
772 297 782 304 .

1996 336 2376 398 ΑΒΟΕΝΟᾹ.

3702 341 3834 406 ιιτδ

581 450 680 504 Stis
717 457 820 511 est,
857 447 946 516 qui
983 446 1180 507 minari
1235 446 1337 501 hoc
1381 461 1634 501 sermone
1694 461 1827 502 usus
1861 458 1944 500 est
1986 464 2000 502 :
2047 448 2150 500 nisi
2183 454 2224 507 Α
2259 463 2366 511 ros,
2400 447 2574 514 idest,
2609 447 2842 502 fructum
2878 450 3035 514 mori,
3083 459 3136 503 et
3165 449 3468 505 comedere.
3495 451 3625 517 Qum
3658 463 3834 505 autem

581 541 692 608 quis
727 553 943 605 superne
978 553 1131 590 natus
1162 536 1342 604 fuerit,
1382 554 1482 590 non
1529 547 1696 605 potest
1737 539 1905 592 ridere
1941 554 2157 607 regnum

583 629 674 682 Dei
707 629 774 683 ⁵⁷.
807 629 990 697 Neque
1017 630 1160 682 enim
1180 613 1476 698 quisquam
1525 631 1746 684 caeleste
1795 646 2022 700 regnum
2069 645 2158 684 ac-

581 730 833 788 cepturus
863 728 966 782 est,
1000 721 1103 774 nisi
1151 735 1179 772 a
1214 721 1376 788 priori
1427 730 1480 774 ct
1509 721 1712 775 carnali
1761 722 2156 789 procreatione,

581 827 694 880 qua:
725 819 889 864 noctu
927 820 1091 877 atque
1124 811 1176 864 in
1220 811 1454 866 tenebris
1498 812 1708 866 initium
1757 813 1976 880 accipit,
2015 813 2162 880 puri-

580 902 771 954 licatus
803 901 982 952 fuerit.
1018 899 1208 968 (Noctu
1269 902 1410 953 enim
1449 912 1508 954 ut
1551 902 1845 970 plurimum
1884 903 2159 956 Vcnereus

581 1006 902 1059 congressus
933 1001 982 1044 ct
1014 992 1240 1044 seminis
1269 993 1462 1060 ejectio
1483 993 1796 1062 contingit.)
1855 995 1914 1046 Et
1937 995 2156 1064 quidem

581 1082 647 1134 ab
670 1081 770 1133 hac
799 1081 1016 1134 sordida
1043 1091 1097 1133 et
1119 1082 1350 1135 obscena
1383 1096 1542 1152 atque
1569 1085 1862 1151 caliginosa
1886 1086 2161 1140 creatione

580 1172 769 1224 lucida!
803 1171 1126 1238 diui-meque
1172 1171 1317 1226 illius
1351 1174 1717 1240 generationis
1756 1190 1920 1242 opera
1964 1175 2161 1228 lustra-

580 1276 666 1316 tus
703 1261 888 1325 fuerit,
926 1262 1084 1331 cujus
1127 1263 1456 1316 mentionem
1502 1263 1631 1316 facit
1674 1264 1839 1318 David
1894 1266 1959 1318 de
1996 1266 2160 1334 justis

581 1362 808 1421 loquens
847 1370 861 1404 :
902 1352 998 1405 Die
1055 1353 1431 1420 formabuntur
1465 1353 1531 1416 ⁸⁸,
1595 1356 1644 1408 id
1693 1366 1796 1418 est,
1847 1356 1901 1408 in
1962 1357 2162 1411 lumine

580 1445 757 1498 sancti
794 1443 1055 1512 Spiritus.
1086 1445 1265 1496 Porro
1296 1446 1491 1498 diurna
1526 1447 1671 1500 lietio
1698 1457 1752 1500 et
1792 1447 2021 1510 erratio,
2051 1463 2160 1501 non

585 1534 750 1587 modo
782 1534 1253 1599 regenerationem
1283 1549 1425 1598 eam,
1455 1551 1619 1604 quam
1652 1537 1954 1604 baptismus
1983 1538 2157 1599 affert,

580 1624 870 1693 signiﬁcat,
899 1625 990 1677 sed
1023 1625 1186 1678 etiam
1215 1627 1586 1694 purgationem
1615 1628 1786 1689 illam,
1826 1643 1944 1695 quat
1994 1629 2162 1682 virtu-

580 1718 723 1770 tibus
751 1726 1119 1785 comparatur.
1144 1719 1319 1786 Atque
1351 1727 1638 1788 utramque
1690 1719 1882 1772 harum
1926 1720 2160 1773 creatio-

2264 533 2331 586 de
2354 532 2683 602 presbyteris
2703 545 3093 588 commemorat
3131 537 3181 588 in
3215 536 3450 592 Danielis
3475 539 3612 591 libro
3641 543 3836 606 scripta

2265 632 2424 676 sunt:
2454 621 2566 690 ('55)
2595 633 2758 692 atque
2779 624 3204 689 adolescentem,
3225 638 3281 679 et
3304 629 3514 689 animo,
3536 638 3588 680 et
3606 644 3835 696 corpore

2264 710 2566 778 elegantem
2592 713 2901 783 Theologus
2929 713 3209 768 Danielem
3244 717 3512 780 nominat,
3559 719 3655 786 qui
3718 731 3834 772 ante

2264 801 2504 854 adultam
2576 813 2786 856 aetatem
2851 803 2998 872 (nam
3043 814 3156 858 tum
3218 807 3602 860 duodecimum
3667 811 3837 862 aetatis

2262 907 2466 945 annum
2488 895 2700 962 agebat)
2717 894 2878 963 judex
2902 897 3340 966 presbyterorum
3366 899 3527 953 sedit.
3549 897 3641 952 Bis
3663 914 3837 952 autem

2265 985 2316 1038 in
2349 986 2529 1038 lacum
2568 987 2786 1039 leonum
2824 989 3062 1054 injectus
3092 999 3174 1042 est
3205 988 3411 1051 Daniel,
3445 991 3598 1057 prius
3621 990 3838 1060 quidem

2263 1077 2365 1128 sub
2393 1076 2575 1136 Dario,
2609 1078 2867 1144 quoniam
2903 1081 3170 1130 emnaculi
3232 1077 3488 1134 fenestris
3540 1096 3569 1134 e
3625 1082 3842 1149 regione

2261 1166 2566 1220 JeruSaIcm
2626 1171 2850 1237 apertis;
2918 1169 3196 1224 orationes
3248 1172 3313 1224 ad
3383 1171 3548 1226 Deum
3611 1172 3841 1227 fundens

2265 1260 2519 1313 inventus
2562 1259 2740 1313 fuerat
2773 1279 2784 1312 :
2823 1277 2948 1314 cum
2977 1263 3162 1315 edicto
3190 1263 3406 1330 publico
3439 1265 3839 1331 promulgatum

2263 1359 2429 1412 esset,
2472 1351 2725 1418 quisquis
2752 1351 2889 1404 intra
2930 1353 3269 1405 tricesimum
3310 1354 3478 1417 diem,
3519 1354 3602 1406 vel
3635 1354 3706 1406 ab
3747 1355 3840 1407 ho-

2265 1442 2431 1505 mine,
2467 1442 2550 1493 vel
2597 1456 2625 1493 a
2663 1440 2794 1504 Deo,
2851 1450 3212 1510 prmterquani
3251 1458 3278 1496 a
3341 1458 3484 1510 rege,
3547 1445 3837 1511 quisquam

2263 1531 2612 1598 postulasset,
2676 1545 2800 1582 eum
2860 1529 2914 1582 in
2966 1529 3141 1582 lacum
3176 1529 3392 1582 leonum
3436 1529 3694 1596 injectum
3753 1529 3838 1584 iri.

2264 1617 2544 1673 Posterius
2581 1619 2682 1670 sub
2714 1617 2872 1688 Cyro,
2909 1630 3031 1670 cum
3078 1615 3218 1668 Belis
3250 1627 3483 1668 statuam
3535 1617 3759 1671 evertit,
3792 1622 3842 1664 ct

2264 1713 2576 1771 draconem,
2628 1711 2718 1778 qui
2755 1723 2968 1762 summa
3004 1707 3263 1776 religione
3294 1721 3323 1758 a
3358 1704 3672 1774 Babyloniis
3694 1705 3841 1757 cole-

582 1825 710 1861 num
738 1809 840 1873 sibi
867 1809 966 1876 ipsi
998 1809 1227 1878 quisque
1257 1809 1429 1878 tingit,
1464 1777 1566 1864 hoc
1595 1820 1699 1875 est,
1737 1822 1926 1879 suapte
1962 1826 2162 1881 propo-
2190 1777 2238 1836 B
2269 1803 2450 1865 batur,
2507 1801 2784 1854 interemit
2818 1817 2832 1854 :
2869 1814 2978 1868 quo
3043 1797 3208 1852 etiam
3264 1807 3504 1864 tempore
3563 1794 3839 1856 llabacuc,

579 1902 685 1955 sito
730 1901 1009 1970 animique
1037 1901 1330 1955 voluntate.
1361 1902 1494 1955 Nam
1537 1911 1592 1956 et
1642 1904 1896 1971 baptismi
1946 1919 2168 1973 regene-

583 1995 724 2046 ratio
763 1994 948 2054 libera,
978 1994 1214 2060 ejus,qui
1239 1994 1564 2063 baptizatur,
1596 1996 1893 2059 voluntate,
1942 2012 2005 2050 ac
2028 1999 2165 2050 citra

582 2086 687 2137 vim
708 2085 981 2153 peragitur
1012 2083 1084 2155 (et
1107 2093 1390 2153 propterea
1413 2094 1616 2154 patres,
1641 2097 1732 2141 aut
1750 2087 1949 2156 alioqui
1975 2088 2166 2140 aflinrs

579 2187 634 2232 et
659 2179 974 2240 necessarii,
1013 2178 1305 2233 infantium
1340 2179 1461 2234 loco
1504 2181 1939 2250 interrogantur)
1969 2189 2023 2234 et
2051 2193 2162 2233 mo-

583 2283 701 2320 rum
730 2268 1018 2321 instructio
1045 2269 1231 2322 itidem
1257 2269 1564 2323 voluntaria
1583 2279 1686 2324 est.
1721 2270 1974 2324 Fortasse
2000 2271 2162 2323 etiam

581 2361 725 2426 quod
759 2359 854 2420 ait,
882 2374 976 2422 per
1002 2373 1134 2419 sese.
1174 2374 1280 2411 non
1313 2361 1490 2412 solum
1523 2359 1627 2415 hoc
1645 2359 1932 2428 signiﬁcat,
1959 2371 2166 2412 ιιιικιιιι-

581 2465 688 2516 que
721 2467 830 2504 rem
887 2466 917 2503 ει
981 2451 1151 2504 libera
1193 2451 1470 2504 voluntate
1498 2452 1765 2519 proficisci
1805 2468 1818 2502 :
1855 2449 1948 2503 sed
1999 2451 2162 2501 etiam

582 2541 728 2610 quod
766 2552 957 2594 neutra
1021 2542 1210 2593 harum
1252 2555 1553 2609 congressu
1609 2539 1720 2592 ullo
1763 2549 1816 2591 et
1873 2553 2161 2607 corporum

583 2631 972 2697 conjunctione
1009 2630 1247 2696 indigeat
1275 2667 1290 2690 ,
1322 2628 1782 2696 quemadmodum
1807 2629 1858 2681 in
1896 2627 2163 2696 corporali

586 2719 958 2789 procreatiouc
985 2719 1276 2788 contingit.

655 2807 800 2860 Ibid.
842 2806 940 2858 llic
971 2806 1224 2874 Spiritus,
1258 2816 1439 2874 utpote
1467 2807 1916 2874 sapientissimus,
1947 2814 2051 2861 etc.
2077 2805 2165 2860 Ait

581 2901 819 2969 quodam
855 2901 971 2951 loc»
1000 2897 1260 2952 Salomon
1300 2915 1314 2951 :
1359 2897 1652 2950 Hominum
1683 2916 1871 2952 amans
1904 2899 2162 2966 Spiritus,

580 2990 840 3057 sapientia
868 2989 936 3041 "’.
983 2987 1096 3042 lloc
1135 2989 1298 3058 igitur
1339 3005 1433 3057 per
1471 2992 1828 3058 paraphrasiu
1880 2992 2162 3058 esplicans

584 3081 912 3150 Theologus,
955 3079 1218 3150 Spiritum
1245 3090 1495 3135 sanctum
1532 3098 1636 3136 non
1659 3083 1820 3138 modo
1866 3083 2154 3153 sapientis-
2185 3113 2229 3170 ο

582 3174 804 3239 simum,
841 3175 936 3227 sed
995 3174 1157 3240 etiam
1210 3175 1275 3228 ad
1316 3173 1580 3228 beneﬁcia
1617 3177 1792 3231 danda
1821 3177 2160 3252 promptissi-

585 3281 730 3318 mum
789 3281 916 3319 esse
969 3266 1119 3320 dicit.
1167 3267 1343 3334 Atque
1383 3275 1440 3320 ut
1493 3268 1668 3336 ipsius
1727 3270 2048 3338 sapientiam
2109 3280 2164 3325 et

582 3358 968 3427 benignitatem
995 3357 1271 3426 praedicet,
1303 3357 1543 3411 ostendit
1565 3373 1674 3426 quo
1703 3361 1860 3412 modo
1890 3373 2158 3428 pastorem

585 3457 640 3501 et
691 3450 1019 3516 caprarium,
1077 3458 1132 3502 et
1169 3448 1596 3513 adolescentem,
1648 3460 1699 3503 et
1744 3453 2062 3519 piscatores,
2107 3463 2162 3506 et

582 3539 921 3607 publicanos,
951 3549 1002 3592 et
1021 3547 1416 3608 persecutores,
1445 3549 1632 3608 atque,
1657 3551 1716 3594 ut
1747 3555 1854 3595 uno
1884 3543 2049 3596 verbo
2079 3543 2163 3597 di-

586 3643 729 3688 tam,
774 3643 870 3681 eos
903 3629 1246 3696 quiipropter
1295 3628 1579 3692 vilitatem,
1622 3630 1909 3682 autetiam
1947 3645 2158 3683 morum

583 3718 1008 3784 improbitatem,
1066 3717 1276 3788 indigni
1313 3719 1485 3772 videri
1529 3730 1797 3788 poterant,
1833 3721 2021 3787 gratiis
2048 3723 2162 3775 suis

585 3812 888 3861 ornaverit.
953 3801 1232 3862 Cas-terunt
1279 3809 1506 3876 Spiritui
1571 3821 1768 3864 sancto
1850 3811 2160 3881 hujusmodi

585 3897 866 3966 privilegia
917 3897 1168 3966 privatim
1211 3899 1474 3964 attribuit,
1553 3901 1681 3968 quia
1727 3901 1967 3970 Spiritus
2019 3903 2161 3956 dona

583 3997 731 4041 sunt.
759 3987 834 4040 Ac
864 3986 1121 4041 Davidem
1165 3989 1384 4056 quidem
1422 4002 1692 4058 pastorem
1748 3995 1979 4057 vocavit,
2024 4010 2160 4063 quo-

587 4078 732 4131 niam
779 4079 919 4131 Deus
949 4093 1014 4131 ex
1041 4079 1222 4131 ovium
1257 4081 1512 4149 gregibus
1529 4093 1583 4135 ct
1617 4086 1881 4138 armentis
1913 4100 2034 4138 eum
2066 4101 2162 4140 ac-

587 4167 754 4234 cepit,
791 4163 1216 4236 Judazorumque
1260 4184 1426 4238 regno
1478 4170 1763 4238 praefecit:
1794 4174 2159 4229 citharmdum

584 4268 790 4323 autem,
817 4267 876 4310 ut
917 4257 1124 4310 cithara
1171 4259 1512 4326 psallentem,
1544 4277 1879 4331 pravumque
1911 4265 2160 4334 Spiritum

582 4351 980 4413 etdae'uouem,
1015 4351 1106 4418 qui
1142 4349 1360 4404 Saulem
1391 4352 1737 4420 prazfocabat,
1765 4354 2158 4421 incantantem,

2269 1893 2463 1962 capitis
2497 1892 2616 1958 ejus
2653 1891 2853 1944 vertice
2882 1890 2951 1942 ab
2982 1889 3172 1958 angelo
3195 1899 3435 1955 arrepto,
3461 1887 3721 1941 sublimis
3753 1902 3841 1955 per

2269 1999 2450 2039 aerem
2495 1999 2525 2037 a
2580 1981 2749 2037 Judea
2784 1982 2835 2035 in
2899 1981 3224 2050 Babylonem
3293 1979 3578 2049 prandium
3637 1978 3839 2031 Danieli

2269 2079 2529 2147 portavit,
2557 2076 2853 2142 statimque
2883 2073 3085 2127 Judteze
3119 2073 3404 2125 restitutus
3429 2079 3533 2124 est.
3569 2068 3839 2122 llaetenus

2267 2169 2335 2223 de
2378 2166 2617 2221 Daniele.
2659 2165 2817 2220 Nunc
2868 2165 2934 2218 ad
2969 2173 3174 2218 textum
3212 2163 3540 2216 redeamus:
3598 2158 3838 2228 Spiritus

2267 2268 2511 2322 Sanctus,
2575 2257 2770 2326 inquit,
2813 2255 2858 2310 si
2907 2255 3206 2323 piscatores
3259 2253 3550 2315 invenerit,
3613 2250 3840 2305 Domino

2267 2351 2414 2418 ipsos
2438 2350 2776 2416 cxpiscatur,
2817 2355 2876 2398 ut
2909 2360 3103 2398 rursus
3142 2345 3240 2412 ipsi
3271 2343 3546 2397 sermonis
3606 2343 3834 2404 retibus,

2267 2439 2320 2492 id
2350 2450 2454 2501 est,
2483 2440 2803 2508 evangelica
2853 2437 3266 2506 praedicatione,
3302 2452 3420 2505 qua:
3481 2435 3618 2488 retis
3669 2437 3837 2487 instar

2264 2547 2330 2588 ex
2369 2530 2544 2584 Veteri
2579 2545 2642 2584 ac
2666 2529 2816 2583 Novo
2841 2527 3193 2582 Testamento
3227 2538 3480 2582 contexta
3539 2536 3644 2590 est,
3683 2541 3836 2579 mun-

2264 2626 2395 2678 dum
2438 2622 2752 2676 universum
2785 2622 3084 2690 piscentur.
3120 2619 3239 2673 Jain
3302 2634 3432 2674 vero
3469 2616 3738 2672 Jacobum
3788 2625 3834 2669 rt

2264 2716 2528 2771 Joannem
2559 2714 2814 2769 Christus
2843 2711 3115 2780 Bauerges
3137 2710 3459 2776 nominavit,
3491 2712 3540 2763 id
3567 2721 3676 2774 est,
3706 2709 3834 2764 ﬁlios

2265 2808 2499 2863 tonitrui
2537 2807 2604 2860 ⁸⁸.
2635 2805 2802 2859 Porro
2846 2819 3189 2873 nequaquam
3217 2819 3247 2856 a
3277 2804 3458 2871 seipso
3491 2803 3584 2856 Dei
3619 2803 3834 2872 sapien-

2266 2902 2394 2955 tiam
2435 2908 2592 2954 uorat
2645 2897 2907 2959 Joannes,
2935 2898 3030 2951 sed
3076 2911 3195 2950 eam
3225 2898 3429 2950 virtute
3488 2895 3726 2964 Spiritus
3760 2905 3834 2948 est

2265 2999 2554 3045 assecutus
2589 3028 2604 3052 ,
2673 2988 2765 3056 qui
2828 2987 3001 3056 ipsius
3066 2997 3255 3054 peetus
3339 2986 3619 3056 ingressus
3679 2987 3836 3040 theo-

2265 3081 2445 3150 logum
2544 3095 2669 3134 eum
2734 3078 2991 3134 reddidit.
3049 3078 3224 3134 Verba
3275 3079 3421 3133 enim
3486 3082 3558 3132 ita
3613 3079 3834 3147 grandia

2265 3172 2583 3241 prolocutus
2615 3181 2719 3233 est,
2759 3180 2818 3224 ut
2880 3169 2947 3225 ad
2998 3185 3058 3224 ea
3106 3171 3252 3223 nulla
3295 3170 3558 3239 sapientia
3599 3173 3839 3239 aspirare

2263 3275 2449 3334 queat.
2492 3263 2590 3318 Hic
2649 3264 2889 3333 Spiritus
2937 3273 3162 3319 sanctus
3205 3263 3421 3317 etiamsi
3477 3263 3833 3332 publicanum

2263 3356 2536 3423 acceperit
2593 3357 2639 3388 "
2693 3357 2854 3408 modo
2939 3355 3042 3408 [ide
3108 3355 3416 3422 prteditum,
3475 3356 3657 3423 quals
3720 3363 3837 3407 erat

2265 3447 2576 3508 Matthteus,
2612 3447 3006 3514 evangelistam
3057 3455 3229 3510 creat,
3269 3462 3368 3500 nec
3413 3447 3523 3516 jam
3573 3447 3833 3514 pecunia-

2267 3553 2412 3601 rum,
2439 3538 2532 3590 sed
2569 3537 2876 3589 animarum
2916 3538 3306 3604 negotiatorem
3338 3535 3530 3590 efficit.
3562 3534 3624 3589 Si
3653 3552 3834 3606 persc-

2265 3639 2510 3682 cutorem
2532 3627 2800 3680 invenerit
2819 3627 3226 3695 resipisecntem
3248 3627 3489 3695 gentium
3528 3631 3832 3697 apostolum

2265 3718 2461 3776 reddit,
2482 3716 2604 3770 lidei
2631 3731 2959 3784 praeconem,
2987 3731 3081 3770 vas
3111 3717 3397 3771 electionis
3435 3718 3480 3748 ⁵³
3513 3733 3579 3770 ac
3599 3718 3831 3786 denique

2263 3806 2492 3860 Paulum
2523 3823 2621 3876 pro
2661 3804 2851 3872 Saulo,
2885 3809 2988 3862 hoc
3015 3817 3120 3870 est,
3155 3823 3253 3876 pro
3275 3824 3340 3862 eo
3360 3809 3505 3883 quod
3536 3809 3826 3865 Ecclesiam

2263 3899 2471 3967 agitare
2512 3908 2566 3952 et
2595 3914 2942 3952 commovere
2972 3899 3204 3965 solebat,
3253 3903 3498 3970 requiem
3549 3902 3653 3970 ipsi
3687 3914 3828 3956 trau-

2263 3991 2702 4061 quillitatemque
2735 4001 3143 4060 procurantem,
3193 3999 3416 4061 tamque
3473 3994 3539 4048 ad
3582 3995 3822 4064 pietatem

2265 4094 2446 4132 acrem
2481 4089 2535 4132 et
2593 4081 2914 4143 ferventem,
2960 4095 3126 4148 quam
3185 4083 3252 4134 ad
3293 4084 3483 4134 vitium
3532 4084 3820 4143 invenerat,

2263 4179 2427 4239 atque
2443 4181 2747 4239 acceperat.
2773 4169 2959 4225 Zelum
2977 4172 3146 4235 enim,
3166 4187 3276 4240 quo
3308 4174 3373 4227 ad
3401 4177 3820 4242 persecutionem

2266 4262 2562 4325 ferebatur,
2591 4265 2658 4318 ad
2703 4266 2954 4330 pietatem
2995 4268 3294 4321 transtulit.
3357 4268 3457 4322 Hic
3508 4281 3564 4323 et
3605 4271 3825 4324 lenitatis

2266 4367 2348 4409 est
2375 4356 2613 4424 Spiritus
2633 4356 2725 4427 (ait
2754 4359 2900 4410 enim
2930 4357 3131 4412 Paulus
3160 4359 3326 4423 dceo,
3345 4362 3438 4429 qui
3461 4375 3825 4432 praeocupatus

582 4439 1039 4506 quemadmodum
1082 4441 1257 4508 primo
1317 4441 1454 4494 libro
1493 4441 1698 4511 Regum
1727 4446 2022 4512 {proditum
2056 4447 2149 4501 ha-
2189 4447 2231 4501 ι)
2262 4455 2345 4499 est
2390 4448 2440 4498 in
2479 4448 2666 4514 aliquo
2713 4450 2915 4503 delicto
2951 4467 2965 4502 :
3020 4448 3138 4505 νος,
3175 4452 3266 4520 qui
3324 4455 3634 4520 spiritualcs
3688 4457 3827 4516 estis,

581 4529 762 4583 betur.
792 4531 964 4584 Amos
992 4541 1172 4584 autem
1200 4533 1484 4599 caprarius
1516 4545 1654 4593 erat,
1701 4544 1759 4586 ut
1795 4537 1910 4604 ipse
1945 4552 2159 4606 quoque

503 4645 506 4650 -
581 4619 650 4671 de
702 4634 762 4672 se
794 4629 1023 4674 testatur
1056 4638 1070 4674 :
1107 4619 1228 4673 Non
1273 4639 1440 4687 erant,
1492 4623 1688 4691 inquit,
1739 4626 1988 4694 propheta
2041 4643 2154 4696 ego,

583 4722 672 4757 nec
748 4707 890 4774 ﬁlius
945 4709 1230 4776 prop/terte,
1285 4711 1374 4764 sed
1429 4716 1702 4779 caprarius
1788 4731 1933 4768 eram
1985 4733 2158 4770 moros

547 4794 804 4858 .t‘ellens,
861 4806 908 4848 et
936 4801 1160 4867 suscepit
1211 4817 1290 4854 nte
1337 4802 1594 4857 Dominus
1625 4805 1694 4860 ⁸ο.
1738 4808 1939 4870 κνίζειν
1973 4817 2156 4863 autem

584 4885 750 4954 (quod
800 4902 980 4953 capere
1024 4890 1285 4944 vertimus
1352 4893 1492 4946 idem
1557 4898 1822 4963 estquod
1878 4914 2153 4953 mororum

583 4977 707 5028 folia
732 4977 1048 5030 abscindere
1065 4980 1131 5032 ad
1155 4995 1442 5049 caprarum
1473 4985 1809 5042 alimoniam.
1830 4988 1965 5043 Sunt
1983 4993 2148 5045 etiam

580 5068 670 5135 qui
703 5077 893 5136 putent
921 5069 1023 5123 hoc
1051 5071 1274 5125 verbum
1313 5075 1452 5127 idem
1484 5089 1624 5141 esse,
1649 5083 1789 5147 quod
1821 5097 2149 5152 perpurgare

580 5166 636 5211 et
658 5175 847 5212 curare
887 5161 1197 5230 hujusmodi
1221 5164 1481 5231 arbores,
1514 5168 1694 5221 cibum
1730 5174 1982 5240 gregibus
2016 5191 2151 5242 sup-

582 5252 909 5320 peditantes.
960 5253 1196 5324 Cyl-illus
1243 5267 1419 5311 autem
1449 5263 1670 5328 exponit
1698 5263 2009 5318 abscindere
2041 5282 2150 5318 mo-

648 5407 692 5438 "
722 5405 882 5481 jloan.
914 5425 998 5472 ut,
1036 5412 1089 5466 ’5.
1195 5409 1244 5444 ⁸⁸
1269 5414 1414 5468 Psal.
1441 5430 1705 5481 cxxxvm,
1747 5419 1832 5470 16.

604 5493 680 5535 ix.
714 5479 766 5532 9.
844 5481 890 5512 ⁵³
929 5481 1048 5534 Act.
1085 5498 1161 5545 ix,
1203 5483 1292 5537 15.
1370 5484 1416 5514 ⁸⁵
1449 5484 1628 5539 Galat.
1660 5479 1737 5550 vi,
1789 5491 1842 5543 1.

1945 5420 1990 5450 ⁸⁸
2024 5420 2091 5473 Sa

2102 5438 2152 5490 p.
2191 5437 2228 5486 t,
2254 5421 2307 5474 6.

1918 5489 1965 5520 ⁸⁸
1991 5489 2118 5544 Cor.
2157 5507 2228 5555 iv,
2263 5493 2353 5545 ‘21.

2258 4540 2506 4592 instruite
2540 4540 2844 4607 Itujusmodi
2883 4544 3144 4596 hominem
3180 4546 3233 4596 in
3276 4543 3483 4612 Spiritu
3517 4545 3825 4599 lenitatis".

2260 4631 2321 4684 Et
2353 4648 2545 4685 rursus
2573 4651 2586 4686 :
2623 4634 2763 4695 Quid
2797 4634 2952 4686 vultis
2974 4636 3000 4688 1’
3033 4635 3086 4686 in
3117 4637 3261 4702 uirga
3293 4641 3498 4689 veniam
3531 4639 3602 4690 ad
3626 4655 3733 4700 vos,
3764 4654 3826 4688 an

2257 4723 2308 4774 in
2341 4721 2598 4774 cltaritate
2631 4735 2676 4774 et
2710 4722 2911 4791 Spiritu
2943 4725 3179 4777 lenitatis
3209 4727 3276 4789 ⁵⁸,
3310 4737 3363 4780 et
3393 4738 3571 4780 tamen
3612 4728 3662 4780 in
3719 4747 3825 4787 eos,

2258 4812 2348 4880 qui
2385 4821 2633 4880 peccant,
2675 4815 2980 4871 incitatur:
3042 4815 3154 4885 Ipsi
3189 4819 3357 4880 enim,
3408 4820 3607 4887 inquit,
3648 4818 3826 4882 Isaias,

2262 4913 2592 4956 contumaces
2618 4904 2852 4971 fuerunt,
2889 4918 2936 4958 et
2965 4905 3225 4974 Spiritum
3254 4919 3498 4961 sanctum
3550 4910 3715 4978 ipsius
3766 4911 3825 4959 ad

2258 4994 2590 5046 iracundiam
2615 5007 2960 5061 provocarunt
2983 4998 3051 5052 “.
3074 4997 3193 5050 Non
3213 4999 3359 5067 quod
3384 5016 3570 5053 revera
3600 4999 3825 5069 Spiritus

2260 5084 2340 5137 ira
2371 5073 2778 5138 commoveatur
2814 5093 2936 5155 (nec
2965 5089 3110 5142 enim
3144 5090 3198 5142 in
3243 5091 3413 5143 Deum
3460 5091 3690 5146 affectus
3736 5106 3822 5144 ca-

2259 5176 2418 5245 dunt)
2450 5179 2542 5228 sed
2579 5177 2706 5244 quia
2759 5175 3056 5246 Scriptum
3111 5181 3378 5235 familiare
3435 5192 3542 5248 est,
3598 5183 3822 5236 humano

2261 5281 2412 5320 more
2445 5268 2498 5320 iu
2524 5267 2706 5321 divina
2769 5278 2967 5324 natura
3018 5287 3108 5327 res
3163 5273 3480 5342 hujusmodi
3538 5275 3821 5328 informare

2418 5423 2464 5454 ⁵⁵
2499 5427 2662 5475 Annos
2695 5440 2766 5484 vn,
2808 5427 2892 5480 15.

2430 5493 2476 5525 ⁸⁸
2503 5493 2606 5546 lsa.
2630 5509 2784 5558 L.\'lll,
2829 5498 2916 5550 10.

3003 5428 3047 5460 ⁵³
3076 5427 3242 5483 Marc.
3279 5447 3360 5494 ut,
3399 5431 3486 5485 i7.
3562 5433 3607 5464 ³³
3639 5432 3814 5486 Matth.

651 5633 906 5724 (55)rlloc
962 5637 1082 5724 loco
1117 5637 1335 5718 Hicetas
1371 5638 1949 5697 Susannathisloriam
1979 5643 2254 5701 fusissimc
2305 5649 2674 5718 prosequitur,
2694 5665 2856 5719 quam
2915 5668 3037 5719 nos,
3087 5655 3413 5712 utcunibus
3467 5657 3813 5724 notissimam,

583 5706 989 5756 traiiszliemlam
1041 5707 1317 5761 (lusimus.
