4076 6292
362 352 490 417 1437

1305 362 1625 423 NICETAS
1670 363 1752 424 IN
1790 363 2013 426 ORAT.
2054 363 2235 425 XLIV
2275 364 2333 428 S.
2380 368 2602 431 GREG.
2685 432 2691 438 .

3456 370 3594 434 1478
3630 384 3637 390 '

350 481 515 537 atque
546 469 799 539 ﬁgurare.
849 470 1218 528 Conﬁtcamur
1278 490 1411 544 ergo
1464 475 1702 545 Spiritus
1753 478 1922 530 sancti
1954 484 1998 539 Α
2029 475 2209 533 afﬂatu
2241 479 2579 549 audientiqu
2614 482 2811 552 linguis
2857 483 3165 555 loquentes.
3203 480 3595 555 Unusquisque

348 561 687 626 dignitatem,
723 560 774 615 id
810 571 912 625 est,
945 563 1085 630 quod
1119 563 1362 633 ejusdem
1400 565 1471 618 sit
1506 580 1632 618 cum
1679 563 1838 619 Patre
1863 575 1918 620 et

351 649 492 704 Filio
546 653 883 719 substantiae,
932 653 1187 723 quodque
1236 658 1306 709 sit
1357 655 1541 720 Deus,‘
1564 672 1630 710 ne
1664 656 1923 726 implaca-

351 741 533 795 biliter
565 742 889 797 irascentem
920 759 1043 799 eum
1079 746 1262 801 videre
1289 745 1541 801 velimus.
1574 746 1711 801 Nam
1741 747 1832 817 qui
1862 747 1919 802 in

352 833 613 902 Spiritum
648 847 897 890 sanctum
951 836 1427 907 blaspheniaverit,
1459 838 1582 893 huic
1613 853 1753 892 noxa
1811 854 1918 892 non

351 927 675 980 remittetur.
716 927 814 981 Hic
845 943 929 982 nte
960 943 1179 998 quoque
1233 928 1427 983 fortem
1473 937 1528 983 et
1585 929 1916 999 intrepidum

349 1017 791 1071 concionatorem
827 1016 1027 1073 reddit.
1063 1018 1241 1088 Atque
1274 1028 1505 1088 utroque
1535 1021 1757 1074 nomine
1809 1020 1919 1075 Deo

350 1106 416 1161 sit
455 1106 650 1174 gratia,
680 1106 794 1161 sive
817 1105 947 1175 quid
975 1106 1045 1162 ab
1066 1107 1447 1161 haereticorum
1480 1108 1693 1163 insidiis
1723 1108 1917 1178 patiar,

350 1195 465 1249 sive
492 1196 656 1251 nullis
694 1194 908 1265 injuriis
943 1196 1173 1252 alliciar.
1225 1195 1360 1251 Nam
1418 1197 1464 1253 si
1524 1196 1658 1251 nihil
1724 1213 1918 1268 passus

348 1285 527 1352 lucro,
566 1288 765 1356 gratias
798 1286 909 1342 Deo
937 1303 1060 1359 ago,
1106 1290 1250 1359 quod
1285 1288 1425 1345 Deus
1458 1290 1547 1355 iis,
1579 1292 1671 1361 qui
1714 1305 1797 1344 me
1830 1291 1916 1345 in-

352 1378 527 1432 visum
561 1380 778 1444 habent,
832 1380 1154 1449 pepercerit,
1184 1394 1284 1436 nec
1315 1395 1410 1435 eos
1466 1382 1734 1451 sanguine
1765 1396 1915 1435 eom-

353 1469 613 1523 maculari
647 1469 955 1539 permiserlt
988 1489 1003 1525 :
1049 1471 1135 1527 sin
1171 1479 1351 1526 autem
1407 1487 1601 1541 passus
1630 1472 1807 1538 fuero,
1838 1472 1921 1525 sic

350 1575 567 1629 quoque
595 1562 797 1629 gratias
840 1576 963 1631 ago,
994 1561 1140 1631 quod
1182 1563 1284 1616 hoc
1315 1561 1446 1615 mihi
1482 1562 1841 1617 institutionis
1866 1570 1920 1616 et

351 1650 616 1706 doctrinae
660 1652 943 1721 praemium
1007 1652 1204 1719 datur,
1243 1661 1303 1707 ut
1336 1666 1434 1722 per
1465 1654 1752 1723 sanguinis
1790 1669 1913 1722 pcr-

352 1740 623 1796 l'usionem
655 1743 767 1796 vita
797 1740 1083 1812 defungar.

422 1830 542 1886 Col.
570 1832 674 1887 450
690 1832 754 1886 A.
782 1831 849 1885 At
878 1808 997 1887 vero
1023 1834 1215 1905 linguis
1239 1837 1490 1900 externis,
1518 1851 1579 1889 ac
1610 1851 1710 1890 non
1732 1853 1919 1891 verna-
1945 1808 1993 1868 Β

348 1922 502 1990 culis,
531 1924 754 1991 apostoli
782 1923 1145 1991 loquebantur,
1167 1934 1272 1981 etc.
1290 1926 1347 1979 In
1376 1926 1526 1982 Actis
1551 1926 1918 1997 apostolorqu

349 2015 614 2083 scriptum
636 2023 717 2069 est
744 2032 758 2069 :
786 2012 1062 2085 Creperunt
1088 2016 1235 2086 loqui
1267 2017 1392 2070 aliis
1420 2017 1613 2087 linguis
1627 2017 1696 2081 ",
1732 2018 1782 2072 id
1814 2029 1917 2085 est,

347 2105 683 2173 auditorum,
722 2120 786 2160 ac
817 2121 925 2160 non
958 2107 1170 2176 patriis.
1204 2104 1391 2174 Neque
1412 2109 1556 2161 enim
1584 2109 1919 2163 audientium

348 2195 565 2265 linguai,
597 2211 787 2251 eorum
814 2197 910 2266 qui
963 2197 1346 2268 loquebantur,
1392 2199 1580 2269 patriae
1610 2210 1785 2256 erant.
1843 2203 1921 2258 Ac

351 2289 672 2342 miracmum
699 2302 761 2341 ea
786 2302 873 2342 res
898 2286 1145 2354 habebat,
1171 2290 1316 2359 quod
1335 2289 1563 2355 apostoli
1587 2306 1918 2359 sermonem,

345 2390 506 2444 quem
530 2375 752 2430 minimc
776 2375 1096 2440 didicerant,
1121 2377 1503 2447 loquebantur,
1549 2387 1624 2442 et,
1663 2389 1722 2434 ut
1774 2382 1920 2448 Apo-

345 2466 518 2520 stolus
541 2467 648 2520 ait:
683 2460 899 2537 lingua:
918 2468 973 2519 in
998 2468 1204 2537 signum
1230 2475 1381 2521 erant
1408 2484 1509 2523 non
1533 2468 1800 2537 ﬁdelibus,
1825 2471 1918 2524 sed

343 2557 646 2626 inﬁdelibus
668 2558 737 2623 ⁸⁸,
771 2570 832 2614 ιιι
861 2561 1075 2628 signqu
1103 2561 1205 2612 hoc
1260 2560 1393 2627 ipsis
1421 2561 1474 2613 in
1510 2563 1918 2617 accusationem

345 2649 583 2708 cederet,
616 2649 896 2715 quoniam,
926 2664 993 2702 ne
1022 2648 1122 2701 hoc
1154 2647 1375 2717 quidem
1403 2650 1561 2716 signo
1591 2651 1726 2717 viso,
1760 2653 1918 2705 ﬁdem

346 2738 582 2808 amplexi
612 2746 760 2803 sunt,
786 2737 929 2792 sicut
964 2738 1226 2805 scriptum
1255 2747 1339 2793 est
1373 2756 1387 2792 :
1422 2733 1686 2803 Quoniam
1713 2742 1768 2795 in
1794 2742 1918 2796 aliis

345 2829 538 2900 linguis
570 2829 760 2899 loquar
784 2830 852 2896 ",
889 2840 995 2885 etc.
1023 2829 1125 2886 Ubi
1152 2840 1334 2884 autem
1383 2832 1472 2886 hic
1506 2831 1661 2887 locus
1687 2833 1919 2890 habetur

346 2921 769 2994 Cbrysostomus
824 2923 1042 2993 quidem
1097 2922 1263 2978 verba
1304 2924 1419 2977 haec
1479 2923 1633 2979 Isaia:
1678 2926 1912 2994 tribuit;

344 3023 603 3069 caeterum
630 3014 773 3083 apud
800 3012 992 3068 Isaiam
1030 3028 1139 3067 non
1174 3015 1542 3083 reperiuntur.
1600 3014 1791 3084 Itaque
1832 3017 1914 3070 vel

345 3106 615 3161 malitiose
652 3107 902 3162 submota
932 3114 1078 3172 sunt,
1109 3105 1190 3160 vel
1242 3110 1344 3175 per"
1363 3105 1693 3160 oblivionem
1735 3116 1916 3162 trans-
1938 3135 1984 3199 ο

346 3210 539 3251 missa.

415 3286 555 3342 Ibid.
582 3285 881 3340 Audiebant
921 3295 1119 3340 autem.
1166 3282 1357 3339 Verum
1391 3284 1476 3338 hic
1512 3285 1729 3354 paulum
1784 3303 1911 3341 con-

341 3380 492 3447 siste,
524 3390 634 3433 etc.
668 3378 784 3434 IIoc
813 3394 1032 3449 quoque
1069 3393 1135 3433 ex
1161 3379 1423 3431 Actorum
1456 3377 1597 3434 libro
1636 3393 1912 3449 sumptum

342 3480 429 3527 est
460 3487 476 3525 :
506 3470 767 3525 Audiebat
811 3486 906 3525 sua
940 3470 1154 3539 quisque
1182 3467 1364 3538 lingua
1418 3484 1504 3523 eos
1541 3471 1805 3540 loquentes
1842 3470 1911 3523 ⁸⁸.

340 3564 412 3618 At
436 3561 746 3634 Theologus
778 3560 1081 3623 addubitat,
1119 3575 1231 3630 quo
1263 3569 1421 3630 pacto
1448 3561 1776 3631 ambiguitas
1812 3561 1913 3615 hoc

343 3658 463 3709 loco
503 3667 796 3708 occurrens
835 3650 1214 3720 distinguenda
1248 3660 1303 3704 et
1353 3650 1613 3705 solvenda
1645 3651 1736 3718 sit,
1793 3665 1913 3719 qua:

340 3744 779 3814 interpunctione
809 3741 1084 3807 dividitur,
1116 3741 1169 3795 id
1194 3751 1295 3807 est,
1334 3740 1685 3806 discernitur,
1746 3756 1913 3811 atque

342 3834 678 3889 dissolvitur.
715 3831 1022 3902 Propositis
1049 3831 1253 3901 itaque,
1284 3846 1379 3901 per
1407 3830 1909 3900 interrogationem,

341 3926 551 3981 duabus
576 3926 962 3991 solutionibus,
980 3923 1231 3979 secunda:
1262 3923 1531 3978 calculum
1550 3937 1711 3978 suum
1736 3924 1909 3977 addit:

347 4017 536 4072 Utrum
569 4018 736 4081 enim,
759 4018 957 4086 inquit,
992 4030 1097 4069 una
1122 4015 1341 4085 quidem
1385 4014 1686 4083 eademque
1726 4014 1912 4085 lingua

341 4109 705 4187 loquebantur
763 4105 1014 4177 apostoli,
1080 4120 1266 4160 verum
1321 4105 1671 4159 audientibus
1726 4106 1913 4160 multa:

341 4200 565 4263 ﬁebant,
599 4210 710 4253 tum
732 4206 952 4268 propter
980 4196 1125 4252 aeris
1155 4197 1462 4266 strepitum,
1493 4206 1603 4250 tum
1629 4197 1774 4265 quod
1792 4197 1915 4266 qui-

342 4290 473 4343 libet
500 4288 806 4343 auditoruni
838 4288 1078 4358 linguam
1114 4302 1268 4341 suam
1308 4288 1653 4342 secerneret?
1675 4287 1759 4340 An
1785 4302 1913 4342 vero

342 4391 599 4450 punctum
629 4392 930 4436 statuemus
952 4382 1005 4433 in
1028 4380 1216 4444 verbo,
1236 4356 1537 4445 audiebant,
1566 4381 1677 4434 haec
1704 4389 1908 4446 autem,

2024 571 2169 626 enim
2206 571 2445 642 linguam
2485 588 2639 628 suam
2672 574 2925 643 audiens,
2956 591 3020 648 ac
3067 575 3261 630 videns
3318 578 3596 645 apostolos

2024 676 2131 714 non
2157 661 2319 715 modo
2349 662 2415 716 ad
2433 677 2513 725 se,
2541 664 2634 719 sed
2651 667 2813 720 etiam
2839 668 2904 721 ad
2933 667 3091 729 alios,
3115 667 3462 736 quiexterna:
3486 667 3596 722 lin-

2022 764 2140 817 guae
2163 761 2342 819 erant,
2375 754 2537 809 verba
2570 755 2854 823 facientes,
2909 758 3075 811 animi
3108 758 3426 829 vertiginem
3461 760 3592 827 ipsis

2022 855 2086 894 ac
2122 841 2363 899 furorem
2392 845 2701 916 objiciebat,
2733 849 2987 918 quoniam
3026 850 3094 904 ab
3134 849 3203 904 iis
3231 849 3323 918 qui
3353 858 3594 904 externa:

2023 934 2260 1001 regionis
2286 945 2462 1003 erant,
2485 942 2853 1008 apostolorum
2883 941 3184 996 orationem
3216 942 3441 996 minime
3495 956 3596 996 au-

2023 1020 2126 1076 diri
2157 1025 2566 1083 existimabant.

2097 1113 2232 1168 Ibid.
2266 1115 2329 1169 C.
2382 1117 2701 1188 Quanquam
2754 1129 2930 1173 autem
2974 1121 3280 1184 laudabilis,
3309 1129 3413 1175 etc.
3460 1118 3595 1174 Eam

2024 1219 2242 1274 quoque
2289 1208 2590 1280 linguarum
2655 1210 2974 1265 divisionem
3036 1213 3221 1266 laudat
3275 1210 3592 1280 Gregorius,

1960 1350 1965 1355 .
2024 1313 2146 1367 quae
2174 1300 2226 1353 in
2258 1299 2600 1370 Babylonica:
2650 1302 2817 1357 turris
2869 1303 3240 1358 exstruetione
3289 1303 3432 1358 facta
3486 1314 3591 1368 est,

2021 1402 2146 1442 cum
2228 1405 2334 1443 una
2406 1390 2589 1460 lingua
2644 1390 2701 1445 in
2763 1390 2967 1447 multas
3027 1392 3263 1447 disseeta
3319 1403 3441 1457 est,
3505 1399 3591 1446 at-

2020 1494 2128 1549 que
2170 1480 2331 1550 impia
2384 1483 2677 1537 concordia
2711 1493 2764 1538 et
2793 1485 3083 1538 consensio
3121 1482 3387 1538 dissoluta
3428 1498 3595 1553 nego-

2022 1571 2153 1624 tium
2176 1574 2355 1649 stulte
2415 1564 2730 1642 susceptum
2764 1575 2929 1630 simul
2962 1574 3229 1630 dissolvit.
3257 1572 3413 1629 Hunc
3446 1575 3594 1630 enim

2021 1678 2246 1732 scepum
2279 1664 2377 1717 sibi
2418 1666 2791 1735 praponebant
2833 1665 2997 1721 turris
3045 1665 3425 1730 aediﬁcatores,
3453 1675 3511 1721 ut
3546 1664 3594 1721 si

2021 1754 2239 1823 quando
2298 1770 2438 1810 nova
2490 1773 2753 1826 aquarum
2817 1758 3000 1811 illuvie
3041 1768 3182 1812 terra
3242 1759 3591 1824 obrueretur,

2022 1847 2165 1902 hanc
2209 1848 2399 1901 turrim
2440 1849 2830 1913 ascemlerent,
2869 1850 3113 1918 iramque
3164 1850 3401 1904 divinam
3462 1866 3594 1905 con-

2026 1948 2351 1994 temnerent.
2386 1937 2627 2004 Quorum
2656 1940 2927 1994 vesaniam
2961 1956 3107 1995 nunc
3137 1955 3355 2009 quoque
3386 1940 3591 1995 imitari

2023 2030 2243 2100 quidam
2265 2044 2373 2083 non
2407 2040 2685 2092 verentur,
2724 2029 2988 2085 adversus
3026 2030 3288 2099 Spiritum
3341 2042 3593 2086 sanctum

2022 2122 2285 2176 scelerate
2317 2121 2636 2184 concordes,
2669 2122 2971 2190 turrimque
2997 2123 3287 2191 impietatis
3302 2134 3594 2179 exstruen-

2023 2224 2122 2267 tes.
2156 2213 2421 2268 Caeterum
2455 2211 2764 2282 Theologus
2813 2213 3186 2267 vehementius
3221 2214 3404 2268 laudat
3429 2224 3595 2284 atque

2022 2304 2322 2358 admiratur
2351 2302 2635 2357 divisionis
2688 2302 2919 2371 hujusce
2951 2303 3295 2359 miraculum.
3335 2304 3418 2359 Ab
3479 2319 3593 2360 uno

2021 2395 2167 2449 enim
2207 2393 2414 2463 Spiritu
2449 2396 2501 2447 in
2539 2394 2740 2448 inultos
2767 2398 3040 2463 apostolos
3070 2394 3287 2461 diﬂ'usa,
3342 2395 3396 2449 in
3426 2412 3590 2451 unam

2021 2500 2214 2539 rursus
2244 2485 2462 2554 pietatis
2494 2484 2836 2538 harmoniam
2867 2486 3227 2547 contrahitur,
3261 2501 3325 2540 ac
3352 2486 3594 2541 restitui-

2024 2586 2130 2630 tur.
2179 2575 2442 2640 Quamvis
2501 2576 2642 2630 enim
2680 2575 2908 2630 diversis
2963 2574 3162 2643 linguis
3215 2576 3589 2646 loquerentur,

2021 2664 2472 2719 omnibustamen
2499 2665 2699 2736 linguis
2718 2665 2906 2720 eadem
2928 2665 3310 2735 loquebantur,
3332 2669 3588 2724 nimirum

2018 2769 2104 2820 ea,
2137 2768 2258 2823 quae
2290 2755 2357 2809 ad
2392 2756 2695 2822 Christum,
2726 2767 2779 2810 et
2835 2757 2900 2810 ad
2951 2757 3392 2827 praedicationem
3430 2774 3595 2813 evan-

2017 2846 2246 2923 gelicam
2278 2848 2619 2918 spectabant,
2672 2862 2779 2899 non
2813 2862 2972 2901 secus
3000 2862 3066 2901 ac
3092 2848 3306 2902 cithara
3357 2849 3593 2903 diversis

2019 2935 2214 2990 ﬁdibus
2241 2935 2597 3004 pulsibusque
2616 2934 2938 2986 concordem
2964 2949 3157 2987 sonum
3176 2934 3373 2987 emittit
3403 2934 3592 2987 Enim-

2017 3040 2147 3079 vero
2169 3024 2255 3077 illa
2272 3023 2567 3093 gratiarum
2589 3022 2901 3087 diversitas,
2921 3037 3043 3091 quae
3068 3023 3133 3077 ad
3148 3023 3588 3092 dijudicationem

2019 3113 2123 3166 alia
2165 3111 2338 3181 gratia
2391 3124 2528 3180 Opus
2581 3110 2766 3175 habet,
2802 3110 3086 3179 prophetia
3135 3119 3238 3175 est,
3270 3125 3336 3165 ac
3381 3110 3589 3166 denum

2016 3202 2349 3271 linguarum.
2367 3196 2503 3253 Nam
2528 3209 2580 3254 et
2607 3201 2889 3270 prophetia
2917 3214 2983 3253 eo
3005 3200 3147 3253 dono
3172 3210 3225 3253 et
3255 3200 3425 3269 gratia
3449 3215 3589 3270 opus

2017 3292 2201 3356 habet,
2237 3305 2359 3367 qua.
2414 3291 2642 3359 spiritus
2698 3290 3124 3355 discernuntur,
3166 3300 3223 3345 et
3276 3290 3586 3360 linguarum

2015 3385 2219 3440 donum
2250 3382 2717 3452 interpretationis
2745 3382 2886 3437 dono
2914 3382 3140 3452 indiget.
3159 3382 3332 3435 Porro
3354 3384 3590 3453 prophe-

2016 3478 2125 3543 tia,
2157 3485 2212 3529 et
2246 3476 2550 3546 linguarum
2586 3475 2750 3539 dona,
2783 3474 2851 3528 iis
2890 3474 3228 3528 antecellunt
3253 3473 3413 3529 donis
3446 3490 3590 3544 quo-

2015 3582 2139 3622 rum
2200 3580 2305 3636 ope
2356 3566 2422 3620 ad
2506 3562 2950 3633 dijudicationem
3032 3572 3088 3618 et
3167 3564 3586 3633 explicationem

2013 3658 2295 3728 indigent,
2366 3657 2471 3711 hoc
2543 3667 2671 3723 est,
2741 3655 3074 3711 discretione
3148 3656 3440 3726 spiri:uum
3533 3667 3589 3710 et

2015 3747 2507 3817 interpretatione:
2551 3747 2746 3800 horum
2811 3747 2957 3801 enim
3013 3760 3195 3800 causa
3253 3759 3320 3800 ac
3373 3747 3589 3801 radices

2013 3849 2160 3896 sunt.
2185 3839 2340 3905 Quod
2365 3839 2585 3909 quidem
2624 3847 2971 3908 perspectum
3014 3837 3222 3891 habens
3250 3834 3586 3905 Theologus,

2014 3931 2115 3988 ait:
2144 3932 2224 3985 Ad
2243 3930 2659 3985 discernendum
2679 3944 2926 3998 quaenam
2949 3928 3185 3998 Spiritus
3213 3928 3388 3981 sancti
3414 3930 3589 3998 gratia

2014 4019 2082 4073 sit
2102 4019 2470 4088 praestantior.
2489 4012 2623 4069 Nam
2646 4017 2790 4084 quod
2808 4015 3044 4084 apostoli
3072 4015 3588 4085 peregrinislinguis

2014 4108 2331 4178 loquuntur,
2363 4106 2654 4161 diversitas
2687 4115 2773 4160 est
2806 4106 3019 4173 gratiae,
3056 4105 3161 4158 alia
3218 4107 3393 4174 gratia
3449 4119 3589 4175 opus

2012 4200 2239 4265 habens,
2256 4198 2514 4254 nimirum
2531 4196 2878 4252 discretionis
2893 4196 3061 4258 dono,
3080 4196 3147 4249 ad
3163 4195 3587 4250 discernendum

2012 4291 2290 4362 quodnam
2325 4291 2398 4346 sit
2426 4289 2621 4343 melius
2651 4303 2714 4342 ac
2748 4288 3097 4357 praestantius
3126 4288 3356 4350 donum,
3387 4287 3439 4340 id
3480 4297 3585 4352 est,

2012 4393 2196 4439 utrum
2250 4383 2356 4438 hoc
2405 4383 2712 4451 linguarum
2750 4381 2954 4433 donum
3001 4378 3233 4443 caeteris,
3287 4378 3487 4447 quibus
3507 4378 3589 4432 di.

340 4472 606 4541 loquentes
629 4488 737 4533 eos,
757 4486 880 4524 cum
902 4472 986 4525 his
1004 4486 1124 4539 quae
1148 4481 1470 4540 sequuntur,
1499 4479 1906 4536 connectemus,
1940 4466 1984 4522 D
2013 4474 2140 4527 vino
2168 4472 2436 4527 beneﬁcio
2467 4470 2642 4525 ornati
2679 4468 2915 4533 luerant,
2943 4468 3344 4537 praeferendum
3394 4468 3484 4531 sit,
3513 4483 3587 4523 an

345 4572 403 4614 ut
428 4565 499 4615 sit
532 4563 617 4614 hic
655 4575 869 4626 sensus,
909 4560 1054 4631 quod
1086 4572 1274 4630 gentes
1304 4563 1585 4631 apostolos
1617 4560 1917 4615 audiebant

345 4658 631 4724 loquentes
696 4653 895 4721 linguis
950 4653 1292 4717 auditorum,
1342 4655 1444 4709 hoc
1492 4665 1594 4718 est,
1650 4654 1916 4717 externis,

343 4753 611 4815 quantum
630 4742 694 4795 ad
728 4756 824 4796 eos
847 4741 941 4810 qui
960 4741 1357 4811 loquebantur}
1383 4741 1483 4796 Cui
1509 4741 1671 4795 etiam
1701 4751 1922 4795 senten-

346 4838 431 4891 tiae
462 4836 637 4905 magis
664 4836 888 4901 accedo,
921 4834 1362 4904 quandoquidem
1386 4834 1554 4904 priori
1583 4834 1770 4897 modo,
1805 4836 1913 4889 hoc

343 4939 448 4991 est,
480 4929 525 4984 si
573 4942 678 4981 una
707 4927 892 4997 lingua
958 4927 1188 4995 apostoli
1249 4926 1416 4979 locuti
1482 4936 1688 4989 essent,
1746 4935 1911 4995 atque

342 5019 721 5087 unusquisque
756 5015 1068 5072 auditorum
1134 5016 1425 5070 dialectum
1466 5032 1622 5072 suam
1681 5016 1750 5071 ab
1789 5017 1911 5072 aliis

342 5120 673 5182 separasset,
729 5111 1067 5164 audientium
1125 5108 1320 5163 luisset
1376 5108 1480 5163 hoc
1545 5108 1909 5174 miraculum;

342 5214 529 5258 contra
561 5204 605 5259 si
630 5205 682 5257 in
707 5204 892 5270 verbo,
944 5202 1252 5265 audiebant,
1272 5210 1538 5270 punctum
1566 5198 1910 5269 apposueris,

342 5314 404 5351 ae
435 5297 628 5351 deinde
683 5297 797 5350 hinc
827 5296 991 5351 verba
1030 5295 1378 5363 subjutixeris
1411 5313 1423 5348 :
1470 5292 1765 5364 Loquentes
1827 5306 1913 5345 eos

342 5389 568 5457 propriis
591 5388 918 5440 audientium
938 5386 1150 5457 linguis,
1185 5386 1508 5439 miraculum
1535 5384 1910 5453 apostolorum

343 5476 469 5529 erit.
512 5474 667 5541 Quod
705 5475 867 5529 etiam
912 5489 978 5527 ex
1023 5488 1088 5528 eo
1147 5474 1430 5543 perspicue
1485 5481 1721 5535 constat,
1768 5473 1913 5542 quod

346 5569 671 5622 tentulentize
699 5584 918 5639 quoque
944 5574 1293 5629 accusantur,
1330 5575 1513 5634 utpote
1536 5565 1638 5633 ipsi
1676 5563 1913 5634 Spiritus

415 5727 461 5758 ⁸⁷
497 5726 617 5781 Act.
658 5741 714 5789 ιι,
752 5727 806 5777 4.

2013 4564 2161 4621 aliud
2185 4565 2456 4634 quoddam
2485 4577 2553 4618 ex
2590 4560 2816 4632 reliquis
2859 4574 2875 4613 :
2906 4559 3347 4629 quandoquidem
3396 4558 3449 4612 in
3475 4566 3587 4615 tam

2014 4657 2246 4712 diversis
2279 4657 2553 4711 donorum
2578 4654 2874 4723 generibus
2910 4652 3116 4705 nullum
3152 4661 3257 4716 est,
3297 4653 3442 4721 quod
3476 4667 3588 4708 non

2014 4748 2232 4803 laudem
2264 4758 2559 4803 mereatur.
2612 4747 2754 4812 Quin
2785 4745 2947 4799 etiam
2982 4745 3243 4814 praeclara
3273 4743 3366 4797 illa
3398 4753 3483 4797 est
3506 4744 3590 4797 di-

2020 4839 2178 4902 visio,
2203 4853 2301 4907 pro
2326 4850 2432 4906 qua
2465 4835 2635 4889 David
2690 4837 2855 4889 Deum
2888 4835 3169 4899 obsecrat,
3231 4831 3318 4887 his
3352 4833 3534 4891 verbis
3567 4852 3583 4887 :

2018 4928 2206 4982 Divide
2259 4929 2466 4997 linguas
2526 4943 2727 4991 eorum,
2783 4927 2871 4994 qui
2926 4924 3364 4993 pra'cipitationis
3430 4923 3588 4978 verba

2014 5020 2314 5073 dilexerunt
2345 5020 2416 5086 “,
2451 5029 2640 5089 aperte
2670 5033 2803 5074 sane
2833 5016 3346 5071 Macedonianorum
3374 5015 3588 5084 linguas

2014 5126 2302 5172 accusans,
2325 5127 2444 5180 qua:
2472 5112 2708 5179 Spiritus
2728 5110 3064 5164 divinitatem
3090 5109 3365 5169 scindunt,
3382 5107 3589 5174 ipsum-

2016 5218 2143 5272 que,
2174 5216 2203 5254 a
2237 5200 2395 5255 Patre
2437 5210 2492 5255 et
2548 5202 2689 5265 Filio
2744 5200 3015 5254 dividunt.
3074 5197 3362 5265 Praacipitii
3401 5207 3584 5249 autem

2016 5293 2201 5358 verba,
2234 5304 2394 5344 voces
2423 5290 2528 5345 illa:
2560 5300 2710 5355 sunt,
2746 5305 2869 5359 qua:
2901 5287 3129 5359 Spiritui
3161 5294 3352 5341 sancto
3386 5285 3587 5338 divini-

2016 5389 2180 5436 tatem
2209 5380 2495 5451 abrogant,
2534 5387 2741 5450 utpote,
2782 5395 2905 5449 quae
2934 5392 3053 5444 eos,
3102 5391 3131 5430 a
3165 5374 3365 5444 quibus
3400 5373 3589 5442 proie-

2015 5484 2230 5539 runtur,
2252 5474 2594 5542 demergunt,
2620 5482 2780 5542 atque
2804 5474 2859 5525 in
2888 5470 3040 5525 exitii
3068 5467 3379 5537 voraginem
3407 5474 3587 5520 trans-

2016 5565 2237 5619 mittunt
2268 5580 2332 5619 ac
2358 5564 2645 5634 dejiciunt.
2676 5562 2958 5617 Dividatur
3002 5559 3190 5630 igitur,
3244 5556 3445 5627 inquit,
3475 5555 3587 5611 hu:-

887 5723 932 5755 ⁸⁸
963 5721 982 5776 l
1014 5722 1142 5778 Cor.
1176 5736 1288 5786 xiv,
1326 5720 1418 5774 22.
1494 5719 1539 5754 "
1579 5718 1704 5773 ibid.
1734 5717 1827 5774 2|.
1882 5719 1926 5751 ‘°
1958 5722 2083 5775 Act.
2117 5735 2182 5786 ιι,
2217 5717 2271 5775 6.
2346 5718 2389 5750 ⁶¹
2453 5716 2599 5774 Psal.
2654 5730 2762 5782 LIV,
2796 5715 2885 5771 10.
