4024 6292
436 249 575 315 14ὃῖ

1850 248 2104 311 ΑΒΟΕΝ
2117 251 2232 311 ΒΑ.

3542 239 3692 309 Ῑί84

435 382 615 423 sorcut
652 367 705 420 in
739 365 807 420 iis
841 378 962 434 qua:
1006 360 1264 433 praeclare
1307 378 1337 417 a
1378 361 1742 419 sanctissimis
1772 372 1827 419 et
1870 363 2007 418 divi-

2112 362 2420 436 κρατοῦντα
2458 359 2906 431 ἐπιψηφίζεσθαι,
2942 359 3040 413 καὶ
3085 358 3274 428 ὥσπερ
3303 356 3368 429 δή
3394 358 3696 428 συμπράτ-

434 458 681 514 nissimis
717 456 1090 529 pontilicibus,
1127 457 1359 525 ipsoque
1392 456 1743 510 sanctissimo
1777 455 2010 526 patriar-

434 553 535 608 clta
563 552 779 606 decreta
808 557 957 611 sunt,
981 558 1037 602 et
1062 557 1212 603 recte
1236 545 1554 602 constituta.
1581 546 1851 613 Quoniam
1880 562 2010 614 ergo

434 660 533 716 per
567 641 892 698 sententiam
933 641 1251 712 synodalem
1293 639 1465 709 Aprili
1507 653 1694 694 mense
1739 640 2008 709 praeterita

434 735 733 790 indictione
766 746 962 802 quarta
1009 733 1410 802 promulgatam
1442 748 1471 787 a
1508 731 1684 789 felicis
1734 733 2012 787 memoriae

432 827 771 897 patriarcha,
802 824 1025 879 domino
1059 822 1270 879 Joanne
1306 823 1609 894 Xipbilino,
1635 834 1689 879 et
1716 840 1747 879 a
1780 824 2010 880 sanctis-

434 918 592 974 simis
640 917 1077 987 metropolitauis
1122 926 1178 971 et
1226 916 1689 987 archiepiscopis,
1740 925 2011 987 quotquot

436 1013 488 1065 id
536 1009 801 1079 temporis
854 1007 923 1062 ad
973 1008 1165 1063 urbem
1218 1006 1622 1075 imperatrieem
1672 1018 1850 1072 erant,
1894 1023 2010 1062 ma-

432 1100 601 1168 jcstas
637 1113 755 1152 mea
790 1096 998 1160 didicit,
1030 1095 1083 1151 in
1114 1111 1179 1152 ea
1208 1097 1420 1168 synodo
1448 1097 1514 1151 de
1548 1096 1774 1152 incestis
1811 1098 2010 1167 nuptiis

434 1205 555 1243 esse
604 1187 910 1257 cognitum,
964 1198 1205 1255 quonam
1260 1186 1470 1242 scilicet
1523 1195 1678 1254 pacto
1726 1187 2012 1256 prohibita:

434 1280 639 1350 nuptias
665 1279 971 1334 secundum
1004 1293 1193 1334 sacros
1224 1293 1463 1333 canones
1495 1288 1658 1348 atque
1689 1278 1833 1348 leges
1864 1272 2010 1333 inlli-

435 1369 552 1425 beri
598 1368 855 1434 debeant,
903 1375 958 1422 et
994 1367 1091 1437 qui
1138 1367 1382 1423 vicissim
1425 1383 1503 1423 ea:
1552 1368 1733 1422 locum
1788 1367 2007 1435 habere,

431 1475 553 1531 quae
600 1458 904 1515 secundum
957 1458 1104 1528 leges
1166 1458 1345 1526 ﬁunt,
1411 1473 1511 1514 nec
1563 1459 1754 1530 synodi
1803 1460 2010 1529 judicio

431 1558 725 1605 vetantur:
762 1556 926 1618 atque
957 1548 1060 1602 boc
1108 1550 1331 1604 nomine
1378 1550 1651 1619 majestati
1699 1565 1835 1605 meas
1877 1568 2006 1622 sug-

434 1650 645 1713 gestum
691 1648 794 1704 est,
834 1650 893 1694 ut
930 1640 998 1695 ab
1036 1655 1100 1695 ea
1146 1642 1255 1696 tale
1301 1642 1585 1697 decretum
1633 1644 2007 1706 conﬁrmetur,

2111 473 2227 509 τειν
2256 454 2350 508 καὶ
2374 452 2742 524 συνεδριάζειν
2772 453 2881 516 τοῖς
2909 451 3092 513 καλῶς
3125 449 3273 520 παρᾶ
3304 449 3414 501 τῶν
3444 447 3695 517 ἱερωτά-

2112 563 2222 600 των
2252 548 2346 601 καὶ
2378 543 2670 599 θειοτάτων
2715 543 3041 614 ἀρχιερέων,
3089 541 3185 595 καὶ
3222 540 3387 594 αὐτοῦ
3435 540 3534 593 τοῦ
3580 557 3697 593 πα-

2110 639 2292 710 νιέρου
2329 637 2670 708 πατριάρχου
2695 635 3019 707 ψηφισθεῖσί
3042 651 3101 687 τε
3146 635 3245 686 καὶ
3274 632 3696 702 οἰκονομηθεῖσι

2112 727 2315 789 καλῶς.
2372 727 2482 781 Καὶ
2530 725 2639 797 γὰρ
2688 726 2814 778 ἐπεὶ
2877 723 3203 795 διακρίσεως
3254 721 3369 795 [διὰ
3426 720 3696 793 κρίσεως]

2113 815 2519 887 συνοδικῆς.τοῦ
2555 814 2861 885 μακαρίτου
2890 813 3232 883 πατριάρχου
3265 812 3458 883 κυρίου
3492 811 3680 864 Ἰωάν-

2113 924 2211 962 νου
2246 906 2340 961 τοῦ
2369 905 2643 976 Ξιιριλίνου
2687 904 3058 975 γεγενημένης
3091 905 3235 957 κατὰ
3277 904 3367 957 τὸν
3404 904 3697 975 Ἀπρίλιον

2116 1003 2259 1071 μῆνα
2313 1000 2413 1068 τῆς
2470 997 2852 1069 παρελθούσης
2902 996 2944 1050 δ’
2991 995 3338 1061 ίνδικτιῶνος,
3369 997 3451 1048 ἔτι
3483 1014 3547 1049 τε
3585 997 3691 1048 καὶ

2111 1092 2220 1145 τῶν
2274 1088 2399 1144 τότε
2451 1087 2833 1160 ἑνδημούντων
2897 1088 3042 1143 κατὰ
3112 1086 3212 1158 τὴν
3281 1086 3688 1158 βασιλεύουσιν

2113 1182 2425 1254 ἱερωτάτων
2459 1180 2876 1253 μητροπολιτῶν
2923 1183 3020 1234 καὶ
3054 1183 3530 1252 ἀρχιδπισκόπων,
3564 1184 3697 1237 ἀνέ-

2116 1273 2350 1344 μαθενὴ
2402 1273 2655 1344 βασιλεία
2708 1289 2833 1341 μου,
2887 1272 2969 1325 ὅτι
3026 1273 3321 1337 συνοδικῶς
3371 1273 3566 1344 ἐκρίθη
3620 1274 3697 1325 τὰ

2112 1365 2382 1436 περὶτῶν
2428 1364 2703 1435 ἀθεμίτων
2751 1364 2971 1432 γάμων,
3017 1365 3137 1427 πῶς
3185 1382 3245 1417 τε
3293 1364 3607 1434 ὀφείλουσιν
3642 1367 3697 1417 oi

2113 1456 2487 1526 κεκωλυμένοι
2528 1454 2672 1508 κατὰ
2698 1456 2826 1517 τοὺς
2870 1455 3044 1517 θείους
3076 1456 3305 1519 κανόνας
3349 1458 3445 1509 καὶ
3488 1458 3696 1527 νόμους

2113 1546 2574 1617 ἁναχαιτίζεσθαι,
2606 1548 2702 1600 καὶ
2736 1546 2856 1608 πῶς
2888 1546 3204 1617 προϐαίνειν
3237 1549 3286 1600 οἱ
3312 1547 3453 1601 κιτά
3482 1540 3692 1617 νόμους

2112 1641 2416 1705 γινόμενοι,
2474 1640 2569 1692 καὶ
2647 1637 2727 1709 μὴ
2787 1637 3085 1700 συνοδικῶς
3164 1637 3523 1707 κωλυόμενοι,
3589 1641 3694 1692 καὶ

432 1745 502 1786 ne
528 1730 597 1785 ab
622 1730 809 1800 aliquo
838 1730 977 1785 l'orte
1002 1730 1086 1784 vel
1119 1738 1286 1797 metu,
1320 1732 1406 1787 vel
1437 1731 1563 1787 dolo
1595 1734 1761 1798 malo,
1795 1733 1878 1788 vel
1903 1734 2009 1788 alio

2116 1732 2441 1801 ὑπεμνήσθη
2491 1730 2683 1784 τούτου
2737 1732 2927 1785 ἕνεκεν
2969 1734 3002 1801 ή
3061 1732 3307 1803 βασιλεία
3357 1750 3483 1802 μου,
3544 1731 3697 1784 ὥστε

432 1823 669 1892 quodam
721 1821 886 1876 modo
935 1837 1046 1876 non
1100 1821 1363 1877 laudabili
1429 1824 1781 1879 rescindatur
1823 1844 1836 1879 :
1887 1839 2008 1878 cum

434 1915 706 1986 ejusmodi
738 1930 824 1971 res
853 1915 1036 1970 divina
1062 1917 1136 1971 sit
1166 1926 1219 1972 et
1252 1919 1361 1988 pia,
1388 1935 1577 1989 preces
1606 1920 1820 1976 oblatas
1845 1937 2013 1977 exau-

432 2010 589 2076 divit,
637 2016 693 2065 et
735 2010 1065 2065 auctoritate
1098 2009 1385 2082 principali
1431 2013 1701 2081 placentia
1751 2015 1864 2070 Deo
1893 2031 2014 2071 cor-

432 2101 749 2169 roboravit,
816 2116 990 2172 eaque
1063 2111 1286 2173 propter
1361 2116 1727 2162 sacrosanctae
1802 2109 2012 2179 synodo

433 2209 654 2265 quoque
719 2194 1096 2265 comprobata,
1150 2206 1212 2251 ut
1273 2212 1340 2252 ne
1390 2208 1538 2254 recte
1581 2201 1709 2255 olim
1764 2200 1904 2257 facta
1948 2203 2014 2258 de

435 2300 580 2340 novo
630 2285 772 2342 male
830 2287 1243 2354 subvertantur,
1298 2304 1435 2345 neve
1502 2291 1626 2348 loco
1691 2303 2014 2348 moveantur

436 2375 686 2440 immota,
735 2375 1093 2447 profanaque,
1126 2386 1186 2432 ut
1230 2378 1305 2433 ita
1336 2379 1592 2446 dixerim,
1643 2382 1792 2437 (iant.
1826 2382 2015 2439 Sancit

435 2469 580 2523 enim
613 2467 870 2537 maiestas
911 2483 1029 2522 mea
1060 2484 1155 2539 per
1183 2470 1286 2525 hoc
1318 2485 1500 2527 aureas
1534 2473 1696 2527 bullae
1723 2474 2009 2542 scriptum,

435 2570 499 2616 ut
548 2560 748 2616 factum
804 2560 937 2615 illud
986 2576 1015 2615 a
1069 2563 1383 2631 patriarcha
1447 2567 1651 2633 pariter
1698 2574 1754 2620 et
1803 2568 2012 2638 synodo

436 2652 745 2712 decretum,
800 2649 1014 2701 ﬁrmum
1070 2657 1360 2719 ratumque
1412 2653 1514 2715 sit,
1574 2669 1673 2708 nec
1720 2655 2008 2725 quisquam

436 2740 488 2793 id
528 2738 615 2792 vel
645 2736 793 2792 nudo
823 2739 992 2792 verbo
1047 2738 1104 2792 in
1149 2739 1376 2796 dubium
1423 2743 1623 2800 audeat
1665 2762 1920 2802 revocare
1947 2764 2010 2803 ac

433 2828 765 2885 rescindere.
801 2827 937 2883 Nam
972 2830 1065 2897 qui
1106 2830 1235 2886 huic
1280 2848 1451 2889 sacra:
1488 2837 1846 2909 synodalique
1878 2855 2006 2894 sen-

435 2920 620 2974 tentia:
676 2919 1020 2987 adversatur,
1084 2937 1210 2978 mox
1264 2925 1381 2994 ipso
1435 2924 1580 2982 facto
1633 2929 1763 2983 ﬁdei
1813 2940 2011 2987 nostrae

434 3010 801 3080 gubernacula
853 3013 1142 3078 subvertit,
1187 3024 1243 3069 et
1280 3016 1651 3073 anathematis
1706 3019 1883 3077 factus
1927 3031 2010 3079 est

436 3114 585 3165 reus,
638 3100 1034 3172 abdicatusque
1063 3117 1094 3157 a
1135 3119 1334 3174 magna
1385 3106 1629 3165 Ecclesia
1678 3121 2008 3179 removetur,

432 3190 580 3243 velut
614 3190 950 3247 inhumanus
1001 3199 1057 3246 et
1099 3196 1530 3262 consceleratus,
1586 3200 1680 3268 qui
1736 3211 1791 3255 et
1839 3217 2008 3256 cano.

431 3281 599 3337 nibus
628 3282 950 3338 adversetur
981 3293 1036 3339 et
1081 3287 1304 3341 eosdem
1359 3290 1636 3344 rescindat
1684 3300 1847 3363 atque
1876 3308 2009 3348 con-

430 3373 617 3428 vellat.
677 3371 889 3445 Quippe
942 3375 1204 3445 maiestas
1273 3391 1389 3431 mea
1432 3381 1687 3449 praeclare
1716 3383 2009 3449 diiudicata

431 3474 694 3535 gestaque
720 3481 817 3532 per
844 3467 1014 3537 ipsam
1039 3468 1309 3540 synodum
1339 3469 1656 3540 obsignans,
1685 3476 2007 3543 praesentem

433 3556 575 3612 hanc
607 3559 844 3612 Auream
888 3559 1099 3613 Bullam
1143 3561 1528 3630 promulgavit,
1563 3566 1628 3617 ad
1675 3565 2005 3622 confirman-

432 3647 561 3702 dum
597 3657 653 3705 et
685 3649 1075 3705 stabiliendum
1121 3665 1207 3716 ea,
1252 3652 1339 3706 cui
1393 3653 1553 3709 bullae
1587 3656 1769 3714 rubris
1816 3660 2009 3717 litteris

432 3738 779 3810 subscripsit,
807 3749 861 3795 et
900 3757 997 3812 per
1028 3757 1122 3798 eas
1149 3743 1430 3799 veritatem
1459 3745 1745 3804 clariorem
1773 3751 2008 3820 dictans,

430 3842 621 3883 verum
662 3830 712 3884 ei
747 3831 1009 3901 sigillum,
1053 3834 1208 3903 quasi
1259 3833 1535 3903 quoddam
1575 3852 1800 3895 aureum
1833 3845 2011 3899 corol-

431 3917 651 3986 larium,
681 3923 959 3991 appendit.
1009 3928 1115 3979 An.
1151 3924 1339 3979 mund'i
1373 3925 1531 3992 6598,
1565 3929 1667 3985 bac
1701 3931 1818 4002 ipsa
1852 3937 2008 3991 tertia

433 4009 752 4076 indictione,
780 4028 968 4069 mense
993 4013 1275 4083 Januario,
1301 4034 1411 4088 quo
1441 4029 1494 4074 et
1524 4021 1613 4090 pia
1641 4022 2010 4098 divinitusque

431 4102 738 4157 constituta-
764 4104 1027 4174 majestas
1063 4115 1248 4162 nostra
1282 4110 1630 4182 subscripsit.

2113 1824 2522 1896 ἐπικυρωθῆναι
2564 1824 2697 1897 παρ’
2743 1826 2914 1896 αὐτῆς
2961 1827 3061 1898 τὴν
3088 1831 3345 1898 τοιαύτην
3373 1829 3581 1897 κρίσιν,
3615 1830 3697 1891 ὡς

2114 1917 2180 1969 ἂν
2219 1917 2293 1988 μὴ
2339 1918 2488 1988 παρά
2534 1934 2680 1981 τινος
2731 1919 2876 1973 κατὰ
2915 1920 3080 1989 φόϐον
3135 1920 3379 1992 τυχὸν,ῆ
3432 1921 3608 1987 δόλον,
3659 1924 3696 1992 ἢ

2111 2010 2312 2079 τρόπον
2359 2010 2518 2062 ἄλλον
2552 2010 2653 2064 οὐκ
2692 2012 2980 2065 ἐπαινετὸν
3049 2013 3434 2082 ἀνατρέποιτο,
3470 2014 3568 2066 καὶ
3620 2010 3705 2084 ἦν

2113 2101 2173 2154 τὸ
2205 2101 2443 2171 πρᾶγμα
2483 2100 2628 2154 θεῖον
2658 2103 2766 2154 ,καὶ
2822 2102 3096 2166 εὐσεόἐςσ
3122 2104 3395 2174 ἐπήκουσε
3433 2104 3535 2171 τῆς
3578 2105 3696 2157 τῶν

2113 2192 2453 2261 αἰτουμένων
2494 2193 2789 2263 αἰτήσεως,
2839 2195 2936 2246 καὶ
2991 2195 3331 2264 ἐπεκράτυνε
3390 2194 3695 2264 βασιλικῶς

2109 2267 2180 2339 τὰ
2206 2285 2282 2357 τῷ
2317 2284 2437 2356 Θεῷ
2463 2284 2742 2357 ἀρέσαντα
2786 2284 3170 2358 [ὰρέσκοντα],
3211 2288 3305 2339 καὶ
3344 2285 3486 2339 κατὰ
3525 2287 3696 2341 τοῦτο

2113 2378 2208 2432 καὶ
2239 2380 2306 2449 τῇ
2342 2377 2463 2449 θείᾳ
2507 2379 2601 2431 καὶ
2626 2378 2775 2448 ζὰγίᾳ
2829 2374 3034 2449 συνόδῳ
3081 2378 3512 2446 ωνοδοξάσαντα
3540 2377 3699 2452 [συν-

2111 2466 2387 2540 δόξαντα],
2432 2469 2512 2532 ὡς
2571 2469 2637 2522 ἂν
2706 2471 2778 2523 τὰ
2830 2471 2998 2524 πάλαι
3058 2472 3425 2543 πεπραγμένα
3478 2473 3693 2534 καλῶς,

2113 2561 2374 2629 ὲκκαινῆς
2425 2561 2614 2625 κακῶς
2674 2561 2749 2633 μὴ
2801 2562 3281 2634 ἀναμοχλεὺοιντο,
3322 2565 3418 2618 καὶ
3455 2566 3697 2635 ἀκνςτλ.

2117 2655 2500 2722 μετακινοῖντο
2557 2652 2657 2726 [ὡς
2708 2656 2971 2725 εὐκίνητα
3030 2655 3200 2728 plen],
3248 2659 3343 2710 καὶ
3385 2657 3461 2721 ὡς
3516 2661 3699 2711 εἰπεῖν

2114 2744 2303 2815 ἀνίερα
2339 2745 2573 2812 γίνοιντο
2598 2745 2941 2820 [γίγνοιντο].
2976 2750 3279 2818 Διορίζεται
3320 2751 3431 2820 γὰρ
3462 2752 3496 2819 ἡ
3527 2751 3693 2820 βασι-

2112 2836 2231 2908 λεία
2260 2854 2362 2907 μου
2393 2837 2477 2890 διὰ
2507 2837 2603 2891 τοῦ
2621 2840 2908 2910 -παρόντος
2932 2839 3331 2910 χρυσοϐούλλου
3362 2842 3546 2911 λόγου,
3585 2845 3692 2912 τὴν

2112 2929 2416 2999 γενομένην
2471 2930 2886 3002 πατριαρχικὴν
2956 2933 3051 2985 καὶ
3112 2933 3400 3002 συνοδικξν
3464 2936 3697 3004 κρίσιν,

2116 3017 2343 3089 βεϐαίαν
2389 3018 2566 3087 εἶναι,
2608 3023 2703 3075 καὶ
2755 3022 2831 3094 μὴ
2880 3025 3032 3094 παρά
3060 3041 3204 3088 τινος
3240 3028 3367 3098 ἄχρι
3409 3031 3500 3081 καὶ
3531 3028 3701 3097 ψιλοῦ

2110 3111 2204 3165 τοῦ
2230 3112 2389 3181 λόγου
2435 3113 2743 3184 τολμᾶσθαι
2782 3116 3177 3186 ἀνακρίνεσθαί
3216 3135 3274 3171 τε
3311 3122 3405 3173 καὶ
3457 3122 3697 3191 ἀνατρέο

2108 3204 2328 3261 πεσθαι.
2369 3206 2704 3278 Αὐτόχρημα
2757 3209 2867 3280 γὰρ
2913 3214 2940 3264 ό
2995 3213 3341 3268 ἀντιπίπτων
3398 3215 3575 3287 ταύτῃ
3615 3219 3695 3287 τῇ

2110 3297 2231 3371 θείᾳ
2268 3300 2363 3353 καὶ
2412 3303 2666 3375 συνοδικῇ
2713 3306 2933 3378 κρίσει,
2978 3308 3078 3378 τῆς
3127 3309 3398 3380 ἡμετέρας
3448 3309 3699 3371 πίστεως

2108 3394 2550 3462 προςανατρέπει
2599 3397 2726 3461 τοὺς
2760 3400 2978 3467 οἰακας,
3038 3403 3134 3455 καὶ
3172 3401 3479 3472 ἀναθέματι
3517 3400 3698 3454 καθυ-

2109 3482 2467 3552 ποϐἐϐληται,
2510 3489 2605 3540 καὶ
2652 3490 3040 3559 ἀποκήρυκτος
3091 3493 3246 3564 παρὰ
3295 3494 3395 3564 τῆς
3441 3494 3699 3564 μεγάλης

2127 3574 2453 3648 Ἐκκλησίας
2507 3580 2970 3648 ἀποκαθίσταται,
3012 3585 3106 3640 καὶ
3150 3587 3536 3656 ἀντιπράττων
3576 3591 3697 3651 τοῖς

2116 3666 2324 3728 κανόσι,
2367 3669 2462 3721 καὶ
2516 3670 2840 3743 ἀνατρέπων
2891 3676 3112 3741 τούτους
3171 3679 3268 3731 καὶ
3321 3677 3693 3743 διασαλεύων,

2112 3759 2486 3832 ἀπάνθρωπός
2538 3780 2600 3817 τε
2649 3765 2746 3820 καὶ
2804 3771 3269 3844 παρανομώτερος
3325 3772 3693 3847 [παρανομώο

2112 3847 2318 3921 rarae].
2366 3851 2475 3905 Καὶ
2527 3855 2637 3925 γὰρ
2692 3856 3177 3931 ὲπισερραγίζουσα
3220 3865 3253 3935 ἡ
3293 3862 3549 3931 βασιλεία
3582 3882 3693 3936 μου

2116 3942 2196 3996 τὰ
2221 3946 2528 4017 κεκριμένα
2549 3949 2732 4015 καλῶς
2761 3953 2858 4007 καὶ
2901 3956 3342 4028 οίκονομηθέντα
3364 3956 3697 4020 συνοδικῶς,

2114 4034 2209 4087 καὶ
2270 4037 2332 4090 τὺ
2392 4041 2566 4111 παρὸν
2625 4042 2842 4108 ἐξέθετο
2898 4049 3315 4120 χρυσόσουλλον,
3352 4053 3438 4114 εἰς
3498 4050 3701 4103 sntit-5-

2118 4128 2286 4195 ρωσίν
2315 4147 2375 4182 τε
2407 4134 2502 4187 καὶ
2544 4137 2897 4210 στερεότητα,
2934 4142 3409 4215 ὑποτημηναμένη
3440 4146 3501 4199 ὲν
3539 4143 3695 4212 αὑτῴ

537 4194 1368 4311 ξςῖθξίῗγέἶρα-μέμάῖωἷιῇαὶ
1428 4205 1766 4311 mai-fw???
1831 4212 1931 4311 “silv
1999 4193 2260 4289 ἀλήθειαν
2319 4193 2657 4300 φανωτέραν.
2701 4193 3695 4311 ι’)παγορειῖουσοίῖ..κορωνίᾶν⁷

429 4284 495 4355 δή
536 4302 658 4341 τινα
686 4291 918 4361 χρυσῆν,
957 4293 1059 4362 τὴν
1086 4293 1302 4364 ἀληθῶς
1329 4298 1601 4368 σφραγῖδα
1634 4299 1811 4373 τούτῳ
1866 4284 2293 4382 ἀπαιωρησασα,
2331 4284 2393 4371 εν
2440 4319 2527 4373 ἔτε

2536 4340 2551 4373 ι
2610 4323 2690 4394 τῷ
2748 4333 2940 4397 ,ςφπη’
2979 4329 3078 4400 τῆς
3147 4330 3432 4402 παρούσης
3496 4332 3700 4402 τρίτης

433 4382 770 4497 ίνδικτιῶνος
819 4386 916 4441 τοῦ
973 4389 1317 4462 Τανουασρίου
1368 4391 1559 4463 μηνὸς,
1621 4397 1678 4448 ἐν
1728 4394 1772 4466 ᾧ
1818 4402 1913 4454 καὶ
1974 4404 2036 4457 τό
2075 4408 2346 4480 ἡμέτερον
2405 4415 2630 4482 εὐσεϐὲς
2659 4382 3242 4496 ’καλ-’θεοπρόξλητονι

433 4479 654 4549 κράτος.

468 4620 3689 4705 W

1689 4766 1981 4815 INBUNTE‘
2004 4772 2258 4818 θεοῖ]ιο
2300 4776 2420 4820 ΧΠ.

1136 4908 3001 5193 NICETAS_SEIDUS.

1779 5278 2327 5373 NOTITIA.

956 5432 1083 5498 (Leo
1111 5433 1328 5486 Allatius
1351 5439 1402 5489 in
1432 5439 1657 5493 Diauiba
1679 5443 1740 5495 de
1766 5442 1985 5509 Nicetis,
2007 5462 2087 5512 ap.
2121 5450 2303 5501 Malum
2334 5451 2458 5505 Bibl.
2500 5456 2627 5507 Nov.
2664 5457 2807 5509 Patr.
2831 5457 2915 5522 VI,
2944 5472 2997 5523 ιι,
3031 5461 3161 5526 49Ξ.)

500 5556 717 5616 Niectas
751 5559 949 5619 Seidus
982 5562 1451 5660 sub-imperatore
1495 5568 1688 5660 Alexio
1718 5570 2021 5641 Comueno,
2054 5590 2178 5631 cum
2215 5578 2421 5635 videret
2449 5597 2479 5637 a
2529 5581 2738 5640 Latinis
2766 5589 3017 5656 proponi,
3062 5590 3402 5660 opinionibus
3429 5568 3699 5655 Ecclus};

429 5645 684 5703 Romam:
715 5657 964 5718 tanquam
994 5651 1309 5720 antiquioris
1354 5654 1715 5713 inhwrendum
1763 5677 1893 5724 esse,
1925 5666 2402 5736 venerabilioraque
2438 5688 2550 5727 esse
2591 5675 2736 5728 novi:
2767 5645 3106 5744 .ant-iqniord:
3146 5660 3375 5745 scripsit
3411 5687 3704 5747 adversus
