4034 6196
1813 269 1894 326 EI.

2024 267 2086 326 Α.
3587 267 3656 328 48

1291 617 1644 688 ELOGIA
1757 617 1939 686 PRO
2050 615 2628 691 ANASTASIO.

239 917 568 973 Guilielmus
618 916 674 970 S.
723 917 785 972 Β.
828 916 894 970 Ε.
947 914 1388 970 b-ibliothecarius
1425 915 1488 969 in
1522 914 1649 970 Vita
1685 913 1894 969 Adria-
1921 907 1982 970 A

949 1006 1009 1059 ni
1036 1006 1096 1060 II
1117 1004 1200 1075 (α)

313 1114 509 1187 Legati
539 1114 594 1168 S.
628 1114 692 1168 R.
726 1114 788 1169 E.
834 1117 1047 1168 textum
1101 1112 1304 1183 synodi
1333 1113 1542 1183 (nempe
1565 1117 1765 1166 octava
1800 1127 1902 1179 ge—

243 1205 452 1260 neralis
484 1204 956 1273 Constantinopoli
998 1202 1321 1273 celebratae),
1363 1206 1618 1258 verentes
1650 1215 1718 1257 ne
1759 1202 1898 1273 quid

244 1295 456 1351 falsum
489 1295 683 1350 Graeca
708 1293 912 1348 levitas
953 1293 1010 1348 in
1046 1306 1167 1348 eam
1199 1292 1570 1364 congesserit,
1599 1290 1902 1347 Anastasio

244 1391 458 1441 sanctae
502 1383 658 1440 sedis
707 1383 1038 1453 apostolica
1095 1382 1538 1438 bibliothecario
1590 1380 1708 1452 (qui
1764 1387 1901 1437 tunc

246 1473 521 1543 temporis
552 1487 654 1542 pro
685 1485 856 1526 causa
875 1471 1147 1526 Ludovici
1180 1469 1532 1525 serenissimi
1563 1469 1743 1525 nostri
1774 1469 1902 1525 Au—

244 1562 402 1634 gusti
436 1575 563 1617 cum
595 1562 862 1630 Suppone
903 1559 1339 1615 archiministro
1366 1564 1492 1628 post
1519 1571 1613 1614 eos
1632 1559 1900 1614 Constan-

242 1650 572 1720 tin0polim,
607 1649 830 1720 divina,
862 1653 928 1704 ut
953 1649 1230 1718 creditur,
1266 1648 1698 1718 dispensatione
1724 1649 1901 1704 adve-

241 1739 425 1810 nerat)
464 1739 766 1794 subtiliter
810 1738 1243 1810 inquirendum,
1286 1742 1588 1809 antequam
1636 1738 1885 1793 subscri«

241 1830 399 1899 bant,
454 1829 844 1885 committunt.
877 1828 924 1883 A
955 1842 1068 1898 quo
1098 1827 1236 1898 quia
1275 1827 1336 1882 in
1368 1828 1634 1898 utrisque
1680 1827 1900 1899 linguis

240 1917 760 1989 eloquentissimus
799 1916 1097 1987 existebat,
1158 1916 1585 1972 studiosissime
1628 1931 1899 1987 perscru-

246 2013 422 2072 tatus,
470 2020 636 2062 omne
689 2006 841 2076 quod
901 2006 968 2060 ad
1027 2005 1250 2060 laudem
1309 2005 1666 2061 serenissimi
1714 2005 1896 2061 nostri

245 2096 504 2162 Caesaris,
552 2095 963 2150 sanctissimus
988 2094 1256 2150 dominus
1301 2093 1592 2150 Adrianus
1641 2093 1898 2164 pontifex

249 2183 310 2238 in
337 2184 571 2252 epistola
619 2185 715 2239 sui
748 2184 1064 2239 decessoris
1109 2182 1350 2239 Arsenio
1401 2182 1668 2254 episcopo
1701 2183 1903 2239 immi—

245 2278 413 2328 nente
433 2273 737 2344 adjecerat,
770 2277 1078 2328 reseratum
1111 2272 1430 2329 inveniunt.

296 2401 534 2454 Joannes
563 2400 914 2462 Trithcmius,
946 2399 1010 2453 de
1045 2398 1414 2469 Scripta-ribus
1445 2399 1841 2455 ecclesiasticis.

315 2524 663 2580 Anastasius
709 2525 1039 2595 apostolicae
1081 2525 1443 2582 bibliotheca:
1496 2528 1691 2581 custos
1716 2530 1770 2581 et
1803 2524 1903 2579 in.-

236 2619 539 2669 staurator
566 2614 995 2684 sagacissimus,
1027 2615 1085 2668 in
1107 2614 1326 2670 divinis
1354 2614 1672 2684 Scripturis
1695 2613 1901 2670 erudi-

237 2710 359 2770 tus,
385 2707 443 2758 et
460 2703 520 2757 in
540 2703 914 2759 saecularibus
933 2703 1145 2759 litteris
1163 2703 1437 2760 nobiliter
1455 2704 1680 2773 doctus,
1703 2702 1898 2759 Graeco

234 2799 295 2848 et
325 2792 536 2847 Latino
578 2792 821 2849 multum
860 2793 1080 2862 peritus
1109 2793 1360 2864 eloquio,
1408 2793 1591 2849 fertur
1621 2792 1898 2849 nonnulla

232 2881 638 2951 composuisse
677 2881 972 2952 Opuscula,
1006 2883 1101 2938 sed
1132 2883 1202 2939 ad
1251 2896 1452 2939 manus
1491 2886 1718 2939 nostras
1747 2881 1896 2938 nihil

229 2984 441 3027 eorum
477 2971 750 3041 pervenit.
781 2972 1102 3028 Transtulit
1133 2976 1322 3028 autem
1364 2973 1546 3029 multa
1569 2973 1898 3028 Graecorum

231 3060 539 3116 volumina
594 3061 653 3116 in
701 3061 987 3132 Latinum,
1020 3075 1148 3118 nam
1175 3061 1412 3131 jubente
1440 3063 1675 3118 Nicolao
1706 3063 1897 3132 papaI

231 3150 549 3206 transtulit
584 3151 784 3206 gVitam
833 3152 1070 3208 Joannis
1152 3152 1630 3224 Eleemosynarii:
1689 3151 1791 3206 lib.
1851 3165 1887 3207 I.

229 3238 419 3294 Unam
474 3239 530 3294 S.
581 3240 840 3311 Dionysii
887 3240 1312 3296 Hierarchiam:
1361 3241 1462 3297 lib.
1515 3256 1554 3297 ι.
1604 3241 1890 3312 Synodum

229 3342 305 3384 vn
333 3329 754 3384 universalem:
780 3329 880 3385 lib.
916 3344 954 3386 ι.
983 3331 1142 3386 Vitas
1169 3330 1480 3386 multorum
1505 3331 1597 3386 SS.
1621 3332 1885 3386 Patrum:

231 3419 336 3474 lib.
366 3433 411 3486 ι,
444 3423 505 3473 et
533 3418 648 3474 alia
681 3418 866 3489 plura.
897 3419 1140 3489 Scripsit
1169 3424 1226 3475 et
1266 3419 1573 3476 Historiam
1600 3419 1893 3475 Ecclesia-

228 3510 438 3564 sticam
495 3522 681 3579 usque
729 3509 797 3564 ad
831 3522 935 3564 sua
976 3512 1248 3579 tempora,
1300 3513 1534 3582 rogante
1579 3509 1780 3565 Carolo
1819 3510 1886 3579 Il,

228 3599 323 3653 cui
359 3597 664 3667 imprimis
689 3598 900 3653 charus
928 3603 1062 3655 erat.
1090 3598 1312 3656 Claruit
1336 3599 1444 3656 sub
1475 3599 1760 3656 Ludovico
1792 3598 1895 3654 im-

235 3694 497 3758 peratore
531 3687 816 3755 secundo,
846 3700 993 3742 anno
1013 3688 1239 3746 Domini
1263 3686 1388 3746 860.

299 3831 378 3899 (α)
408 3831 617 3888 Exstat
647 3829 712 3885 in
738 3828 847 3884 hoc
871 3840 1053 3899 Opere.

2119 915 2180 968 B.
2209 914 2433 968 Platina
2451 911 2537 984 {de
2579 913 2719 970 Vitis
2745 913 3085 982 Pontificum,
3125 912 3186 967 in
3212 913 3420 969 JOANNE
3447 913 3546 971 1X.

2082 1057 2321 1115 Carolus
2352 1059 2662 1128 imperator
2699 1059 3157 1113 Normannorum
3203 1069 3390 1129 regem
3439 1056 3499 1112 in
3536 1069 3660 1129 gra«

2013 1147 2151 1203 tiam
2180 1148 2485 1219 recipiens,
2511 1163 2540 1204 e
2563 1147 2927 1218 baptismatis
2946 1146 3099 1202 fonte
3115 1146 3343 1215 levavit,
3368 1149 3433 1202 ut
3453 1145 3660 1202 scribit

2011 1237 2371 1308 Anastasius,
2400 1239 2499 1310 qui
2524 1244 2643 1295 tum
2675 1239 2731 1292 in
2752 1237 2935 1307 pretio
2960 1240 3084 1293 erat
3107 1237 3370 1291 Romana
3394 1235 3659 1290 Ecclesiae

2012 1326 2513 1398 bibliothecarius,
2547 1328 2636 1383 vir
2667 1341 2801 1383 sane
2833 1332 3075 1397 utraque
3106 1327 3304 1398 lingua
3337 1325 3561 1393 doctus,
3595 1329 3662 1380 ut

2011 1431 2041 1472 e
2072 1418 2267 1473 Graeco
2299 1418 2358 1472 in
2382 1418 2647 1473 Latinum
2685 1422 2741 1472 et
2766 1417 3064 1486 septimam
3109 1413 3490 1471 universalem
3518 1425 3662 1483 syn-

2012 1509 2205 1577 odum,
2229 1512 2285 1563 et
2310 1507 2699 1563 Ilierarchiam
2729 1506 2990 1577 Dionysii
3011 1505 3386 1577 Areopagitae,
3419 1507 3473 1558 et
3503 1502 3661 1565 Vitas

2013 1597 2326 1653 multorum
2382 1597 2569 1652 Caroli
2628 1596 2812 1669 gratia
2859 1596 2920 1653 in
2957 1595 3223 1652 Latinum
3273 1592 3559 1666 eleganter
3602 1597 3658 1648 et

2010 1685 2172 1742 docte
2204 1686 2588 1742 transtuleris.

2011 1830 2326 1901 Onuphrius
2366 1831 2668 1884 Panvinius
2702 1831 2761 1952 iln
2799 1829 3096 1954 PlatIinam,
3128 1830 3358 1882 annotat
3402 1827 3462 1880 in
3488 1825 3660 1882 Nico-

2735 1916 2862 1954 :um
2940 1940 2952 1953 .

2735 1916 2862 1954 tum
2907 1916 2952 1954 1.

2081 2026 2422 2082 Anastasius
2457 2022 2789 2090 monachus,
2821 2024 2878 2077 et
2901 2021 2954 2076 S.
2989 2021 3055 2075 R.
3088 2021 3148 2074 Ε.
3183 2017 3662 2075 bibliothecarius

2013 2129 2196 2186 usque
2216 2115 2282 2170 ad
2317 2112 2614 2169 Nicolaum
2642 2113 2665 2166 Ι
2691 2111 3073 2166 Romanorum
3119 2107 3454 2178 pontiﬁcum
3473 2107 3658 2180 Vitas,

1931 2251 1985 2313 B
2014 2219 2140 2276 quae
2169 2204 2357 2259 adhuc
2382 2202 2530 2273 apud
2579 2215 2666 2257 me
2691 2205 2846 2270 sunt,
2887 2197 3143 2268 scripsit,
3172 2196 3280 2254 sub
3315 2211 3428 2268 quo
3453 2201 3508 2252 et
3535 2197 3662 2266 ejus

2019 2292 2442 2313 ___---_--_:L__-
2485 2292 2501 2313 Δ
2522 2291 2719 2313 ,ι-εημλ
2763 2291 2809 2313 η
2833 2293 2883 2313 ,ιι
2919 2290 3124 2313 ἴλη-..ειη
3153 2289 3271 2313 ιγπη
3297 2287 3351 2313 ενι
3384 2286 3530 2313 ῐτ-ι.η
3552 2287 3622 2313 (In

2014 2292 2446 2350 successoribus
2469 2291 2723 2348 Adriano
2763 2291 2809 2346 II
2829 2293 2886 2345 et
2911 2290 3125 2345 Joanne
3153 2289 3272 2343 VIII
3297 2287 3354 2342 in
3384 2286 3530 2344 Urbe
3552 2287 3663 2342 tlo—

2013 2385 2154 2440 ruit.
2169 2384 2304 2452 Quaa
2325 2376 3390 2454 sequunturconcinnavitGuilielmus
3404 2375 3659 2447 quidam,

2010 2473 2153 2530 alter
2174 2471 2672 2542 bibliothecarius,
2707 2484 2833 2541 quae
2854 2469 2916 2524 in
2938 2468 3088 2525 libro
3115 2466 3223 2524 sub
3259 2465 3527 2522 Damasio
3548 2478 3660 2521 no-

2015 2564 2166 2619 mine
2190 2559 2616 2632 circumfertur,
2644 2563 2886 2617 exstant.

2008 2707 2316 2775 Sigebertus
2347 2703 2764 2775 Gemblacensis,
2791 2701 2857 2755 de
2880 2699 3190 2775 illustribus
3219 2697 3471 2753 Ecclesiae
3501 2696 3661 2752 Scri—

2532 2774 2804 2844 pta-ribus.
2845 2788 2964 2842 cap.
3001 2767 3122 2827 404.

2077 2919 2434 2988 Anastasius,
2451 2917 2688 2990 jubente
2707 2915 2941 2973 Nicolao
2965 2927 3130 2986 papa,
3150 2912 3451 2970 transtulit
3469 2911 3529 2968 in
3561 2913 3660 2970 La-

2007 3010 2194 3068 tinum
2213 3010 2397 3066 Vitam
2419 3007 2654 3066 Joannis
2672 3004 3141 3077 Eleemosynarii,
3170 3003 3444 3075 scriptam
3463 3003 3658 3060 Graece

2003 3114 2035 3157 a
2065 3100 2300 3158 Leontio
2321 3099 2614 3170 episcOpo.

2075 3189 2254 3246 Caesar
2276 3190 2542 3245 Baronius
2561 3187 2868 3243 Annalium
2890 3184 3385 3240 Ecclesiasticorum
3405 3184 3543 3238 tomo
3557 3183 3651 3239 IX.

2073 3278 2413 3334 Anastasius
2427 3275 2925 3345 bibliothecarius,
2948 3273 3056 3331 etsi
3100 3273 3232 3330 rudi
3254 3272 3422 3345 stylo,
3448 3271 3660 3328 ﬁdelis-

2003 3368 2147 3423 sime
2190 3372 2377 3423 tamen
2419 3380 2609 3423 rerum
2647 3370 2932 3438 gestarum
2985 3363 3287 3419 historiam
3340 3361 3646 3430 enarravit,

2004 3457 2120 3514 imo
2152 3457 2211 3513 in
2233 3471 2421 3513 rerum
2440 3457 2531 3512 sui
2564 3454 2836 3524 temporis
2879 3452 3206 3508 narratione
3252 3447 3477 3502 nullum
3519 3445 3654 3501 ﬂde-

2003 3546 2204 3602 liorem
2226 3551 2282 3602 et
2307 3546 2596 3601 meliorem
2617 3543 2950 3611 scriptorem
2983 3537 3274 3607 habemus,
3293 3536 3443 3605 apud
3479 3548 3646 3606 quem

2002 3636 2186 3708 magis
2209 3649 2338 3691 cum
2361 3632 2735 3704 simplicitate
2754 3627 2964 3686 veritas
2993 3639 3162 3699 quam
3184 3639 3314 3682 cum
3336 3623 3468 3682 fuco
3498 3637 3648 3681 men-

2001 3725 2166 3782 dacia
2195 3723 2518 3782 valuerunt.
