4034 6196
374 375 378 381 λ
532 324 1003 511 VIT/E
1089 327 3502 620 ROMANORUMPONTIFICUM

1165 611 1276 668 AB.
1324 613 1547 672 PETRO
1582 615 1936 675 APOSTOLO
1952 616 2047 674 AD
2082 616 2435 675 NICOLAUM
2464 619 2487 674 Ι
2522 616 2901 675 PERDUCTE

1904 800 2125 873 CURA

1191 870 2848 1215 ANASTASII

1489 1313 1553 1377 ε.
1602 1314 1677 1376 R.
1721 1315 1797 1376 E.
1838 1311 2545 1392 BIBLIOTHECARII,

1725 1474 2067 1530 ADIECTIS
2126 1474 2318 1531 WTIS

589 1606 1465 1744 ΔΒΒῙΔΝῙ
1551 1626 1695 1743 II
1809 1628 2054 1744 ET
2177 1644 2182 1744 i

1854 1628 2054 1744 ET
2177 1626 3157 1749 STEPHANI
3240 1631 3447 1749 VI

1865 1853 2168 1901 AUCTORE

1389 2003 1868 2075 GUILLELMO
1941 2003 2653 2078 BIBLIOTHECARIO

1690 2161 1971 2225 EDITE
2008 2161 2349 2223 PRIMUM

312 2291 692 2387 Magugztia
719 2293 926 2437 iugis
970 2291 1212 2387 Albini
1266 2308 1445 2357 anno
1500 2296 1767 2388 MDCII,
1808 2311 1889 2357 ea
1929 2293 2348 2359 Bibliotheca
2385 2295 2613 2359 Marci
2649 2297 2939 2388 :Vannnr
2955 2296 3375 2375 Angustance
3411 2299 3494 2362 Β.
3527 2299 3613 2360 Ρ.
3649 2297 3733 2360 11

397 2376 549 2437 Viri
577 2395 597 2437 :
623 2373 782 2436 dein
879 2376 1187 2437 Parisiis
1210 2390 1253 2437 a
1294 2373 1536 2437 Carolo
1559 2375 1661 2436 An
1673 2374 1898 2437 nibale
1914 2377 2263 2437 FABROTTO
2278 2374 2343 2437 J.
2374 2374 2448 2437 0.
2482 2377 2702 2437 Tunis
2725 2378 2961 2437 Rea-ns
2990 2378 3427 2437 MDCXLVII.
3460 2411 3539 2422 —
3557 2377 3733 2437 07cm

397 2373 552 2456 Viri
571 2395 597 2456 ί
623 2373 865 2456 deinde
879 2373 1187 2456 Parisiis
1210 2390 1253 2438 a
1294 2373 1536 2456 Carolo
1559 2374 1898 2438 Annibale
1914 2377 2263 2456 FABnor’ro
2278 2374 2343 2456 ,ᾖ
2374 2374 2448 2437 0.
2482 2376 2702 2456 Typis
2725 2377 2961 2455 Reg-iis
2990 2373 3427 2440 MDCXLVII.
3460 2411 3539 2422 —
3557 2377 3736 2440 Cant

390 2453 618 2536 variis
637 2452 1039 2518 lectionibus
1062 2455 1357 2536 exceptis
1376 2458 1521 2536 tum
1549 2472 1630 2518 ea:
1659 2456 1842 2536 codd.
1868 2472 2022 2518 mss.
2058 2453 2457 2536 bibliotheca
2492 2452 2851 2536 Vaticana,
2877 2460 3021 2518 tum
3041 2473 3121 2518 ea
3150 2457 3611 2522 Conciliornm
3641 2461 3735 2520 to-

393 2534 525 2597 mis
567 2534 855 2598 CRABBEI
879 2539 945 2599 et
968 2538 1161 2613 Bnm,
1186 2534 1332 2599 tum
1360 2553 1441 2599 ea
1463 2534 1853 2599 Annalibus
1872 2535 2381 2600 Ecclesiasticis
2410 2534 2734 2599 cardinal
2740 2536 2798 2598 is
2824 2539 3122 2615 BARONII,
3159 2554 3417 2601 necnon
3441 2554 3522 2602 ea:
3552 2538 3736 2605 aliis

391 2615 784 2760 goigldilmss.
823 2616 1196 2683 Germania
1244 2620 1311 2681 et
1367 2615 1632 2696 Gallia,
1660 2617 2041 2698 prasertim
2077 2615 2522 2680 Freberianis
2563 2618 2650 2680 Π
2681 2616 2911 2697 Regio,
2957 2619 3339 2697 Mazarino,
3387 2623 3451 2683 et
3481 2618 3735 2684 Tima—

1366 2802 1641 2870 NUNC’
1679 2805 2119 2869 TERTIUM
2152 2798 2676 2869 PRODEUNT

311 2940 479 3005 Cum
506 2937 822 3005 Auctario
859 2936 1271 3000 variantium
1314 2937 1675 3018 lectionum
1711 2936 2113 3018 jampridem
2164 2938 2646 3018 descriptarum
2683 2936 3267 3018 expvetustissimis
3313 2939 3740 3018 exemplari-

390 3019 652 3099 bus,fet
697 3018 1027 3097 catalogis
1074 3035 1234 3099 mss.
1286 3017 1635 3099 Vaticanis
1683 3021 1770 3097 II,
1827 3018 2229 3099 Florentinis
2275 3021 2359 3095 II,
2403 3017 2810 3099 Cassinensi,
2855 3018 3085 3097 Regio,
3129 3017 3565 3096 Farnesiano,
3636 3020 3743 3082 bi-

388 3094 738 3164 bliotheca
777 3094 1092 3161 Caesareae
1135 3096 1690 3175 Vindobonensis,
1721 3094 1974 3175 reginae
2019 3098 2287 3175 Sueciaa,
2330 3094 2395 3161 et
2424 3094 2817 3160 Colbertinae
2855 3094 2979 3177 per
3008 3094 3256 3161 Lucam
3285 3094 3743 3164 HOLSTENIUM

389 3184 455 3245 et
480 3181 986 3244 Emmanuelem
1023 3182 1080 3242 A
1109 3180 1622 3259 SonnLns'rsA'rn
1659 3177 2078 3241 bibliothecae
2119 3178 2461 3241 Vaticana:
2498 3177 2877 3257 praefectos;
2917 3211 2999 3225 —-
3020 3177 3284 3242 Additis
3321 3177 3531 3243 etiam
3570 3182 3741 3259 plu—

340 3338 345 3341 _
392 3260 580 3402 ribtus
619 3260 1030 3402 collectéstex
1066 3259 1273 3322 veteri
1314 3257 1454 3321 cod.
1500 3274 1625 3321 ms.
1671 3258 1955 3322 Cavensi
1995 3277 2036 3322 a
2072 3258 2422 3322 Francisco
2452 3260 2662 3321 Pam
2704 3260 2766 3322 S.
2812 3259 2993 3323 Rotae
3041 3262 3358 3322 Romanae
3397 3257 3739 3343 auditore,

394 3358 483 3402 an
515 3356 596 3402 ea
621 3357 756 3402 non
798 3355 835 3402 e
882 3359 905 3402 1
938 3357 1016 3401 1s.

324 3340 345 3364 ³
394 3343 596 3405 antea
621 3357 756 3404 non
798 3340 1016 3404 editis.

320 3472 550 3531 Servata
576 3473 776 3543 ubique
797 3471 1062 3529 divisione
1076 3471 1370 3528 sectionum
1396 3470 1675 3543 Benedicti
1690 3472 1938 3543 MILLINI,
1962 3469 2249 3527 Chr-istiuas
2272 3470 2476 3525 Sueciae
2492 3471 2697 3539 regine
2721 3470 3139 3540 bibliothecarii,
3170 3472 3370 3542 quibus
3399 3473 3749 3542 singillatim

1347 3541 1663 3597 subdantur
1685 3542 1961 3599 Lectiones
1989 3557 2169 3598 omnes
2194 3557 2365 3613 supra
2392 3543 2686 3598 recensita.

1223 3696 1368 3754 CUM
1406 3695 1858 3753 PRJEFATIONE
1904 3697 1991 3753 ET
2028 3696 2256 3753 lNDlCE
2294 3695 2809 3770 LOCUPLETIORI,

1603 3842 1905 3908 OPERA
1942 3853 2077 3914 ET
2098 3843 2443 3908 STUDIO

958 4000 1516 4076 FRANCISCI
1640 4002 2255 4076 BLANCHINI
2396 4001 3081 4079 VERONENSIS

1494 4151 1551 4194 IN
1583 4151 1812 4194 SACELLO
1851 4151 2172 4196 APOSTOLICO
2208 4148 2549 4202 SUBDIACONI,

1061 4264 1133 4318 Et
1159 4262 1401 4333 ejusdem
1425 4266 1756 4321 sanctissimi
1783 4265 1991 4320 domini
2026 4267 2201 4322 nostri
2228 4265 2297 4321 ab
2326 4265 2524 4322 honore
2546 4266 2692 4322 sacri
2718 4265 2975 4321 cubiculi.

1256 4547 1853 4654 EPISTOLA
1960 4546 2803 4654 DEDICATORIA

318 4863 769 4994 ιίοῗῗιιίἓὶδεὶωο
806 4864 1042 4925 domino
1073 4870 1266 4924 nostro
1293 4866 1659 4940 .CLEMENTI
1696 4869 1795 4939 XI,
1824 4866 2081 4938 pontiﬁci
2110 4866 2380 4939 maximo,
2422 4866 2664 4922 Joannes
2687 4866 2867 4923 Maria
2909 4866 3168 4923 Sumam
3202 4862 3618 4943 typOgraphus
3638 4878 3765 4935 Va-

392 5052 533 5108 Cum
557 5054 772 5112 artium
817 5055 1094 5113 bonarum
1128 5056 1417 5127 praesidio,
1449 5062 1505 5112 et
1534 5056 1884 5113 incremento
1911 5054 2128 5111 datum.
2175 5055 2505 5111 BEATISSIME
2548 5052 2750 5124 Parca,
2784 5057 2839 5108 te
2862 5058 3171 5126 agnoscant
3201 5053 3521 5119 facultates
3548 5066 3755 5138 utiles,

321 5157 388 5201 ac
418 5143 750 5199 necessariae
776 5144 835 5199 in
858 5145 1152 5216 republica
1181 5146 1395 5217 optime
1425 5145 1773 5217 constituta;
1800 5146 2180 5219 typograpbia
2223 5159 2334 5202 non
2365 5148 2649 5215 postrema
2680 5147 2781 5200 tuo
2811 5156 2871 5199 se
2912 5156 3146 5200 munere
3166 5158 3230 5201 ac
3262 5145 3545 5221 largitate
3568 5156 3757 5211 resti-

324 5236 505 5290 tutam
544 5231 753 5302 sentit;
776 5232 919 5303 quin
948 5234 1120 5291 etiam
1145 5234 1215 5290 de
1244 5238 1343 5290 tuo
1363 5233 1588 5303 judicio
1618 5234 1939 5306 gloriatur:
1973 5235 2123 5306 quod
2149 5235 2292 5290 hanc
2311 5232 2488 5289 veluti
2516 5232 2919 5288 administram
2944 5232 3347 5293 universarum
3382 5239 3651 5310 impense
3676 5242 3747 5302 fo-

320 5333 470 5391 veas,
502 5334 814 5392 earumque
845 5321 903 5377 in
927 5322 1149 5392 primis,
1174 5336 1301 5395 quae
1322 5323 1382 5379 in
1404 5322 1708 5395 religionis
1726 5321 1932 5380 oﬂiciis
1953 5323 2330 5395 procurandis
2355 5322 2628 5379 beneﬁcia
2658 5335 2760 5378 sua
2786 5320 3041 5378 referunt
3062 5322 3131 5378 ad
3152 5325 3564 5385 :eternitatem.
3591 5333 3758 5401 Quos

324 5410 518 5483 itaque
543 5411 765 5470 labores
797 5410 856 5466 in
880 5410 1074 5468 eadem
1102 5412 1429 5484 excolenda,
1459 5417 1657 5470 tenues
1684 5413 1939 5484 quidem,
1962 5415 2057 5471 sed
2091 5427 2201 5471 non
2234 5413 2612 5484 pmnitendos,
2637 5411 2758 5468 tuis
2783 5411 3089 5483 auspiciis,
3130 5413 3416 5471 hactenus
3451 5418 3749 5491 impendi,

319 5500 583 5574 experior
631 5514 665 5557 a
715 5499 1015 5556 clementia
1062 5503 1160 5556 tua
1192 5500 1272 5557 ita
1301 5500 1545 5573 benigne
1574 5506 1893 5573 susceptos,
1934 5506 1989 5558 et
2038 5501 2432 5559 muniﬁcentia
2461 5506 2560 5558 tua
2589 5501 2670 5557 ita
2695 5500 2935 5573 largiter
2982 5506 3215 5559 ornatos
3239 5501 3312 5555 ad
3344 5517 3438 5561 me
3470 5510 3754 5588 rediisse,

319 5596 384 5650 ut
415 5592 475 5648 in
503 5589 804 5647 domicilio
832 5588 1096 5644 Romanae
1124 5588 1548 5662 Universitatis,
1582 5604 1748 5663 quam
1778 5590 2126 5663 Sapientiam
2173 5595 2392 5664 vocant,
2439 5590 2665 5648 otiicina
2693 5590 3054 5661 amplissima
3086 5592 3410 5664 instructa,
3451 5595 3516 5653 in
3546 5603 3756 5664 eodem
