4034 6196
222 335 282 394 24
578 329 678 388 ΑΒ
714 327 1157 388 ANASTASIUM
1193 325 1710 386 PROLEGOMENA
1749 325 1928 384 EDIT.
1967 322 2398 385 BOM.-VATIC.
2427 351 2500 366 --
2538 323 2748 382 EPIST.
2789 327 3266 388 DEDICATORIA.
3559 331 3633 394 22

216 454 699 530 Archigymnasio
731 453 1146 526 typographus,
1182 465 1308 508 mox
1339 452 1510 508 etiam
1540 451 1869 521 Vaticanus,
1907 457 1962 508 te
1988 449 2178 520 dante,
2214 449 2324 505 sim
2357 452 2878 509 renuntiatusllaec
2906 453 3161 510 nominis
3189 455 3510 526 amplitudo
3541 471 3631 516 me

219 548 539 604 sollicitum
567 545 779 609 reddit,
807 548 870 599 ut
896 543 995 614 qui
1027 557 1130 613 par
1155 543 1350 614 gratiae
1379 540 1683 597 referendae
1706 554 1816 596 non
1845 540 1954 595 sim
1984 539 2254 596 muniﬁco
2275 553 2408 612 erga
2431 555 2515 596 me
2537 543 2810 613 principi,
2834 544 3246 614 exspectationi
3275 547 3626 604 sanctissimi

219 638 407 694 Patris
432 636 634 692 saltem
668 648 770 704 pro
799 633 1036 689 modulo
1069 633 1408 703 respondere
1439 631 1719 688 connitar.
1755 631 1875 699 Qua
1910 630 2092 701 igitur
2119 631 2339 686 ratione
2372 631 2426 686 id
2457 634 2792 689 contendam
2824 634 2930 689 hoc
2958 634 3212 690 editione
3240 634 3442 705 Operis
3470 637 3630 694 Ana-

217 728 410 798 stasii,
447 727 502 782 id
535 725 664 794 tibi,
688 725 870 778 PATER
891 724 1240 792 BEATISSIME,
1273 722 1506 793 laboris,
1539 725 1594 777 et
1614 721 1848 776 consilii
1884 721 1991 776 mei
2020 734 2131 777 non
2159 725 2379 777 tantum
2412 723 2645 779 domino
2678 724 3205 795 indulgentissimo,
3236 739 3433 782 verum
3455 726 3626 782 etiam

212 818 401 888 judici
433 831 500 872 ac
532 823 770 886 patrono
801 813 1272 883 clementissimo,
1304 812 1701 882 exponendum
1744 810 2045 866 humiliter
2075 812 2215 867 duxi
2246 831 2258 866 :
2289 816 2503 883 tuoque
2533 813 2640 868 sub
2678 815 2940 884 auspicio
2979 815 3202 870 caeteris
3230 815 3623 886 aperiendum,

218 913 282 964 ut
311 907 500 963 sciant
531 905 865 976 quicunque
885 902 1071 972 Opella
1101 908 1295 958 nostra
1322 902 1696 971 imposterum
1720 901 1884 956 usuri
1910 905 2068 972 sunt,
2095 901 2310 973 quibus
2339 904 2652 972 praesertim
2679 904 2950 974 operibus
2978 904 3133 975 prela
3157 903 3396 961 ofﬁcinae
3418 909 3627 962 nostra:

215 996 471 1052 exerceri
502 993 756 1064 cupiam,
787 1005 855 1047 ex
887 1005 1003 1061 quo
1033 991 1292 1046 Vaticani
1325 991 1664 1063 typographi
1699 1003 1932 1046 munere
1960 1004 1992 1046 a
2023 991 2312 1047 sacerdote
2344 993 2592 1048 maximo
2623 1008 2747 1049 sum
2779 994 3042 1050 donatus.

288 1086 371 1154 (α)
411 1082 866 1155 Typographiam
900 1080 1231 1136 Vaticanam
1275 1094 1404 1136 cum
1437 1080 1766 1135 institueret
1808 1079 2154 1137 immortalis
2199 1082 2483 1138 memoria
2517 1081 2771 1153 pontifex
2807 1084 3004 1140 Sixtus
3033 1083 3098 1154 V,
3134 1083 3428 1155 professus
3453 1087 3539 1141 est
3561 1097 3628 1142 eo

217 1175 468 1233 consilio
494 1173 811 1240 fundatam,
845 1170 913 1226 ad
946 1173 1275 1225 sanctorum
1301 1169 1526 1225 scilicet
1545 1183 1715 1240 opera
1747 1171 2118 1240 restituenda,
2152 1171 2608 1244 catholicamque
2630 1174 2964 1245 religionem
2994 1178 3112 1231 toto
3138 1176 3272 1232 orbe
3304 1190 3630 1249 prepagan—

216 1268 368 1322 dam.
411 1266 636 1334 Quanto
681 1265 872 1317 autem
914 1260 1109 1316 studio
1149 1273 1208 1315 se
1245 1260 1701 1330 comparaverint
1738 1261 1806 1316 ad
1852 1259 2202 1331 implendum
2249 1267 2524 1333 susceptae
2575 1264 2882 1334 provinciae
2926 1279 3136 1321 munus
3181 1270 3462 1336 quotquot
3503 1266 3629 1335 ejus

217 1357 459 1414 officinae
487 1351 746 1408 librariae
776 1363 970 1406 curam
1003 1349 1506 1418 administrabant,
1533 1350 1676 1406 satis
1708 1351 2018 1407 ostendunt
2044 1365 2214 1420 opera
2244 1353 2472 1424 egregia
2499 1367 2599 1424 per
2623 1367 2720 1410 eos
2737 1367 2918 1410 annos
2938 1355 3093 1410 edita
3113 1355 3267 1425 typis
3293 1355 3622 1411 Vaticanis:

219 1447 525 1516 utriusque
554 1441 898 1498 Testamenti
927 1439 1098 1495 lectio
1127 1454 1294 1511 quam
1317 1441 1803 1510 emendatissima,
1833 1441 2214 1497 conciliorum
2247 1443 2601 1513 generalium
2624 1443 2760 1499 Acta
2781 1458 2847 1499 ex
2869 1445 3298 1514 probatissimis
3325 1444 3628 1502 codicibus

216 1535 522 1604 descripta,
559 1535 888 1586 sanctorum
921 1531 1152 1584 Patrum
1186 1529 1616 1586 lucubrationes
1641 1531 1708 1585 ad
1736 1533 1987 1585 veterum
2021 1531 2435 1602 exemplarium
2460 1532 2626 1588 ﬁdem
2656 1547 3012 1602 summopere
3042 1534 3352 1605 castigatae.
3380 1533 3629 1589 Annales

217 1623 484 1680 Ecclesiae
514 1636 547 1677 a
577 1621 821 1676 Baronio
855 1623 992 1674 tunc
1024 1618 1299 1689 inchoati,
1333 1625 1388 1675 et
1417 1621 1699 1690 ejusmodi
1742 1620 2024 1676 librorum
2058 1634 2258 1692 genera
2292 1635 2585 1692 nunquam
2632 1623 3084 1680 intermoritura.
3127 1626 3222 1680 N22.
3251 1623 3500 1680 celebres
3532 1623 3624 1679 illi

218 1715 472 1770 editores
494 1710 756 1767 Vaticani
786 1709 1054 1765 Aldinam
1088 1709 1425 1781 elegantiam
1455 1710 1585 1766 cum
1618 1710 1872 1766 utilitate
1897 1715 1953 1766 et
1983 1711 2275 1780 majestate
2306 1712 2627 1782 argumenti
2655 1713 2913 1769 omnium
2945 1714 3272 1786 gravissimi
3303 1715 3626 1783 conjuan-

219 1809 370 1861 runt.
417 1805 557 1858 Post
587 1800 816 1856 uberem
863 1799 1046 1870 igitur
1085 1813 1321 1855 messem
1369 1801 1627 1871 undique
1671 1799 2080 1872 conquisitam,
2112 1805 2167 1856 et
2205 1801 2345 1858 adeo
2385 1801 2634 1858 feliciter
2674 1803 2888 1859 illatam
2926 1804 2985 1858 in
3027 1804 3295 1860 Ecclesia:
3340 1804 3628 1873 horreum,

218 1892 384 1965 quale
415 1890 785 1961 spicilegium
818 1889 1105 1959 supererit
1131 1903 1165 1945 a
1201 1903 1287 1944 me
1307 1890 1716 1962 colligendum,
1749 1903 1815 1946 eo
1841 1890 2079 1961 dignum
2107 1891 2359 1962 nomine,
2390 1905 2504 1962 quo
2535 1892 2754 1960 placuit
2777 1894 3097 1948 Sasernam
3129 1895 3360 1949 VESTRE
3389 1896 3630 1948 conatus

219 1994 370 2036 meos
392 1980 714 2047 honestare,
739 1977 876 2032 dum
901 1977 956 2032 in
981 1978 1157 2032 vitam
1186 1984 1472 2034 revocaret
1498 1983 1624 2048 post
1646 1993 1845 2047 unum,
1874 1984 1976 2034 aut
1996 1979 2238 2034 alterum
2267 1978 2540 2034 saeculum
2569 1981 3001 2049 typographiam
3022 1979 3350 2035 Vaticanam
3373 1980 3402 2034 Ὺ
3421 1978 3628 2035 Animo

221 2075 403 2125 tamen
435 2067 788 2136 despondere
815 2079 917 2121 nos
943 2066 1177 2122 minime
1203 2067 1346 2122 sinit
1372 2081 1665 2123 sacrorum
1694 2081 1873 2139 seges,
1902 2081 2072 2138 quam
2103 2081 2341 2138 magnus
2369 2073 2526 2136 pater
2552 2066 2804 2123 familias
2832 2072 3084 2138 paratam
3111 2071 3297 2124 servat
3323 2067 3628 2124 industriae

223 2157 429 2225 coloni,
465 2169 579 2212 non
607 2169 776 2210 secus
804 2168 868 2209 ac
896 2155 1073 2210 vinea:
1105 2155 1350 2222 fructus,
1383 2163 1438 2211 et
1470 2158 1747 2212 mercedis
1779 2163 2107 2226 proventum
2141 2156 2494 2212 vinitoribus
2523 2157 2739 2212 vocatis
2767 2156 2835 2211 ad
2873 2157 3068 2212 horam
3101 2170 3328 2227 nonam,
3355 2161 3412 2212 et
3443 2157 3633 2213 unde-

229 2247 450 2300 cimam.
485 2245 628 2298 Nam
676 2257 802 2312 qum
847 2243 1137 2312 provincia
1171 2244 1277 2298 tibi
1312 2257 1422 2299 non
1457 2243 1613 2299 ferax
1645 2244 1840 2300 futura
1889 2246 1985 2313 sit,
2020 2247 2350 2300 BEATISSIME
2397 2246 2599 2315 PATER,
2645 2245 2695 2299 si
2741 2243 2811 2299 ab
2853 2248 3106 2300 extrema
3151 2244 3323 2301 etiam
3354 2245 3536 2315 Syria,
3577 2250 3634 2300 et

221 2334 484 2401 desertis,
520 2347 587 2388 ac
632 2331 1054 2388 solitudinibus
1084 2333 1286 2388 Nitriae
1327 2347 1392 2388 ac
1415 2333 1725 2388 Thebaidis
1763 2333 1996 2406 colligis
2026 2333 2270 2404 fructus,
2315 2333 2584 2403 pluribus
2614 2337 2745 2388 ante
2785 2347 2889 2390 nos
2927 2335 3155 2390 saeculis
3192 2334 3499 2406 denegatos
3527 2338 3630 2390 aut

223 2423 541 2480 occultatos
568 2422 595 2476 ‘?
623 2421 760 2476 Acta
790 2421 944 2476 enim
987 2424 1319 2493 Martyrum,
1352 2423 1423 2477 ab
1470 2422 1716 2478 Eusebio
1751 2423 2011 2494 collecta,
2035 2427 2090 2478 et
2121 2422 2352 2478 turbine
2383 2423 2628 2493 quodam
2672 2422 2859 2478 :etatis
2897 2422 3151 2479 barbara:
3183 2423 3263 2479 ita
3292 2423 3525 2493 abrepta
3567 2436 3634 2479 ac

222 2513 506 2582 dispersa,
543 2516 605 2567 ut
629 2515 757 2582 post
785 2525 968 2567 annos
995 2525 1105 2566 non
1139 2511 1392 2582 integros
1423 2517 1706 2567 trecentos
1744 2511 1956 2568 frustra
1997 2518 2392 2582 quaererentur
2416 2512 2474 2566 in
2506 2512 2746 2567 scriniis
2784 2512 3070 2582 Ecclesiae,
3103 2526 3283 2582 nuper
3312 2527 3379 2567 ex
3404 2512 3636 2568 Oriente

222 2601 481 2658 attulisti
528 2614 657 2656 cum
700 2600 840 2655 aliis
881 2600 1173 2669 praeclaris
1216 2600 1516 2657 codicibus
1559 2602 1847 2671 ducentis,
1882 2607 1981 2656 tuo
2016 2602 2185 2670 jussu
2224 2614 2289 2655 ac
2322 2600 2716 2656 munificentia
2755 2602 3101 2671 comparatis
3130 2603 3198 2657 ad
3241 2601 3635 2657 instruendam

225 2694 394 2751 novis
425 2691 610 2762 copiis
642 2689 1050 2745 bibliothecam
1080 2690 1430 2746 Vaticanam.
1464 2689 1684 2757 Quanta
1717 2690 2038 2760 amplitudo
2069 2690 2323 2761 regionis
2358 2691 2572 2746 nostris
2603 2690 2901 2747 laboribus
2931 2691 3252 2747 excolendae
3285 2691 3391 2746 hoc
3423 2704 3536 2746 uno
3575 2691 3634 2747 in

222 2787 527 2853 prospectu
560 2783 689 2834 ante
719 2778 919 2834 oculos
947 2778 1242 2848 aperitur!
1279 2779 1417 2834 Cum
1447 2780 1640 2849 itaque
1669 2780 1904 2835 materia
1935 2779 2255 2834 editionum
2287 2777 2556 2835 defutura
2588 2780 2824 2836 minime
2856 2781 2934 2835 sit
2965 2780 3071 2836 sub
3103 2780 3320 2849 optimo
3353 2779 3634 2850 principe,

219 2871 409 2928 sacris
455 2869 667 2925 litteris
702 2869 959 2937 impense
997 2867 1247 2938 addicto,
1296 2868 1609 2938 praestabit,
1647 2872 1709 2924 ut
1739 2883 1841 2940 ego
1870 2868 2144 2939 arbitror,
2177 2868 2464 2938 specimen
2496 2869 2621 2938 ejus
2649 2869 2970 2941 diligentize
3000 2869 3290 2940 exhibere,
3334 2882 3505 2940 quam
3539 2873 3636 2924 tua

217 2961 497 3017 Vaticana
528 2959 902 3030 typographia
933 2957 1190 3028 polliceri
1220 2962 1406 3027 potest
1431 2957 1755 3014 cultoribus
1782 2959 2108 3029 graviorum
2133 2957 2602 3029 disciplinarum,
2631 2964 2753 3014 tum
2783 2959 2843 3014 in
2864 2958 3087 3014 delectu
3116 2972 3353 3030 cperum
3379 2957 3636 3014 edendo-—

228 3064 386 3118 rum,
422 3052 541 3103 tum
576 3049 634 3102 in
665 3047 1044 3117 castigatione
1076 3051 1247 3116 atque
1276 3046 1560 3119 elegantia
1589 3047 1884 3104 editionis.

290 3139 431 3192 Tria
463 3136 576 3192 haec
608 3136 888 3206 spondere
919 3149 1045 3192 cum
1079 3136 1289 3206 ausim,
1323 3136 1497 3191 etiam
1531 3139 1800 3206 praestare
1828 3141 2068 3193 conatus
2099 3149 2226 3192 sum
2261 3136 2322 3192 in
2354 3136 2448 3192 his
2477 3137 2829 3193 excudendis
2866 3138 3253 3193 Romanorum
3292 3136 3633 3194 Pontiﬁcum

214 3227 396 3296 Vitis,
422 3240 546 3297 qua
568 3225 858 3281 Anastasii
889 3225 1120 3280 nomine
1144 3225 1348 3280 donari
1371 3225 1576 3282 solent.
1599 3227 1864 3282 Delectus
1891 3227 1951 3282 in
1980 3226 2187 3296 primis
2213 3226 2381 3282 utilis
2410 3227 2665 3296 reputari
2691 3226 2940 3297 profecto
2967 3226 3151 3297 debet,
3182 3227 3281 3299 qui
3307 3230 3461 3299 gesta
3484 3241 3635 3297 prae-

213 3317 394 3387 cipua
420 3315 824 3384 complectitur
847 3315 1210 3371 decessorum
1239 3319 1467 3370 tuorum
1498 3315 1556 3370 in
1579 3316 1729 3371 Petri
1762 3317 2053 3387 cathedra,
2081 3317 2619 3388 successionemque
2641 3330 2752 3373 non
2779 3317 3159 3387 interruptam
3187 3334 3198 3371 :
3227 3317 3494 3372 universa
3517 3316 3637 3372 haec

214 3404 493 3476 genuinis
521 3403 674 3458 notis
696 3404 984 3472 descripta
1006 3416 1074 3458 ex
1098 3403 1392 3472 diptychis
1417 3408 1473 3458 et
1501 3403 1876 3476 heortologiis
1906 3405 2193 3461 nascentis
2218 3406 2504 3461 Ecclesiae.
2532 3407 2657 3461 Non
2688 3405 2805 3461 alia
2832 3406 3160 3462 rudimenta
3186 3405 3419 3461 maximi
3447 3404 3639 3474 aperis

213 3493 533 3550 Annalium
564 3494 807 3550 Baronio
831 3491 1011 3548 fuisse
1033 3491 1244 3548 fatetur
1271 3492 1522 3563 inclytus
1548 3494 1797 3564 scriptor
1821 3494 1900 3565 (ὁ)
1924 3494 1984 3549 in
2015 3495 2258 3565 epistola
2289 3497 2712 3566 nuncupatoria
2739 3497 2807 3552 ad
2834 3496 3060 3551 Sixtum
3089 3495 3434 3564 pontificem,
3466 3505 3638 3562 quam

217 3583 379 3638 Vitas
405 3587 735 3638 sanctorum
765 3586 821 3637 et
844 3581 1099 3651 exempla
1128 3582 1398 3636 Patrum:
1428 3583 1578 3638 unde
1601 3584 1930 3639 adversaria
1956 3583 2235 3656 colligens
2259 3585 2328 3640 ad
2359 3598 2526 3641 usum
2555 3583 2936 3639 familiarium
2964 3579 3325 3648 concionum,
3360 3592 3463 3649 pro
3493 3593 3640 3636 con-

218 3671 539 3728 suetudine
568 3670 823 3726 Oratorii
850 3671 940 3726 sui
974 3669 1236 3741 quotidie
1278 3669 1690 3742 habendarum,
1733 3685 1802 3726 ex
1839 3685 2008 3742 parvo
2051 3673 2268 3727 semine
2300 3673 2586 3742 ingentem
2627 3669 2889 3724 arborem
2919 3672 3171 3723 exortam
3202 3667 3366 3722 vidit.
3401 3667 3475 3722 At
3497 3668 3641 3723 Vita:

219 3760 622 3815 maximorum
664 3759 992 3827 pontiﬁcum
1033 3759 1136 3814 hoc
1176 3759 1351 3815 etiam
1392 3759 1669 3815 brevitate
1710 3761 2043 3828 enuntiatae,
2087 3773 2199 3830 qua
2248 3760 2612 3829 potissimum
2657 3756 2870 3812 veritas
2914 3757 3140 3828 gaudet,
3190 3761 3403 3826 quanto
3448 3770 3639 3812 rerum

217 3850 478 3920 pondere
518 3852 575 3903 et
607 3853 887 3903 momento
926 3838 1192 3919 polleant,
1244 3849 1406 3920 satis,
1457 3863 1641 3919 spero,
1689 3849 2048 3905 indicabitur
2079 3850 2138 3903 in
2181 3848 2513 3918 praefatione
2554 3847 2623 3903 ad
2665 3849 2971 3904 Lectorem.
3018 3846 3334 3917 Castigatio
3373 3850 3638 3902 accurata

214 3939 387 4010 (quod
433 3943 563 3993 erat
602 3937 845 3993 alterum
875 3951 906 3993 a
948 3951 1032 3993 me
1065 3938 1391 4007 pollicitum
1422 3942 1477 3993 et
1525 3938 1930 4011 przestandum)
1976 3952 2035 3994 se
2068 3938 2266 4009 prodet
2297 3938 2357 3993 in
2392 3938 2856 4007 uniuscujusque
2906 3935 3034 3992 folii
3075 3941 3385 4006 conspectu
3429 3935 3631 4006 primo.

216 4029 453 4086 Videbit
485 4031 704 4096 Lector,
731 4027 987 4083 omnium
1019 4026 1133 4082 fere
1164 4027 1454 4082 cultarum
1486 4027 1806 4097 nationum,
1838 4041 1963 4098 qua:
1997 4028 2054 4082 in
2080 4029 2305 4097 Europa
2338 4031 2492 4097 sunt,
2527 4026 2757 4082 collatis
2789 4026 3007 4082 studiis
3039 4025 3185 4080 hanc
3216 4025 3408 4096 operis
3437 4037 3637 4080 emen-

211 4120 511 4176 dationem
539 4131 664 4173 esse
687 4118 1038 4173 adornatam.
1069 4115 1338 4171 Codicum
1371 4116 1839 4186 praistantiorum
1871 4118 2157 4172 variantes
2189 4117 2482 4186 lectiones,
2518 4130 2661 4186 quas
2692 4113 3058 4170 bibliotheca:
3090 4128 3205 4184 pra:
3231 4113 3454 4176 caeteris
3480 4113 3635 4169 cele-

213 4208 349 4263 bres
374 4207 722 4275 attulerunt,
766 4205 1056 4275 Vaticana,
1090 4204 1342 4260 Caesarea
1380 4205 1862 4273 Vindobonensis,
1906 4206 2080 4277 Regia
2124 4205 2394 4261 Ludovici
2441 4204 2652 4275 Magni,
2695 4203 2869 4275 Regia
2899 4203 3230 4273 Christinaz,
3277 4201 3634 4272 Florentina,

209 4297 588 4365 Farnesiana,
624 4292 950 4362 Barberina,
982 4293 1426 4361 Otthoboniana,
1457 4293 1728 4349 Cavensis
1756 4299 1810 4349 et
1837 4294 2185 4364 Colbertina,
2236 4297 2541 4350 occurrent
2568 4292 2636 4348 ad
2665 4291 2926 4364 singulas
2957 4291 3249 4347 lectiones.
3282 4292 3363 4346 Ex
3392 4291 3635 4346 Germa—

209 4387 310 4441 nia
342 4383 636 4453 superiori
665 4381 946 4450 Velserus,
975 4385 1031 4436 et
1054 4382 1353 4451 Freherus,
1383 4395 1602 4438 necnon
1636 4383 1857 4452 Binius,
1887 4388 1942 4438 et
1967 4384 2210 4452 Surius;
2240 4397 2308 4438 ex
2337 4379 2600 4437 inferiori
2630 4383 2809 4436 Lucas
2840 4379 3189 4448 Holstenius,
3220 4384 3276 4434 et
3299 4378 3631 4434 Emmanuel

203 4473 648 4529 aSchelestrate
675 4490 690 4541 ;
717 4485 780 4526 ex
808 4470 994 4526 Gallis
1025 4470 1298 4540 Labbeus,
1327 4475 1384 4526 et
1411 4472 1716 4528 Fabrottus
1743 4493 1757 4539 ς
1789 4487 1858 4528 ex
1888 4473 2159 4542 Hispanis
2187 4474 2359 4527 Penia
2385 4490 2398 4540 ;
2433 4485 2500 4526 ex
2530 4469 2690 4525 Italis
2723 4470 3003 4524 Baronius
3028 4469 3115 4538 (ut
3149 4469 3411 4524 unus'sit
3449 4469 3632 4524 instar

204 4561 502 4633 omnium)
523 4559 834 4631 symbolam
861 4573 1022 4615 suam
1049 4559 1439 4616 contulerunt.
1469 4562 1580 4616 Hoc
1606 4575 1804 4633 agmen
1828 4562 2174 4631 scriptorum
2203 4561 2375 4632 primi
2404 4559 2644 4616 subselii
2672 4559 2867 4615 vadem
2893 4558 3137 4614 adhibeo
3162 4558 3418 4614 delectus
3438 4559 3632 4628 operis

203 4665 236 4706 a
271 4665 368 4706 me
396 4650 675 4720 suscepti,
718 4653 774 4704 et
811 4649 1211 4720 castigationis
1259 4649 1595 4719 promissze:
1627 4652 1778 4722 quod
1812 4651 1984 4706 etiam
2030 4653 2276 4721 pertinet
2305 4651 2374 4706 ad
2407 4650 2749 4720 dignitatem
2794 4648 3060 4704 Ecclesiae
3103 4648 3360 4704 omnium
3405 4648 3628 4717 matris,

207 4740 474 4796 libenter
496 4738 914 4808 approbaturae,
947 4739 1006 4792 in
1030 4743 1110 4794 tot
1139 4739 1436 4795 nationum
1470 4739 1610 4796 ﬁliis
1635 4741 1892 4797 devotam
1924 4739 2037 4796 sibi
2064 4741 2329 4810 pietatem
2359 4738 2606 4794 feliciter
2627 4743 2958 4808 occupatam
2985 4738 3040 4792 in
3068 4737 3463 4793 describendis
3486 4736 3632 4792 ﬁde—

209 4831 351 4886 liter
373 4831 560 4903 gestis
584 4829 916 4899 pontiﬁcum
944 4829 1343 4885 maximorum.
1366 4829 1619 4886 Tertium
1646 4831 1810 4902 illud,
1833 4831 1982 4902 quod
2005 4830 2315 4901 pollicebar
2335 4831 2544 4885 ductus
2563 4829 2826 4899 auspicio
2843 4828 3148 4898 jussionis,
3168 4833 3224 4883 et
3245 4825 3629 4882 beneﬁcentiae

206 4927 350 4989 tuae,
385 4921 577 4973 PATER
615 4919 964 4987 ΒεΑτιεειΜΕ,
991 4923 1079 4972 est
1107 4918 1389 4990 elegantia
1418 4918 1698 4974 editionis
1731 4938 1742 4972 :
1776 4933 1945 4990 quam
1987 4934 2126 4974 usus
2153 4918 2354 4973 docuit
2389 4917 2647 4972 conferre
2681 4917 2996 4986 plurimum
3029 4915 3096 4970 ad
3128 4915 3320 4984 operis
3352 4910 3628 4981 perenni-

202 5014 412 5064 tatem.
447 5009 604 5062 lianc
633 5021 764 5062 vero
793 5011 1155 5062 consectatus
1185 5021 1311 5062 sum
1344 5007 1622 5077 impensis
1648 5021 1758 5064 non
1788 5007 2194 5077 mediocribus,
2231 5005 2476 5062 consilio
2509 5006 2902 5074 praestantium
2928 5005 3205 5070 virorum,
3239 5005 3294 5056 et
3325 5013 3630 5071 compara-

203 5100 376 5154 tione
402 5096 750 5168 editionum,
781 5111 906 5166 quze
947 5099 1264 5166 peritorum
1303 5111 1589 5153 consensu
1617 5097 1900 5154 habentur
1943 5098 2187 5154 maxime
2228 5096 2471 5153 nobiles.
2521 5094 2762 5150 Felicem
2793 5108 2879 5147 me
2916 5090 3210 5162 reputabo,
3245 5091 3296 5148 si
3330 5106 3431 5163 pro
3476 5093 3626 5148 votis

204 5189 259 5243 id
298 5187 645 5257 obtinuere,
681 5192 746 5241 ut
776 5187 1073 5241 Sasernas
1104 5189 1322 5242 VESTRA
1359 5200 1694 5257 persuasum
1736 5187 2342 5260 babeat,’typographi
2371 5187 2463 5243 sui
2505 5185 2690 5250 ﬁdem,
2727 5181 3132 5254 obedientiam,
3169 5196 3234 5239 ac
3262 5182 3626 5254 diligentiam

203 5279 284 5332 ita
317 5289 560 5345 semper
590 5282 843 5344 paratam
874 5274 994 5330 fore
1020 5294 1033 5344 ;
1064 5280 1128 5331 ut
1161 5276 1212 5331 is
1241 5277 1577 5346 apostolicis
1609 5275 1850 5347 pedibus
1879 5291 2026 5347 saepe
2054 5277 2339 5348 accidens,
2373 5280 2427 5332 et
2459 5290 2557 5346 per
2587 5273 2794 5331 salutis
2825 5277 3031 5328 nostrae
3061 5273 3294 5344 signum
3328 5269 3624 5341 pontiﬁcia

203 5379 392 5422 manu
427 5363 776 5434 productum
805 5378 840 5419 a
876 5365 991 5421 Deo
1019 5364 1172 5421 vires
1215 5365 1551 5436 impetrans,
1581 5379 1613 5420 a
1641 5379 1754 5436 quo
1797 5366 1987 5421 omnis
2017 5364 2361 5423 sufﬁcientia
2408 5370 2604 5421 nostra
2631 5368 2738 5433 est,
2774 5375 2842 5418 ex
2870 5361 2974 5419 hoc
3016 5359 3406 5432 qualicunque
3430 5358 3628 5429 speci-

272 5564 366 5633 (α)
418 5561 502 5615 Ex
534 5561 599 5615 R.
637 5561 696 5616 Ρ.
733 5561 991 5633 Bonanni
1026 5562 1086 5619 in
1117 5561 1267 5633 expl.
1303 5561 1522 5617 nummi
1557 5564 1732 5631 postr.
1765 5560 1912 5633 Sixti
1944 5561 2006 5615 V.

272 5631 367 5704 (ὅ)
414 5634 622 5690 Baron.
663 5637 801 5691 tom.
840 5634 881 5688 Ι.
915 5632 1120 5690 Annal.
1155 5631 1214 5689 in
1244 5633 1489 5704 epistola
1514 5633 1704 5688 Dedic.
1739 5633 1806 5688 ad
1839 5631 2060 5688 Sixtum
2087 5631 2150 5685 V.
