4050 6184
343 289 417 350 23
796 282 799 287 ’
1137 281 1233 341 ΑΙ)
1269 279 1705 340 ANASTASIUM
1744 276 2260 337 PROLEGOMENA
2301 278 2480 336 EDIT.
2519 275 2948 336 ROM.-VATIC.
3670 273 3745 337 24

351 419 527 491 mine,
551 412 913 476 veneratione
936 408 1184 471 maxima
1212 408 1323 469 tibi
1347 408 1560 482 oblato,
1587 408 1659 466 ad
1685 406 2058 466 constitutam
2085 404 2200 463 sibi
2225 404 2487 464 Vaticani
2520 404 2887 479 impresseris
2914 406 3119 464 metam
3152 415 3451 478 nunquam
3473 414 3588 461 non
3607 414 3745 475 pro-

351 507 513 586 gredi
543 505 821 564 videatur.

1503 853 2004 927 CLEMENS
2111 852 2375 925 PAPA
2483 852 2601 925 XI

1628 1050 1696 1096 AD
1736 1052 1992 1096 FUTURAI
2030 1052 2121 1097 REI
2170 1052 2477 1097 MEMORIAE

419 1363 580 1438 Cum,
648 1367 805 1424 sicut
851 1369 1019 1427 nobis
1064 1369 1291 1427 abunde
1356 1373 1715 1442 perspectum
1778 1374 1883 1437 est,
1945 1369 2194 1427 dilectus
2254 1370 2413 1429 ﬁlius
2466 1373 2709 1429 Joannes
2763 1374 2943 1429 Maria
3008 1372 3282 1442 Salvioni,
3344 1369 3442 1427 ubi
3502 1367 3751 1439 primum

352 1456 783 1529 typOgraphiam
810 1474 970 1516 suam
1000 1461 1058 1517 in
1082 1460 1303 1517 aedibus
1330 1460 1612 1534 gymnasii
1639 1460 1946 1531 Sapientis:
1975 1462 2289 1531 nuncupati
2318 1462 2481 1518 almae
2506 1462 2670 1518 urbis
2697 1468 2907 1520 nostrae
2927 1463 2981 1519 ei
3009 1463 3076 1519 ad
3105 1463 3160 1518 id
3186 1463 3356 1532 jussu
3382 1462 3578 1514 nostro
3600 1455 3755 1511 assi—

351 1548 561 1620 gnatis,
589 1554 899 1621 nostraque
931 1550 1186 1622 impensa
1210 1552 1522 1622 ampliatis,
1558 1550 1855 1621 magniﬁce
1883 1552 2111 1620 aperuit
2138 1569 2152 1621 ς
2184 1551 2505 1621 impensius
2529 1558 2720 1609 autem
2750 1558 2806 1609 et
2832 1553 3103 1624 alacrius,
3135 1557 3435 1622 postquam
3464 1561 3565 1602 nos
3588 1545 3751 1603 illum

350 1651 449 1708 per
486 1640 733 1708 speciale
770 1641 1218 1714 chirographum
1254 1642 1349 1698 die
1392 1639 1464 1699 28
1508 1641 1746 1712 Augusti
1786 1640 1921 1695 anni
1965 1639 2223 1710 proxime
2262 1642 2538 1710 praeteriti
2580 1656 2752 1698 manu
2794 1647 2986 1699 nostra
3031 1643 3319 1714 signatum
3365 1634 3755 1709 typographiae

258 1796 259 1801 η
347 1727 633 1785 Vaticana:
658 1729 727 1785 ad
763 1731 911 1787 azdes
944 1731 1247 1802 praedictas
1279 1746 1311 1788 a
1334 1732 1503 1787 nobis
1537 1729 1828 1787 translatae
1864 1729 2306 1801 praeposuimus,
2331 1736 2385 1786 et
2420 1732 2836 1804 typographum
2871 1733 3207 1788 Vaticanum
3244 1743 3374 1786 cum
3412 1723 3749 1793 honoribus,

351 1817 695 1901 privilegiis,
729 1821 1123 1891 prmrogativis
1147 1824 1202 1877 et
1232 1820 1607 1878 facultatibus
1636 1819 1948 1885 consuetis,
1970 1814 2239 1890 ‘congruo
2269 1820 2321 1876 ei
2352 1821 2589 1892 insuper
2618 1822 2938 1878 constituto
2970 1820 3280 1891 stipendio,
3313 1815 3751 1887 deputavimus;

352 1906 411 1962 in
443 1919 565 1963 eam
604 1919 821 1979 curam,
860 1907 1049 1965 nullis
1088 1911 1369 1979 parcendo
1407 1909 1759 1980 sumptibus,
1806 1908 2198 1965 indesinenter
2237 1909 2588 1983 incubuerit,
2623 1916 2685 1967 ut
2725 1911 2861 1967 libri
2907 1909 3283 1966 nitidissimis
3323 1902 3755 1962 characteribus

346 1994 634 2067 impressi,
684 2009 1021 2069 summaque
1063 1997 1369 2069 diligentia
1408 2012 1473 2054 ac
1513 1998 1622 2055 ﬁde
1662 1999 1941 2070 recOgniti
1980 2002 2037 2055 et
2078 2000 2385 2072 emendati,
2430 2000 2502 2056 ab
2536 2002 2730 2057 eadem
2775 2015 2877 2057 sua
2919 1998 3297 2072 typographia
3341 1999 3400 2053 in
3453 1995 3750 2067 publicum

344 2085 648 2142 ederentur
676 2103 688 2139 :
721 2099 822 2140 nec
848 2099 982 2141 sane
1014 2085 1293 2143 laudabili
1329 2089 1621 2157 proposito
1647 2087 1980 2159 frustratus,
2008 2088 2106 2157 sit,
2139 2103 2270 2144 cum
2298 2091 2661 2161 quamplura,
2696 2105 2822 2161 quae
2848 2090 2947 2146 ille
2973 2090 3249 2145 hactenus
3274 2086 3550 2158 vulgavit,
3580 2082 3754 2139 volu-

346 2174 521 2244 mina,
556 2174 869 2245 prmsertim
892 2188 1182 2230 sacrorum
1209 2176 1847 2249 ecclesiasticorumque
1873 2178 2223 2247 scriptorum
2252 2178 2333 2234 ita
2357 2179 2603 2251 exculta,
2634 2184 2835 2235 ornata
2860 2185 3033 2250 atque
3057 2182 3313 2234 correcta
3341 2177 3400 2231 in
3424 2176 3605 2232 lucem
3632 2184 3756 2245 pr0'

342 2264 578 2335 dierint,
608 2268 671 2320 ut
699 2278 731 2319 a
759 2263 1033 2320 litteratis
1056 2265 1223 2334 viris,
1259 2265 1447 2338 iisque
1474 2267 1762 2338 omnibus,
1787 2267 1937 2338 apud
1966 2281 2111 2338 quos
2131 2267 2293 2322 bona:
2314 2272 2466 2323 artes
2488 2269 2548 2323 in
2577 2268 2763 2337 pretio
2786 2271 2941 2339 sunt,
2968 2266 3258 2322 communi
3289 2266 3495 2335 plausu
3522 2266 3754 2337 excepta

344 2352 580 2409 fuerint.
606 2354 928 2410 Novissime
969 2368 1120 2425 vero,
1159 2354 1313 2411 sicut
1340 2356 1489 2412 idem
1531 2358 1774 2412 Joannes
1812 2357 1990 2412 Maria
2035 2355 2203 2413 nobis
2239 2370 2421 2427 nuper
2450 2356 2657 2426 exponi
2708 2354 2860 2425 fecit,
2910 2356 3031 2425 ipse
3070 2354 3349 2411 celebrem
3391 2353 3630 2423 librum,
3659 2353 3755 2409 cui

344 2443 557 2499 titulus
586 2461 599 2497 :
626 2444 915 2498 Anastasii
943 2444 1352 2499 Bibliothecarii
1381 2446 1446 2499 dc
1479 2446 1619 2500 Vitis
1650 2447 2013 2500 Romanorum
2041 2446 2383 2516 Pontiﬁcum,
2416 2463 2451 2500 a
2478 2448 2541 2500 B.
2569 2447 2724 2500 Petro
2755 2445 2999 2515 apostolo
3029 2446 3104 2499 ad
3134 2445 3422 2501 Nicolaum
3448 2445 3497 2505 Ι,
3527 2443 3757 2512 adjectis

348 2534 489 2588 Vitis
529 2532 771 2587 Adriani
792 2536 851 2588 II
882 2538 931 2588 et
953 2534 1215 2604 Stephani
1243 2535 1339 2597 VI,
1370 2533 1608 2588 Auctore
1640 2534 1927 2589 Guillelmo
1969 2536 2411 2600 Bibliothecart‘o,
2453 2536 2579 2592 suis
2604 2536 2757 2607 typis
2799 2536 2868 2591 ad
2900 2535 3189 2606 publicam
3230 2534 3489 2591 omnium
3515 2546 3582 2588 ac
3604 2547 3758 2603 prae-

343 2621 541 2676 sertim
571 2621 973 2678 ecclesiasticae
996 2623 1254 2679 historiae
1280 2624 1670 2680 studiosorum
1703 2624 2012 2680 utilitatem
2044 2625 2313 2681 mandare
2341 2626 2695 2695 decreverit;
2718 2625 2813 2681 sed
2838 2630 3025 2680 tamen
3052 2630 3314 2680 vereatur
3336 2637 3424 2693 ne,
3455 2626 3753 2693 postquam

343 2709 535 2766 editus
548 2709 743 2781 fuerit,
757 2711 883 2781 alii,
900 2711 999 2783 qui
1016 2726 1082 2768 ex
1094 2713 1282 2769 alieno
1296 2712 1488 2768 labore
1501 2713 1724 2769 lucrum
1740 2719 2028 2785 quaerunt,
2046 2714 2259 2770 librum
2278 2715 2375 2785 huj
2389 2716 2609 2772 usmodi
2629 2716 2684 2771 in
2702 2714 3342 2785 ipsiusJoannisMariaa
3357 2711 3754 2783 praejudicium

347 2802 531 2857 terum
565 2798 821 2869 imprimi
863 2805 1083 2856 curent.
1116 2804 1230 2858 Nos
1271 2802 1523 2872 ejusdem
1562 2803 1798 2859 Joannis
1836 2804 2029 2859 Mariae
2074 2803 2463 2876 indemnitati,
2512 2820 2581 2861 ne
2609 2820 2678 2861 ex
2719 2804 3103 2876 impressione
3143 2802 3475 2874 hujusmodi
3518 2800 3755 2871 aliquod

344 2888 715 2960 dispendium
742 2889 1015 2962 patiatur,
1046 2890 1360 2961 providere,
1392 2890 1673 2963 illumque
1703 2892 2057 2963 specialibus
2085 2892 2381 2950 favoribus
2406 2902 2463 2950 et
2486 2895 2690 2967 gratiis
2717 2895 2987 2966 prosequi
3012 2894 3284 2962 volentes,
3313 2896 3369 2946 et
3392 2905 3424 2946 a
3450 2889 3758 2961 quibusvis

344 2977 978 3048 excommunicationis,
1013 2980 1413 3049 suspensionis
1438 2986 1493 3036 et
1519 2980 1837 3052 interdicti,
1867 2982 2118 3055 aliisque
2144 2983 2558 3040 ecclesiasticis
2586 2984 2913 3054 sententiis,
2942 2982 3205 3040 censuris
3228 2986 3285 3037 et
3314 2980 3517 3050 poenis,
3546 2992 3578 3034 a
3603 2980 3754 3048 jure,

347 3067 432 3124 vel
460 3066 532 3123 ab
554 3066 785 3124 homine
807 3068 1009 3139 quavis
1033 3069 1349 3136 occasione,
1373 3068 1460 3125 vel
1490 3083 1662 3127 causa
1688 3069 1843 3141 latis,
1871 3072 1920 3127 si
1951 3072 2166 3143 quibus
2192 3073 2622 3144 quomodolibet
2649 3074 2960 3131 innodatus
2985 3072 3207 3142 existit,
3229 3070 3297 3126 ad
3322 3068 3581 3125 eﬁ‘ectum
3607 3081 3757 3137 prte—

350 3156 601 3213 sentium
644 3157 924 3213 duntaxat
967 3164 1348 3226 consequente
1379 3159 1584 3215 harum
1629 3159 1777 3215 serie
1810 3160 2188 3229 absolventes,
2231 3167 2287 3218 et
2324 3162 2654 3221 absolutum
2700 3162 2820 3220 fore
2851 3167 3187 3218 censentes:
3222 3156 3758 3229 supplicationibus

346 3246 474 3316 ejus
498 3247 729 3303 nomine
756 3246 922 3303 nobis
942 3261 1115 3319 super
1139 3247 1242 3305 hoc
1266 3247 1569 3305 humiliter
1596 3250 1874 3325 porrectis
1898 3251 2186 3323 inclinati,
2211 3252 2396 3309 eidem
2419 3254 2622 3309 Joanni
2657 3253 2867 3323 Mariae,
2898 3257 2962 3308 ut
2985 3250 3197 3323 viginti
3219 3248 3392 3304 annis
3419 3246 3706 3317 proximis
3725 3260 3759 3302 a

350 3336 617 3407 primaeva
647 3335 782 3391 libri
813 3334 1032 3407 praefati
1067 3336 1441 3407 impressione
1469 3340 1874 3410 computandis
1912 3341 2282 3411 durantibus,
2316 3341 2626 3398 dummodo
2659 3346 2842 3397 tamen
2877 3341 2976 3396 ille
3006 3331 3039 3396 a
3069 3339 3281 3395 dilecto
3322 3337 3445 3392 ﬁlio
3472 3335 3757 3423 magistro

346 3424 495 3481 sacri
524 3423 724 3494 palatii
756 3425 1059 3495 apostolici
1086 3426 1437 3495 approbatus
1463 3426 1559 3495 sit,
1592 3441 1755 3484 nemo
1786 3435 1900 3485 tam
1931 3429 1990 3485 in
2017 3429 2163 3486 Urbe
2196 3429 2448 3500 przefata,
2480 3444 2652 3501 quam
2683 3430 2740 3485 in
2768 3430 2994 3500 reliquo
3020 3430 3182 3483 Statu
3209 3424 3604 3482 ecclesiastico
3633 3436 3759 3478 me-

351 3513 507 3570 diate
535 3513 620 3570 vel
662 3513 989 3570 immediate
1030 3514 1195 3571 nobis
1242 3514 1498 3585 subjecto
1540 3515 1757 3573 librum
1799 3518 2136 3589 prmdictum
2181 3519 2309 3574 sine
2338 3518 2577 3588 speciali
2614 3518 2907 3574 memorati
2944 3517 3182 3574 Joannis
3218 3514 3432 3579 Mariae,
3463 3518 3565 3570 aut
3593 3511 3663 3567 ab
3693 3523 3758 3566 eo

353 3618 585 3661 causam
617 3603 951 3660 habentium
985 3596 1219 3660 licentia
1251 3604 1597 3676 imprimere,
1630 3611 1732 3663 aut
1760 3607 1832 3663 ab
1857 3607 1994 3679 alio,
2021 3609 2107 3665 vel
2142 3607 2281 3664 aliis
2318 3608 2660 3680 impressum
2693 3608 2953 3679 vendere,
2984 3612 3085 3664 aut
3119 3605 3373 3662 venalem
3402 3603 3629 3671 habere,
3660 3604 3761 3655 aut

353 3706 666 3764 preponere
694 3693 893 3763 possit,
921 3691 1235 3763 apostolica
1263 3695 1605 3751 auctoritate
1628 3700 1821 3752 tenore
1849 3698 2216 3768 praesentium
2243 3699 2614 3756 concedimus
2638 3703 2695 3754 et
2719 3696 3110 3769 indulgemus.
3134 3694 3464 3751 Inhibentes
3494 3695 3761 3762 prepter—

355 3794 420 3838 ea
445 3781 751 3851 utriusque
782 3794 951 3837 sexus
979 3780 1193 3837 Christi
1228 3780 1513 3853 ﬁdelibus,
1551 3784 1863 3853 praesertim
1898 3786 2180 3844 librorum
2214 3788 2685 3860 impressoribus,
2717 3792 2774 3843 et
2802 3784 3145 3858 bibliopolis
3176 3784 3282 3841 sub
3314 3783 3758 3854 quingentorum

355 3870 694 3927 ducatorum
720 3869 849 3925 auri
875 3868 946 3924 de
968 3868 1218 3941 Camera,
1249 3873 1305 3925 et
1322 3871 1659 3929 amissionis
1679 3872 1959 3929 librorum
1986 3879 2043 3928 et
2068 3878 2333 3942 typorum
2361 3880 2619 3930 omnium
2643 3888 2746 3943 pro
2770 3886 2882 3928 una
2900 3874 3145 3928 Camers:
3173 3875 3381 3925 nostra:
3409 3869 3760 3938 apostolicae,

358 3964 415 4016 et
444 3974 546 4032 pro
575 3959 690 4015 alia
716 3956 949 4030 praefato
972 3959 1208 4016 Joannis
1239 3960 1431 4017 Mariae
1455 3975 1521 4017 ac
1553 3976 1655 4033 pro
1689 3962 1913 4033 reliqua
1944 3961 2137 4018 tertiis
2164 3963 2430 4033 partibus
2457 3960 2799 4029 accusatori,
2832 3964 2889 4014 et
2908 3959 3096 4027 judici
3126 3957 3460 4026 exsequenti
3493 3955 3762 4010 irremis—

357 4048 612 4106 sibiliter
625 4047 1006 4120 applicandis,
1028 4054 1163 4105 eteo
1182 4050 1307 4121 ipso
1321 4050 1538 4122 absque
1554 4051 1674 4106 ulla
1690 4050 2077 4107 declaratione
2095 4050 2465 4107 ineurrendis
2488 4052 2691 4120 pwnis,
2714 4061 2781 4103 ne
2795 4046 2974 4102 dictis
2991 4044 3199 4114 viginti
3222 4044 3393 4099 annis
3412 4041 3761 4099 durantibus

360 4139 573 4196 librum
606 4137 923 4210 praefatum,
950 4143 1052 4195 aut
1078 4140 1331 4212 aliquam
1358 4141 1485 4211 ejus
1513 4145 1748 4212 partem,
1783 4144 1895 4195 tam
1927 4140 1986 4195 in
2017 4139 2186 4210 Urbe,
2218 4154 2389 4212 quam
2420 4140 2480 4195 in
2507 4138 2730 4207 reliquo
2758 4136 2919 4191 Statu
2946 4132 3340 4190 ecclesiastico
3380 4132 3757 4203 supradictis,

360 4229 487 4287 sine
512 4228 843 4300 hujusmodi
872 4227 1110 4286 licentia
1148 4230 1496 4302 imprimere,
1524 4234 1626 4286 aut
1655 4229 1726 4285 ab
1758 4229 1897 4285 aliis
1935 4230 2300 4301 impressum,
2341 4232 2443 4284 aut
2475 4228 2809 4296 impressam
2840 4222 3105 4293 vendere,
3138 4235 3239 4278 seu
3265 4220 3517 4277 venalem
3554 4219 3762 4278 habere

363 4318 763 4392 quoquomodo
807 4319 1073 4391 audeant,
1119 4332 1220 4376 seu
1265 4322 1633 4390 prmsumant.
1681 4320 2013 4375 Mandantes
2055 4324 2350 4390 prepterea
2390 4315 2623 4371 dilectis
2663 4313 2805 4370 ﬁliis
2844 4313 3087 4384 nostris,
3130 4316 3186 4368 et
3231 4310 3561 4381 apostolicae
3606 4311 3762 4368 sedis

358 4410 430 4467 de
459 4409 637 4465 latere
660 4407 886 4480 legatis,
926 4421 1027 4466 seu
1052 4418 1250 4466 eorum
1284 4409 1407 4466 vice
1443 4408 1667 4482 legatis,
1697 4412 1799 4464 aut
1828 4407 2291 4479 praesidentibus,
2330 4401 2835 4477 gubernatoribus,
2871 4401 3235 4473 praetoribus,
3267 4404 3324 4456 et
3352 4399 3490 4458 aliis
3514 4401 3761 4471 justitia:

362 4497 651 4556 ministris
676 4496 1120 4570 provinciarum,
1149 4498 1472 4568 civitatum,
1501 4503 1805 4567 terrarum,
1833 4501 1889 4552 et
1911 4496 2165 4552 locorum
2193 4496 2387 4551 Status
2413 4492 2595 4549 nostri
2623 4490 3002 4549 ecclesiastici
3031 4488 3276 4561 praefati,
3306 4496 3590 4561 quatenus
3626 4504 3762 4561 prae-

360 4587 519 4645 dicto
536 4588 737 4645 Joanni
758 4587 970 4659 Marias,
993 4602 1095 4645 seu
1115 4587 1185 4644 ab
1205 4602 1271 4645 eo
1292 4602 1521 4645 causam
1545 4585 1892 4644 habentibus
1914 4583 2208 4656 praedictis
2230 4584 2290 4638 in
2319 4582 2633 4653 praemissis
2656 4580 2900 4638 eﬁlcacis
2919 4578 3275 4636 defensionis
3301 4579 3571 4652 praesidio
3592 4579 3760 4636 assis-

363 4683 516 4736 tente
552 4697 569 4751 ;
612 4678 1070 4750 quandocunque
1111 4679 1183 4735 ab
1223 4679 1418 4735 eodem
1458 4679 1672 4733 Joanne
1715 4678 1895 4732 Maria
1938 4673 2157 4731 fuerint
2200 4671 2493 4743 requisiti,
2543 4685 2737 4742 poenas
2782 4670 3087 4742 praedictas
3132 4674 3334 4726 contra
3384 4682 3761 4741 quoscunque

363 4768 757 4827 inobedientes
775 4767 1265 4826 irremissibiliter
1277 4771 1681 4837 exsequantur.
1700 4767 1821 4821 Non
1833 4762 2199 4821 obstantibus
2215 4760 2752 4829 constitutionibus,
2773 4765 2829 4815 et
2844 4758 3315 4817 ordinationibus
3326 4758 3680 4829 apostolicis,
3696 4772 3762 4814 ac

359 4858 665 4932 quibusvis
684 4858 938 4929 statutis,
970 4862 1027 4914 et
1049 4855 1590 4926 consuetudinibus,
1614 4855 1788 4912 etiam
1812 4855 2159 4925 juramento,
2183 4851 2616 4907 conﬁrmatione
2637 4849 2976 4919 apostolica,
3005 4847 3091 4905 vel
3118 4848 3325 4920 quavis
3349 4847 3622 4904 ﬁrmitate
3645 4846 3761 4904 alia

362 4948 667 5020 roboratis,
693 4947 1018 5020 privilegiis
1038 4958 1284 5018 quoque,
1313 4944 1582 5016 indultis,
1608 4948 1665 5000 et
1682 4943 1897 5001 litteris
1915 4940 2255 5012 apostolicis
2278 4940 2337 4997 in
2358 4940 2709 4997 contrarium
2738 4938 3162 5009 praemissorum
3186 4935 3617 5008 quomodolibet
3636 4950 3761 4992 con-

361 5035 562 5107 cessis,
605 5036 976 5108 conﬁrmatls,
1020 5040 1077 5092 et
1108 5034 1418 5106 innovatis,
1461 5031 1796 5103 caeterisque
1845 5030 2158 5089 contrariis
2201 5030 2662 5103 quibuscunque.
2715 5028 2993 5086 Volumus
3036 5030 3228 5084 autem
3279 5029 3344 5082 ut
3390 5026 3758 5096 praesentium

360 5126 769 5199 transsumptis
792 5132 846 5183 et
860 5127 977 5196 jam
1002 5125 1061 5182 in
1089 5125 1213 5195 ipso
1238 5124 1410 5179 Libro
1434 5120 1751 5193 impressis,
1776 5135 1950 5180 manu
1968 5122 2221 5195 alicujus
2244 5120 2454 5178 notarii
2481 5118 2699 5191 publici
2727 5117 3098 5190 subscriptis,
3119 5124 3178 5174 et
3200 5114 3399 5188 sigillo
3428 5128 3678 5187 personae
3701 5114 3760 5170 in

359 5215 749 5281 ecclesiastica
785 5212 1069 5286 dignitate
1098 5210 1428 5269 constituta:
1457 5209 1703 5267 munitis
1734 5213 1930 5270 eadem
1967 5226 2204 5285 prorsus
2234 5210 2373 5268 ﬁdes
2404 5209 2619 5282 ubique
2649 5208 3015 5278 adhibeatur,
3047 5219 3174 5279 quae
3207 5205 3352 5276 ipsis
3383 5204 3762 5278 praesentibus

357 5304 750 5372 adhiberetur,
776 5302 826 5358 si
854 5299 1041 5357 forent
1065 5299 1362 5370 exhibita,
1392 5299 1479 5357 vel
1502 5303 1762 5358 ostensae.
1789 5303 1998 5360 Datum
2028 5304 2220 5362 Roma:
2247 5301 2399 5374 apud
2428 5300 2484 5356 S.
2518 5300 2756 5358 Mariam
2788 5299 3056 5369 Majorem
3081 5294 3191 5353 sub
3216 5295 3431 5354 annulo
3453 5293 3761 5367 piscatoris

356 5394 455 5452 die
484 5395 667 5467 prima
694 5389 852 5447 Junii
887 5384 1043 5458 4748,
1082 5386 1455 5459 pontiﬁcatus
1485 5389 1670 5448 nostri
1702 5406 1860 5450 anno
1892 5390 1978 5449 48.

2388 5480 2449 5532 F.
2483 5477 2783 5533 cardinales
2815 5475 3142 5535 Ouvsnws.
