2017 3098
162 140 200 170 33
926 141 1115 171 PREFATIO.
1837 146 1874 177 34

234 814 358 822 ,—;;
362 814 414 822 μ
418 814 675 822 ..ΛΨΓὶ
689 814 810 822 ῆιξή

235 814 358 824 ιτςι
362 814 414 824 ρ
689 814 810 824 ήιῒῖ

200 753 203 839 ι

202 963 204 1064 l

199 334 282 341 π-λ-
312 332 337 345 ,ί
496 330 534 340 v“
554 293 645 344 nx?
795 324 859 351 \Wg
1101 340 1123 342 νυ
1215 332 1220 341 “
1267 327 1291 346 ιΙ
1334 303 1339 372 ἱ
1366 312 1487 359 ῖὶμνη-ῑν
1520 337 1522 342 π
1553 313 1617 350 vlll
1797 327 1808 349 ἡ

197 565 345 688 ξ
364 558 679 645 2m
746 568 1307 652 ί
1327 570 1351 618 5
1377 604 1393 636 ς
1485 616 1488 618 ν
1535 571 1549 596 '
1567 577 1589 587 “
1662 561 1809 674 et

198 691 427 831 ’Ξ
482 710 603 805 Et.
540 759 666 820 ρ
1463 756 1467 763 ι
1510 778 1511 782 γ
1606 696 1685 792 ί
1756 715 1815 826 λ

614 792 713 820 ί
724 794 811 823 ὲῗῗζ
926 796 928 799 ’
970 794 1109 823 ςλιι
1165 792 1289 822 ’έιεέεέῑλιτ-έἺς
1343 792 1683 825 ⁸
1805 807 1807 821 ι

197 925 784 995 1;
799 926 1265 1004 Nive,“
1280 941 1320 993 .’:
1372 888 1765 1002 wililli!:1";llt:Li'Yﬂz‘/;animal/
1789 982 1791 985 ν

678 1056 755 1069 rea-7.
766 1056 882 1070 τκὲτξ
823 1059 868 1070 Ν
875 1056 996 1070 Erras-,er
996 1056 1023 1070 ..ν

1026 1057 1113 1070 “Eget-at
1122 1059 1181 1077 μεέῤ
1177 1058 1240 1071 Η
1198 1061 1207 1063 “

506 1093 596 1118 Nimus
615 1093 702 1126 Crispi
717 1094 790 1119 Caes.
807 1101 838 1119 ex
854 1095 949 1119 Musao
967 1095 1080 1127 Princip.
1101 1095 1245 1128 Burghesii,
1264 1095 1323 1119 olim
1339 1094 1425 1119 Fulvii
1444 1094 1528 1118 Ursin.

827 1202 1204 1254 PR/EFATIO.

912 1297 1120 1305 -ρ

204 1371 229 1400 4.
246 1373 337 1401 Erunt
361 1372 484 1401 fortasse
506 1373 555 1408 qui
584 1373 715 1408 judicent
727 1373 845 1402 minime
861 1380 993 1402 necessa-
1007 1375 1037 1404 A
1050 1373 1352 1409 prastantissimorum
1368 1374 1459 1403 totius
1474 1373 1562 1402 Italia
1575 1374 1705 1403 codicum
1732 1380 1798 1402 mss.
1814 1381 1830 1402 a
1842 1382 1872 1403 se

167 1418 244 1445 rium
270 1417 383 1452 prafari
410 1418 440 1445 in
463 1417 543 1446 Vitas
553 1417 731 1453 {pontiﬁcum
749 1419 950 1455 Romanorum,
967 1421 994 1447 et

168 1461 205 1489 de
217 1462 360 1489 Anastasii
373 1462 489 1490 nomine
503 1462 564 1490 illis
585 1462 710 1498 praeﬁxo,
734 1465 793 1491 tum
814 1463 848 1490 de
861 1470 926 1491 vero
938 1470 995 1491 au—

166 1509 254 1542 ctore,
271 1507 331 1534 sive
345 1506 523 1540 auctoribus,
540 1513 696 1542 eorumque
711 1510 802 1543 atate,
820 1508 902 1544 stylo,
917 1515 993 1543 pra—

165 1551 283 1586 stantia,
293 1551 466 1587 diligentius
478 1552 624 1587 inquirere
636 1552 689 1580 hoc
700 1555 796 1581 nostro
810 1553 923 1588 saculo,
938 1560 993 1588 quo

167 1594 302 1629 praeclara
318 1595 479 1624 illustrium
502 1596 671 1624 criticorum
685 1596 796 1631 judicia
813 1597 891 1632 prelo
912 1604 995 1625 com—

167 1639 256 1667 missa
270 1642 403 1668 teruntur
424 1640 553 1669 omnium
571 1641 714 1676 manibus,
739 1649 795 1670 non
817 1642 900 1670 modo
917 1642 991 1677 apud

165 1685 323 1719 scriptores
336 1685 587 1722 bibliothecarum,
611 1687 657 1714 sed
675 1686 760 1715 etiam
787 1687 862 1722 apud
878 1694 926 1715 eos
941 1687 991 1722 qui

165 1728 220 1756 hoc
235 1729 271 1757 de
283 1733 450 1765 argumento
460 1730 678 1759 dissertationes
691 1734 741 1759 aut
756 1731 857 1759 Libros
868 1731 995 1759 nomina-

164 1774 218 1801 tim
234 1777 261 1801 et
275 1774 303 1801 in
321 1774 393 1802 Urbe
403 1775 565 1803 ediderunt.
577 1776 648 1810 Quis
658 1776 733 1804 enim
748 1776 858 1804 nesciat
876 1782 993 1804 examen

164 1818 244 1845 Libri
257 1819 424 1854 Pontiﬁcalis
437 1818 504 1855 (quo
514 1821 629 1848 nomine
650 1821 774 1849 donatur
790 1821 848 1848 hac
863 1821 992 1849 Vitarum

165 1862 313 1898 collectio)
325 1863 359 1889 ab
372 1864 483 1892 erudito
500 1865 622 1899 praesule
634 1865 740 1893 Joanne
754 1865 904 1900 Ciampino
917 1865 994 1900 typis

164 1907 308 1935 Romanis
329 1908 436 1936 editum
454 1916 527 1937 anno
548 1908 626 1944 4688,
643 1912 670 1937 et
686 1912 749 1944 post
771 1910 993 1944 quadriennium

165 1952 200 1978 ab
213 1949 264 1979 illa
281 1952 407 1980 editione
424 1953 453 1980 in
465 1955 540 1981 tomo
556 1954 649 1989 primo
665 1954 852 1988 Antiqu’itatis
869 1955 995 1982 Ecclesia

164 1996 315 2024 Illustrata
325 2003 375 2032 per
390 1997 478 2025 alium
492 1998 708 2026 celeberrimnm
721 1998 870 2033 prasulem
886 1999 995 2026 Emma-

1048 1418 1167 1447 collatas
1180 1419 1280 1447 retulit
1292 1426 1326 1447 ex
1337 1418 1524 1447 bibliothecis
1535 1419 1681 1455 Vaticana,
1692 1418 1778 1454 Regia
1794 1418 1874 1446 Chri-

1049 1463 1185 1498 stiniana,
1201 1464 1229 1491 S.
1245 1464 1332 1492 Marci
1352 1464 1526 1499 Florentina,
1541 1464 1715 1498 Cassinensi,
1734 1466 1761 1491 et
1773 1464 1874 1491 Farne-

1048 1508 1138 1536 siana.
1152 1509 1278 1544 Praslat,
1296 1511 1329 1537 ut
1346 1516 1495 1537 numerum
1512 1509 1628 1537 tertium
1644 1508 1750 1543 capitis
1764 1508 1795 1535 V.
1812 1508 1873 1536 Dis-

1048 1552 1215 1580 sertationis
1230 1552 1425 1580 Schelestratii
1440 1552 1600 1580 describam
1620 1551 1780 1588 integrum:
1798 1553 1830 1579 ut
1839 1558 1873 1579 ex

1047 1596 1188 1624 Holstenii
1202 1597 1297 1625 verbis
1309 1598 1338 1625 in
1358 1604 1390 1625 eo
1409 1597 1508 1625 relatis
1523 1597 1650 1632 resultet,
1669 1603 1732 1632 qua
1745 1596 1874 1632 dignitas

1048 1640 1118 1668 libri
1130 1641 1179 1677 sit,
1194 1643 1305 1670 tantum
1316 1642 1410 1670 virum
1424 1642 1592 1677 occupantis
1603 1644 1682 1677 parte
1694 1648 1750 1669 non
1762 1641 1873 1669 modica

1048 1686 1140 1714 atatis
1164 1693 1223 1714 sua
1239 1687 1267 1714 in
1289 1694 1354 1715 vera
1378 1687 1440 1722 ejus
1463 1687 1583 1715 lectione
1600 1686 1793 1720 restituenda;
1810 1691 1873 1719 qua:

1047 1731 1134 1759 etiam
1142 1731 1302 1767 antiquitas
1315 1731 1457 1764 codicum,
1475 1731 1550 1758 unde
1560 1730 1686 1757 eamdem
1701 1728 1826 1764 collegit,
1843 1728 1873 1756 in

1047 1775 1198 1810 aliquibus
1213 1782 1352 1810 superans
1362 1775 1496 1802 saeculum
1507 1773 1663 1808 Anastasii,
1680 1775 1707 1800 et
1721 1773 1873 1800 ostendens

1048 1820 1178 1854 priorum
1198 1820 1326 1847 Vitarum
1352 1818 1508 1853 scriptores
1530 1824 1592 1845 esse
1615 1817 1767 1845 Anastasio
1789 1819 1874 1846 vetu-

1049 1864 1152 1892 stiores
1162 1873 1168 1890 :

1086 1919 1099 1934 ‹‹
1115 1908 1184 1936 Cum
1198 1915 1231 1936 ex
1243 1907 1389 1943 pradictis
1399 1907 1551 1935 Annibalis
1564 1906 1689 1935 Fabrotti
1706 1907 1802 1935 verbis
1822 1907 1874 1943 (ait

1048 1953 1268 1981 Schelestratius
1280 1959 1358 1980 num.
1370 1951 1396 1989 3)
1408 1951 1557 1980 manifeste
1571 1954 1715 1987 appareat,
1732 1951 1874 1980 editiones

1050 1998 1127 2025 Libri
1154 1997 1331 2025 Pontiﬁcalis
1357 1997 1391 2025 ad
1417 2004 1501 2024 suum
1518 2003 1610 2032 usque
1625 2000 1736 2032 tempus
1764 1996 1873 2024 mendis

165 2041 278 2069 nuelem
294 2048 310 2069 a
325 2042 514 2070 Schelestrate
530 2043 671 2070 Vaticana
686 2043 870 2070 Bibliotheca
886 2043 994 2071 Prafe-
1011 2044 1034 2074 Β
1049 2042 1170 2077 repletas
1182 2042 1283 2077 fuisse,
1298 2045 1325 2070 et
1340 2042 1485 2070 meliorem
1502 2041 1656 2069 editionem
1673 2048 1707 2069 ex
1722 2048 1774 2069 ms.
1790 2041 1874 2069 codi-

164 2088 244 2113 ctum
271 2085 363 2114 fuisse
384 2087 529 2123 vulgatam
555 2088 791 2116 Dissertationem
821 2088 944 2123 tertiam,
963 2088 991 2115 in

165 2130 271 2165 primis
283 2131 430 2159 eruditam
444 2135 470 2159 et
485 2139 606 2167 gravem,
623 2133 674 2160 hoc
694 2132 782 2161 titulo
801 2132 990 2168 insignitam:

164 2177 206 2202 De
222 2178 344 2211 antiquis
355 2178 534 2204 Romanorum
546 2178 706 2213 Pontiﬁcum
725 2178 871 2212 Cutalogis,
888 2186 921 2205 em
935 2178 995 2212 qui-

167 2221 219 2247 bus
244 2221 325 2248 Liber
340 2222 507 2257 Pontiﬁcah’s
526 2224 704 2250 concinnatus
732 2224 798 2258 fuit,
823 2225 848 2251 ct
870 2223 903 2250 de
917 2223 994 2250 Libri

165 2266 336 2300 Pontiﬁcalis
350 2267 470 2294 Auctore
481 2270 506 2294 et
521 2268 686 2302 prastantia
696 2269 711 2295 ?

203 2309 230 2337 2.
254 2310 330 2339 Hanc
353 2315 429 2339 certe
449 2312 696 2347 Dissertationem,
727 2319 825 2341 novem
849 2313 995 2348 capitibus

162 2354 347 2391 distinctam,
364 2357 436 2384 tanti
462 2356 619 2385 faciendam
637 2358 748 2393 judico,
768 2360 800 2386 ut
821 2365 912 2393 opera
929 2365 996 2394 pre—

166 2399 241 2427 tium
260 2400 362 2428 ducam
383 2401 510 2429 eamdem
530 2401 678 2438 integram,
693 2403 775 2430 edere
789 2404 903 2438 quando
923 2406 996 2431 nota

168 2444 200 2471 in
213 2443 394 2473 Anastasium
422 2446 600 2481 prodibunt:
618 2454 682 2475 cum
706 2446 910 2482 complectatur
932 2455 996 2476 ma-

165 2490 234 2516 tura
244 2489 366 2525 judicia,
378 2493 405 2518 et
418 2490 631 2520 observationes
644 2494 704 2520 tum
721 2492 814 2527 ipsius
826 2492 997 2521 Schelestra-

165 2532 215 2566 tii,
233 2536 293 2561 tum
312 2535 377 2569 ejus
398 2535 559 2564 decessoris
574 2536 604 2564 in
620 2537 803 2565 Bibliotheca
827 2536 994 2571 praefectura

164 2577 325 2606 clarissimi
339 2580 420 2607 Luca
430 2580 570 2608 Holstenii
583 2590 589 2608 :
607 2582 691 2616 cujus
705 2581 863 2616 laboribus,
876 2589 926 2617 per
939 2589 995 2610 an—

166 2628 221 2650 nos
234 2622 376 2657 plurimos
394 2625 514 2653 assidue
529 2625 668 2661 impensis
686 2626 798 2661 potiora
813 2633 932 2661 quaque
942 2626 996 2653 de-

164 2666 241 2702 beri,
255 2674 320 2702 qua
335 2668 370 2695 de
384 2669 520 2704 praclaro
537 2670 589 2698 hoc
600 2673 784 2699 monumento
794 2670 995 2699 ecclesiastica

1048 2087 1131 2115 cibus
1143 2087 1238 2115 curari
1255 2094 1346 2122 posse,
1364 2093 1461 2114 curam
1477 2086 1550 2114 hanc
1562 2086 1591 2114 in
1607 2093 1636 2114 se
1647 2089 1810 2121 susceperat
1820 2086 1876 2114 vir.

1047 2132 1234 2159 doctissimus
1245 2132 1435 2167 pradecessor
1445 2131 1587 2166 quondam
1604 2137 1683 2159 meus
1700 2131 1789 2158 Lucas
1802 2131 1873 2158 Hol-

1048 2176 1169 2212 stenius,
1184 2176 1233 2212 qui
1258 2176 1403 2204 Anastasii
1420 2175 1574 2203 Historiam
1588 2174 1623 2203 de
1636 2175 1710 2203 Vitis
1729 2175 1874 2203 Romano—

1047 2227 1110 2248 rum
1124 2221 1293 2249 Pontiﬁcum
1306 2220 1444 2248 editionis
1460 2220 1633 2255 Moguntina
1643 2226 1708 2247 cum
1732 2222 1873 2255 praestan-

1048 2266 1271 2301 tiSSimistotius
1282 2265 1370 2293 Italia
1381 2265 1531 2293 codicibus
1540 2264 1674 2299 contulit,
1685 2267 1716 2292 ut
1726 2264 1804 2292 illam
1815 2272 1875 2293 cor-

1050 2312 1199 2339 rectiorem
1222 2310 1502 2345 emendatioremque
1525 2310 1629 2338 ederet.
1656 2309 1873 2345 Autographum

1049 2356 1189 2384 llolstenii
1210 2362 1243 2383 ex
1266 2355 1351 2383 libris
1374 2355 1483 2382 Moroni
1509 2357 1634 2389 emptum
1657 2354 1687 2381 in
1712 2354 1874 2381 biblotheca

1051 2401 1185 2428 Vaticana
1198 2400 1323 2435 reposui,
1343 2400 1371 2427 in
1384 2399 1468 2434 cujus
1482 2399 1574 2434 primo
1587 2398 1657 2426 folio
1671 2404 1755 2425 manu
1768 2397 1876 2424 Holste-

1051 2445 1093 2473 nii
1103 2445 1236 2472 adnotata
1245 2447 1312 2472 sunt
1322 2445 1485 2480 sequentia:
1506 2453 1519 2469 α
1532 2444 1571 2470 De
1584 2450 1649 2470 mss.
1662 2441 1821 2475 codicibus,
1839 2442 1873 2469 ad

1051 2500 1064 2516 »
1086 2496 1157 2526 quos
1171 2489 1354 2523 Anastasium
1370 2488 1555 2516 contulimus.
1568 2487 1635 2520 Qua
1648 2493 1664 2514 a
1677 2486 1822 2521 principio
1834 2486 1875 2515 li—

1050 2545 1063 2561 »
1089 2535 1133 2563 bri
1149 2541 1240 2569 usque
1264 2533 1298 2561 ad
1323 2532 1454 2568 paginam
1523 2533 1681 2560 atramento
1697 2534 1792 2560 notata
1808 2539 1862 2560 sun

1050 2590 1063 2606 »
1086 2580 1114 2608 in
1144 2579 1281 2614 margine,
1301 2577 1387 2606 variae
1403 2576 1540 2604 lectiones
1554 2579 1623 2604 sunt
1647 2584 1681 2605 ex
1704 2577 1802 2604 codice
1819 2584 1870 2605 ms.

1051 2635 1064 2652 ι
1085 2624 1231 2658 Vaticano,
1246 2623 1296 2659 qui
1312 2622 1370 2650 fuit
1380 2621 1452 2649 sacri
1464 2621 1630 2650 Monasterii
1641 2621 1815 2656 Casinensis,
1831 2622 1874 2650 vel

1052 2680 1066 2696 ι)
1087 2677 1120 2698 ex
1141 2668 1310 2697 Sanctuario
1335 2666 1504 2702 Mombritii,
1527 2666 1570 2694 vel
1597 2666 1682 2694 etiam
1707 2665 1876 2694 collectione

167 2710 299 2739 historia
321 2712 357 2740 ad
375 2719 426 2741 nos
446 2717 645 2750 pervenerunt,
662 2715 734 2743 satis
762 2715 892 2743 ostendet
911 2715 997 2743 testi-
1012 2711 1036 2743 Ο
1053 2725 1067 2741 ι»
1089 2715 1234 2743 Canonum
1258 2712 1385 2741 Anselmi
1410 2712 1557 2746 Lucensis,
1589 2717 1652 2746 qua
1679 2711 1875 2745 manuscripta

166 2756 310 2791 monium,
326 2757 454 2792 ejusdem
474 2759 616 2788 Holstenii
639 2766 726 2788 manu
745 2760 890 2796 signatum
914 2760 944 2788 in
963 2767 996 2789 eo

165 2801 326 2837 exemplari
352 2802 553 2841 Anastasiano,
577 2804 608 2833 in
622 2812 678 2841 quo
699 2805 843 2834 variantes
855 2805 995 2835 lectiones

1052 2769 1066 2787 ι
1086 2761 1199 2789 exstant
1228 2758 1258 2787 in
1279 2756 1454 2786 bibliotheca
1473 2755 1696 2785 eminentissimi
1717 2754 1875 2784 cardinalis

1052 2814 1065 2831 ι
1086 2802 1243 2834 Barbarini.
1267 2802 1566 2840 Quaminionotata
1583 2807 1601 2829 a
1622 2799 1768 2837 principio
1783 2804 1875 2837 usque
