4034 6196
269 302 342 364 35
1068 275 1169 350 AD
1205 290 1639 349 ANASTASIUM
1677 289 2189 350 PROLEGOMENA
2240 294 2421 352 EDIT.
2460 294 2877 354 ROM.-VATIC.
3596 299 3680 358 '36

272 446 298 478 ››
340 425 411 483 ad
454 422 705 482 eamdem
736 417 1001 491 paginam
1032 413 1122 488 53,
1168 419 1305 472 sunt
1332 415 1618 472 variantes
1646 414 1919 471 lectiones
1940 416 2001 477 A
2027 415 2150 481 dos.
2186 417 2286 488 qui
2313 431 2459 489 opus
2484 418 2877 478 Anastasiana
2891 420 3253 479 collectiouis
3282 420 3552 493 pluribus
3580 438 3683 480 sa-

272 535 297 567 »
340 513 542 586 Optimi
575 509 795 566 codicis
831 505 1213 576 manuscripti
1240 505 1558 562 Florentini
1590 518 1657 560 ex
1699 504 1920 561 biblio-

272 625 297 656 »
340 604 502 660 theca
540 603 852 656 conventus
899 597 954 652 S.
990 596 1185 651 Marci.
1234 596 1369 651 Inde
1397 596 1600 668 pagina
1644 592 1715 650 54
1764 595 1923 649 inci—

270 711 297 746 ι
340 693 507 763 piunt
541 689 878 746 collationes
922 700 1026 742 ms.
1072 685 1407 741 Farnesiaui
1454 685 1656 755 scripti
1707 684 1921 739 litteris

269 801 299 834 ι
340 778 701 851 majusculis,
736 791 849 848 quo
903 775 1055 831 nihil
1094 775 1398 845 antiquius
1438 778 1661 830 exstare
1691 778 1827 843 puto
1860 773 1919 828 in

268 890 295 923 »
338 870 446 927 hoc
480 881 700 941 genere,
731 872 787 923 et
811 866 987 922 codex
1021 864 1171 920 haud
1202 863 1378 919 dubie
1403 868 1534 919 ante
1561 867 1759 919 natum
1780 862 1921 918 Ana-

268 979 295 1010 »
338 959 582 1016 stasium
613 957 868 1027 scriptus
893 953 1027 1025 fuit,
1060 953 1147 1011 vel
1171 953 1368 1009 saltem
1414 966 1478 1009 eo
1521 960 1772 1023 tempore
1805 964 1919 1025 quo

267 1068 293 1100 ››
338 1049 461 1120 ipse
488 1046 832 1103 Anastasius
863 1044 1026 1100 vixit.
1066 1045 1133 1099 Et
1164 1042 1299 1113 quia
1330 1042 1666 1099 collationes
1703 1041 1920 1097 Farne-

266 1158 291 1188 »
334 1138 484 1194 siaui
516 1135 736 1192 codicis
767 1133 947 1189 minio
982 1131 1212 1201 scripta
1254 1135 1390 1187 sunt
1428 1145 1611 1201 usque
1641 1131 1707 1186 ad
1748 1130 1919 1202 pagi—

268 1245 293 1277 »
337 1230 466 1282 nam
505 1222 596 1296 63,
631 1224 737 1280 hoc
760 1228 847 1279 est
875 1234 1059 1292 usque
1087 1220 1155 1276 ad
1190 1218 1546 1276 Bonifacium
1579 1220 1664 1289 IV,
1700 1219 1917 1275 idcirco

264 1334 291 1366 »
334 1316 403 1373 ad
446 1312 924 1384 distinguendum
955 1309 1219 1366 codicum
1248 1308 1608 1364 diversorum
1642 1307 1916 1363 lectiones

263 1424 291 1455 »
332 1417 365 1460 a
387 1417 512 1476 pag.
547 1400 618 1459 54
640 1415 822 1473 usque
851 1399 921 1456 ad
953 1396 1022 1455 63
1051 1398 1387 1455 collationes
1414 1397 1643 1454 Codicis
1677 1396 1918 1452 Floren-

265 1512 291 1543 ››
336 1493 448 1548 tini
470 1496 791 1547 atramento
820 1488 1036 1545 notavi.
1061 1487 1196 1543 Inde
1220 1500 1252 1543 a
1275 1500 1401 1559 pag.
1428 1485 1498 1543 63
1524 1499 1705 1557 usque
1729 1486 1798 1541 ad
1819 1481 1910 1555 72,

263 1598 290 1631 »
332 1581 401 1638 ad
429 1580 615 1636 Vitam
641 1579 695 1635 S.
725 1577 993 1650 Eugeuii,
1016 1576 1373 1633 Farnesiana
1401 1575 1740 1632 collationes
1767 1578 1915 1629 atra-

263 1688 289 1720 »
334 1674 545 1739 mento,
595 1667 939 1724 Florentina
977 1666 1160 1722 minio
1208 1668 1415 1722 notata
1445 1668 1598 1720 sunt.
1630 1666 1839 1719 Iterum
1879 1675 1911 1717 a

262 1777 290 1809 »
333 1772 459 1830 pag.
489 1754 562 1813 72
606 1770 788 1827 usque
816 1756 883 1812 ad
936 1755 1199 1826 paginam
1247 1748 1368 1823 407,
1402 1752 1503 1809 ubi
1547 1752 1755 1823 incipit
1783 1751 1912 1808 Vita

261 1865 289 1898 »
329 1848 616 1903 Zacharia
665 1848 793 1916 PP.,
842 1844 1186 1900 Farnesiana
1233 1843 1417 1898 minio
1481 1841 1912 1898 Florentiniana

260 1954 288 1986 »
330 1938 649 1992 atramento
691 1933 899 1990 collata
929 1936 1082 1988 sunt.
1118 1933 1251 2003 Pag.
1304 1927 1425 1986 407.
1466 1930 1595 1987 Vita
1627 1930 1911 1986 Zacharia

262 2042 289 2074 »
332 2023 393 2078 in
417 2022 764 2078 Farnesiano
797 2020 1161 2076 desideratur
1189 2018 1536 2075 Collationes
1575 2031 1643 2073 ex
1668 2018 1912 2074 Floren-

261 2129 289 2162 »
333 2111 459 2167 tino
489 2110 686 2166 codice
724 2110 907 2165 minio
938 2113 1145 2164 notata
1173 2112 1311 2164 sunt
1337 2122 1519 2179 usque
1541 2108 1611 2163 ad
1645 2109 1909 2180 paginam

262 2217 288 2250 u
332 2195 457 2268 445,
486 2197 587 2253 ubi
623 2196 1010 2252 Farnesianus
1046 2196 1254 2250 iterum
1296 2195 1523 2265 incipit.
1561 2194 1670 2251 Ubi
1702 2196 1910 2252 iterum

261 2306 289 2338 ιι
330 2287 672 2344 Florentiua
694 2284 967 2342 lectiones
985 2287 1301 2341 atramento
1328 2289 1602 2340 notantur
1632 2298 1814 2354 usque
1839 2286 1908 2341 ad

260 2396 287 2429 »
329 2377 596 2450 paginam
628 2373 748 2445 436,
780 2375 913 2443 inde
942 2373 1117 2430 rubro
1156 2386 1337 2443 usque
1360 2372 1428 2427 ad
1471 2372 1713 2427 mediam
1762 2374 1914 2444 pagi-

260 2486 288 2518 »
330 2480 461 2523 nam
486 2463 607 2522 438.
657 2465 793 2521 Inde
836 2464 988 2521 enim
1039 2463 1247 2518 iterum
1273 2465 1594 2517 atramento
1638 2465 1911 2517 notantur

259 2573 286 2606 »
330 2569 512 2627 usque
540 2555 611 2611 ad
639 2553 991 2627 principium
1019 2552 1238 2624 pagina
1269 2546 1390 2621 443,
1423 2564 1553 2605 nam
1575 2550 1707 2606 inde
1727 2564 1910 2621 usque

258 2663 285 2695 η
327 2646 397 2702 ad
444 2644 705 2717 paginam
760 2640 864 2700 458
892 2641 1210 2698 Florentiui
1254 2640 1477 2697 codicis
1515 2640 1790 2697 lectiones
1819 2640 1911 2696 si-

258 2752 286 2785 »
325 2738 575 2807 gnantur
597 2732 792 2799 rubro,
822 2735 995 2802 atque
1026 2730 1109 2787 ibi
1142 2730 1201 2786 in
1247 2730 1376 2785 Vita
1402 2728 1644 2785 Adriani
1670 2729 1906 2785 desinit.

256 2841 284 2874 ιι
326 2823 526 2879 Habui.
546 2822 756 2879 deinde
784 2821 964 2877 alium
988 2819 1242 2876 codicem
1275 2818 1731 2889 manuscriptum
1759 2820 1910 2874 Lon-

256 2930 283 2963 ιο
325 2911 697 2984 gobardicum
719 2909 1216 2981 antiquissimum,
1250 2922 1318 2964 ex
1336 2908 1531 2964 eadem
1558 2906 1909 2963 bibliotheca

256 3020 284 3053 ››
325 3005 640 3058 conventus
680 3002 736 3057 S.
778 3000 976 3071 Marci,
1027 2999 1210 3056 multo
1258 2998 1625 3055 vetustiorem
1677 2997 1898 3068 priore:

2028 506 2179 562 culis
2208 514 2640 576 pracesserunt.

2098 593 2149 650 4.
2191 596 2331 653 Cum
2367 598 2550 670 igitur
2572 601 2823 657 viderem
2854 602 3081 672 excerpi
3124 615 3288 672 posse
3316 601 3388 658 ab
3420 602 3522 658 illa
3542 602 3675 658 Dis-

2029 687 2339 743 sertatione
2364 701 2427 743 ea
2455 703 2583 759 qua
2611 690 2843 746 Librum
2883 690 3271 747 Pontiﬁcalem
3299 692 3556 762 pressius
3596 697 3677 746 at-

2029 775 2281 847 tingunt,
2314 783 2369 833 et
2396 778 2825 848 prastantibus,
2852 794 2978 850 qua
2998 786 3327 853 supersunt,
3355 780 3676 837 observatis

2028 864 2308 921 Holstenii
2339 867 2474 923 addi
2509 882 2620 924 non
2656 882 2833 938 pauca
2867 883 3049 940 posse,
3084 884 3210 940 qua
3242 875 3393 926 recte
3421 884 3517 940 per
3544 883 3673 925 eum

2028 955 2343 1012 constituta
2376 957 2714 1013 conﬁrment
2744 959 2944 1029 magis,
2972 963 3027 1015 et
3064 959 3309 1015 vitarum
3341 958 3673 1029 hujusmodi

2029 1041 2352 1116 historiam,
2404 1045 2666 1116 criticen,
2742 1059 2809 1102 ac
2860 1047 3199 1104 documenta
3268 1047 3674 1117 propemodum

2027 1133 2329 1200 prasentia
2382 1134 2641 1205 reddant,
2693 1148 2759 1190 ac
2780 1135 3186 1207 demonstrata,
3223 1149 3335 1192 non
3383 1136 3675 1192 inutiliter

2025 1233 2112 1275 me
2135 1220 2609 1282 adlaboraturum
2650 1224 2893 1295 speravi,
2928 1224 2977 1280 si
3004 1224 3400 1281 contraherem
3448 1224 3670 1293 potiora

2024 1307 2094 1363 ab
2117 1308 2321 1364 iisdem
2348 1311 2735 1381 scriptoribus
2754 1312 2946 1370 fusius
2976 1318 3283 1384 petractata
3321 1317 3375 1368 et
3403 1312 3666 1382 probata:

2024 1409 2202 1468 eaque
2226 1401 2500 1456 nectendo
2532 1402 2797 1473 invicem,
2830 1407 2885 1458 et
2913 1402 3287 1459 inosculando
3317 1415 3445 1458 cum
3473 1414 3674 1457 recen—

2022 1484 2182 1541 tibus
2230 1486 2565 1561 observatis,
2605 1489 2906 1547 deﬁuitum
2962 1492 3340 1562 uudequaque
3381 1490 3670 1560 judicium

2022 1572 2233 1631 referre
2257 1581 2568 1657 satagerem
2605 1580 2675 1636 de
2712 1581 2956 1651 origine,
2989 1580 3377 1649 incrementis,
3421 1593 3551 1650 usu,
3578 1579 3673 1634 do-

2020 1663 2324 1736 cumentis,
2355 1673 2412 1722 et
2441 1668 2770 1737 prastantia
2803 1668 2978 1739 hujus
2996 1670 3129 1723 Libr
3172 1669 3525 1737 Pontiﬁcalis.

1936 1727 1988 1789 B
2088 1750 2142 1809 5.
2200 1727 2843 1828 Librum-Pontiﬁcalcm
2879 1727 3047 1814 'hunc
3093 1727 3441 1828 appellatum
3489 1748 3692 1811 fuisse'

2019 1847 2149 1898 ante
2174 1844 2388 1901 Velseri
2415 1847 2746 1917 editionem,
2778 1847 2878 1919 qui
2920 1848 3321 1918 complectitur
3348 1846 3508 1901 Vitas
3538 1858 3672 1914 pon-

2019 1932 2240 1988 tiﬁcum
2294 1935 2679 1993 Romanorum
2720 1951 2752 1992 a
2801 1938 2856 1993 S.
2900 1938 3063 1993 Petro
3105 1937 3173 1993 ad
3217 1935 3515 1991 Nicolaum
3544 1930 3671 2003 pri—

2021 2036 2196 2093 mum,
2247 2037 2443 2081 omnes
2486 2028 2875 2083 consentiunt.
2930 2026 3235 2083 Anastasio
3289 2024 3565 2081 monacho
3612 2023 3667 2078 S.

2012 2110 2085 2165 ‘R.
2111 2112 2169 2165 E.
2205 2111 2652 2170 Bibliothecario
2680 2115 2903 2183 primus
2931 2114 3198 2170 Velserus
3231 2112 3523 2182 attribuit,
3556 2111 3673 2166 Bel-

2021 2197 2313 2268 larminio,
2351 2204 2409 2256 et
2450 2202 2727 2258 Panvinio
2770 2201 3266 2259 consentientibus
3303 2202 3450 2257 citra
3493 2200 3668 2256 ullam

2018 2289 2222 2344 asserti
2274 2290 2573 2346 rationem.
2624 2290 2904 2346 Baronius
2936 2290 3261 2346 intercessit
3286 2289 3669 2359 prajudicata

2018 2376 2283 2445 opinioni
2330 2376 2569 2448 Velseri,
2599 2382 2655 2432 et
2703 2378 3063 2434 collectorem
3109 2379 3301 2448 potius
3325 2390 3496 2449 quam
3528 2377 3669 2433 scri-

2020 2468 2237 2532 ptorem
2287 2465 2614 2521 earumdem
2641 2466 2900 2523 Vitarum
2932 2472 3063 2522 ante
3104 2467 3421 2522 Adrianum
3448 2468 3495 2522 II
3517 2464 3667 2522 aﬁir-

2019 2552 2195 2607 mavit
2219 2551 2540 2609 habendum
2571 2566 2693 2611 esse
2711 2552 3076 2612 Anastaslum
3102 2554 3401 2627 (Baronius
3430 2555 3506 2608 ad
3532 2571 3662 2608 ann.

2014 2636 2139 2710 867,
2169 2657 2226 2696 η.
2276 2638 2432 2707 439):
2475 2643 2572 2698 cui
2613 2643 2912 2699 sententia
2952 2643 3285 2700 Holstenius
3328 2643 3665 2705 subscribit.

2016 2732 2072 2783 et
2100 2741 2228 2784 cum
2273 2742 2341 2785 eo
2368 2729 2830 2802 Schelestratius,
2879 2731 3167 2801 triplicem
3196 2744 3426 2787 causam
3473 2729 3669 2802 profe—

2019 2830 2151 2874 rens
2182 2817 2261 2873 ita
2300 2819 2587 2876 sentiendi
2615 2818 2814 2891 (Schel.
2848 2821 2982 2875 diss.
3009 2818 3062 2884 3,
3109 2837 3228 2892 cap,
3268 2818 3322 2889 7,
3346 2838 3402 2875 η.
3440 2818 3513 2893 4).

2089 2905 2140 2962 6.
2204 2908 2394 2964 Prima
2442 2909 2630 2979 posita
2672 2914 2759 2966 est
2807 2910 2865 2965 in
2924 2910 3255 2967 testimonio
3295 2911 3664 2981 scriptorum,

2018 2995 2136 3051 vita
2164 2994 2493 3053 functorum
2520 3001 2652 3054 ante
2675 2997 3064 3070 Anastasium,
3101 3000 3200 3070 qui
3230 2999 3445 3055 diserte
3474 2997 3668 3069 profe-

253 3108 281 3140 υ
321 3091 447 3161 ejus
476 3089 752 3146 lectiones
773 3092 1089 3144 atramento
1124 3087 1350 3158 notavi;
1387 3086 1486 3143 ubi
1523 3100 1652 3143 cum
1692 3085 1911 3141 Farne-
1934 3080 1983 3145 Ο
2018 3088 2153 3140 runt
2207 3086 2433 3140 Librum
2487 3086 2769 3142 Gestorum
2822 3089 3224 3157 Pontiﬁcalium
3258 3106 3275 3142 :
3332 3102 3476 3159 quos
3519 3088 3669 3143 inter
3748 3154 3753 3159 η

253 3197 280 3231 υ
322 3179 487 3236 siauo
518 3183 574 3236 et
593 3178 925 3235 Florentino
952 3178 1282 3248 Iconveuit,
1311 3176 1587 3233 lectiones
1615 3176 1906 3231 dictorum

252 3286 279 3318 »
319 3269 586 3325 codicum
634 3268 788 3324 linea
818 3267 984 3340 nigra
1018 3266 1291 3339 subduxi,
1341 3280 1453 3338 qua
1498 3266 1674 3336 hujus
1698 3264 1904 3336 optimi

253 3375 279 3408 υ
324 3358 543 3414 codicis
598 3370 914 3413 consensus
974 3360 1207 3431 notatur
1251 3373 1264 3410 :
1310 3355 1407 3412 sed
1458 3355 1557 3412 ubi
1619 3355 1907 3425 peculiare

251 3464 278 3496 ι)
323 3446 463 3516 quid
496 3445 686 3515 habet,
726 3449 1043 3501 atramento
1083 3444 1330 3516 signavi,
1360 3444 1625 3515 apposita
1663 3449 1797 3501 nota
1819 3443 1904 3499 Fl.

254 3555 279 3587 υ
318 3534 374 3607 2,
409 3535 514 3592 hoc
535 3539 623 3592 est
652 3533 1020 3590 Florentinus
1044 3534 1221 3589 codex
1250 3531 1304 3590 2.
1329 3534 1557 3589 Desinit
1585 3538 1775 3589 autem
1802 3546 1906 3589 co-

252 3642 280 3675 »
321 3624 430 3680 dex
472 3623 581 3679 iste
629 3621 689 3677 in
720 3622 900 3676 Leone
938 3621 1007 3690 Il,
1053 3631 1179 3689 pag.
1209 3618 1314 3690 80;
1361 3624 1628 3689 praterea
1660 3619 1905 3675 mutilus

251 3732 278 3763 »
320 3716 408 3768 est
437 3724 470 3766 a
496 3724 621 3780 pag.
656 3706 724 3763 47
764 3722 947 3778 usque
982 3706 1050 3762 ad
1093 3720 1218 3778 pag.
1268 3705 1355 3762 58.
1384 3709 1524 3765 Cum
1573 3709 1679 3765 hoc
1708 3708 1905 3765 codice

252 3819 278 3853 ››
323 3798 655 3856 Florentino
707 3794 760 3866 3,
810 3797 872 3851 in
916 3795 1186 3851 omnibus
1229 3794 1405 3851 ferme
1446 3799 1733 3852 consentit
1775 3800 1900 3854 cod.

247 3908 275 3941 ι
316 3890 499 3947 Vatic.
526 3884 689 3949 5269,
722 3885 824 3956 qui
847 3884 1067 3940 desinit
1102 3884 1161 3939 in
1185 3883 1462 3955 Gregorio
1494 3885 1558 3939 Η.
1591 3885 1775 3956 Hujus
1799 3899 1905 3943 co-

248 3998 275 4031 »
316 3977 468 4034 dicis
494 3981 640 4033 nota
660 3979 797 4032 sunt
816 3972 995 4031 Vatic.
1029 3972 1234 4029 Minor.
1267 3972 1354 4028 vel
1384 3973 1446 4028 V.
1476 3974 1547 4028 M.
1585 3990 1612 4024 »

316 4064 370 4123 3.
402 4066 532 4121 Hac
573 4064 770 4135 itaque
819 4075 950 4119 cum
979 4075 1083 4135 ego
1122 4061 1365 4118 sentiam
1396 4061 1467 4117 de
1512 4060 1794 4118 Holstenii
1843 4067 1900 4120 et

243 4153 603 4212 Schelstratii
646 4152 948 4210 laboribus
975 4150 1141 4222 plane
1170 4151 1551 4223 admirandis,
1586 4152 1899 4224 limatoque

238 4243 465 4316 judicio
499 4243 653 4299 circa
698 4242 934 4299 Librum
979 4240 1368 4298 Pontiﬁcalem
1409 4240 1480 4297 ab
1525 4241 1610 4297 eis
1654 4241 1893 4315 prolato,

244 4336 435 4390 actum
492 4345 658 4404 agere
707 4331 950 4387 fortasse
991 4344 1204 4402 arguar
1256 4343 1455 4386 novam
1507 4328 1894 4400 prafationem

2016 3173 2183 3245 Beda,
2227 3174 2438 3232 saeculo
2479 3175 2701 3247 integro
2741 3177 3064 3246 pracedens
3092 3181 3314 3232 atatem
3351 3175 3662 3232 Anastasii.

2012 3261 2132 3317 Alii
2172 3277 2303 3321 vero
2346 3265 2658 3334 scriptores
2698 3270 2891 3336 postea
2933 3265 3180 3321 insecuti
3231 3265 3386 3321 hunc
3430 3264 3663 3337 librum,

2014 3352 2385 3421 Pontiﬁcalem
2442 3358 2656 3417 vocant,
2696 3359 2754 3410 et
2800 3354 2961 3410 Gesta
3023 3356 3389 3409 Romanorum
3431 3355 3668 3424 Pontiﬁ-

2015 3456 2133 3495 cum
2156 3460 2175 3508 ;
2200 3455 2496 3513 nunquam
2522 3457 2651 3499 vero
2676 3443 2967 3514 appellant
2984 3444 3211 3498 Librum
3231 3444 3537 3499 Anastasii.
3562 3443 3668 3499 Al-

2014 3534 2134 3585 tera
2161 3532 2309 3587 ratio
2327 3531 2565 3588 ducitur
2583 3546 2650 3587 ex
2677 3537 2840 3588 atate
2860 3532 3143 3602 codicum,
3164 3531 3458 3589 observata
3481 3546 3513 3587 a
3536 3530 3667 3587 Lab-

2013 3616 2117 3673 beo
2139 3624 2194 3674 et
2216 3619 2532 3691 Lambecio,
2562 3621 2865 3690 judicibus
2894 3622 3132 3691 optimis
3154 3622 3454 3691 scriptura
3478 3621 3668 3677 libro-—

2014 3721 2160 3763 rum.
2190 3708 2445 3764 Labheus
2467 3708 2617 3765 libro
2638 3710 2709 3765 de
2742 3710 3137 3780 Scriptoribus
3161 3711 3221 3766 in
3256 3713 3486 3765 Damaso
3506 3708 3667 3765 affir-

2014 3801 2150 3868 mat,
2166 3796 2536 3855 Anastasium
2561 3811 2673 3854 non
2688 3813 2853 3868 posse
2878 3807 3299 3855 esseauctorem
3320 3799 3533 3867 prioris
3544 3813 3663 3868 par-

2013 3883 2117 3955 tis;
2154 3884 2370 3957 inquit,
2406 3887 2637 3939 viderim
2687 3887 3121 3954 manuscriptum
3171 3887 3406 3940 codicem
3452 3889 3666 3955 optima

2008 3978 2166 4044 nota,
2199 3978 2431 4042 tempore
2479 3973 2661 4030 Caroli
2691 3974 2885 4040 Magni
2930 3977 3237 4040 exaratum,
3268 3975 3342 4044 εἰη
3387 3989 3493 4043 quo
3538 3977 3665 4031 vita

2007 4063 2117 4117 illa
2152 4065 2385 4117 Damaso
2423 4061 2548 4129 jam
2587 4060 2972 4116 tribuebantur
3013 4066 3307 4131 antequam
3351 4067 3452 4118 aut
3496 4068 3662 4120 natus

2007 4155 2143 4205 esset
2169 4150 2526 4213 Anastasius,
2559 4154 2658 4204 aut
2684 4150 2876 4204 saltem
2921 4167 2988 4205 ea
3008 4153 3218 4220 prioris
3244 4154 3505 4219 infantia
3538 4170 3664 4209 crc-

2002 4239 2231 4308 pundiis
2262 4240 2579 4293 emersisset.
2613 4237 2946 4295 Lambecius
2978 4238 3196 4296 indicat
3217 4241 3396 4296 alium
3421 4242 3661 4311 pracla-

2007 4342 2134 4383 rum
2164 4327 2439 4397 codicem,
2464 4326 2531 4382 ad
2555 4326 2829 4383 Ludovici
2861 4327 2949 4383 Pii
2973 4331 3225 4397 tempora
3256 4329 3654 4400 pertinentem,

242 4425 537 4492 attexens;
578 4425 636 4477 et
669 4420 907 4477 videbor
944 4422 1233 4476 Lectorem
1276 4433 1388 4476 non
1429 4419 1676 4476 relevare
1706 4420 1895 4476 medi—
1919 4438 1975 4502 D
2006 4416 2105 4487 qui
2136 4417 2297 4472 Vitas
2325 4416 2667 4472 Pontiﬁcum
2720 4416 3103 4472 Romanorum
3148 4417 3371 4474 claudit
3420 4419 3479 4474 in
3527 4421 3662 4475 Ste-

242 4511 381 4567 tatis
407 4510 801 4580 prastantium
817 4509 1094 4581 virorum,
1119 4509 1216 4565 sed
1245 4508 1559 4565 inutilibus
1588 4508 1729 4565 meis
1750 4522 1900 4575 οῐιεξ-⁸
2006 4507 2193 4577 phano
2209 4508 2275 4578 H,
2304 4505 2443 4561 aliis
2460 4507 2533 4561 Ill
2556 4505 2735 4562 dicto.
2764 4505 2949 4575 Hujus
2972 4509 3164 4562 autem
3191 4506 3394 4563 electio
3415 4508 3572 4564 cadit
3598 4510 3658 4564 in

242 4611 402 4669 rare;
436 4597 486 4654 si
530 4597 789 4654 diﬁ'eram
816 4597 876 4653 in
899 4603 1115 4654 tomum
1143 4600 1406 4653 notarum
1428 4594 1638 4653 referre
1661 4596 1894 4653 Disser-

243 4687 516 4744 tationem
548 4687 828 4759 integram
862 4684 1277 4756 Schelestratii,
1314 4690 1372 4742 et
1401 4685 1548 4742 hanc
1592 4685 1893 4743 obtrudam

242 4777 465 4834 utinam
501 4790 613 4834 non
641 4775 1098 4847 improbandam.

309 4866 734 4925 Abstinuissem
765 4865 970 4937 utique
998 4877 1029 4921 a
1062 4862 1512 4934 pertractatione
1540 4865 1889 4937 argumenti,

241 4956 381 5012 adeo
411 4954 656 5012 feliciter
677 4954 880 5012 tentati
909 4959 967 5011 et
1005 4953 1253 5025 promoti
1285 4966 1384 5024 per
1414 4957 1603 5011 tantos
1627 4954 1803 5026 viros,
1840 4952 1890 5009 si

239 5043 311 5100 ad
343 5055 446 5098 uos
473 5042 692 5114 integra
725 5043 1114 5114 pervenissent
1141 5042 1426 5100 Holstenii
1467 5043 1758 5113 meditata,
1790 5055 1892 5098 nec

243 5133 585 5203 pramatura
613 5130 739 5198 ejus
777 5137 956 5188 morte
1001 5132 1272 5202 subrepta
1316 5131 1567 5186 fuissent
1595 5131 1891 5201 complura

240 5235 368 5293 qua
397 5221 448 5276 is
481 5220 688 5277 addere
710 5226 1103 5293 proposuerat,
1124 5221 1212 5278 uti
1232 5219 1676 5276 Schelestratius
1700 5221 1893 5277 obser-

239 5313 367 5380 vat;
393 5312 493 5366 aut
517 5310 568 5366 si
598 5308 773 5378 hujus
794 5308 1101 5377 scriptoris
1130 5308 1370 5366 secundi
1394 5308 1739 5366 Dissertatio
1771 5316 1890 5368 tota

237 5401 309 5458 de
334 5398 639 5456 Anastasio
675 5395 840 5469 foret,
884 5410 1011 5468 qua
1042 5399 1327 5469 pracipue
1356 5399 1682 5469 conscripta
1702 5404 1790 5456 est
1813 5404 1889 5456 De

234 5490 500 5560 Antiquis
526 5490 890 5545 Romanorum
926 5487 1247 5557 Pontiﬁcum
1276 5487 1571 5556 Catalogis,
1607 5492 1664 5545 et
1697 5490 1888 5561 capita

239 5577 518 5639 nonnulla
545 5578 820 5651 continet,
855 5575 1011 5635 edita
1038 5576 1108 5633 ad
1138 5589 1237 5635 eos
1268 5575 1551 5647 Catalogos
1576 5578 1887 5643 illustran-

2000 4610 2215 4653 annum
2248 4591 2376 4667 752,
2400 4594 2596 4651 obitus
2640 4594 2698 4650 in
2727 4588 2852 4648 757.
2899 4593 3343 4651 Schelestratius
3392 4598 3659 4667 producit

2001 4690 2118 4741 tres
2171 4685 2320 4740 alios
2383 4684 2630 4755 codices,
2677 4680 3021 4739 Vaticanum
3076 4681 3238 4755 5269,
3300 4685 3654 4743 desinentem

2000 4787 2131 4830 cum
2162 4773 2293 4831 Vita
2310 4774 2364 4830 S.
2395 4771 2660 4846 Gregorii
2688 4772 2754 4842 II,
2783 4771 2883 4841 qui
2912 4770 3248 4833 obiitannis
3268 4780 3496 4830 centum
3523 4779 3656 4832 ante

1999 4862 2421 4935 Anastasium;
2471 4861 2708 4933 Regium
2765 4859 3095 4934 Christina,
3155 4867 3212 4919 et
3258 4863 3653 4922 Florentinum

1999 4951 2055 5007 S.
2102 4955 2300 5018 Marci,
2349 4965 2590 5026 quorum
2643 4955 2885 5022 uterque
2925 4951 3141 5008 desinit
3197 4953 3256 5008 in
3306 4953 3564 5012 Adriano
3611 4957 3652 5025 Ι,

2002 5043 2255 5100 nondum
2283 5048 2415 5100 nato
2443 5041 2778 5098 Anastasio:
2804 5044 2891 5097 Ea:
2910 5042 3129 5111 quibus,
3164 5042 3379 5115 inquit,
3403 5046 3540 5099 satis
3569 5059 3655 5099 su-

1995 5148 2200 5205 perque
2233 5136 2462 5203 constat,
2493 5131 2719 5186 Librum
2760 5130 3128 5200 Pontiﬁcalem
3168 5130 3468 5189 Anastasio
3497 5135 3653 5188 anti-

1997 5224 2241 5294 quiorem
2269 5236 2417 5278 esse:
2448 5220 2690 5290 adeoque
2718 5220 2877 5275 illum
2902 5221 3063 5274 istius
3097 5220 3228 5274 libri
3251 5226 3522 5276 auctorem
3541 5236 3652 5275 esse

1997 5328 2108 5368 non
2129 5327 2309 5383 posse.
2340 5309 2588 5366 Tertiam
2613 5309 2892 5366 rationem
2924 5308 3210 5381 colligunt
3240 5309 3570 5367 Holstenius
3595 5314 3651 5364 et

1996 5400 2436 5459 Schelestratius
2465 5412 2534 5457 ex
2576 5398 2912 5455 diversitate
2942 5397 3099 5469 styli,
3141 5413 3264 5471 qua
3312 5396 3650 5453 observatur

1998 5492 2059 5549 in
2084 5491 2234 5549 Vitis
2258 5502 2654 5546 successorum
2684 5489 2737 5545 S.
2766 5486 3032 5561 Gregorii
3067 5489 3245 5554 tertii,
3282 5485 3509 5543 scilicet
3540 5489 3650 5543 Za-

1997 5580 2207 5640 charia
2252 5582 2309 5637 et
2351 5577 2826 5652 subsequentium
2864 5595 2881 5649 ;
2930 5591 3061 5635 cum
3100 5576 3463 5649 praecedentes
3508 5578 3650 5635 Vita
