4034 6196
233 266 299 326 37
1759 249 2140 308 PREFATIO.
3579 257 3652 317 38

231 407 409 462 usque
436 388 509 443 ad
531 386 860 453 Gregorium
883 382 1103 436 tertium
1127 381 1369 435 eumdem
1393 379 1595 448 stylum
1625 382 1675 432 et
1704 383 1900 432 aucto—
1925 377 1983 437 A
2011 377 2181 448 ginus
2209 376 2363 432 enim
2405 377 2627 446 primus
2655 389 2688 432 a
2721 377 2947 433 Iustino
2974 377 3208 434 Juniore
3239 380 3543 441 institutus
3565 392 3651 443 est

235 499 353 536 rem
373 479 757 550 praeseferant.
783 471 1150 526 Diﬁ'erentias
1170 469 1532 541 singulorum
1563 470 1900 522 enumerant

243 576 388 638 capt.
416 564 472 637 7,
517 579 677 620 num.
711 561 767 630 7,
795 568 850 617 et
880 573 1003 630 cap.
1032 559 1086 624 8,
1131 572 1282 615 num.
1313 556 1427 628 Eget
1455 571 1614 626 seqq.

306 658 410 712 His
439 661 630 711 autem
659 651 973 722 diligenter
1001 647 1286 717 expensis,
1319 647 1389 701 de
1421 645 1579 700 Libri
1607 646 1792 713 astate,
1821 646 1902 697 at-

238 762 353 820 que
392 747 662 812 Auctore,
708 742 788 795 ita
831 739 1119 794 deﬁniunt
1143 735 1357 806 (Schel.
1388 749 1509 804 cap.
1539 732 1594 804 8,
1629 746 1785 788 num.
1812 729 1896 802 2).

242 860 268 890 α
290 837 533 892 Videtur
556 833 749 901 itaque
774 829 943 884 Liber
965 825 1318 882 Pontiﬁcalis
1335 823 1700 893 conscriptus
1719 821 1901 878 fuisse

245 933 373 997 post
408 927 645 980 mortem
686 917 1049 975 Constantini
1081 929 1258 985 papae,
1293 915 1393 984 qui
1424 927 1574 968 anno
1599 909 1705 966 7M
1730 911 1898 981 obiit,

243 1017 420 1086 idque
454 1013 715 1067 ﬁrmatur
735 1006 1081 1064 auctoritate
1105 1003 1483 1072 manuscripti
1507 1000 1726 1057 codicis
1754 999 1906 1055 Vati-

241 1103 374 1160 cani
397 1098 573 1166 5‘269;
599 1098 701 1168 qui
731 1097 870 1152 licet
889 1099 1018 1149 ante
1045 1091 1152 1148 500
1182 1092 1418 1146 circiter
1437 1104 1618 1146 annos
1639 1093 1905 1144 exaratus

243 1193 323 1248 sit
340 1205 409 1246 ex
426 1187 761 1258 antiquiore
781 1190 964 1240 tamen
982 1181 1308 1250 descriptus
1326 1178 1457 1250 fuit,
1485 1184 1680 1248 utpote
1699 1177 1905 1232 ﬁniens

240 1280 576 1350 Catalogum
594 1274 952 1346 pontiﬁcum,
969 1285 1137 1342 quem
1158 1270 1324 1325 Libro
1345 1267 1666 1324 Pontiﬁcali
1700 1279 1908 1336 praepo-

244 1370 388 1438 suit,
419 1368 480 1422 in
531 1364 814 1436 Gregorio
847 1364 910 1430 ll,
937 1359 1302 1416 Constantini
1356 1370 1703 1413 successore.
1742 1354 1908 1410 Liber

245 1470 382 1514 vero
403 1453 784 1520 Pontiﬁcalis,
809 1451 908 1520 qui
953 1448 1283 1519 Catalogum
1318 1447 1376 1501 in
1398 1447 1594 1502 codice
1611 1442 1908 1513 subsequi-

251 1551 375 1614 tur,
404 1544 534 1598 ﬁnit
567 1542 662 1597 his
688 1539 876 1596 verbis
901 1557 914 1592 :
949 1538 1240 1603 Gregorius
1275 1537 1494 1589 natione
1525 1536 1820 1593 Romanus,
1843 1545 1910 1584 ea:

247 1640 412 1706 patre
433 1631 692 1686 Marcello
711 1630 852 1684 sedit
873 1642 1046 1681 annos
1064 1640 1181 1688 va,
1203 1640 1408 1680 menses
1432 1638 1514 1693 x1,
1539 1625 1654 1677 dies
1680 1636 1759 1677 x1.
1783 1622 1909 1674 Fuit

2007 465 2287 520 exarchus
2312 479 2460 521 anno
2488 462 2616 535 567,
2659 471 2978 535 postremus
3007 469 3326 538 Eutychius
3351 470 3421 524 ab
3441 472 3654 529 Aistul-

2011 553 2121 622 pho
2144 554 2639 624 Longobardorum
2680 569 2806 626 rege
2833 555 3035 624 pulsus
3065 569 3214 612 anno
3241 553 3366 612 752.
3400 559 3557 614 Unde
3585 575 3652 617 ex

2011 642 2283 712 praedicto
2309 643 2433 698 loco
2462 648 2614 713 patet
2641 652 2932 700 auctorem
2966 645 3106 700 Vita:
3131 646 3380 702 Cononis
3407 648 3654 704 scribere

2009 731 2277 787 debuisse
2320 738 2451 788 ante
2485 734 2733 789 medium
2779 735 2962 790 octavi
3003 736 3223 806 saeculi,
3263 751 3374 806 quo
3420 740 3651 794 exarchi

2011 834 2110 876 seu
2127 819 2378 890 praafecti
2395 822 2760 892 imperatoris
2781 824 3403 895 Constantinopolitani
3421 827 3477 882 in
3494 828 3656 883 Italia

2011 923 2133 965 esse
2153 911 2484 966 desierunt:
2518 913 2774 969 scribere
2801 919 2988 969 autem
3019 915 3274 984 potuisse
3299 916 3453 973 circa
3473 917 3653 973 octavi

2013 999 2208 1055 saeculi
2243 1000 2500 1072 initium,
2522 1017 2634 1072 quo
2663 1003 2938 1058 Ravenna:
2965 1005 3213 1061 nondum
3243 1006 3436 1062 sedere
3464 1007 3659 1062 desie—

2015 1095 2142 1143 rant
2167 1089 2421 1161 exarchi,
2457 1092 2524 1146 ad
2576 1106 2720 1161 quos
2764 1093 2834 1148 de
2871 1093 3148 1150 electione
3195 1097 3326 1151 novi
3369 1096 3659 1164 pontiﬁcis

2016 1176 2215 1233 referri
2251 1178 2486 1250 solebat,
2523 1188 2586 1235 ut
2609 1194 2678 1236 ex
2704 1181 2873 1237 Libro
2897 1183 3118 1238 Diurno
3163 1189 3405 1239 constat.

2084 1267 2238 1323 Satis
2261 1267 2442 1338 igitur
2465 1270 2757 1325 evidenter
2783 1277 2935 1340 patet
2965 1276 3083 1326 tum
3116 1287 3184 1328 ex
3221 1273 3462 1343 ipsomet
3498 1273 3654 1328 Libri

2016 1356 2369 1412 Pontiﬁcalis
2406 1363 2659 1429 auctore,
2695 1365 2815 1415 tum
2848 1375 2915 1416 ex
2940 1361 3282 1432 aequalibus,
3315 1368 3370 1417 et
3401 1363 3658 1433 proxime

2015 1444 2420 1514 subsequentis
2440 1449 2543 1503 aevi
2558 1449 2961 1521 scriptoribus,
2981 1452 3139 1507 Vitas
3156 1451 3509 1522 pontiﬁcum,
3536 1466 3661 1522 qua:

2016 1546 2048 1588 a
2078 1543 2272 1590 sancto
2315 1536 2590 1607 Gregorio
2623 1539 2956 1610 pertingunt
2985 1541 3053 1595 ad
3085 1541 3521 1598 Constantinum
3556 1555 3664 1612 pa-

2019 1636 2166 1692 pam,
2199 1627 2572 1696 conscriptas,
2607 1635 2662 1684 et
2704 1629 2962 1699 vulgatas
3013 1644 3136 1685 esse
3185 1644 3218 1686 a
3250 1631 3376 1687 viro
3428 1632 3485 1687 in
3517 1629 3664 1686 Urbe

249 1728 432 1778 autem
464 1719 791 1789 temporibus
819 1717 1130 1778 Anastasii,
1163 1715 1465 1776 Theodosii,
1513 1714 1703 1767 Leonis
1746 1714 1908 1778 atque
1931 1718 1980 1777 Β
2019 1717 2278 1768 versante
2307 1714 2414 1770 sub
2444 1715 2500 1770 S.
2529 1718 2806 1789 Gregorio
2829 1720 2893 1788 II,
2924 1724 2979 1774 et
3006 1719 3451 1775 administrante
3479 1719 3664 1774 archi-

250 1810 605 1866 Constantini
633 1808 1048 1873 Augustorum;
1079 1803 1177 1859 ubi
1221 1810 1444 1858 tantum
1480 1799 1651 1856 refert
1683 1804 1907 1868 tempus

255 1898 630 1970 pontiﬁcatus
661 1896 788 1952 sine
814 1895 952 1951 ullis
981 1893 1146 1949 actis.
1181 1894 1262 1947 Ex
1299 1905 1411 1962 quo
1437 1890 1758 1961 colligitur,
1792 1902 1907 1943 au—

252 1995 467 2045 ctorem
511 1987 813 2042 inchoasse
844 1983 1074 2054 quidem
1118 1981 1304 2037 Vitam
1356 1978 1762 2050 Gregorii,sed
1794 1990 1906 2033 non

255 2075 593 2145 absolvisse,
626 2075 765 2130 dum
794 2073 960 2128 Liber
993 2070 1348 2127 Pontiﬁcalis
1373 2068 1608 2139 prodiit.
1642 2068 1906 2122 Putarem

264 2166 449 2237 igitur
494 2168 619 2233 post
656 2162 881 2218 obitum
923 2159 1284 2216 Constantini
1336 2157 1625 2228 prodiisse
1672 2155 1908 2210 Librum

263 2253 679 2321 Pontiﬁcalem,
709 2251 859 2321 quod
893 2250 1126 2306 omnino
1157 2247 1422 2304 convenit
1453 2247 1532 2301 iis
1571 2259 1695 2316 quae
1737 2257 1910 2313 supra

259 2343 590 2399 notavimus
611 2342 682 2397 de
701 2339 1026 2396 Venerabili
1063 2338 1230 2408 Beda,
1253 2351 1284 2392 a
1311 2350 1424 2406 quo
1445 2335 1699 2389 omnium
1725 2333 1910 2403 primo

262 2431 431 2486 Liber
455 2428 812 2485 Pontiﬁcalis
833 2428 1044 2482 citatus
1069 2426 1374 2496 reperitur.
1395 2423 1554 2478 Vixit
1587 2422 1740 2477 enim
1767 2421 1913 2476 Beda

261 2520 334 2575 ab
354 2532 505 2575 anno
530 2516 636 2573 673
656 2531 840 2587 usque
872 2517 938 2571 ad
962 2529 1176 2571 annum
1200 2511 1344 2581 735;
1373 2526 1619 2582 cumque
1642 2511 1914 2580 postGre-

264 2609 421 2680 gorii
449 2607 685 2663 secundi
720 2605 1138 2676 pontiﬁcatum,
1173 2603 1273 2674 qui
1319 2615 1469 2657 anno
1493 2597 1601 2655 7M
1630 2599 1824 2669 caepit,
1859 2601 1916 2653 et

269 2711 424 2753 anno
448 2693 544 2752 73-1
595 2695 792 2765 desiit,
825 2693 1182 2750 Venerabilis
1211 2692 1356 2748 Beda
1399 2694 1688 2760 superstes
1714 2687 1910 2756 fuerit,

266 2787 503 2842 Librum
532 2783 917 2842 Pontiﬁcalem
969 2783 1162 2838 videre
1185 2786 1241 2837 et
1260 2782 1440 2836 citare
1466 2779 1673 2850 potuit.
1714 2778 1784 2833 Ut
1811 2776 1914 2846 igi-

273 2882 373 2932 tur
390 2881 627 2930 mentem
651 2888 830 2930 meam
848 2873 1100 2942 aperiam
1127 2872 1196 2927 de
1220 2871 1376 2926 Libri
1399 2868 1756 2925 Pontiﬁcalis
1781 2872 1915 2922 tem-

268 2978 422 3035 pore,
440 2978 550 3034 quo
564 2965 810 3033 primum
840 2962 1094 3017 inlucem
1127 2960 1362 3031 prodiit,
1380 2959 1580 3030 paucis
1600 2957 1910 3013 absolvam.

2017 1816 2146 1856 vum
2172 1805 2577 1874 apostolicum,
2611 1812 2712 1861 aut
2735 1806 3100 1863 bibliothecaz
3115 1821 3310 1866 curam
3342 1812 3600 1879 gerente:
3626 1822 3660 1864 a

2019 1903 2132 1960 quo
2159 1891 2298 1946 Vitae
2328 1893 2420 1948 SS.
2449 1894 2712 1965 Gregorii
2754 1897 2801 1950 II
2831 1901 2888 1951 et
2924 1897 2996 1952 III
3036 1901 3162 1966 post
3182 1897 3509 1952 eorumdem
3553 1895 3665 1952 ob-

2016 1979 2160 2035 itum
2203 1979 2435 2051 adjecta:
2481 1982 2732 2039 fuerunt.

2086 2067 2137 2126 8.
2174 2071 2332 2126 Vitas
2361 2079 2548 2127 autem
2593 2071 2925 2141 pontiﬁcum
2954 2073 3337 2129 Romanorum
3363 2086 3395 2128 a
3415 2074 3472 2128 S.
3501 2075 3663 2130 Petro

2019 2158 2087 2212 ad
2122 2159 2213 2214 SS.
2242 2161 2581 2231 Gregorium
2615 2163 2661 2215 ll
2690 2166 2746 2216 et
2774 2163 2846 2216 III
2874 2159 3020 2232 (qua:
3052 2166 3188 2217 sunt
3220 2175 3351 2232 pars
3377 2163 3584 2232 potior,
3611 2169 3666 2219 et

2022 2248 2205 2317 prima
2233 2250 2404 2305 istius
2435 2249 2815 2320 collectionis)
2846 2256 3130 2306 auxerunt
3153 2251 3496 2321 appendices
3515 2251 3664 2321 duae,

2021 2337 2267 2392 subinde
2296 2339 2523 2408 additae,
2557 2353 2685 2408 qua)
2713 2339 2990 2408 appellari
3038 2340 3209 2395 etiam
3257 2346 3498 2410 possunt
3538 2355 3668 2410 pars

2020 2426 2198 2482 altera
2214 2434 2269 2482 et
2291 2428 2459 2483 tertia
2477 2427 2840 2484 collectionis
2858 2429 3133 2498 ejusdem.
3168 2429 3349 2500 Illam,
3372 2442 3570 2499 nempe
3587 2443 3664 2485 se-

2021 2516 2266 2572 cundam
2304 2521 2536 2587 partem,
2562 2517 2772 2574 tribuit
2795 2517 3237 2575 Schelestratius
3260 2531 3540 2590 anonymo
3565 2518 3671 2574 ali-

2023 2604 2116 2659 cui
2136 2617 2204 2658 ex
2224 2604 2376 2660 clero
2395 2607 2665 2676 Romano,
2691 2605 2785 2661 cui
2809 2607 3107 2663 archivum
3137 2606 3380 2677 patebat.
3403 2609 3482 2662 Ea
3505 2619 3671 2662 com-

2025 2693 2296 2763 plectitur
2316 2694 2475 2749 Vitas
2495 2695 2780 2750 Zachariae
2799 2700 2855 2751 et
2873 2696 3145 2766 Stephani
3167 2699 3259 2752 Ill.
3285 2697 3532 2752 Tertiam
3569 2710 3673 2753 seu

2025 2787 2363 2852 postremam
2416 2790 2628 2853 partem
2659 2784 2780 2840 sive
2820 2785 3190 2856 appendicem
3230 2786 3486 2857 assignat
3508 2799 3672 2841 com-

2025 2871 2309 2941 pluribus,
2332 2872 2666 2944 plerumque
2686 2874 3011 2930 viventibus
3032 2879 3196 2932 :etate
3214 2874 3446 2931 illorum
3473 2874 3670 2945 ponti-

2025 2960 2213 3031 ﬁcum,
2244 2977 2486 3032 quorum
2513 2963 2870 3034 scripserunt
2900 2964 3086 3020 Vitas:
3141 2965 3222 3021 ita
3252 2968 3317 3021 ut
3349 2965 3466 3020 haec
3492 2965 3661 3020 tertia

265 3053 619 3109 Crediderim
645 3056 776 3108 ante
805 3064 1020 3106 annum
1040 3047 1146 3105 732
1168 3049 1389 3119 publici
1418 3048 1572 3118 juris
1599 3046 1833 3109 factum,
1857 3050 1914 3101 et
1943 3062 1990 3125 ί]
2023 3065 2153 3120 pars
2184 3053 2365 3122 possit
2394 3053 2564 3109 etiam
2592 3054 2721 3124 jure
2745 3053 3039 3110 subdividi
3066 3055 3123 3110 in
3153 3055 3364 3126 plures,
3398 3055 3448 3110 si
3484 3061 3674 3110 essent

267 3143 406 3198 huic
417 3141 743 3198 collectioni
765 3140 1135 3210 appendicem
1156 3143 1346 3208 postea
1373 3137 1442 3194 ab
1463 3137 1658 3193 eodem
1679 3141 1914 3191 auctore

261 3232 614 3301 adjunctam,
672 3244 798 3301 qua:
846 3229 1004 3284 Vitas
1061 3227 1324 3298 Gregorii
1367 3228 1415 3282 II
1461 3232 1516 3282 et
1546 3225 1809 3298 Gregorii
1843 3226 1913 3280 ΙΙΙ

270 3320 772 3391 complectebatur.
796 3319 956 3389 Quod
982 3318 1245 3375 ﬁrmatur
1261 3332 1328 3374 ex
1347 3317 1424 3374 iis
1446 3331 1571 3388 qua:
1588 3315 1916 3372 observavit

264 3411 450 3465 Lucas
475 3409 822 3466 llolstenius.
854 3410 993 3465 Cum
1026 3409 1178 3464 enim
1211 3422 1405 3464 omnes
1444 3407 1780 3478 pontiﬁcum
1810 3405 1918 3462 Vi—

266 3505 353 3554 tas
384 3499 583 3555 sedulo
615 3499 1009 3569 pervolvisset,
1041 3499 1356 3568 adnotavit,
1387 3503 1542 3569 gesta
1574 3495 1915 3567 pontiﬁcum

258 3603 293 3643 a
321 3590 493 3644 Petro
534 3588 794 3658 apostolo
844 3601 1026 3658 usque
1057 3589 1124 3643 ad
1153 3587 1503 3657 Zachariam,
1554 3585 1817 3658 Gregorii
1847 3586 1917 3639 III

264 3690 697 3742 successorum,
719 3677 911 3732 eodem
939 3677 1175 3732 omnino
1193 3675 1340 3747 stylo
1360 3677 1614 3746 adeoque
1632 3673 1703 3730 ab
1723 3674 1918 3730 eodem

258 3768 524 3822 Auctore
547 3765 868 3834 conscripta
903 3764 1105 3821 fuisse.
1131 3784 1157 3816 »

337 3851 394 3910 7.
423 3855 689 3910 Eamdem
720 3860 940 3912 aetatem
981 3855 1209 3926 colligit
1254 3853 1698 3910 Schelestratius
1747 3852 1917 3921 (ibid.

265 3958 427 4000 num.
466 3943 519 4014 4)
541 3958 611 4000 ex
641 3945 830 4015 ipsius
856 3945 993 4000 libri
1021 3944 1209 4000 verbis
1237 3944 1295 3999 in
1323 3944 1452 4000 Vita
1486 3943 1691 3999 Leonis
1717 3955 1919 3998 secun-

259 4036 346 4089 di.
376 4036 478 4088 Hic
506 4038 745 4105 suscepit
784 4035 1040 4090 Sanctam
1078 4037 1298 4091 Sexta-In
1327 4033 1628 4102 Synodum,
1661 4047 1781 4101 quae
1817 4047 1923 4102 per

260 4125 366 4177 Dei
399 4124 808 4193 providentiam
835 4137 1014 4179 NUPER
1038 4127 1099 4178 in
1141 4125 1309 4191 Regia
1340 4122 1479 4176 Urbe
1523 4122 1791 4175 celebrata
1821 4125 1916 4174 est.

262 4232 291 4262 ς(
315 4211 459 4267 Cum
479 4212 656 4282 enim,
715 4212 930 4283 inquit,
951 4219 1153 4268 auctor
1174 4216 1435 4281 testetur,
1462 4212 1650 4280 Nuper
1677 4209 1736 4265 in
1777 4208 1918 4265 urbe

253 4300 907 4370 Constantinopolitana
932 4301 1271 4357 celebratam
1301 4299 1482 4357 fuisse
1515 4304 1730 4356 sextam
1759 4310 1921 4369 syno-

261 4389 434 4459 dum,
459 4389 741 4446 celebrata
762 4396 950 4447 autem
973 4392 1052 4446 sit
1073 4396 1229 4447 sexta
1251 4391 1502 4460 synodus
1536 4389 1645 4446 sub
1665 4387 1922 4459 Agatho—

257 4493 360 4547 ne,
390 4479 598 4534 Leonis
626 4479 865 4535 secundi
899 4482 1330 4550 praedecessore,
1362 4493 1512 4535 anno
1563 4475 1687 4549 684,
1721 4480 1922 4534 auctor

255 4571 391 4625 haec
419 4568 669 4624 scribere
693 4569 894 4626 debuit
926 4583 1038 4626 non
1093 4571 1289 4640 procul
1340 4583 1372 4625 a
1406 4570 1514 4625 ﬁne
1545 4569 1776 4639 septimi
1809 4582 1923 4623 sae-

251 4658 409 4728 culi,
438 4661 545 4713 etc.
580 4676 606 4708 λυ
639 4659 815 4714 Addit
841 4659 1146 4732 indicium,
1180 4675 1279 4730 par
1300 4674 1368 4716 ex
1396 4660 1524 4717 Vita
1550 4659 1819 4729 Cononis,
1853 4657 1922 4713 de

253 4747 440 4814 cujus
482 4748 877 4817 assumptione
920 4748 988 4804 ad
1032 4749 1451 4818 pontiﬁcatum,
1503 4761 1630 4818 qua:
1679 4745 1925 4818 contigit

251 4847 420 4889 anno
443 4833 569 4905 686,
607 4836 686 4892 ita
717 4836 946 4892 scribit:
977 4839 1046 4891 Et
1073 4840 1265 4892 missos
1295 4840 1506 4908 pariter
1525 4852 1638 4891 una
1666 4852 1787 4891 cum
1810 4837 1927 4890 cle—

249 4926 423 4993 ricis,
456 4929 504 4978 et
524 4925 728 4993 populo
760 4926 835 4979 ad
861 4927 1370 4982 excellentissimum
1409 4926 1743 4981 Theodorum
1773 4941 1926 4980 emar-

249 5013 450 5074 chum,
507 5025 572 5066 UT
596 5027 699 5069 nos
729 5028 846 5087 ssr,
895 5015 1235 5072 direxerant.
1271 5037 1297 5069 «
1345 5015 1601 5072 Notanda
1629 5021 1780 5085 sunt,
1817 5016 1922 5087 ait,

251 5103 390 5157 haec
421 5101 590 5156 verba
620 5108 678 5158 ut
700 5119 814 5159 mos
841 5111 936 5160 est.
968 5107 1091 5161 Non
1118 5106 1270 5161 enim
1297 5105 1452 5162 dixit
1475 5110 1676 5162 auctor
1705 5109 1765 5159 ut
1802 5121 1926 5159 mo-

246 5193 345 5245 ris
395 5191 530 5257 fuit,
563 5191 650 5246 vel
678 5199 735 5247 ut
759 5197 880 5263 fieri
917 5195 1143 5266 solebat,
1185 5195 1282 5252 sed
1330 5201 1388 5250 ut
1411 5212 1522 5251 mos
1547 5200 1660 5263 est;
1691 5194 1926 5266 signiﬁ-

249 5294 414 5336 cans
443 5279 568 5337 illis
595 5281 788 5339 verbis
814 5284 960 5341 hanc
979 5285 1166 5341 Vitam
1198 5287 1581 5356 conscriptam
1605 5285 1786 5342 fuisse
1812 5299 1926 5356 quo

247 5378 528 5437 tempore
551 5371 620 5426 ad
649 5373 925 5430 exarchos
955 5376 1026 5432 de
1056 5375 1334 5431 electione
1363 5375 1495 5432 novi
1529 5374 1821 5446 pontiﬁcis
1847 5389 1926 5430 re-

243 5456 564 5515 ferebant:
636 5461 892 5534 adeoque
957 5471 1096 5522 tunc
1157 5479 1288 5522 cum
1355 5466 1587 5522 exarchi
1649 5467 1926 5523 Ravennae

242 5551 455 5606 erant.
484 5549 738 5609 Fuerunt
765 5558 956 5612 autem
1006 5557 1275 5614 ducentis
1322 5555 1499 5614 ferme
1548 5556 1737 5614 annis.
1770 5557 1926 5613 Lon-

2024 3145 2212 3210 parles
2238 3157 2338 3212 pro
2365 3144 2712 3214 scriptorum
2736 3157 2974 3200 numero
2997 3144 3338 3201 dividendae.
3366 3145 3671 3201 Anastasio

2024 3234 2212 3286 autem
2246 3232 2521 3288 monacho
2573 3239 2628 3288 et
2680 3232 3124 3290 bibliothecario
3155 3233 3311 3289 sedis
3339 3233 3667 3303 apostolica:

2025 3317 2110 3391 (ut
2137 3321 2412 3378 Panvinio
2441 3322 2680 3395 dicitur)
2699 3324 2886 3380 Vitam
2913 3323 3134 3380 Nicolai
3171 3323 3341 3392 primi
3373 3335 3495 3377 esse
3515 3321 3672 3376 assi-

2030 3412 2309 3482 gnandam
2332 3427 2441 3468 non
2463 3412 2774 3483 ditﬁtetur;
2803 3413 2896 3468 cui
2919 3411 3264 3467 Guillelmus
3285 3409 3674 3478 bibliotheca-

2029 3498 2154 3555 rius
2183 3500 2327 3554 duas
2359 3505 2670 3570 postremas
2716 3499 2945 3568 adjecit,
2982 3499 3040 3551 in
3084 3497 3270 3553 codici
3303 3497 3672 3552 Fabrottiano

2027 3599 2360 3656 expressas;
2390 3602 2518 3643 cum
2549 3587 2915 3643 Velserianus
2935 3585 3110 3640 codex
3132 3584 3402 3640 desiisset
3450 3585 3509 3640 in
3543 3585 3672 3640 Vita

2028 3675 2250 3730 Nicolai
2286 3690 2382 3745 per
2429 3675 2795 3730 Anastasium
2823 3677 3117 3743 contexta;
3157 3673 3290 3729 inde
3322 3674 3411 3728 illi
3457 3673 3676 3743 placuit

2032 3777 2232 3820 nomen
2253 3765 2544 3820 Anastasii
2569 3764 2823 3820 tribuere
2846 3764 3123 3820 universae
3143 3763 3492 3833 collectioni,
3522 3763 3672 3832 quod

2029 3860 2152 3909 erat
2226 3855 2350 3924 ejus
2425 3853 2687 3911 coronidi
2772 3854 3163 3911 tantummodo
3233 3852 3677 3910 accommodan-

2029 3942 2187 3998 dum.

2102 4029 2155 4086 9.
2178 4033 2309 4088 Post
2327 4033 2648 4104 assignatas
2675 4031 3012 4088 auctoribus
3035 4031 3216 4088 octavi
3244 4035 3300 4088 et
3318 4031 3453 4087 noni
3475 4026 3674 4086 saeculi

2033 4125 2220 4191 partes
2242 4123 2502 4193 singulas
2524 4122 2735 4192 operis,
2759 4121 2910 4192 quod
2940 4120 3290 4190 recudimus,
3325 4118 3678 4190 quaeretali-

2034 4212 2166 4282 quis
2198 4225 2308 4267 non
2343 4211 2652 4282 immerito,
2680 4225 2783 4268 cur
2803 4211 3029 4267 Damasi
3059 4210 3256 4266 libera
3290 4209 3559 4279 pluribus
3578 4207 3680 4262 di-

2031 4305 2214 4370 catur,
2246 4307 2302 4356 et
2332 4301 2608 4357 habeatur
2634 4301 2684 4356 is
2719 4301 2818 4372 qui
2845 4300 3004 4356 Vitas
3038 4299 3372 4371 pontiﬁcum
3395 4298 3560 4354 illius
3589 4298 3680 4353 de-

1953 4413 2008 4476 D
2033 4403 2321 4447 cessorum
2358 4391 2779 4461 complectitur,
2808 4390 2945 4446 licet
2965 4389 3149 4461 stylus
3172 4389 3374 4459 prodat
3388 4393 3677 4445 auctorem

2033 4479 2140 4535 sub
2165 4481 2440 4550 Gregorio
2463 4482 2508 4535 II
2534 4484 2655 4536 tum
2679 4479 2802 4544 has,
2822 4484 2944 4536 tum
2969 4479 3224 4550 reliquas
3246 4477 3481 4548 prioris,
3501 4490 3671 4547 quam

2031 4568 2307 4638 diximus,
2338 4570 2520 4640 partis
2551 4570 2708 4626 Vitas
2731 4569 3183 4625 conscribentem
3206 4568 3234 4622 ‘I
3266 4566 3512 4636 Aperuit
3532 4580 3682 4622 cau—
3749 4577 3760 4582 '

2032 4675 2151 4717 sam
2183 4661 2396 4717 erroris
2422 4673 2567 4730 saepe
2593 4660 2862 4716 laudatus
2881 4657 3348 4728 Schelestratius,
3371 4658 3682 4713 ostendens

2032 4763 2096 4805 ea
2122 4764 2245 4819 quae
2263 4750 2533 4819 leguntur
2555 4750 2614 4804 in
2637 4749 2780 4805 Vitis
2799 4748 3133 4819 pontiﬁcum
3157 4746 3450 4814 indicatis,
3483 4750 3682 4814 etquae

2036 4839 2281 4909 priorem
2307 4843 2520 4906 partem
2551 4839 2915 4894 constituunt
2947 4837 3119 4893 istius
3149 4832 3528 4899 collectionis,
3571 4831 3684 4886 de-

2035 4927 2251 4996 scripta
2278 4923 2459 4980 fuisse
2492 4925 2726 4980 ineunte
2751 4930 2948 4982 octavo
2978 4923 3186 4979 saeculo
3237 4919 3474 4975 totidem
3503 4917 3678 4975 ferme

2035 5016 2224 5074 verbis
2236 5029 2304 5071 ex
2319 5014 2541 5085 duplici
2563 5013 2828 5085 Catalogo
2842 5014 3004 5083 longe
3015 5009 3335 5081 autiquiori
3349 5010 3680 5066 antistitum

2037 5108 2298 5163 Romanae
2320 5105 2491 5175 sedis,
2516 5104 2704 5162 adhuc
2720 5101 3029 5172 superstite
3049 5101 3108 5156 in
3137 5100 3503 5157 membranis.
3520 5099 3685 5154 Prior

2035 5200 2221 5252 autem
2251 5209 2321 5253 ex
2355 5194 2446 5250 his
2466 5193 2692 5250 duobus
2711 5190 3017 5263 Catalogis,
3048 5191 3311 5247 indicans
3339 5193 3560 5244 atatem
3599 5187 3685 5242 Li-

2037 5285 2183 5341 berii
2218 5298 2394 5356 papae,
2424 5284 2522 5356 qui
2553 5285 2857 5339 Damasum
2906 5280 3111 5337 habuit
3137 5291 3517 5337 successorem
3545 5291 3685 5348 pro-

2037 5375 2278 5446 ximum,
2303 5374 2658 5431 occasionem
2689 5371 2970 5428 referendi
2992 5372 3062 5428 ad
3091 5370 3348 5427 eumdem
3374 5369 3680 5424 Damasum

2037 5477 2260 5535 papam,
2285 5469 2554 5536 tanquam
2579 5465 2649 5522 ad
2671 5468 2961 5522 auctorem
2989 5463 3292 5519 contextus
3337 5462 3440 5515 aut
3465 5470 3684 5530 appro-

2039 5554 2292 5612 bationis
2309 5553 2475 5612 illius
2492 5554 2767 5626 Catalogi,
2804 5552 3019 5611 obtulit
3038 5549 3232 5609 nescio
3256 5548 3352 5608 cui
3391 5545 3684 5621 sequioris
