4034 6196
456 273 527 333 39
1250 272 1343 329 ΑΙ)
1378 270 1814 329 ANASTASIUM
1851 271 2366 332 PROLBGOMBNA
2406 274 2583 331 EDIT.
2634 273 3058 333 ROM.-VATIC.
3791 271 3861 332 40

457 402 645 460 atatis
669 399 892 457 homini
917 398 1063 456 male
1080 397 1318 456 feriato:
1354 399 1456 471 qui
1483 412 1591 456 suo
1622 404 1803 455 marte
1834 400 2103 470 procudit
2130 403 2188 463 A
2213 401 2358 458 citer
2381 401 2550 458 annis
2579 406 2708 473 post
2750 403 3055 459 Damasum
3101 414 3301 473 papam
3347 399 3456 459 sub
3504 399 3788 474 Gregorio
3818 403 3867 459 II

455 493 599 548 duas
636 489 911 561 epistolas
961 490 1402 555 commentitias,
1435 491 1618 546 sancti
1664 489 1990 560 Hieronymi
2031 491 2100 546 ad

453 584 780 651 Damasum,
814 581 1102 650 poscentis
1130 581 1391 638 eumdem
1419 581 1750 653 Catalogum
1780 580 1894 636 sibi
1939 593 2099 635 com-

456 670 764 742 municari,
797 674 853 726 et
880 671 1107 726 Damasi
1130 671 1198 726 ad
1228 670 1629 742 Hieronymum
1654 670 2101 727 transmittentis

382 772 389 776 ί
452 759 784 831 Catalogum
806 774 972 830 quem
1023 766 1372 830 poposcerat.
1404 761 1583 816 Fraus
1621 760 1956 830 impostoris
1986 773 2097 815 non

452 848 763 906 difﬁculter
786 848 1043 920 obrepsit
1079 850 1311 907 saculis
1355 851 1662 921 imperitis,
1714 851 1939 921 quando
1972 855 2100 921 post

460 939 757 997 incursum
785 940 1291 1012 Langobardorum
1337 941 1714 996 concederant
1739 940 1977 997 litterae:
2011 954 2097 996 ea-

454 1044 564 1103 que
590 1031 660 1087 de
679 1044 851 1087 causa
880 1031 1126 1101 contigit
1166 1035 1231 1086 ut
1258 1030 1525 1086 Carolina
1572 1035 1737 1087 atate
1788 1030 1849 1086 in
1902 1029 2099 1087 codice

454 1119 879 1178 membranaceo
923 1121 990 1176 ad
1035 1118 1417 1176 Colbertinam
1472 1119 1880 1176 bibliothecam
1933 1120 2098 1176 modo

453 1209 790 1280 pertinente,
813 1216 867 1266 et
895 1209 954 1265 in
979 1209 1159 1266 altero
1191 1209 1346 1279 paris
1371 1209 1744 1280 antiquitatis
1774 1222 1842 1265 ex
1867 1209 2097 1281 Regina

449 1297 666 1354 Suecia
713 1297 905 1370 libris,
954 1298 1025 1354 ab
1077 1298 1400 1356 Alexandro
1443 1300 1563 1355 VIII
1617 1298 1984 1370 comparatis,
2041 1303 2100 1355 et

449 1388 599 1444 dono
614 1387 766 1444 datis
786 1388 1149 1445 bibliotheca
1167 1388 1474 1458 Vaticana,
1501 1388 1561 1443 in
1596 1401 1710 1458 qua
1731 1400 1883 1445 nunc
1918 1401 2099 1443 asser-

452 1481 636 1548 vatur,
661 1482 905 1548 utraque
932 1477 1197 1549 epistola,
1220 1476 1356 1533 licet
1386 1476 1612 1548 ﬁctitia,
1642 1476 1792 1532 Vitis
1815 1490 2098 1546 prapone-

436 1569 626 1621 retur.
659 1566 819 1636 Quod
846 1571 1036 1624 autem
1065 1567 1387 1623 mirandum
1423 1566 1606 1638 magis
1634 1571 1738 1637 est,
1783 1565 1954 1621 etiam
1990 1565 2097 1620 hoc

452 1657 648 1711 nostro
668 1656 898 1725 saculo,
922 1662 1024 1712 aut
1048 1660 1200 1713 certe
1227 1655 1487 1726 proxime
1505 1655 1817 1726 superiori,
1841 1668 1952 1724 quo
1978 1658 2096 1709 stu-

2214 491 2463 562 primum
2490 496 2794 548 contextus
2810 490 2990 549 fuerit
3012 505 3081 547 ex
3102 491 3374 564 genuinis
3387 491 3754 548 documentis
3767 507 3870 561 pu-

2212 580 2376 636 blica
2405 581 2791 653 auctoritatis,
2826 594 2951 652 qua
2992 580 3365 637 servabantur
3397 580 3456 636 in
3508 579 3867 636 bibliotheca

2214 669 2529 740 pontiﬁcia,
2556 674 2658 726 aut
2691 671 2750 725 in
2774 670 3030 727 archivis
3049 670 3220 725 etiam
3248 669 3670 740 pracipuarum
3686 669 3867 725 Urbis

2207 759 2621 829 ecclesiarum;
2655 772 2840 829 neque
2886 759 3163 814 alteruter
3191 772 3259 814 ex
3295 759 3582 830 Catalogis
3614 760 3864 815 Damaso

2208 848 2700 919 estascribendus,
2732 861 2861 904 cum
2892 850 3171 905 vetustior
3193 849 3291 904 ille
3320 850 3600 919 prodierit
3617 848 3727 905 sub
3759 850 3871 905 Li~

2208 938 2368 995 berio
2395 938 2625 995 Damasi
2672 938 2968 994 decessore
3016 939 3075 994 in
3103 953 3215 1009 quo
3266 940 3504 1007 desinit,
3552 953 3730 1011 quare
3762 952 3869 994 nec

2207 1041 2388 1084 annos
2415 1031 2713 1084 enumerat
2736 1028 2861 1098 ejus
2888 1027 3258 1096 pontiﬁcatus
3282 1030 3533 1085 nbndum
3563 1028 3866 1097 absoluti;

2206 1116 2352 1173 alter
2374 1130 2506 1174 vero
2533 1116 2839 1197 catalogus
2864 1115 2934 1171 ad
2975 1117 3249 1174 saculum
3292 1122 3514 1175 sextum
3548 1116 3864 1188 pertineat,

2208 1210 2405 1277 utpote
2436 1207 2768 1279 pertingens
2787 1211 2857 1266 ad
2890 1212 3131 1269 Felicem
3159 1209 3247 1279 IV,
3268 1209 3377 1265 sub
3394 1208 3743 1265 Justiniano.

2282 1293 2366 1352 40.
2399 1296 2538 1353 Cum
2571 1298 2766 1370 itaque
2804 1314 2988 1372 neque
3012 1303 3291 1357 Damasus
3336 1298 3720 1354 vetustiorum
3747 1295 3868 1353 Vi-

2207 1390 2393 1442 tarum
2424 1386 2665 1457 hujusce
2693 1388 3055 1446 collectionis
3080 1395 3282 1445 auctor
3309 1386 3604 1445 habendus
3629 1386 3730 1456 sit,
3766 1398 3872 1441 ne-

2206 1487 2316 1544 que
2332 1476 2671 1532 Anastasius
2689 1476 2941 1549 illarum,
2980 1485 3081 1534 aut
3106 1477 3486 1534 recentiorum
3511 1476 3726 1545 quippe
3753 1473 3870 1544 qui

2207 1565 2436 1622 unicam
2466 1567 2689 1624 Nicolai
2715 1574 2871 1639 papa
2893 1572 2917 1626 Ι
2936 1569 3228 1625 addiderit
3253 1565 3704 1639 pracedentibus
3728 1578 3872 1621 con-

2206 1655 2380 1712 textis
2405 1656 2514 1712 sub
2543 1658 2820 1729 Gregorio
2858 1661 2926 1728 lI,
2955 1659 3051 1715 sed
3078 1672 3389 1728 anonymos
3426 1656 3669 1711 habeant
3698 1654 3871 1709 scri-

446 1742 544 1797 dia
575 1733 835 1799 historia
864 1748 921 1800 et
946 1745 1200 1815 critices,
1252 1746 1370 1800 situ
1425 1749 1481 1801 et
1527 1744 1795 1815 squalore
1846 1743 2089 1813 deterso,
2124 1751 2175 1812 Β
2206 1750 2396 1813 ptores
2427 1751 2712 1817 quotquot
2738 1759 2770 1802 a
2794 1746 3071 1820 Gregorio
3110 1749 3182 1802 III
3212 1750 3524 1816 supersunt
3562 1757 3744 1814 usque
3784 1742 3861 1799 ad

449 1843 559 1885 non
593 1832 759 1887 modo
813 1833 1217 1897 reﬁoruerunt,
1250 1833 1346 1888 sed
1378 1833 1549 1887 etiam
1583 1833 1651 1887 ad
1706 1832 2090 1887 maturitatem

445 1918 716 1988 perducta
741 1916 918 1990 fuere,
946 1920 1161 1976 inventi
1187 1925 1322 1975 sunt
1348 1920 1449 1990 qui
1481 1921 1626 1975 adeo
1658 1920 1973 1975 oscitanter
2002 1920 2092 1975 le-

446 2013 638 2078 gerent
665 2012 785 2063 tum
805 2021 902 2063 eas
925 2008 1220 2078 epistolas,
1255 2012 1376 2063 tum
1408 2007 1579 2063 etiam
1613 2009 1914 2077 septimam
1959 2021 2088 2063 cum

450 2096 838 2166 responsione,
865 2109 897 2150 a
919 2096 1123 2152 Martio
1140 2096 1363 2152 Milesio
1385 2097 1570 2152 editas
1594 2096 1743 2151 inter
1769 2096 1952 2166 Opera
1968 2110 2091 2152 san-

444 2184 526 2239 cti
550 2185 798 2255 Damasi,
835 2192 897 2241 ut
927 2199 1040 2242 non
1069 2187 1425 2242 attenderem
1453 2191 1804 2249 contextum,
1838 2186 2093 2240 chrono-

448 2272 655 2344 logiam
688 2278 745 2330 et
787 2275 1120 2332 sententias.
1149 2275 1335 2344 Quare
1388 2274 1644 2330 Labbeus
1674 2280 1826 2329 tomo
1867 2274 2095 2329 IICon-

445 2362 713 2419 ciliorum
742 2364 967 2420 easdem
1001 2365 1079 2420 ita
1116 2363 1376 2436 sigillat:
1430 2363 1822 2435 Supposilitia,
1855 2379 2095 2433 apocry—

441 2451 583 2520 pha,
615 2456 667 2507 et
692 2454 1044 2524 ineptissima
1061 2454 1198 2507 viris
1227 2453 1396 2508 doctis
1434 2453 1738 2507 habentur:
1776 2457 2096 2521 tantumque

444 2555 479 2593 a
502 2541 645 2609 style
674 2544 897 2597 Damasi
929 2547 981 2598 et
1003 2544 1322 2611 Hieronymi
1359 2542 1588 2605 distant,
1617 2545 1885 2612 quantum
1905 2541 2096 2595 calum

443 2643 480 2681 a
499 2633 665 2698 terra,
695 2634 747 2685 et
765 2631 930 2701 polus
949 2631 1302 2687 Antarctieus
1331 2631 1400 2685 ab
1429 2632 1668 2686 Arctico.
1695 2629 1905 2686 Subdit
1932 2629 2097 2685 Sche-

445 2715 744 2776 lestratius
790 2719 896 2776 hac
922 2720 1329 2778 dissertatione
1373 2733 1528 2776 num.
1560 2716 1612 2790 4,
1655 2732 1778 2789 cap.
1812 2717 1864 2774 3.
1907 2720 2092 2788 Neque

444 2807 696 2861 ulteriori
727 2810 1048 2878 probatione
1068 2810 1178 2865 hac
1206 2810 1473 2878 indigent,
1496 2825 1617 2864 cum
1645 2810 1729 2863 vel
1755 2810 1965 2863 litteras
1992 2811 2092 2864 in-

445 2898 696 2965 spicienti
723 2898 911 2953 eadem
923 2899 1094 2970 plane
1115 2904 1427 2963 occurrant,
1441 2904 1611 2969 prout
1632 2914 1700 2953 ea:
1720 2898 1966 2970 epistolis
1988 2913 2090 2968 per

444 2986 709 3041 Martium
754 2988 1025 3043 Milesium
1059 2989 1359 3059 publicatis
1403 2990 1536 3044 adeo
1565 2988 1710 3042 clare
1752 2987 2091 3042 ostenderam

2200 1833 2503 1891 Nicolaum
2532 1837 2591 1890 I:
2624 1834 2884 1891 dubitari
2912 1835 3153 1892 fortasse
3177 1836 3472 1907 continget
3495 1834 3566 1889 de
3588 1832 3865 1889 auctori—

2199 1927 2315 1977 tate
2356 1937 2421 1979 ac
2472 1923 2581 1979 ﬁde
2628 1929 2916 1997 gestorum
2983 1940 3109 1996 qua
3159 1924 3604 1991 describuntur;
3649 1926 3752 1978 aut
3807 1923 3859 1978 si

2199 2012 2546 2081 aquabilius
2566 2027 2731 2084 agere
2752 2017 2949 2071 Lector
2970 2014 3151 2085 malit,
3185 2015 3386 2069 saltem
3419 2012 3673 2083 requiret
3701 2026 3858 2066 cau—

2201 2113 2320 2154 sam
2346 2114 2451 2155 cur
2478 2101 2715 2156 ﬁdenter
2730 2115 3053 2158 asseramus
3080 2116 3433 2172 quacunque
3457 2102 3516 2156 in
3556 2101 3661 2155 hoc
3682 2100 3860 2156 Libro

2204 2192 2515 2243 narrantur
2544 2186 2726 2245 fuisse
2768 2190 3005 2245 collecta
3056 2204 3124 2245 ex
3177 2190 3446 2261 genuinis
3492 2189 3863 2244 documentis

2207 2276 2452 2346 publica
2472 2278 2861 2347 auctoritatis,
2895 2293 3021 2348 qua
3058 2278 3117 2334 in
3148 2278 3500 2334 bibliotheca
3533 2276 3854 2347 pontiﬁcia,

2203 2370 2261 2420 et
2284 2365 2558 2434 archivis,
2590 2371 2693 2423 aut
2719 2367 3104 2423 monumentis
3133 2368 3550 2437 pracipuarum
3571 2367 3846 2423 ecclesia-

2206 2468 2331 2510 rum
2384 2454 2556 2511 Urbis
2601 2455 2871 2526 patebant
2899 2456 3200 2527 anonymis
3257 2455 3666 2528 scriptoribus,
3718 2456 3859 2511 inde

2204 2543 2617 2614 colligentibus
2670 2544 2831 2602 Vitas
2891 2550 2947 2601 et
3007 2549 3164 2617 gesta
3238 2544 3573 2615 pontiﬁcum
3638 2546 3857 2602 Roma—

2204 2646 2432 2689 norum.

2274 2720 2635 2780 Prafationis
2673 2726 2882 2780 nostra
2934 2723 3287 2795 pracipuum
3344 2727 3517 2794 caput
3573 2723 3681 2780 hoc
3725 2737 3857 2780 esse

2201 2811 2447 2868 libenter
2466 2825 2739 2884 agnosco:
2762 2826 2944 2884 neque
2961 2813 3314 2884 provinciam
3333 2813 3607 2883 detrecto,
3626 2819 3726 2868 aut
3742 2812 3861 2868 dif-

2200 2900 2858 2974 ﬁcultatemdissimulo;
2878 2902 2973 2958 sed
2999 2902 3164 2973 plane
3192 2901 3601 2958 ostendendum
3617 2915 3853 2958 assumo

2200 3003 2510 3060 anonymos
2542 2990 2685 3047 istos
2724 2995 2988 3047 auctores
3024 2991 3283 3047 Vitarum
3311 3004 3381 3046 ex
3433 2990 3704 3062 genuinis
3732 2991 3857 3045 do—

444 3079 505 3131 in
526 3079 709 3147 prima
734 3078 1108 3149 Antiquitatis
1136 3081 1526 3135 Ecclesiastica
1553 3079 1807 3150 editione,
1839 3082 1898 3132 ut
1928 3078 1999 3132 V.
2030 3080 2087 3134 C.
2123 3093 2171 3157 ο
2202 3079 2487 3136 cumentis
2509 3079 2751 3149 publica
2771 3079 3137 3136 auctoritatis
3157 3092 3221 3134 ea
3235 3080 3625 3150 desumpsisse
3641 3092 3766 3150 qua
3786 3079 3851 3136 in

443 3168 842 3237 Papebrochius
884 3170 946 3223 in
982 3169 1261 3240 PrOpylao
1289 3169 1365 3223 ad
1402 3174 1664 3238 quartum
1701 3173 1903 3222 tomum
1931 3168 2089 3231 Maii,

436 3272 571 3325 pag.
603 3257 658 3328 3,
684 3260 1006 3313 sententiam
1047 3260 1378 3313 Henschenii
1411 3260 1821 3329 pradecessoris
1863 3259 1953 3311 sui
1992 3273 2094 3312 re-

444 3347 793 3402 tractandum
832 3347 1074 3412 duaerit,
1115 3349 1426 3417 adjungens
1484 3364 1559 3410 se,
1604 3348 1907 3402 rationibus
1958 3349 2090 3401 meis

444 3438 764 3501 convictum,
802 3439 967 3497 malle
984 3437 1241 3508 epistolas
1256 3438 1387 3493 illas
1415 3453 1484 3492 ea
1504 3441 1640 3492 tomo
1655 3437 1838 3506 primo
1872 3434 2089 3506 Aprilis

444 3532 745 3596 eapunctas
758 3567 772 3582 .

511 3616 910 3684 Supposititia
928 3617 1111 3687 igitur
1138 3616 1347 3673 littera
1361 3618 1588 3675 Damasi
1608 3631 1767 3689 papa
1786 3616 1854 3673 ad
1884 3616 2093 3673 Hiero—-

445 3715 698 3771 nymum,
722 3709 777 3757 et
808 3703 1140 3773 Hieronymi
1168 3704 1236 3759 ad
1277 3707 1601 3774 Damasum,
1637 3720 1764 3776 qua
1797 3705 1867 3761 ab
1899 3706 2092 3775 inepto

444 3791 568 3846 viro
594 3789 883 3861 sequioris
912 3791 1100 3846 atatis
1120 3791 1398 3862 conﬁcta,
1432 3796 1487 3845 et
1520 3792 1839 3859 praposita
1865 3791 2094 3846 fuerant

440 3877 729 3950 Catalogis
758 3877 1198 3949 vetustioribus,
1222 3880 1324 3937 uni
1348 3879 1573 3934 scilicet
1594 3878 1833 3933 collecto
1856 3879 1967 3933 sub
1989 3880 2094 3934 Li-

446 3967 599 4038 bero,
627 3972 683 4022 et
702 3966 870 4023 alteri
900 3976 1028 4040 post
1063 3969 1216 4026 hunc
1259 3970 1519 4039 proximo
1552 3969 1701 4024 inter
1722 3967 1999 4037 antiquos
2020 3968 2089 4023 ad

446 4055 695 4112 medium
707 4056 903 4113 saculi
924 4058 1070 4115 sexti
1091 4056 1402 4129 referendo,
1426 4057 1560 4123 illa,
1581 4057 1814 4127 inquam
1833 4058 2093 4128 epistola

445 4159 545 4216 per
566 4145 824 4204 fraudem
867 4149 1144 4219 apposita
1194 4148 1481 4220 Catalogis
1523 4148 1752 4219 quando
1793 4148 2093 4206 describe-

444 4235 655 4292 bantur
678 4241 843 4293 atate
869 4238 1058 4295 Caroli
1090 4238 1300 4311 Magni,
1334 4242 1389 4295 et
1415 4253 1529 4308 pra
1559 4238 1870 4294 oscitantia
1896 4244 2093 4309 poste-

448 4338 641 4381 rorum
669 4327 862 4384 minus
885 4332 1097 4385 attente
1117 4328 1443 4400 observata,
1479 4328 1538 4384 in
1564 4341 1736 4384 causa
1767 4327 2002 4385 fuerunt
2028 4335 2093 4386 ut

444 4414 726 4471 Martinus
751 4416 1000 4473 Polonus
1022 4417 1243 4489 aliique
1268 4418 1436 4489 pauci
1468 4417 1841 4488 crediderint,
1880 4420 2093 4475 Dama—
2116 4444 2171 4507 ι)

445 4517 570 4559 sum
604 4518 805 4576 papam
829 4513 1119 4563 auctorem
1139 4521 1262 4565 esse
1283 4509 1696 4565 nominandum
1728 4509 1847 4565 sive
1875 4509 2092 4565 Catalo-

446 4593 501 4666 gi
525 4594 645 4650 sive
675 4594 814 4651 libri
837 4597 897 4652 in
921 4610 1033 4668 quo
1055 4602 1213 4670 gesta
1240 4599 1573 4668 pontiﬁcum
1598 4598 1985 4655 continentur.
2012 4600 2089 4655 Re

442 4688 632 4740 autem
652 4697 779 4742 vera
800 4698 985 4758 neque
1010 4686 1178 4743 Liber
1205 4687 1312 4743 iste
1336 4688 1692 4744 Pontiﬁcalis
1712 4701 1745 4743 a
1760 4688 1817 4743 B.
1847 4690 2088 4745 Damaso

443 4774 697 4847 scriptus
716 4779 835 4843 est;
869 4788 1000 4832 cum
1031 4777 1170 4833 totis
1195 4776 1469 4834 trecentis
1498 4783 1553 4833 et
1579 4778 1959 4851 quadraginta
1979 4780 2091 4836 cir-

769 4867 947 4923 Verba
1591 4868 1771 4925 Verba

586 4958 757 5021 primi
786 4957 1053 5028 Catalogi.
1416 4959 1643 5015 secundi
1666 4958 1930 5027 Catalogi.

512 5038 770 5097 Clemens
784 5049 953 5103 annis
981 5061 1062 5118 ix,
1087 5061 1236 5105 men-
1344 5048 1584 5103 Clemens
1615 5048 1846 5103 natione
1876 5050 2089 5105 Roma-

444 5126 610 5184 sibus
630 5130 937 5200 x1,diebus
973 5148 1078 5189 xu.
1116 5138 1249 5194 Fuit
1331 5150 1442 5191 nus
1487 5136 1557 5190 de
1623 5135 1853 5204 regione
1910 5136 2088 5193 Calio

445 5219 801 5287 temporibus
824 5220 1015 5276 Galba
1042 5228 1100 5277 et
1124 5227 1241 5281 Ve-
1322 5230 1512 5279 monte
1527 5236 1597 5278 ex
1614 5229 1772 5291 patre
1792 5226 2085 5298 Faustino,

444 5308 722 5380 spasiani,
817 5321 851 5364 a
946 5310 1248 5368 consulatu
1331 5312 1484 5368 sedit
1508 5325 2087 5385 annoslx,mensesn,

442 5394 705 5454 Trachali
735 5402 793 5455 et
845 5398 1034 5456 Italici
1065 5412 1248 5470 usque
1332 5401 1448 5455 dies
1478 5415 1535 5458 ιι.
1570 5401 1696 5455 Fuit
1733 5405 1921 5459 autem
1966 5408 2091 5458 tem-

443 5484 789 5556 Vespasiano
839 5489 934 5547 VII
985 5490 1044 5545 et
1095 5487 1242 5545 Tito.
1322 5489 1552 5560 poribus
1578 5488 1764 5548 Galba
1799 5495 1850 5547 et
1891 5492 2092 5564 Vespa-

1158 5608 1161 5613 -
1329 5578 1478 5635 siani
1496 5582 1781 5640 consulatu
1824 5583 2091 5640 Trachali

2205 3168 2358 3225 hunc
2381 3169 2636 3226 codicem
2660 3168 3004 3225 retulerunt.
3030 3170 3107 3224 De
3128 3169 3380 3240 singulis
3399 3170 3674 3225 distincte
3696 3174 3759 3224 ut
3786 3169 3847 3225 id

2203 3257 2455 3329 probem,
2514 3256 2870 3328 prafationis
2920 3257 3122 3313 modus
3173 3258 3410 3314 minime
3442 3258 3680 3329 patitur,
3713 3271 3849 3314 cum

2203 3347 2397 3416 potius
2447 3347 2551 3402 hoc
2599 3347 2883 3417 pertineat
2922 3347 2992 3402 ad
3038 3350 3222 3417 notas,
3269 3348 3366 3403 sed
3417 3347 3731 3403 universim
3784 3353 3853 3402 ut

2202 3436 2517 3506 ostendam,
2550 3449 2617 3491 ac
2646 3435 2823 3492 veluti
2853 3434 3032 3491 fontis
3078 3435 3327 3491 indicem
3359 3437 3510 3493 unde
3535 3438 3849 3507 scriptores

2204 3523 2294 3580 illi
2320 3537 2456 3580 suas
2483 3523 2707 3580 areolas
2749 3523 3087 3596 irrigarunt,
3142 3524 3223 3578 ita
3253 3525 3554 3595 perspicue
3584 3525 3847 3596 prastari

2204 3628 2369 3686 posse
2391 3619 2648 3686 autumo,
2676 3627 2846 3685 quam
2864 3615 3015 3686 quod
3045 3615 3304 3671 maxime.

2276 3703 2363 3759 Η.
2393 3705 2622 3761 Certum
2673 3704 2734 3760 in
2774 3704 2981 3775 primis
3005 3710 3091 3760 est
3138 3705 3283 3761 duos
3334 3703 3467 3760 illos
3521 3702 3845 3775 Catalogos,

2204 3792 2324 3846 sive
2348 3794 2639 3849 Indiculos
2662 3794 2997 3861 pontiﬁcum
3022 3795 3402 3845 Romanorum
3429 3791 3618 3845 editos
3641 3797 3851 3861 quarto

2203 3878 2412 3933 saculo
2441 3877 2549 3933 sub
2577 3877 2805 3933 Liberio
2829 3879 2872 3942 Ι,
2897 3880 2953 3932 et
2976 3881 3135 3931 sexto
3161 3878 3369 3932 saculo
3398 3878 3506 3931 sub
3537 3878 3722 3931 Felice
3752 3881 3848 3950 IV,

2203 3980 2326 4022 esse
2349 3973 2634 4020 texturam
2662 3965 3008 4035 pracipuam
3039 3964 3364 4020 earumdem
3387 3964 3645 4020 Vitarum
3676 3966 3736 4021 in
3762 3970 3855 4025 Li-

2203 4054 2304 4111 bro
2331 4053 2670 4126 pontiﬁcali,
2704 4068 2831 4125 qua
2857 4055 3001 4110 hanc
3029 4058 3250 4109 atatem
3296 4054 3632 4110 metiuntur.
3666 4056 3849 4115 Tanta

2204 4144 2259 4199 id
2291 4143 2576 4200 evidentia
2605 4148 2848 4216 constat,
2887 4148 2949 4199 ut
2968 4143 3154 4200 oculis
3179 4144 3561 4213 judicandum
3595 4145 3849 4214 subjece-

2201 4233 2281 4289 rit
2299 4233 2604 4289 admodum
2638 4233 3001 4303 providenter
3041 4246 3171 4288 cum
3200 4233 3494 4289 Holstenio
3520 4247 3667 4303 sape
3710 4235 3846 4293 lau—

2200 4325 2334 4381 dato
2354 4324 2671 4394 proximam
2697 4322 2769 4378 ab
2789 4337 2855 4381 eo
2875 4323 3099 4379 laudem
3124 4324 3468 4392 promeritus
3488 4323 3847 4382 Schelestra-

2201 4415 2342 4471 tius.
2374 4413 2572 4469 Plures
2602 4412 2663 4468 in
2689 4412 2987 4469 columnas
3015 4411 3219 4468 divisit
3250 4414 3435 4483 spatia
3474 4414 3835 4486 paginarum.

2198 4504 2335 4559 Tres
2386 4508 2577 4559 autem
2628 4503 2900 4560 adhibuit
2950 4500 3018 4556 ad
3050 4501 3428 4559 exhibendam
3483 4506 3541 4559 in
3591 4504 3843 4576 singulis

2200 4592 2572 4665 pontiﬁcibus
2603 4594 2904 4651 historiam
2935 4592 3098 4662 Vita,
3150 4592 3315 4660 juxta
3362 4592 3650 4662 triplicem
3697 4608 3844 4650 con-

2198 4690 2418 4745 textum
2446 4684 2640 4757 primi,
2663 4689 2720 4739 et
2744 4680 2979 4738 secundi
3000 4680 3278 4751 Catalogi,
3307 4685 3364 4736 et
3384 4681 3524 4738 libri
3549 4683 3842 4754 pontiﬁca-

2198 4772 2295 4846 lis,
2329 4772 2475 4830 utin
2506 4774 2612 4831 hoc
2637 4771 2950 4845 specimine
2979 4770 3271 4842 percipere
3298 4772 3704 4844 unusquisque
3732 4787 3842 4843 po-

2199 4863 2337 4919 terit
2354 4868 2410 4919 et
2424 4875 2772 4934 comparare.

2933 4971 3112 5026 Verba

2728 5060 2885 5115 Libri
2940 5061 3300 5131 Pontiﬁcalis.

2270 5152 2507 5208 Clemens
2544 5149 2764 5204 natione
2802 5151 3075 5206 Romanus
3119 5152 3184 5206 de
3217 5150 3433 5218 regione
3467 5149 3627 5205 Catio
3663 5153 3839 5205 monte

2198 5239 2266 5279 ea
2282 5229 2443 5294 patre
2484 5223 2765 5291 Faustino,
2791 5222 2931 5276 sedit
2971 5238 3144 5294 annos
3170 5236 3252 5285 rx,
3288 5238 3494 5277 menses
3532 5235 3593 5289 ιι,
3631 5221 3744 5276 dies
3777 5234 3837 5277 ι.

2198 5293 2359 5351 Vixit
2382 5298 2563 5349 autem
2601 5294 2928 5364 temporibus
2961 5293 3147 5348 Galba
3188 5299 3237 5348 et
3274 5294 3598 5364 Vespasiani
3642 5308 3677 5346 a
3700 5307 3837 5345 con—

2198 5368 2384 5423 sulatu
2413 5361 2869 5438 TrajaniEodex
2893 5366 3071 5421 Vatic.
3102 5365 3349 5422 Floreat.
3370 5361 3429 5421 et
3445 5365 3560 5438 duo
3587 5364 3832 5438 Cassia,

2203 5433 2445 5512 Tragali]
2477 5442 2526 5491 et
2553 5433 2945 5512 Italiciuusque
2984 5436 3508 5512 _Vespasianum__IX
3540 5438 3591 5490 et
3637 5433 3832 5512 Titum.

2198 5511 2301 5566 Hic
2315 5505 2453 5565 dum
2481 5508 2693 5566 multos
2718 5505 2898 5565 libros
2919 5507 3038 5565 zelo
3061 5505 3191 5565 ﬁdei
3226 5505 3567 5567 Christiana
3594 5505 3825 5577 religio-

2198 5582 2294 5640 nis
2320 5579 2654 5654 ascriberet,
2682 5583 2949 5651 martyrio
2977 5586 3284 5640 coronatur.
3332 5580 3434 5634 Hic
3468 5580 3601 5648 fecit
3639 5580 3836 5648 septem
