4034 6196
173 354 220 410 il
382 325 387 328 ’
1623 339 1997 398 PREFATIO.
3430 344 3501 405 ‘3

832 469 1013 525 Verba

639 559 795 614 Libri
834 559 1185 629 Pontiﬁcalis.

169 648 544 726 regionesdividi
591 643 934 726 [Cassinens.
979 652 1029 726 et
1066 641 1531 726 divisitlgiotoriis
1557 641 1745 726 ﬁdeli-

170 719 242 781 bus
262 724 494 784 Ecclesia,
546 719 643 789 qui
667 728 820 788 gesta
857 724 1160 787 martyrum
1209 719 1434 772 sdllicite
1462 719 1511 769 et
1536 719 1742 768 curiose

169 799 473 868 unusquisque
487 808 585 861 per
587 793 876 868 regionem
903 806 1057 845 suam
1073 791 1366 868 diligenter
1379 789 1738 868 perquireret.

169 870 246 923 llic
273 861 549 938 fecit’duas
585 863 894 938 Epistolas,
929 877 1053 938 qua
1089 861 1400 938 Catholica
1431 861 1743 938 nominan—

167 947 253 994 tur.
295 937 378 992 llic
422 949 484 990 ex
517 928 794 1004 pracepto
834 928 891 988 B.
939 928 1109 1004 r'Petri
1155 933 1414 1004 suscepit
1443 928 1740 1004 ecclesiam

169 949 253 994 tur.
296 949 378 992 mc
422 949 484 990 ex
553 949 794 1004 racepto
834 949 891 988 υ.
961 949 1109 988 rem
1160 949 1414 1002 suscepti.
1443 949 1737 985 CCCIBSlalu

169 1008 371 1084 [Floreat
417 949 681 1084 Ecclesia
714 1082 721 1084 Α
757 1001 1175 1084 pontificatum]
1227 1012 1283 1084 e_t
1347 1000 1737 1084 pontiﬁcatum

169 1071 550 1153 gubernandum,
575 1071 811 1153 sicutei
829 1075 1014 1153 fuerat
1043 1089 1076 1131 a
1104 1071 1488 1153 Domino’Jesu
1513 1071 1742 1153 Christo

167 1140 378 1206 mthedra
405 1140 627 1214 tradita,
662 1148 750 1203 vel
796 1147 1136 1216 commissa;
1170 1151 1355 1201 tamen
1386 1145 1444 1200 in
1475 1140 1738 1216 epistola,

167 1237 261 1292 qua
280 1221 336 1275 ad
371 1220 626 1275 Jacobum
662 1220 875 1292 scripta
905 1225 1023 1292 est,
1047 1214 1298 1292 qualiter
1324 1216 1379 1292 ei
1411 1229 1444 1269 a
1489 1215 1546 1267 Β.
1566 1214 1742 1292 Petro

165 1282 408 1348 commissa
431 1297 509 1346 est
549 1282 807 1366 Ecclesia
848 1282 1114 1359 reperies.
1160 1289 1290 1366 ideo
1315 1287 1498 1366 _Linus
1529 1288 1583 1366 et
1610 1282 1743 1366 Cles-

167 1370 238 1418 tus
259 1369 364 1438 ante
383 1375 497 1416 eum
530 1361 890 1438 scribuntur,
933 1375 998 1416 eo
1029 1360 1179 1438 quod
1212 1359 1444 1438 abipso
1475 1359 1743 1438 principe

164 1433 480 1502 apostolorum
499 1433 570 1488 ad
609 1425 993 1488 ministerium
1016 1425 1741 1502 epis00pale‘exhibendum

165 1496 268 1560 sunt
288 1505 505 1574 episcopi
548 1504 826 1559 ordinati.
856 1505 958 1557 Hic
996 1496 1128 1570 fecit
1177 1496 1547 1574 ordinationes
1603 1496 1742 1551 duas

161 1591 240 1644 per
275 1571 467 1629 mensem
511 1576 854 1630 Decembrem
893 1575 1235 1644 presbyteros
1279 1587 1337 1635 x,
1371 1571 1646 1644 diaconos
1675 1579 1740 1636 tt,

165 1641 379 1714 episcopos
391 1662 482 1715 per
506 1647 728 1701 diversa
753 1648 866 1700 loca
892 1641 992 1700 iv.
1029 1641 1174 1699 Obiit
1201 1648 1412 1712 martyr
1430 1656 1574 1696 anno
1603 1641 1739 1715 Tra-

156 1709 256 1783 jum
288 1709 492 1787 HL'qui
517 1720 683 1772 etiam
711 1718 954 1788 sepultus
999 1723 1077 1771 est
1122 1709 1418 1788 inGrac'ia
1460 1725 1562 1768 Vlll
1610 1709 1734 1765 Kal.

163 1789 403 1844 Decembris
430 1809 442 1845 :
473 1794 523 1846 et
551 1787 781 1846 cessavit
804 1790 1142 1861 episcomtus
1167 1787 1282 1842 dies
1306 1799 1452 1842 χχιι.

215 2071 354 2130 42.111
383 2077 560 2145 prima
597 2075 863 2132 columna
899 2074 1302 2145 exprimuntur
1330 2070 1499 2128 verba
1525 2068 1742 2140 prioris

161 2160 358 2234 Catalogi
387 2163 488 2220 sub
511 2164 744 2220 Liberio
767 2164 928 2234 editi,
955 2177 1053 2233 per
1072 2163 1430 2218 characteres
1456 2159 1738 2220 rotundos,

166 2256 211 2304 ut
244 2258 437 2324 vocant;
486 2254 550 2308 in
592 2254 838 2309 secunda
876 2266 1006 2308 vero
1035 2252 1229 2307 eadem
1282 2248 1451 2305 verba
1488 2245 1742 2317 Catalogi

162 2341 450 2411 vetustioris,
484 2355 616 2412 qua
649 2341 708 2396 in
738 2341 978 2396 alterum
1015 2339 1345 2410 Catalogum
1396 2335 1572 2392 relata
1610 2337 1746 2390 sunt

162 2430 338 2497 quando
365 2430 634 2486 edebatur
659 2429 767 2486 sub
795 2430 978 2485 Felice
1007 2430 1094 2499 IV,
1121 2428 1440 2484 redduntur
1464 2424 1746 2479 characte-

162 2517 286 2572 ribus
303 2518 532 2590 obiquis,
571 2533 719 2590 quos
749 2519 968 2573 Italicos
1003 2517 1311 2588 appellant,
1346 2520 1411 2570 ut
1437 2514 1556 2569 ictu
1587 2510 1740 2567 oculi

161 2607 454 2677 percipiatur
468 2608 758 2679 quidquid
786 2607 1024 2664 retinuit
1041 2607 1288 2676 scriptor
1301 2601 1744 2661 subJustiniano

157 2706 208 2747 ex
232 2695 456 2752 Indiculo
480 2696 591 2753 sub
617 2695 864 2766 Liberio,
885 2701 940 2751 ct
955 2695 1240 2766 quidquid
1269 2692 1496 2749 addidit
1519 2704 1588 2746 ex
1607 2688 1746 2744 aliis

157 2781 458 2841 documentis
483 2787 540 2840 in
572 2785 757 2855 priori
777 2784 1042 2856 Catalogo
1073 2797 1184 2840 non
1205 2795 1562 2854 expressum.
1597 2778 1747 2833 Ter-

157 2870 220 2925 tia
255 2886 369 2928 vero
391 2875 668 2944 columna,
708 2888 834 2945 qua
862 2874 1186 2930 destinatur
1223 2871 1562 2941 excipiendo
1600 2881 1748 2924 con-

158 2961 307 3016 textui
337 2963 473 3018 Libri
501 2964 882 3034 Pontiﬁcalis,
913 2963 1107 3018 eadem
1136 2962 1398 3019 methodo
1421 2959 1592 3016 refert
1619 2959 1748 3014 cha-

159 3051 426 3109 racteribus
443 3055 674 3119 Italicis,
703 3055 826 3109 sive
854 3054 1110 3124 obliquis,
1144 3064 1497 3124 quacunque
1522 3048 1748 3106 descri—

1768 465 1829 526 A

3039 465 3218 521 Verba

2885 547 3059 616 primi
3107 544 3374 616 Catalogi.

2154 465 2333 521 Verba

1973 546 2198 600 secundi
2243 545 2512 614 Catalogi;

1854 628 1904 678 et
1931 626 2114 679 Italici
2143 641 2314 695 usque
2347 626 2647 695 Vespasia-

1852 710 1921 748 no
1965 697 2044 750 IX
2093 702 2144 750 et
2191 699 2326 751 Tito.
2380 697 2647 767 Martyrio

1852 772 2182 823 coronatur.
2222 768 2325 823 Hic
2373 766 2640 824 fecitse-

1854 842 2001 906 ptem
2043 840 2320 909 regiones,
2349 844 2404 895 et
2443 839 2648 895 divisit

1853 910 2098 965 notariis
2144 910 2410 966 ﬁdelibus
2449 911 2649 966 Eccle-

1853 980 1982 1063 sia,
2010 982 2106 1063 qui
2144 988 2299 1063 gesta
2325 989 2656 1063 _martyrum

1852 1051 2102 1107 sollicite
2126 1051 2182 1108 et
2215 1054 2442 1109 curiose
2474 1051 2662 1109 unus—

1853 1123 2118 1196 quisque
2136 1195 2142 1196 ί
2193 1138 2290 1193 per
2368 1125 2656 1196 regionem

1852 1194 2350 1276 suam_djligenter
2368 1194 2660 1276 perquire-

1854 1268 1958 1336 ret,
1985 1272 2042 1319 et
2071 1264 2208 1336 fecit
2245 1264 2388 1322 duas
2430 1264 2667 1336 Episto-

1854 1333 1956 1390 las.
1986 1336 2089 1390 Hic
2110 1335 2245 1392 fecit
2271 1333 2666 1395 ordinationes

1853 1412 1988 1475 tres,
2036 1407 2392 1478 presbyteros
2430 1425 2488 1477 x,
2540 1410 2666 1467 dia-

1852 1490 2025 1550 conos
2081 1492 2142 1547 u,
2207 1481 2504 1550 episcopos
2573 1495 2671 1550 per

1851 1547 2074 1605 diversa
2121 1547 2257 1607 lora
2284 1566 2336 1620 v,
2380 1547 2478 1621 per
2525 1547 2675 1608 m'en-

1851 1633 1967 1675 sem
2066 1622 2409 1679 Decembris.
2505 1623 2666 1679 Obiit

1851 1696 2066 1764 martyr
2148 1694 2317 1749 tertio
2390 1695 2666 1764 Trajaui:

1769 1798 1823 1860 B
1849 1763 1951 1860 ,Ἦ
1990 1764 2262 1860 ,δῗβξξἮλδ
2289 1766 2663 1860 ξῗίηῖἓιθτεὲῖ

1848 1833 1938 1887 cia
1990 1847 2048 1888 tx
2103 1835 2227 1889 Kal.
2286 1837 2545 1892 Decemb.
2612 1842 2670 1893 et

1849 1905 2090 1961 cessavit
2127 1906 2493 1976 episcopatus
2537 1908 2665 1966 dies

1849 1987 1971 2031 XXI.

1856 2073 2049 2128 Urbem
2075 2076 2314 2130 viverent
2336 2077 2504 2129 vitam
2530 2074 2665 2146 (quo
2693 2087 2868 2130 censu
2895 2072 3144 2129 Judaica
3170 2072 3300 2128 vita
3327 2071 3491 2127 Chri-

1855 2162 2075 2218 stianos
2098 2163 2309 2232 passim
2349 2161 2623 2220 confundi
2651 2161 3013 2218 consuevisse
3042 2175 3139 2231 per
3169 2160 3327 2216 illam
3361 2165 3494 2215 ata-

1856 2255 1965 2305 tem
1994 2266 2155 2308 nemo
2179 2253 2461 2324 dubitat);
2491 2253 2642 2309 unde
2665 2253 2837 2308 etiam
2865 2251 3139 2308 Clementi
3177 2255 3386 2306 nostra
3415 2262 3499 2306 re-

1854 2339 2094 2410 ligionis
2126 2336 2404 2411 piofessio
2450 2341 2510 2396 in
2553 2341 2790 2412 scriptis
2818 2342 2970 2398 edita
3002 2341 3294 2414 negotium
3325 2339 3499 2398 faces.

1853 2441 1976 2484 sere
2028 2443 2127 2499 per
2154 2430 2436 2486 delatores
2484 2429 2717 2487 facilius
2759 2431 2967 2502 potuit.
2999 2429 3148 2500 Quin
3179 2431 3352 2487 etiam
3386 2430 3494 2488 sub

1855 2517 2108 2574 mitioris
2135 2519 2353 2591 ingenii
2373 2519 2739 2590 principibus
2757 2521 3046 2578 Antonino
3071 2521 3190 2592 Pio,
3215 2526 3269 2577 et
3295 2522 3363 2576 Μ.
3387 2521 3496 2577 Au-

1855 2607 2018 2675 relio,
2059 2621 2189 2663 cum
2235 2614 2425 2678 postea
2455 2613 2805 2678 compertum
2845 2610 2923 2666 sit
2961 2609 3175 2680 scripta
3225 2610 3286 2666 in
3311 2608 3498 2667 defen-

1854 2697 2072 2752 sionem
2096 2695 2411 2753 Christiani
2438 2698 2720 2770 dogmatis
2753 2699 2996 2769 capitale
3029 2699 3319 2770 judicium
3349 2701 3503 2758 iutu-

1855 2785 1993 2842 lisse
2045 2787 2292 2857 Justino,
2351 2786 2658 2859 Quadrato,
2704 2787 3097 2861 Athenagora,
3145 2789 3493 2861 ,Apollonio,

1857 2889 2075 2947 poenam
2116 2889 2435 2946 supremam
2478 2877 2814 2934 decernente
2857 2884 3056 2936 senatu
3087 2879 3170 2935 vel
3207 2880 3502 2951 magistra-

1855 2965 2033 3034 tibus,
2061 2965 2457 3022 adnitentibus
2480 2967 2814 3039 plerumque
2834 2969 3229 3025 sacerdotibus
3248 2968 3508 3026 ethnico-

1859 3071 1983 3112 rum
2007 3056 2153 3112 utin
2185 3068 2286 3112 nos
2313 3054 2696 3125 Christianos,
2739 3061 3009 3129 tanquam
3038 3059 3249 3129 impios
3267 3059 3506 3117 violato-

159 3142 230 3206 illa
278 3146 396 3196 sunt
441 3143 676 3199 totidem
726 3141 916 3198 verbis
946 3156 1013 3198 ex
1052 3142 1317 3211 Catalogo
1366 3139 1597 3195 condito
1640 3137 1748 3193 sub
1777 3130 1825 3194 Ο
1862 3159 1952 3202 res
1981 3145 2413 3216 superstitionis
2445 3160 2580 3217 sua,
2623 3147 2795 3203 etiam
2825 3146 3071 3219 Augusti
3107 3148 3388 3215 mitiores,
3419 3153 3509 3205 ut-

156 3227 459 3288 Justiniano:
498 3233 756 3288 rotundis
783 3247 914 3288 vero
953 3231 1167 3288 litteris
1190 3230 1325 3300 alia,
1352 3243 1478 3300 qua
1502 3229 1752 3297 scriptor

161 3316 268 3373 Vita
309 3322 501 3390 adjecit
549 3335 665 3378 non
701 3335 970 3392 eXpressa
1015 3321 1074 3377 in
1113 3319 1400 3390 Catalogis
1435 3317 1748 3389 pradictis,

158 3409 228 3464 sed
255 3409 464 3469 aliunde
495 3418 778 3484 percepta.
823 3413 1132 3469 Observare
1162 3417 1347 3467 tamen
1376 3409 1512 3465 licet
1549 3409 1654 3464 hoc
1689 3407 1751 3463 iu

160 3499 418 3565 specimine
442 3504 575 3559 vita
603 3502 659 3558 S.
685 3501 1014 3572 Clementis,
1047 3500 1375 3558 additiones
1405 3512 1437 3554 a
1468 3497 1749 3568 scriptore

162 3585 278 3642 Libri
304 3589 645 3648 Pontiﬁcalis
675 3592 968 3662 appositas
997 3589 1289 3647 contextui
1315 3587 1616 3644 verborum
1653 3601 1750 3642 se-

160 3675 291 3730 cundi
322 3677 574 3750 Catalogi
609 3692 731 3734 esse
765 3680 858 3735 vix
886 3678 1070 3747 aliud,
1103 3691 1272 3748 quam
1306 3682 1488 3746 notas,
1518 3678 1618 3730 aut
1645 3687 1753 3729 ex-

164 3759 456 3827 plicationes
481 3769 805 3822 earumdem
830 3781 1040 3837 rerum,
1074 3781 1200 3838 qua
1229 3767 1286 3820 in
1311 3764 1576 3835 Catalogo
1607 3776 1754 3818 con-

164 3852 324 3922 ltacta,
385 3859 441 3909 et
495 3855 904 3924 quodammodo
954 3854 1224 3910 involuta
1288 3851 1748 3908 continebantur.

165 3936 274 3995 Duas
295 3943 618 4000 additiones
642 3944 746 4000 hoc
777 3944 834 4000 in
857 3943 1114 4013 exemplo
1144 3941 1376 3998 exhibet
1409 3940 1578 3996 Liber
1604 3941 1755 3995 Pon—

163 4025 361 4101 tificalis,
395 4035 641 4104 primam
670 4033 729 4088 in
763 4032 1034 4103 martyrio
1053 4031 1384 4100 Clementis,
1425 4029 1659 4104 alteram
1695 4027 1754 4082 in

163 4121 490 4180 successionis
518 4122 743 4193 ordine,
775 4128 831 4178 et
872 4121 1237 4186 auctoritate,
1269 4132 1379 4191 qua
1408 4123 1534 4188 post
1559 4119 1616 4172 B.
1647 4117 1756 4172 Pe—

160 4208 271 4263 trum
291 4211 546 4268 Ecclesia
572 4210 820 4280 prafuit.
850 4211 1183 4282 Martyrium
1211 4213 1570 4280 expresserat
1593 4207 1760 4262 Cata-

160 4289 287 4363 logus
312 4299 426 4356 illis
454 4301 688 4358 verbis:
724 4300 867 4355 Obiit
901 4305 1114 4369 martyr
1150 4313 1296 4354 anno
1324 4298 1591 4366 Trajani:
1634 4309 1759 4367 qua

1862 3239 1990 3305 pote
2039 3235 2488 3292 ceremoniarum
2540 3249 2776 3293 suarum
2828 3237 3106 3301 vindices.
3152 3242 3209 3294 et
3261 3237 3505 3294 maxime

1861 3323 2166 3395 gentilium
2201 3337 2494 3380 sacrorum
2525 3324 2755 3396 arbitri,
2780 3326 3003 3382 easdem
3031 3339 3226 3397 panas
3246 3325 3508 3383 decerne-

1862 3418 1988 3469 rent
2037 3417 2094 3468 et
2137 3413 2492 3486 irrogarent;
2547 3415 2757 3471 mirum
2803 3429 2916 3472 non
2962 3422 3066 3485 est,
3119 3416 3226 3472 sub
3264 3418 3505 3485 Trajano

1863 3502 2132 3573 primum,
2166 3502 2250 3559 vel
2297 3503 2644 3573 pracipuum
2701 3508 2828 3572 post
2851 3503 3138 3572 apostolos
3167 3507 3225 3556 et
3263 3515 3502 3574 evange-

1861 3593 2026 3648 listas
2076 3597 2364 3648 auctorem
2413 3597 2496 3647 tot
2545 3591 2900 3646 voluminum
2960 3588 3290 3646 Christiana
3344 3605 3507 3648 sacra

1859 3681 2143 3736 tuentium
2175 3679 2529 3735 occasionem
2562 3676 2822 3746 martyrii
2865 3677 3149 3733 subeundi
3175 3691 3245 3734 ex
3281 3679 3357 3736 iis
3383 3693 3513 3752 ope-

1862 3768 2024 3824 ribus
2052 3767 2404 3837 percepisse:
2437 3766 2585 3836 quod
2616 3764 2846 3821 videtur
2883 3766 3140 3823 indicare
3169 3767 3230 3823 in
3263 3768 3367 3824 hac
3399 3770 3515 3839 pri-

1866 3870 1954 3912 ma
1979 3855 2275 3911 additione
2312 3855 2381 3912 ad
2427 3854 2756 3926 Catalogum
2809 3855 3123 3912 secundum
3177 3856 3345 3913 Liber
3374 3858 3514 3916 Pon.

1867 3945 2120 4002 tiﬂcalis.

1935 4033 2127 4088 Altera
2147 4031 2370 4088 additio
2396 4031 2634 4102 respicit
2662 4032 2921 4090 ordinem
2958 4034 3365 4108 successionis,
3397 4049 3509 4107 qua

1865 4123 1926 4178 B.
1985 4123 2148 4177 Petro
2203 4121 2549 4192 subrogatus
2596 4125 2682 4176 est
2709 4120 2964 4178 Clemens
3007 4122 3333 4179 omnimoda
3378 4137 3509 4180 cum

1870 4216 2145 4282 potestate
2198 4210 2376 4266 totius
2404 4210 2670 4265 Ecclesia
2718 4210 3061 4266 Christiana
3103 4212 3504 4283 gubernanda.

1867 4301 1994 4356 Hac
2022 4306 2211 4356 autem
2252 4299 2519 4370 periocha
2550 4313 2660 4355 non
2713 4300 3018 4357 admodum
3061 4299 3257 4356 differt
3295 4302 3366 4358 ab
3416 4315 3510 4358 an.

156 4379 287 4441 Liber
329 4389 678 4451 Pontiﬁcalis
720 4390 802 4446 ita
862 4389 1093 4446 retulit:
1153 4388 1297 4444 Obiit
1357 4389 1572 4456 Martyr
1613 4400 1760 4442 anno
1787 4456 1833 4465 __
1873 4391 2184 4460 notatione,
2213 4395 2268 4446 et
2290 4388 2460 4461 quasi
2502 4389 2972 4460 interpretatione
3015 4395 3206 4448 textus
3231 4390 3508 4465 Catalogi.

159 4472 348 4544 Trajani
372 4484 549 4537 tertio.
585 4481 689 4538 Sed
719 4482 892 4539 istius
916 4483 1052 4539 libri
1086 4487 1286 4553 auctor
1312 4481 1535 4552 putavit
1561 4492 1752 4536 recen-
1787 4456 1842 4519 D
1871 4456 2181 4552 Siquidem
2212 4456 2498 4549 in'priori
2546 4456 2812 4551 CataIOgo
2856 4479 3115 4536 Clemens
3161 4456 3515 4551 praeponitur

155 4564 340 4623 sendam
365 4582 486 4626 esse
505 4571 865 4629 occasionem
896 4571 1160 4643 martyrii
1181 4570 1523 4626 Clementis:
1561 4580 1762 4639 nempe

156 4663 250 4707 cum
286 4655 458 4716 libros
487 4660 815 4732 complures
851 4661 1238 4718 conscriberet
1273 4659 1473 4715 beatus
1505 4657 1760 4729 pontifex

153 4738 242 4796 zelo
276 4743 615 4805 Christiana
655 4749 975 4821 religionis,
1009 4755 1064 4806 et
1087 4749 1227 4806 Acta
1265 4753 1575 4818 martyrum
1620 4747 1761 4803 dili-

154 4839 307 4896 genter
345 4837 546 4909 colligi
585 4846 810 4896 curaret
854 4853 953 4910 per
992 4839 1248 4896 notarios
1278 4837 1494 4908 ﬁdeles,
1545 4842 1758 4907 septem

154 4920 442 4990 regionibus
483 4928 832 4999 singillatim
879 4928 1210 4996 attributes,
1253 4927 1527 4998 martyrio
1581 4925 1762 4984 fuisse

151 5018 457 5072 coronatum.
502 5017 758 5089 Utraque
797 5018 1012 5090 scripta
1051 5019 1360 5075 Clementis
1401 5025 1456 5074 et
1497 5017 1762 5073 notario-

153 5108 243 5154 rum
278 5104 443 5160 etiam
485 5107 546 5162 in
592 5107 859 5180 Catalogo
917 5113 1327 5166 memorantur.
1373 5108 1587 5165 Auctor
1629 5109 1760 5165 vita

150 5185 333 5248 videtur
363 5195 421 5250 in
447 5197 750 5253 additione
791 5199 1049 5269 innuere,
1083 5199 1391 5255 Clementis
1423 5199 1758 5270 martyrium

150 5287 473 5342 consecutum
507 5300 580 5343 ex
617 5287 916 5344 occasione
955 5289 1259 5362 religionis
1288 5294 1493 5345 nostra
1520 5303 1618 5360 per
1645 5289 1761 5345 hu—

147 5364 355 5430 iusmodi
385 5376 610 5448 scripta
651 5367 1076 5451 propugnanda
1105 5393 1171 5436 ac
1198 5380 1592 5451 propaganda.
1623 5380 1762 5435 Con-

152 5457 232 5511 stat
264 5463 405 5520 enim
438 5466 553 5522 sub
589 5469 919 5525 Domitiano
947 5483 1014 5526 ex
1061 5469 1337 5526 Suetonio
1368 5469 1426 5524 in
1458 5470 1584 5539 ejus
1610 5469 1758 5540 Vita,

1869 4571 2062 4642 Cleto;
2090 4583 2220 4627 cum
2253 4569 2313 4624 in
2338 4569 2586 4626 secundo
2605 4569 2871 4641 Catalogo
2901 4575 2956 4626 et
2987 4569 3047 4625 in
3072 4569 3243 4626 Libro
3283 4570 3512 4627 Pontifi-

1869 4661 1980 4718 cali
2013 4659 2271 4716 Clemens
2299 4663 2690 4729 postponatur.
2721 4658 2960 4715 Causam
2990 4659 3348 4716 diversitatis
3376 4662 3544 4743 scri-.

1872 4755 1998 4821 ptor
2021 4749 2250 4820 adjecit.
2276 4747 2511 4818 Quanta
2541 4752 2728 4805 autem
2754 4748 3120 4805 auctoritatis
3149 4748 3404 4806 habenda
3435 4751 3513 4805 sit

1874 4841 1990 4896 hac
2015 4839 2238 4896 additio
2262 4837 2458 4908 colligi
2495 4842 2681 4909 potest
2717 4851 2785 4893 ex
2810 4837 3000 4893 verbis
3035 4838 3090 4893 S.
3120 4838 3323 4893 Leonis
3353 4849 3510 4906 papa

1870 4928 2128 4998 secundi,
2155 4941 2188 4982 a
2231 4927 2543 4983 Vendelino
2574 4927 2770 4983 relatis
2795 4928 2944 4996 apud
2984 4925 3265 4980 Labbeum
3293 4924 3508 4980 Conci-

1871 5019 2081 5076 liorum
2107 5013 2456 5088 generalium
2498 5019 2646 5070 tomo
2670 5018 2711 5080 Ι,
2740 5028 2845 5084 pag
2874 5013 2991 5070 490.
3023 5015 3325 5084 Postquam
3355 5013 3510 5072 enim

1871 5107 2161 5177 retulerat,
2188 5119 2256 5161 ex
2285 5117 2562 5175 anonymo
2587 5103 2866 5173 scriptore
2897 5103 3116 5174 Graec,
3142 5102 3368 5160 beatum
3404 5103 3512 5160 Pe-

1872 5203 2020 5254 trum
2077 5197 2251 5252 Roma
2289 5194 2682 5251 abscedentem
2729 5192 3027 5249 ordinasse
3067 5192 3292 5265 Linum,
3330 5192 3509 5249 veluti

1870 5286 2254 5355 coadjutorem
2303 5284 2362 5339 in
2412 5284 2489 5339 iis
2538 5280 2867 5338 exercendis
2913 5297 3038 5354 qua
3085 5288 3220 5341 sunt
3253 5281 3508 5338 muneris

1868 5375 2230 5448 episcopalis,
2264 5387 2548 5430 reversum
2580 5372 2639 5427 in
2661 5371 2864 5428 Urbem
2903 5372 3240 5429 duodecimo
3265 5371 3509 5427 Neronis

1870 5480 2020 5524 anno
2055 5465 2342 5522 invenisse
2374 5464 2577 5520 Linum
2632 5463 2904 5534 martyrio
2933 5477 2964 5518 e
3001 5463 3118 5518 vita
3168 5459 3502 5519 sublatum:

151 5557 236 5615 caP-
286 5549 366 5623 η,
409 5555 724 5613 Iudaicum
777 5557 974 5616 iiscum
1022 5558 1395 5616 acerbissime
1435 5563 1645 5629 actum,
1689 5559 1764 5614 ad
1874 5569 2048 5627 quare
2073 5557 2134 5612 in
2158 5554 2411 5627 ejusdem
2436 5554 2625 5612 locum
2656 5554 2996 5625 subregasse
3018 5551 3380 5624 Clementem,
3405 5551 3510 5622 qui

152 5647 264 5698 quem
286 5641 700 5713 deferebantur,
743 5649 842 5719 qui
867 5649 1015 5705 velut
1031 5649 1274 5722 professi
1293 5647 1585 5707 Iudaicam
1616 5650 1770 5706 intra
1878 5644 2049 5718 paulo
2070 5648 2196 5717 post
2224 5645 2385 5704 Petro
2428 5644 2490 5702 in
2536 5655 2762 5703 crucem
2812 5645 2940 5700 acto
2986 5639 3304 5712 successit;
3351 5637 3519 5698 addit

541 5755 778 5816 Paeon.
819 5756 1088 5820 CXXVII.

3194 5745 3236 5806 2
