4034 6196
563 308 634 371 43
1336 309 1428 364 AD
1464 309 1899 368 ANASTASIUM
1952 313 2472 374 PROLEGOIIENA
2511 318 2684 376 EDIT.
2739 321 3172 383 ROM.—VATIC.
3706 286 3714 294 .
3890 336 3955 395 44

561 443 956 507 testimonium
1015 442 1220 501 Leonis
1266 445 1524 514 secundi,
1580 444 1727 501 idem
1770 444 2087 500 indicantis
2141 444 2212 500 de
2238 436 2291 495 A
2324 439 2519 495 votum
2543 438 2789 510 (Dissert.
2821 446 2897 500 ad
2917 448 3371 505 Fastﬂonsular.
3400 463 3519 520 par.
3557 450 3615 525 ι),
3650 455 3715 508 ut
3742 455 3955 511 easdem

559 536 736 591 Cleto.
767 532 947 588 Verba
977 533 1276 589 Vendelini
1309 533 1427 589 hac
1457 538 1625 589 sunt:
1663 554 1689 585 α
1715 535 1876 602 Ecce,
1895 539 1960 589 ut
1988 533 2211 588 vivente
2322 526 2521 593 DOliuS
2550 533 2909 590 membranas
2939 549 3106 606 quam
3138 537 3371 594 illarum
3412 536 3725 610 fragmenta
3752 542 3957 612 Cuspi-

557 625 747 680 adhuc
773 624 936 678 Petro
958 623 1138 678 Linus
1158 623 1371 678 sederit
1400 623 1736 693 episc0pus:
1768 635 1931 693 quem
1959 626 2208 691 propter-

557 725 621 770 ea
670 712 1142 781 chorepiscopum
1191 712 1506 780 Marianas,
1547 710 1769 781 aliique
1812 710 2197 780 scripserunt:

558 804 709 860 inter
750 816 893 873 quos
945 802 1052 856 Leo
1097 802 1160 868 II,
1227 814 1523 856 successor
1579 799 1941 871 Agathonis:
1987 800 2199 860 Petrus,

557 892 772 963 inquit,
813 892 1093 960 adjutores
1116 890 1223 944 sibi
1259 891 1453 944 ascivit
1489 890 1709 951 Linum,
1749 892 1799 942 et
1828 887 2054 949 Cletum,
2092 901 2202 940 non

556 987 735 1036 tamen
775 982 1110 1050 pontiﬁcium
1157 983 1474 1048 potestatem
1510 980 1585 1032 eis
1629 977 1883 1040 tradidit,
1936 975 2032 1029 sed
2074 975 2200 1029 Cle-

550 1071 739 1124 menti.
786 1070 919 1123 Tam
973 1072 1188 1123 certum
1234 1080 1455 1136 semper
1501 1064 1634 1131 fuit,
1696 1079 1809 1120 una
1856 1077 1986 1119 cum
2034 1063 2199 1118 Petro

551 1158 755 1213 Linum
812 1155 1111 1227 prafuisse
1140 1153 1409 1210 ﬁdelibus
1452 1153 1741 1223 Romanis,
1800 1157 1858 1208 et
1901 1152 1972 1206 ab
2002 1151 2195 1207 eodem

548 1247 714 1302 Petro
745 1245 1022 1300 traditum
1065 1241 1457 1313 pontiﬁcatum
1494 1240 1793 1295 Clementi.
1823 1240 1919 1295 Sic
1947 1252 2081 1310 ergo
2115 1238 2198 1293 li-

551 1334 787 1406 quidior
839 1333 1048 1404 incipit
1098 1333 1274 1388 ﬂuere
1326 1331 1442 1389 hac
1508 1329 1879 1402 chronologia
1924 1329 1984 1384 in
2043 1327 2197 1383 hunc

552 1424 803 1495 modum,
838 1440 865 1474 ιο

620 1513 725 1569 Hic
749 1526 862 1569 non
891 1524 1122 1568 assumo
1151 1508 1529 1566 dirimendam
1565 1506 1939 1579 quastionem
1973 1504 2046 1562 de
2067 1504 2193 1564 Lini

550 1605 608 1657 et
648 1600 794 1657 Cleti
826 1599 1164 1671 pontiﬁcatu
1208 1597 1476 1666 maximo,
1527 1609 1695 1666 quam
1746 1595 1897 1649 inter
1937 1598 2101 1649 notas
2122 1593 2191 1649 ad

548 1690 781 1746 Librum
821 1688 1207 1745 Pontiﬁcalem
1258 1686 1328 1741 ad
1376 1698 1608 1742 examen
1667 1681 2077 1739 revocabimus.
2134 1682 2191 1737 Id

2319 614 2529 683 nianus
2570 621 2874 693 vulgasset.
2917 626 3249 689 Laterculos,
3298 627 3513 697 inquit,
3544 630 3852 686 consulares
3893 647 3955 686 ea:

2317 702 2541 760 laudato
2562 713 2824 778 anonymi
2846 713 3024 768 codice
3053 719 3327 784 excerptas
3351 708 3449 770 suo
3473 718 3738 772 volumini
3752 722 3953 787 passim

2312 792 2563 857 inseruit,
2595 814 2727 866 quos
2755 814 2887 854 sane
2910 804 3020 855 viri
3047 802 3253 857 eruditi
3279 807 3518 871 integros
3546 806 3615 859 ab
3640 806 3817 863 eodem
3844 809 3951 864 edi-

2312 882 2391 934 tos
2441 885 2783 941 maluissent.
2833 890 3170 960 Exemplum
3235 892 3446 963 duplex
3492 892 3663 950 hodie
3704 907 3950 965 superest

2312 968 2407 1024 ind
2419 971 2551 1026 icati
2563 973 2840 1046 Catalogi,
2859 977 3044 1033 descri
3054 978 3255 1047 ptum'a
3270 981 3582 1038 vetustiore
3596 982 3794 1054 aliquo
3804 992 3951 1043 auto-

2308 1059 2544 1131 grapho,
2568 1063 2736 1132 cujus
2752 1067 3141 1137 apographum
3158 1068 3495 1126 membrana
3514 1072 3652 1140 ipsa
3666 1075 3948 1131 censenda

2307 1152 2465 1216 sunt,
2513 1148 2866 1220 Cuspiniano
2895 1154 3034 1209 olim
3085 1162 3357 1219 tractata,
3420 1159 3589 1215 hodie
3625 1161 3940 1230 deperdita.

2306 1232 2492 1290 Unum
2522 1238 2842 1309 exemplum
2867 1248 3053 1298 servat
3074 1243 3426 1302 bibliotheca
3453 1248 3705 1304 Casarea
3736 1250 3949 1307 Vindo-

2307 1321 2577 1380 bonensis
2594 1326 2745 1383 inter
2773 1342 2906 1385 mss.
2931 1330 3242 1389 historicos
3260 1335 3664 1406 consignatum
3683 1350 3842 1395 num.
3862 1336 3944 1411 56,

2307 1414 2448 1497 teste
2481 1414 2777 1472 Lambecio
2812 1417 2917 1473 lib.
2968 1434 3025 1475 1v
3066 1420 3638 1497 Commentariorum,
3683 1430 3741 1480 et
3778 1426 3947 1485 Sche-

2307 1495 2568 1558 lestratio
2613 1503 2844 1561 dissert.
2894 1504 2947 1580 3,
3000 1522 3121 1578 cap.
3175 1507 3230 1582 2,
3278 1524 3435 1566 num.
3471 1510 3520 1582 1,
3569 1495 3945 1586 Antiquitatis

2304 1589 2589 1669 Ecclesia.
2644 1594 2898 1652 Alterum
2952 1596 3164 1663 visitur
3209 1599 3266 1654 in
3315 1599 3661 1658 bibliotheca
3715 1603 3946 1663 Antuer-

2306 1678 2493 1746 piensi
2519 1681 2630 1736 BR.
2666 1683 2764 1738 PP.
2792 1684 2988 1741 societ.
3017 1687 3170 1756 Jesu,
3198 1701 3310 1757 quo
3334 1703 3476 1745 usus
3500 1696 3587 1746 est
3618 1690 3678 1753 in
3707 1705 3817 1748 sua
3839 1693 3945 1751 edi-

550 1792 729 1835 unum
782 1778 1080 1833 ostendere
1112 1776 1303 1845 cupio,
1355 1773 1506 1846 quod
1557 1771 1959 1843 prOponebam,
1993 1782 2192 1839 nempe
2217 1755 2270 1825 B
2303 1766 2460 1822 tione
2499 1769 2836 1843 Bucherius,
2890 1755 3239 1844 conquestus
3271 1777 3627 1835 membranas
3676 1782 3940 1836 Brenneri

545 1870 872 1922 contextum
893 1865 1053 1920 Libri
1073 1862 1430 1919 Pontiﬁcalis
1452 1875 1484 1917 a
1501 1866 1697 1916 sancto
1721 1860 1885 1917 Petro
1906 1873 2090 1930 usque
2117 1860 2187 1919 ad

545 1952 787 2008 Felicem
818 1955 886 2007 IV
914 1952 1138 2007 desumi
1172 1950 1508 2021 plerumque
1539 1961 1608 2003 ex
1631 1946 1897 2018 Catalogo
1927 1960 2190 2004 summo-

545 2031 672 2096 rum
713 2040 1046 2110 pontiﬁcum
1079 2051 1178 2108 per
1218 2051 1340 2093 eam
1369 2043 1590 2092 atatem
1619 2035 1887 2092 condito:
1920 2041 1976 2091 et
2015 2036 2190 2093 addi-

544 2128 750 2197 tiones,
805 2142 932 2199 qua
984 2127 1055 2182 ab
1084 2132 1315 2182 auctore
1356 2125 1514 2180 Libri
1561 2124 1916 2181 Pontiﬁcalis
1955 2124 2188 2194 adjecta

542 2221 698 2287 sunt,
741 2217 1071 2285 desumptas
1100 2213 1281 2270 fuisse
1312 2227 1382 2269 ex
1416 2212 1776 2269 documentis
1824 2213 2188 2268 auctoritatis

542 2320 655 2363 non
681 2305 994 2362 dissimilis
1017 2303 1087 2360 ab
1107 2301 1428 2359 enuntiatis
1445 2301 1503 2355 in
1530 2302 1715 2370 primo
1738 2304 1796 2355 et
1824 2301 2072 2357 Secundo
2091 2301 2187 2357 Ca-

541 2397 748 2454 ialoao.

614 2412 956 2542 figoierum
1001 2482 1141 2538 ordo
1188 2478 1484 2536 ratiocinii
1508 2476 1785 2548 {postulat
1840 2481 1903 2533 ut
1950 2478 2073 2547 ipsa
2113 2478 2184 2534 de

538 2574 883 2632 auctoritate
899 2585 1087 2628 rerum
1120 2570 1180 2625 in
1212 2574 1457 2639 utroque
1471 2565 1736 2638 Catalogo
1752 2566 2180 2623 enuntiatarum

539 2663 709 2735 paulo
759 2662 1103 2734 diligentius
1134 2658 1517 2729 inquiramus.
1549 2655 1689 2711 Cum
1735 2655 1888 2710 enim
1942 2655 2180 2723 hujusce

532 2753 691 2810 Libri
715 2757 941 2810 textura
963 2750 1249 2821 pracipua
1275 2746 1450 2803 fuerit
1468 2760 1536 2802 ex
1559 2744 1844 2815 CataIOgis
1857 2744 2174 2815 desumpta,

534 2841 931 2913 ignoraremus
943 2835 1194 2907 profecto
1210 2841 1484 2906 quantum
1507 2832 1688 2888 tribui
1714 2831 1895 2902 possit
1915 2831 2174 2888 Vitarum

528 2927 956 2997 collectoribus,
977 2926 1092 2981 nisi
1110 2929 1241 2980 ante
1269 2922 1618 2993 exploratam
1648 2920 1985 2977 haberemus
2008 2920 2169 2981 ﬁdem

529 3018 838 3089 utriusque
858 3015 1133 3087 Catalogi,
1172 3013 1465 3083 totiusque
1493 3011 1684 3081 operis
1714 3009 2167 3068 fundamentum.

2299 1861 2462 1911 atate
2488 1872 2590 1913 sua
2622 1873 2733 1915 non
2758 1874 2881 1917 esse
2910 1864 3270 1932 superstites.

2368 1944 2811 2004 Schelestratius
2858 1949 3071 2020 (Antiq.
3098 1954 3267 2018 Eccl.,
3300 1954 3443 2010 diss.
3476 1952 3529 2025 3,
3562 1969 3686 2026 cap.
3719 1953 3781 2027 2,
3805 1970 3859 2012 n.
3899 1955 3943 2029 4)

2298 2034 2523 2107 curavit
2578 2035 2872 2097 lectionem
2916 2041 3161 2110 exempli
3201 2042 3439 2101 Casarei
3491 2043 3943 2111 Vindobonensis

2297 2125 2544 2179 conferri
2567 2139 2696 2181 cum
2727 2127 3102 2198 Bucheriana,
3136 2130 3260 2186 sive
3291 2131 3722 2205 Antuerpiensi,
3764 2149 3863 2205 per
3882 2136 3939 2193 Il.

2297 2211 2353 2265 P.
2395 2209 2775 2284 Janningum;
2807 2220 2950 2286 tum,
2984 2222 3049 2272 ut
3089 2218 3323 2275 lacunas
3364 2221 3537 2289 hujus
3586 2223 3855 2292 impleret
3880 2238 3942 2280 ex

2294 2298 2759 2371 Vindobonensi;
2810 2309 2929 2358 tum
2969 2305 3161 2377 etiam,
3210 2314 3271 2362 ut
3303 2309 3592 2365 variantes
3639 2313 3943 2383 utriusque

2293 2387 2536 2456 exempli
2573 2389 2847 2446 lectiones
2890 2392 3088 2448 daret:
3127 2396 3602 2465 quemadmodum
3627 2399 3943 2457 Bucherius

2295 2474 2354 2530 in
2403 2478 2658 2549 margine
2686 2482 2980 2537 annotavit
3015 2496 3078 2538 ea
3122 2499 3246 2554 qua
3271 2485 3495 2541 variant
3527 2486 3586 2542 in
3617 2501 3721 2544 suo
3750 2490 3942 2547 codice

2291 2576 2323 2618 a
2344 2562 2588 2621 lectione
2614 2568 2975 2637 Cuspiniani.
2996 2572 3206 2627 Horum
3232 2573 3414 2644 igitur
3444 2575 3779 2639 illustrium
3802 2579 3920 2636 viro

2290 2666 2416 2709 rum
2455 2654 2684 2713 collatis
2726 2656 3040 2723 laboribus,
3081 2661 3565 2730 deprehendimus
3600 2665 3934 2738 Catalogum

2288 2742 2519 2810 quidem
2546 2742 2727 2801 fuisse
2742 2753 3066 2804 contextum
3086 2749 3195 2806 sub
3226 2751 3455 2807 Liberio
3477 2766 3642 2823 papa,
3670 2756 3778 2811 sed
3801 2758 3939 2826 ejus-

2285 2830 2410 2886 dem
2433 2835 2848 2905 autographum
2871 2850 2979 2893 non
3008 2852 3324 2908 superesse.
3350 2842 3431 2897 Ex
3457 2840 3726 2911 pluribus
3753 2851 3933 2901 tamen

2282 2921 2561 2990 exemplis
2609 2923 2741 2979 inde
2793 2927 3159 2996 transcriptis
3214 2942 3391 2984 unum
3426 2930 3932 2990 ‘membranaceum

2280 3007 2636 3079 Cuspiniano
2664 3018 2979 3082 spectatum
3011 3015 3181 3072 hodie
3201 3017 3540 3090 desiderari,
3559 3020 3675 3077 duo
3696 3021 3933 3079 charta—

522 3107 640 3181 Age
663 3108 842 3179 igitur
874 3105 1120 3176 primum
1141 3103 1211 3159 de
1233 3101 1643 3170 exemplarium
1666 3100 1775 3157 ﬁde
1803 3114 1869 3157 ac
1893 3106 2171 3157 vetustate
2196 3088 2243 3150 Ο
2279 3109 2374 3152 cea
2407 3113 2701 3168 superesse
2727 3102 2968 3159 minoris
3007 3104 3398 3176 antiquitatis,
3425 3111 3482 3162 et
3513 3088 3572 3163 in
3605 3109 3693 3165 eis
3721 3111 3933 3182 depre-

520 3196 834 3264 videamus,
864 3193 1013 3250 unde
1025 3190 1279 3262 Catalogi
1308 3190 1582 3258 descripti
1609 3194 1777 3257 sunt;
1807 3203 1936 3244 mox
1963 3189 2033 3245 de
2055 3190 2167 3245 do-

517 3285 805 3341 cumentis
864 3281 1133 3354 genuinis
1177 3280 1326 3336 unde
1392 3279 1700 3347 scriptores
1762 3277 2160 3349 Catalogorum

514 3373 810 3443 potuerint
840 3371 943 3427 illa
969 3371 1266 3426 desumere
1286 3381 1413 3437 qua
1440 3366 1509 3421 ad
1542 3378 1645 3421 nos
1691 3365 2155 3421 transmiserunt.

589 3459 671 3516 14.
719 3461 1051 3532 Catalogum
1110 3459 1359 3529 priorem
1412 3454 1520 3511 sub
1581 3452 1809 3509 Liberio
1859 3453 2155 3509 conditum

509 3550 661 3605 circa
687 3561 902 3606 annum
935 3545 1041 3603 354
1082 3547 1267 3603 edidit
1301 3544 1524 3615 primus
1559 3544 1722 3599 Pater
1748 3541 2013 3614 Egidius
2036 3543 2157 3597 Bu-

508 3639 743 3694 cherius
781 3637 841 3691 in
873 3635 1145 3705 praclaro
1190 3648 1298 3689 suo
1325 3631 1743 3689 Commentario
1770 3632 1840 3688 ad
1871 3632 2151 3689 Canonem

508 3724 835 3779 Paschalem
861 3722 1105 3777 Victorii
1136 3718 1433 3790 Aquitani,
1466 3733 1578 3773 una
1599 3734 1727 3776 cum
1747 3726 1995 3793 quatuor
2017 3722 2155 3779 aliis

503 3810 804 3882 opusculis
837 3809 906 3865 ad
931 3807 1183 3864 eamdem
1207 3812 1428 3862 atatem
1454 3804 1786 3877 referendis,
1815 3808 1901 3863 uti
1932 3816 2154 3865 constat

502 3914 571 3956 ex
617 3898 1045 3955 enumeratione
1081 3894 1384 3951 consulum
1439 3896 1841 3966 Romanorum,
1885 3909 2150 3966 expressa

499 3989 560 4043 in
582 3988 767 4057 primo
792 3984 1070 4056 opusculo
1093 3984 1164 4040 de
1195 3983 1479 4053 prafectis
1500 3982 1661 4053 Urbi,
1685 3989 1742 4039 et
1779 3983 1838 4039 in
1873 3986 2145 4057 secundo,

501 4075 796 4145 complexo
834 4077 1232 4146 Fragmentum
1263 4077 1517 4129 veterum
1546 4073 1864 4141 Fastorum,
1893 4086 2023 4131 cum
2053 4076 2148 4130 Fe-

500 4164 629 4236 riis,
661 4163 910 4234 Epactis,
939 4169 995 4219 et
1028 4162 1196 4232 Cyclo
1226 4161 1556 4218 Latinorum
1590 4174 1689 4230 per
1718 4175 1899 4218 annos
1920 4159 1991 4217 84
2019 4161 2143 4218 dif—

498 4253 667 4310 fuso:
713 4254 783 4309 de
807 4267 921 4325 quo
966 4252 1139 4309 etiam
1167 4251 1381 4308 librum
1424 4251 1700 4311 celebrem
1742 4256 1907 4308 atate
1948 4257 2142 4310 nostra

495 4342 843 4412 conscripsit
868 4342 1149 4398 Henricus
1191 4340 1507 4399 cardinalis
1545 4340 1830 4397 Norisius.
1875 4341 2142 4413 Quinque

2276 3184 2450 3242 bendi
2481 3187 2706 3259 aliquot
2729 3196 2915 3246 errata
2938 3194 3398 3264 amanuensium,
3426 3209 3554 3265 qua,
3581 3197 3928 3257 Schelestra-

2276 3273 2395 3328 tius
2443 3278 2667 3332 curavit
2710 3279 3000 3351 detergere
3048 3294 3148 3350 per
3194 3281 3558 3339 collationem
3617 3288 3928 3359 utriusque

2271 3360 2490 3416 codicis
2536 3377 2665 3418 cum
2711 3364 3103 3434 Cuspiniano;
3146 3368 3287 3423 adeo
3317 3373 3383 3424 ut
3419 3370 3478 3426 in
3526 3371 3922 3432 Schelestratii

2267 3448 2521 3505 editione
2541 3452 2685 3507 satis
2707 3453 3066 3509 emendatum
3098 3455 3445 3525 opusculum
3478 3460 3814 3523 habeamus.

2341 3532 2421 3591 15.
2456 3538 2614 3594 Alter
2627 3540 2932 3611 Catologus
2951 3542 3022 3598 ad
3049 3547 3271 3599 atatem
3295 3546 3612 3604 Justiniani
3646 3548 3919 3621 refertur,
3986 3578 3987 3585 η

2265 3636 2393 3678 cum
2424 3624 2653 3683 desinat
2683 3627 2743 3683 in
2774 3627 2962 3685 Felice
2986 3632 3074 3702 1V,
3102 3631 3256 3688 circa
3285 3647 3499 3690 annum
3534 3636 3751 3693 Christi
3791 3638 3917 3696 530.
3986 3636 3987 3702 ἦ

2262 3712 2468 3770 Editus
2512 3716 2761 3784 primum
2803 3716 2917 3773 fuit
2954 3732 3022 3774 ex
3064 3721 3262 3776 codice
3298 3722 3721 3784 membranaceo
3769 3742 3924 3798 qua—

2262 3802 2438 3859 drata
2481 3802 2694 3877 forma,
2741 3807 2958 3877 scripto
2982 3808 3139 3864 circa
3186 3815 3406 3867 atatem
3448 3813 3637 3870 Caroli
3683 3816 3914 3886 Magni:
3986 3802 3987 3877 ἶ

2262 3903 2427 3960 quem
2444 3893 2682 3949 Parisiis
2706 3900 2958 3966 emptum
2985 3910 3018 3955 a
3043 3897 3237 3970 regina
3263 3898 3576 3972 Christina,
3604 3906 3660 3958 et
3678 3902 3915 3960 Romam
3986 3900 3987 3959 ἶ

2259 3980 2620 4054 translatum,
2669 3988 2797 4054 post
2841 3986 2967 4054 ejus
3020 3999 3151 4043 vero
3196 3993 3429 4043 mortem
3467 3987 3540 4043 ab
3586 3989 3917 4049 haredibus
3986 4010 3987 4073 ξ

2255 4077 2573 4139 coemptum
2591 4072 2910 4141 Alexander
2935 4088 3078 4145 papa
3098 4077 3212 4132 VIII
3231 4075 3595 4133 bibliotheca
3624 4078 3915 4137 Vaticana
3986 4088 3987 4099 ‘

2253 4155 2488 4215 donavit
2533 4174 2664 4217 cum
2710 4163 2934 4219 cateris
2970 4163 3268 4219 codicibus
3316 4178 3450 4221 mss.
3496 4167 3578 4222 Ex
3620 4180 3686 4223 eo
3709 4168 3914 4226 codice
3986 4196 3987 4199 η

2253 4245 2461 4318 regina
2485 4248 2793 4306 Christina
2820 4251 3131 4323 vulgarunt
3151 4252 3324 4324 primi
3344 4253 3455 4308 RR.
3490 4255 3590 4308 PP.
3627 4256 3911 4315 Hensche-

2251 4337 2386 4397 nius
2430 4344 2486 4395 et
2531 4339 2954 4409 Papebrochius
2995 4341 3055 4396 in
3102 4341 3521 4411 Prolegomenis
3565 4344 3637 4399 ad
3683 4347 3905 4406 tomum

496 4432 615 4487 hac
648 4431 944 4502 opuscula,
980 4431 1130 4488 inter
1168 4444 1294 4501 qua
1326 4430 1640 4501 principem
1690 4430 1877 4489 locum
1920 4432 2141 4488 obtinet
2168 4437 2222 4498 D
2251 4427 2499 4497 primum
2528 4427 2769 4499 Aprilis.
2804 4430 3007 4485 Verum
3050 4441 3163 4484 non
3197 4429 3341 4483 satis
3382 4436 3645 4488 accurate
3673 4433 3907 4493 descri—

494 4520 798 4592 Catalogus
817 4520 887 4576 de
912 4535 1025 4591 quo
1048 4520 1298 4591 agimus,
1329 4518 1771 4575 continebantur
1790 4520 1849 4575 in
1880 4521 2141 4592 antiquis
2252 4520 2411 4585 ptum
2438 4515 2814 4588 deprehendit
2843 4517 2930 4572 ill.
2958 4516 3164 4586 praesul
3185 4516 3646 4592 Schelestratius,
3669 4534 3804 4578 cum
3830 4524 3902 4583 ab
3986 4560 3987 4563 η

497 4609 860 4680 membranis,
900 4622 933 4665 a
974 4610 1187 4665 Joanne
1216 4610 1518 4677 Brennero,
1562 4608 1718 4679 regio
1749 4612 2056 4666 secretario
2084 4617 2141 4667 et
2251 4605 2464 4675 inclyta
2493 4607 2691 4679 regina
2728 4609 2914 4663 Roma
2956 4611 3341 4663 commorante
3377 4605 3705 4666 facultatem
3735 4612 3902 4668 obti—
3986 4646 3987 4651 η

456 4678 467 4693 ’
490 4700 752 4755 actuario
779 4678 1063 4755 ίη-εθηαῑιι
1082 4696 1590 4768 Luxemburgensi,
1622 4678 1773 4757 dono
1791 4697 1944 4753 datis
1969 4700 2140 4755 Anso—
2249 4695 2473 4749 nuisset
2496 4678 2623 4767 ejus
2643 4694 2869 4750 vivendi
2895 4707 2961 4748 ac
2982 4706 3151 4763 penes
3171 4707 3231 4750 se
3261 4694 3506 4753 habendi
3546 4711 3645 4768 per
3674 4712 3899 4759 menses

488 4788 675 4858 villio,
721 4788 840 4860 regi
881 4786 1164 4843 catholico
1201 4800 1234 4842 a
1261 4787 1502 4856 privatis
1529 4786 1806 4842 Bruxella
1833 4788 2133 4846 consiliis:
2246 4783 2591 4853 complures.
2613 4784 2762 4854 Quin
2793 4783 2965 4837 etiam
2987 4796 3116 4839 cum
3151 4785 3496 4855 percepisset
3523 4786 3685 4843 aliud
3710 4802 3897 4847 exem-

486 4883 543 4934 et
571 4890 639 4933 ex
661 4878 738 4933 iis
755 4877 1147 4946 Cuspinianus
1166 4876 1606 4945 transcripserat
1630 4876 1861 4931 nomina
1887 4878 2136 4947 complu-
2248 4871 2404 4941 plum
2426 4873 2678 4942 ejusdem
2704 4871 2957 4943 Catalogi
2980 4874 3220 4942 reperiri
3252 4875 3311 4931 in
3336 4881 3558 4931 vetusto
3588 4876 3787 4934 codice
3812 4878 3895 4937 bi-

486 4967 640 5022 rium
671 4967 992 5037 consulum,
1028 4973 1091 5023 ut
1116 4979 1362 5037 persape
1391 4969 1634 5023 testatur
1660 4966 1720 5020 in
1740 4980 1844 5021 suo
1870 4965 2020 5023 libro
2038 4967 2135 5024 Fa-

485 5059 742 5123 storum;
803 5056 885 5113 ita
945 5058 1117 5114 etiam
1165 5056 1498 5113 observante
1536 5054 1816 5109 Bucherio
1844 5054 1987 5125 (cap.
2042 5052 2127 5128 44,

481 5158 608 5212 pag.
651 5138 818 5213 244):
867 5144 944 5197 Iis
998 5144 1366 5212 membranis)
1388 5142 1647 5212 pluscula
1673 5143 1844 5207 ignoti
1888 5143 2126 5212 quidem,

2244 4959 2544 5017 bliotheca
2586 4959 2926 5015 Colbertina
2950 4957 3116 5031 (num.
3155 4960 3308 5035 4868)
3332 4963 3586 5033 ejusdem
3620 4965 3893 5037 antiqui—
3985 4992 3987 5014 l

2244 5050 2400 5120 tatis,
2447 5062 2644 5120 nempe
2665 5049 2852 5104 atatis
2875 5049 3063 5105 Caroli
3100 5052 3312 5123 Magni,
3340 5052 3670 5123 impetravit
3698 5068 3731 5108 a
3760 5055 3891 5111 cla—
3986 5070 3987 5105 ι

2240 5138 2474 5195 rissimo
2526 5138 2649 5195 viro
2704 5137 2989 5208 Stephano
3041 5139 3273 5196 Baluzio
3334 5146 3399 5196 ut
3450 5141 3581 5197 inde
3636 5141 3890 5201 ﬁdeliter
3986 5152 3987 5155 ‘

479 5231 576 5287 sed
604 5232 996 5299 antiquissimi,
1029 5237 1079 5286 et
1119 5235 1214 5300 qui
1252 5231 1353 5287 sub
1388 5229 1749 5308 Constantino
1786 5228 2129 5287 Constantini
2238 5227 2730 5286 transcriberetur.
2780 5228 3099 5285 Plurimum
3170 5242 3301 5286 vero
3344 5230 3575 5305 gavisus
3624 5236 3709 5287 est
3748 5245 3883 5290 cum
3985 5260 3987 5285 ι

476 5320 669 5387 Magni
708 5321 822 5391 ﬁlio
862 5321 1066 5375 viaisse
1110 5321 1347 5384 videtur,
1378 5320 1658 5389 scriptoris
1706 5320 2123 5376 continebantur
2236 5324 2534 5388 utramque
2560 5316 2884 5387 lectionem,
2910 5317 3132 5374 codicis
3154 5318 3383 5390 Regina
3420 5320 3750 5391 Christina,
3778 5336 3882 5379 seu

473 5410 733 5479 opuscula
762 5425 884 5480 qua
911 5408 1280 5479 Cuspinianus
1304 5412 1364 5464 in
1392 5423 1586 5473 manus
1617 5408 1872 5466 habuisse
1896 5425 1953 5465 se
1973 5412 2117 5482 plu—
2229 5406 2510 5478 Vaticani,
2532 5406 2917 5465 etColbertini
2939 5407 3105 5477 plane
3124 5409 3445 5465 consentire
3468 5414 3737 5479 expertus
3757 5417 3873 5468 est:

464 5499 621 5554 ribus
673 5500 961 5558 Fastorum
1005 5512 1229 5557 suorum
1271 5498 1401 5553 locis
1442 5500 1732 5570 signiﬁcat.
1791 5499 1894 5556 His
1945 5500 2110 5563 addit

3984 5342 3988 5379 l

3985 5430 3988 5467 1

2224 5496 2429 5553 leviori
2472 5499 2695 5558 tantum
2747 5496 3089 5555 discrimine
3134 5496 3446 5569 aliquando
3492 5488 3885 5556 intercedente
3985 5522 3987 5559 λ

468 5587 786 5647 cardinalis
822 5587 1095 5651 Norisius
1130 5587 1492 5654 eruditorum
1540 5587 1768 5657 nomine
1811 5601 2112 5663 commune
2222 5585 2401 5655 unius
2418 5586 2683 5659 elementi
2709 5585 2773 5655 in
2801 5585 3123 5655 litterisvel
3141 5586 3387 5657 unitatis
3412 5585 3472 5649 in
3503 5586 3793 5655 numeris:
3818 5593 3875 5649 et
3982 5614 3987 5651 ς

3982 5698 3987 5741 l
