4034 6196
127 355 180 413 ξδ
1599 320 1975 392 ΡΒᾸΞῨᾹΤῙΟ.
3134 392 3138 394 ,
3399 336 3470 397 46

125 493 198 552 per
221 475 504 544 utrumqite
533 467 783 526 codicem
811 460 962 524 vidit
998 455 1126 522 dari
1153 460 1480 521 ordinatam
1504 453 1710 518 seriem
1738 464 1794 524 A
1820 453 2026 528 Pati-is,
2053 447 2225 516 Filius
2248 460 2348 516 Dei
2364 447 2497 525 cibi,
2520 448 2778 517 eumdem
2799 443 3086 517 Simonem
3106 441 3467 552 designatum

128 548 334 640 priorum
353 557 679 634 pontiﬁcum
698 559 1104 626 Romanorum,
1124 567 1359 624 eamque
1377 548 1714 622 responden-

1819 545 2096 605 vicarium
2119 551 2296 606 suum
2316 550 2574 605 neminat
2594 550 2861 606 Simonem
2883 549 3178 614 Bar-Jona,
3203 539 3471 608 Simonem

128 635 210 712 iam
234 651 425 710 Canoni
461 669 475 717 ;
508 662 675 719 quam
725 645 1025 702 lectionem
1061 643 1242 700 editio
1284 640 1714 698 Henscheniana
1819 639 1996 706 ﬁlium
2022 640 2271 730 Joannis,
2311 638 2519 730 deinde
2554 635 3032 730 Cephas,APetrum
3073 638 3296 709 (Matth.
3329 641 3471 730 xvi).

128 743 414 800 turbaverat.
447 738 522 792 De
552 736 814 792 codicum
861 729 1149 803 scriptura
1180 737 1350 802 atque
1380 733 1542 785 aetate
1573 743 1720 798 sup—
1821 727 2147 784 Prmcursor
2193 727 2408 783 Christi
2469 729 2713 784 Joannes
2763 728 2833 784 de
2879 727 3081 800 genere
3130 720 3475 788 sacerdotali

129 832 222 903 pari
245 827 423 885 Carolo
451 824 650 898 Magno
688 821 957 880 dubitare
985 835 1093 878 non
1127 821 1272 876 sinit
1297 819 1479 891 ﬁgura
1509 817 1720 903 chara—
1826 816 2048 872 dicitur
2074 817 2311 870 Joannes
2333 815 2609 870 Zachariae
2632 818 2799 887 ﬁlius.
2829 813 3073 874 Joannes
3102 811 3474 890 evangelista,

128 892 300 975 iterum
324 922 373 972 et
392 892 794 984 libriInecnon
817 911 1062 981 adjectio
1089 909 1453 980 sequentium
1482 892 1723 976 pontiﬁ—

128 1022 244 1077 cum,
274 1007 328 1060 in
358 1002 678 1060 Colbertino
719 999 948 1072 quidem
986 999 1054 1054 ad
1091 999 1406 1055 Adrianum
1450 995 1718 1066 primum,

128 1104 167 1151 et
191 1099 392 1150 Leonem
419 1097 688 1163 quartum
718 1109 729 1144 :
763 1091 819 1144 in
849 1089 1126 1144 Vaticano
1155 1101 1307 1149 vero,
1339 1099 1440 1141 seu
1464 1081 1724 1138 Christi-

130 1184 265 1238 niano
305 1187 355 1237 et
397 1179 785 1235 Alexandrino
827 1177 897 1232 ad
942 1175 1268 1231 Paschalem
1308 1175 1330 1229 Ι
1367 1171 1508 1241 ;ubi
1550 1170 1721 1226 etiam

130 1273 300 1343 legitur
322 1269 706 1326 testimonium
739 1267 924 1322 aetatis
956 1265 1012 1320 in
1041 1263 1309 1334 periocha
1337 1261 1430 1317 his
1457 1263 1725 1330 concepta

130 1359 376 1415 verbiszA
402 1360 655 1428 passione
699 1357 913 1410 Domini
951 1356 1126 1408 nostri
1161 1354 1288 1406 Jesu
1325 1349 1529 1407 Christi
1557 1363 1726 1419 usque

129 1453 186 1506 ad
220 1450 372 1505 sedem
411 1448 712 1502 beatissimi
747 1443 1058 1498 Marcellini
1086 1457 1249 1512 papa
1277 1443 1404 1494 sunt
1433 1439 1571 1494 anni
1596 1433 1723 1502 276,

129 1555 293 1595 menses
328 1536 376 1592 8.
413 1537 489 1590 De
532 1534 844 1604 apostolatu
873 1533 997 1601 jam
1037 1531 1182 1599 facto
1231 1529 1432 1584 Christi
1468 1529 1728 1595 martyris

129 1624 385 1683 Marcellini
428 1640 600 1694 usque
640 1623 716 1676 ad
760 1627 967 1692 tempus
1009 1621 1217 1674 domini
1257 1615 1439 1673 Caroli
1478 1617 1620 1684 regis
1658 1607 1728 1670 25

1829 909 1885 962 et
1911 905 2154 961 Jacobus
2183 906 2436 976 ejusdem
2464 905 2639 961 frater
2668 907 2852 963 vocati
2880 907 2948 963 ad
2981 906 3362 978 apostolatum
3397 911 3481 966 di-

1831 997 2044 1050 cuntur
2088 996 2193 1064 ﬁlii
2233 994 2473 1050 Zebedei.
2526 997 2678 1052 Satis
2720 990 2906 1053 elucet
2958 997 3049 1054 his
3094 999 3154 1054 in
3201 999 3480 1069 exemplis

1831 1083 2186 1139 consuetudo
2232 1085 2420 1140 aetatis
2464 1099 2528 1140 ac
2571 1085 2869 1157 regionis:
2908 1098 3076 1157 quam
3120 1087 3191 1143 ab
3229 1081 3482 1144 Hebrmis

1834 1173 2043 1241 passim
2072 1173 2342 1228 retentam
2364 1187 2428 1229 ea
2450 1175 2780 1244 tempestate
2797 1175 3154 1232 addiscimus
3170 1176 3240 1233 ab
3261 1192 3481 1234 eorum-

1831 1260 1958 1316 dem
2003 1262 2293 1318 sacerdote
2336 1268 2506 1333 atque
2550 1263 2830 1320 historico
2869 1260 3133 1336 Josepho,
3183 1268 3479 1337 proprium

1835 1363 2034 1405 nomen
2060 1351 2136 1405 ita
2163 1351 2536 1423 consignahte
2564 1353 2622 1408 in
2647 1354 2880 1425 prologo
2901 1355 2970 1412 ad
3000 1353 3214 1412 librum
3241 1347 3310 1412 de
3331 1341 3482 1413 bello

1832 1439 2070 1496 Judaico
2109 1458 2121 1494 :
2165 1441 2278 1509 Ego
2319 1441 2581 1512 Iosephus
2638 1443 2921 1498 Matathiae
2968 1445 3140 1515 ﬁlius,
3198 1446 3480 1509 Hebraeus,

1835 1528 2087 1582 sacerdos
2125 1545 2191 1583 ea:
2229 1531 2635 1600 Hierosolymis.
2682 1529 2831 1601 Quid
2878 1532 3017 1590 huic
3070 1534 3479 1591 consuetudini

1835 1615 2113 1687 similius,
2157 1631 2324 1688 quam
2361 1632 2425 1674 ea
2461 1634 2587 1689 qua:
2628 1625 2889 1677 servatur
2930 1623 2986 1677 in
3021 1625 3271 1680 secundo
3312 1611 3486 1680 Cata-

131 1718 258 1769 anm's
288 1715 432 1781 regni
469 1713 611 1781 ejus,
645 1710 741 1765 hoc
773 1714 851 1764 est
888 1724 1058 1778 usque
1087 1708 1162 1762 ad
1194 1721 1297 1762 VIII
1338 1706 1463 1760 Kal.
1512 1701 1726 1774 Aprilis
1837 1703 1965 1777 logo
1990 1704 2017 1758 ?
2042 1705 2328 1770 Anicetus,
2375 1710 2595 1762 natione
2638 1705 2832 1778 Syrus,
2869 1725 2936 1764 ea:
2966 1716 3128 1781 patre
3155 1715 3383 1777 Joanne,
3418 1713 3483 1768 de

131 1810 229 1859 sunt
251 1805 370 1858 anni
397 1799 496 1858 490
517 1805 568 1855 et
598 1815 805 1854 menses
835 1796 919 1854 i3.
950 1799 1074 1852 Haec
1099 1797 1169 1852 de
1192 1795 1589 1866 Catalogorum
1618 1807 1728 1849 an—
1757 1781 1809 1843 B
1834 1796 1948 1848 uico
1979 1795 2190 1857 Amisa,
2218 1797 2325 1850 etc.
2357 1797 2508 1859 Pius,
2533 1799 2752 1852 natione
2775 1799 2972 1862 Italus,
2999 1816 3068 1854 ea:
3082 1805 3244 1870 patre
3267 1803 3480 1872 Rufino,

133 1891 369 1962 tiquitate,
399 1906 460 1946 ac
485 1890 555 1946 de
581 1893 868 1945 vetustate
893 1889 1064 1959 atque
1088 1883 1433 1941 auctoritate
1463 1882 1728 1938 codicum

136 1983 248 2036 unde
273 1983 433 2052 petita
461 1979 648 2036 editio
681 1978 915 2034 illorum
962 1973 1096 2046 fuit,
1141 1974 1426 2031 delibasse
1459 1967 1726 2028 suﬁiciat.

130 2071 214 2139 Qui
235 2070 378 2140 plura
397 2070 574 2140 cupit,
608 2068 776 2124 adeat
796 2065 1085 2122 laudatam
1108 2060 1500 2120 Schelestratii
1523 2060 1732 2116 disser-

133 2159 378 2212 tationem.

187 2243 255 2301 46.
297 2245 506 2302 Gradus
549 2242 691 2300 inde
734 2241 1031 2298 faciendus
1069 2241 1156 2297 est
1200 2239 1268 2295 ad
1317 2234 1730 2309 inquirendum

129 2333 180 2388 de
200 2336 512 2390 auctoritate
539 2346 734 2389 rerum
764 2333 822 2386 in
850 2336 1094 2402 utroque
1121 2327 1388 2399 Catalogo
1414 2324 1732 2382 enuntiata-

131 2438 245 2477 rum.
271 2423 597 2478 Summatim
626 2421 906 2492 agendum
937 2421 1044 2489 est,
1073 2418 1287 2490 quibus
1312 2415 1598 2472 subnixus
1621 2413 1734 2468 do—

128 2512 371 2568 cumentis
409 2520 613 2568 auctor
644 2509 836 2582 quarti
881 2509 1078 2565 saeculi
1111 2507 1219 2563 sub
1251 2506 1479 2562 Liberio
1523 2502 1734 2558 rescire

129 2608 302 2670 posset,
323 2615 385 2657 ac
404 2601 570 2657 nobis
599 2600 820 2655 tradere
841 2610 1196 2669 quaecunque
1217 2596 1430 2665 scripta
1452 2591 1652 2648 retulit
1675 2590 1734 2644 in

130 2689 342 2756 primum
366 2689 693 2762 Catalogum
720 2707 734 2759 ;
757 2686 997 2758 parique
1019 2685 1140 2758 lege
1166 2683 1533 2755 quaerendum
1561 2678 1736 2734 estde

125 2778 333 2834 alterius
357 2779 606 2850 Catalogi
631 2783 863 2833 auctore
884 2776 992 2832 sub
1010 2775 1360 2844 Justiniano,
1386 2771 1733 2842 quibusnam

126 2866 180 2921 de
201 2866 441 2923 fontibus
468 2867 769 2938 hauserit;
794 2869 913 2921 tum
940 2879 1004 2920 ea
1039 2879 1161 2935 qum
1187 2863 1397 2932 adjecit
1421 2873 1597 2930 supra
1625 2858 1738 2914 Ca-

129 2956 348 3028 talogum
370 2957 617 3027 primum
641 2955 1011 3027 pontiﬁcibus
1035 2954 1093 3010 in
1114 2967 1179 3010 eo
1204 2951 1532 3008 memoratis
1554 2959 1738 3020 usque

128 3045 181 3099 ad
209 3046 504 3117 Liberium,
536 3053 664 3102 tum
695 3059 758 3101 ea
788 3058 914 3116 qua:
944 3044 1004 3101 in
1034 3041 1257 3100 caeteris
1289 3047 1415 3112 post
1443 3037 1736 3096 Liberium

128 3135 371 3204 perduxit
396 3137 462 3192 ad
493 3135 739 3191 Felicem
770 3134 854 3190 IV.

181 3223 246 3279 Ut
262 3225 424 3294 justaa
447 3222 853 3295 disquisitioni
884 3220 1088 3278 faciam
1109 3219 1272 3291 satis,
1301 3215 1518 3275 attendi
1546 3216 1737 3284 velim,

129 3309 174 3364 in
202 3312 374 3382 priori
415 3312 680 3384 Catalogo
709 3325 741 3367 a
772 3316 966 3367 sancto
1006 3311 1168 3366 Petro
1197 3309 1264 3364 ad
1300 3306 1591 3364 Liberium
1623 3305 1741 3360 haec

127 3402 380 3457 recenseri
424 3402 479 3456 in
511 3401 763 3472 singulis
807 3399 1180 3470 pontiﬁcibus
1221 3417 1232 3452 :
1271 3411 1494 3467 nomen,
1537 3408 1736 3465 annos,

126 3501 342 3560 menses,
387 3504 449 3545 ac
493 3491 620 3546 dies
666 3490 992 3546 eorumdem
1042 3485 1394 3559 regiminis;
1437 3483 1740 3541 consulum

126 3579 287 3647 paria,
320 3579 527 3648 quibus
560 3578 796 3633 initium
835 3591 900 3633 ac
933 3577 1099 3632 ﬁnem
1143 3575 1512 3646 pontiﬁcatus
1541 3572 1740 3628 consi—

126 3672 244 3733 gnat
270 3684 286 3733 ;
311 3674 364 3721 et
392 3667 608 3722 alicubi
655 3667 878 3721 decreta
923 3664 1220 3734 nonnulla,
1257 3668 1321 3718 ut
1353 3663 1412 3718 in
1443 3661 1692 3716 Fabiano
1724 3678 1739 3730 ;

121 3752 332 3822 aliquot
353 3767 482 3808 vero
506 3751 746 3808 aediﬁcia
767 3756 826 3808 in
848 3754 1024 3823 Julio,
1049 3767 1214 3823 quem
1240 3752 1505 3806 Liberius
1526 3748 1744 3819 excipit

129 3839 280 3894 illius
296 3841 538 3913 Catalogi
562 3849 899 3912 postremus.
924 3843 986 3896 In
1003 3841 1251 3902 secundo
1273 3845 1460 3895 autem
1478 3837 1744 3907 Catalogo

123 3927 341 3985 additur
367 3945 566 3987 nomen
594 3931 794 4002 patris,
827 3936 882 3987 et
906 3931 1068 3987 locus
1096 3931 1155 3985 in
1185 3929 1353 3999 Urbe,
1381 3933 1482 3984 aut
1515 3928 1574 3983 in
1607 3941 1746 3996 pro-

123 4018 318 4090 vincia,
350 4020 445 4075 ubi
476 4026 648 4077 natus
677 4024 763 4076 est
795 4020 844 4075 is
875 4020 974 4090 qui
1017 4017 1274 4089 pontifex
1318 4024 1508 4088 postea
1539 4015 1741 4072 evasit.

118 4105 337 4177 Adjecta
368 4113 500 4165 sunt
527 4110 752 4166 decreta
781 4114 836 4164 et
867 4108 1265 4164 institutiones
1295 4107 1514 4163 rituum
1547 4118 1748 4160 sacro—

118 4210 230 4251 rum
261 4199 574 4267 przesertim
611 4199 670 4253 in
716 4198 999 4254 sacriﬁcio
1043 4199 1233 4253 missae
1279 4194 1613 4267 peragendo,
1647 4197 1749 4249 aut

117 4284 254 4340 circa
280 4285 568 4356 publicam
597 4286 860 4342 Ecclesia:
881 4287 1250 4356 disciplinam
1277 4285 1542 4340 inductae.
1571 4283 1749 4352 Adje-

117 4379 204 4428 ctae
223 4375 398 4430 etiam
421 4375 814 4431 ordinationes
839 4374 896 4430 in
919 4375 1140 4445 duplici
1163 4374 1363 4430 ordine
1385 4371 1747 4428 hierarchico

1835 1884 2011 1950 frater
2051 1885 2313 1947 Pastoris,
2350 1885 2414 1939 de
2452 1886 2667 1940 civitate
2704 1885 2982 1955 Aquileia,
3027 1893 3131 1943 etc.
3174 1888 3346 1952 Soter,
3387 1906 3484 1944 na-

1837 1974 1980 2026 tione
2010 1972 2338 2042 Campanus,
2370 1989 2438 2028 ea:
2457 1980 2618 2044 patre
2644 1973 2958 2038 Concordia,
2987 1977 3052 2030 de
3083 1976 3310 2032 Civitate
3339 1963 3480 2034 Fam

1839 2061 1946 2124 dis,
1973 2064 2078 2116 etc.
2107 2063 2345 2126 Eleuter,
2375 2065 2596 2119 natione
2625 2063 2864 2127 Graecus,
2897 2080 2964 2118 ea:
2991 2070 3148 2134 patre
3176 2066 3481 2122 Abundan-

1839 2150 1934 2211 tio,
1977 2149 2042 2203 de
2084 2151 2282 2220 oppido
2325 2152 2595 2222 Nic0poli,
2649 2158 2754 2207 etc.
2798 2153 2963 2222 Apud
3005 2155 3288 2211 Romanos
3325 2169 3477 2226 vero,

1842 2238 2154 2305 praesertim
2192 2240 2252 2293 in
2281 2239 2569 2311 Catalogis
2605 2243 2994 2312 contexendis,
3029 2244 3086 2299 id
3130 2245 3342 2314 passim
3372 2259 3486 2302 ser-

1839 2330 2030 2381 vatum
2071 2324 2253 2382 fuisse
2294 2326 2500 2383 docent
2544 2329 2972 2401 inscriptiones.
3030 2320 3168 2389 Cum
3218 2336 3371 2391 enim
3421 2337 3478 2393 in

1843 2415 2109 2486 pluribus
2139 2416 2269 2471 vitae
2290 2415 2483 2473 civilis
2505 2417 2711 2475 usibus
2735 2419 2991 2477 habenda
3011 2427 3161 2478 esset
3184 2425 3332 2480 ratio
3355 2430 3483 2483 reta-

1843 2503 1941 2572 tis,
1975 2501 2324 2576 familiaeque
2362 2505 2596 2575 plebeia:
2633 2513 2734 2564 aut
2773 2510 3028 2580 patriciae
3068 2525 3132 2568 ea
3173 2514 3484 2571 necessitas

1845 2593 2193 2648 memorandi
2224 2598 2502 2665 parentes,
2536 2596 2799 2667 patriam,
2821 2604 3040 2654 aetatem
3071 2600 3304 2657 induxit
3330 2604 3480 2674 apud

1845 2680 2126 2737 Romanos
2141 2684 2613 2740 consuetudinem
2636 2692 2701 2742 ut
2723 2685 2823 2743 illa
2843 2688 3175 2760 plerumque
3191 2691 3488 2764 consigna-

1846 2773 2045 2826 rentur
2101 2784 2212 2826 non
2272 2772 2436 2828 modo
2491 2774 2550 2828 in
2582 2773 2753 2830 libris
2805 2777 3088 2833 censoriis
3135 2777 3307 2849 (unde
3355 2794 3487 2851 pars

1846 2861 2092 2916 maxima
2122 2863 2448 2918 eorumdem
2479 2863 2738 2920 historiae
2764 2865 2956 2937 ﬁnxit,
2985 2871 3126 2924 teste
3153 2869 3226 2923 Μ.
3252 2870 3484 2946 Tullio),

1845 2964 2038 3006 verum
2082 2950 2254 3006 etiam
2287 2951 2348 3006 in
2378 2951 2594 3008 talibus
2625 2957 2979 3025 marmoreis,
3016 2959 3360 3017 auctoritate
3390 2975 3491 3032 pu-

1846 3038 1999 3095 blica
2030 3040 2237 3111 positis
2265 3045 2364 3097 aut
2394 3041 2632 3111 privata.
2663 3043 2823 3112 Quod
2851 3050 3039 3102 autem
3069 3049 3286 3105 attendi
3319 3064 3494 3108 mere-

1766 3097 1816 3166 (ἶ
1848 3135 1962 3198 tur,
1993 3097 2276 3199 pi'zecipue
2303 3129 2363 3185 in
2393 3097 2643 3187 secundo
2670 3097 3044 3205 Cataloﬁggid

1849 3216 2056 3273 ﬁcibus
2076 3219 2346 3274 Romanis
2369 3219 2428 3275 in
2451 3218 2596 3276 Urbe
2617 3221 2789 3293 natis,
2815 3236 2925 3278 non
2951 3227 3250 3282 memorari
3268 3227 3491 3291 tribum,

1847 3305 1944 3360 cui
1970 3312 2132 3362 erant
2155 3308 2395 3379 ascripti
2425 3313 2489 3364 ut
2517 3309 2689 3380 cives,
2719 3311 2814 3366 sed
2844 3314 3132 3380 regionem.
3167 3315 3224 3370 Id
3253 3329 3384 3371 vero
3411 3316 3494 3370 in-

1847 3394 2022 3464 dicat,
2057 3402 2121 3452 ut
2145 3410 2247 3468 ego
2272 3397 2543 3466 arbitror,
2579 3400 2745 3456 hasce
2771 3402 3052 3471 notiones,
3082 3417 3208 3472 quae
3236 3403 3295 3454 in
3318 3403 3494 3457 Cata-

1848 3485 1996 3556 lOgis
2055 3486 2441 3556 reperiuntur,
2496 3486 2679 3543 fuisse
2733 3488 3000 3542 collectas
3049 3501 3118 3542 ex
3172 3487 3387 3545 tabulis
3435 3497 3495 3546 et

1850 3574 2090 3644 regestis
2131 3574 2481 3644 conscriptis
2525 3587 2624 3643 per
2667 3581 2877 3642 septem
2923 3576 3180 3632 notarios
3224 3577 3494 3634 Ecclesiae

1851 3665 2134 3732 Romanae,
2162 3677 2194 3717 a
2223 3663 2504 3717 Clemente
2536 3665 2557 3716 Ι
2585 3661 2735 3716 Petri
2767 3662 3058 3733 discipulo
3088 3669 3144 3720 et
3168 3680 3496 3724 successore

1851 3751 2175 3821 assignatos
2207 3749 2441 3804 totidem
2482 3750 2817 3822 regionibus
2854 3752 3265 3811 ecclesiasticis
3303 3756 3496 3829 Urbis,

1857 3840 1913 3894 in
1937 3852 2081 3910 quas
2099 3838 2387 3895 contraxit
2404 3839 2837 3909 quatuordecim
2855 3839 2926 3895 ab
2942 3841 3201 3913 Augusto
3221 3846 3502 3902 constitu-

1854 3932 1960 3998 tas,
1983 3928 2052 3983 ad
2081 3932 2392 3998 martyrum
2416 3933 2572 3998 gesta
2600 3928 2940 4000 colligenda.
2974 3931 3284 4002 Martyrum
3309 3939 3499 3991 autem

1855 4016 1916 4071 in
1949 4030 2185 4072 numero
2214 4021 2350 4072 sunt
2380 4029 2575 4072 omnes
2604 4017 2841 4072 Romani
2884 4019 3184 4087 pontiﬁces
3215 4036 3397 4093 usque
3425 4023 3494 4079 ad

1852 4104 2222 4175 Sylvestrum.
2266 4106 2370 4159 Hic
2415 4106 2546 4172 fecit
2591 4111 2790 4175 septem
2827 4109 3072 4175 regiones
3119 4108 3278 4180 (sunt
3330 4111 3499 4168 verba

1852 4192 2107 4266 CataIOgi
2140 4193 2374 4249 secundi
2410 4193 2470 4248 in
2499 4193 2800 4268 Clemente)
2821 4200 2870 4250 et
2893 4195 3082 4252 divisit
3104 4200 3335 4254 notariis
3358 4201 3494 4270 ﬁde-

1856 4281 1998 4336 libus
2032 4283 2305 4346 Ecclesiee,
2329 4284 2425 4352 qui
2447 4287 2599 4351 gesta
2630 4289 2936 4352 martyrum
2963 4286 3190 4342 sollicite
3219 4293 3269 4342 et
3291 4291 3500 4345 curiose

1858 4383 2000 4426 unus
2027 4385 2256 4434 QUISQUE
2285 4385 2389 4428 rea
2418 4385 2693 4428 REGIONEM
2726 4387 2868 4430 sum
2893 4375 3184 4444 diligenter
3203 4381 3502 4449 perquire-

118 4460 274 4534 hujus
305 4465 517 4519 sanctze
540 4463 807 4520 Ecclesia:
832 4464 1112 4533 Romanae,
1141 4463 1597 4534 presbyterorum
1624 4460 1747 4517 sci-
1775 4457 1833 4529 Β
1856 4465 1957 4516 ret.
1981 4463 2100 4518 Mos
2123 4462 2230 4518 iste
2244 4462 2314 4518 ad
2341 4467 2600 4519 octavum
2625 4463 2897 4520 saeculum
2917 4465 3228 4535 perductus
3242 4472 3346 4538 est,
3371 4482 3500 4525 cum

116 4548 232 4608 licet
255 4566 321 4608 ac
346 4553 746 4624 diaconorum,
779 4566 996 4608 necnon
1027 4553 1425 4622 episcOporum
1451 4557 1610 4607 extra
1634 4551 1750 4606 Ur-

117 4637 240 4711 bem,
271 4641 344 4696 ab
374 4640 517 4696 aliis
546 4641 917 4712 pontiﬁcibus
959 4640 1273 4697 celebratae.
1321 4641 1426 4696 Per
1457 4639 1589 4696 illas
1616 4654 1749 4698 vero

116 4735 308 4800 aetates,
337 4731 496 4787 unde
522 4730 831 4802 incipiunt,
861 4735 917 4787 et
943 4731 1003 4786 in
1031 4745 1174 4802 quas
1196 4730 1473 4787 desinunt
1494 4729 1746 4801 Catalogi

116 4819 378 4890 praedicti,
429 4835 546 4875 usu
576 4824 863 4890 receptum
912 4826 1034 4875 erat
1065 4819 1182 4875 haec
1220 4819 1412 4875 omnia
1457 4818 1745 4874 memoriae

118 4911 385 4980 mandare,
412 4910 730 4980 praesertim
758 4910 816 4965 in
839 4908 1238 4965 describendis
1254 4909 1549 4965 indicibus
1570 4919 1751 4963 sacer-

117 4996 308 5054 dotum.
349 4997 674 5054 Videndum
704 5004 792 5054 est
818 5005 1084 5055 accurate
1116 5013 1216 5068 per
1243 4998 1491 5072 singula.

168 5083 247 5143 i7.
301 5089 528 5143 Nomen
580 5087 873 5158 pontiﬁcis
925 5088 1273 5159 conjungere
1319 5102 1448 5144 cum
1494 5085 1749 5158 parentis

114 5173 454 5234 indicatione
479 5175 727 5233 solemne
751 5175 867 5234 fuit
895 5183 1016 5234 tum
1042 5179 1193 5248 apud
1219 5178 1596 5248 Christianos,
1627 5180 1746 5231 tum

111 5268 236 5334 apud
269 5266 563 5335 Hebraeos,
600 5265 712 5322 imo
736 5272 793 5323 et
818 5267 968 5339 apud
1003 5267 1287 5324 Romanos
1311 5268 1592 5334 ethnicos,
1620 5278 1748 5321 con-

112 5358 272 5411 stante
306 5355 444 5411 Vita
487 5353 638 5410 beati
669 5355 839 5411 Petri.
880 5357 1119 5414 Nullum
1163 5357 1568 5414 documentum
1600 5354 1746 5410 illu-

111 5445 268 5501 strius
287 5443 492 5501 aﬁ‘erri
515 5448 702 5514 potest
723 5459 890 5516 quam
914 5448 1066 5520 quod
1090 5445 1474 5503 sacrosanctis
1496 5446 1554 5501 in
1577 5446 1749 5500 Evan-

111 5531 255 5599 geliis
292 5534 519 5590 veritas
558 5534 941 5608 consignavit.
983 5538 1152 5593 Jesus
1193 5535 1463 5592 Christus
1503 5540 1749 5592 aeternus

111 5623 345 5688 pontifex
374 5637 411 5680 a
440 5621 676 5681 Simone
717 5638 850 5681 cum
887 5624 1198 5698 diceretur,
1233 5624 1594 5684 indicatione
1630 5623 1748 5680 veri

1859 4548 2010 4606 infra
2037 4549 2327 4608 Adrianus
2351 4553 2375 4606 Ι
2397 4548 2575 4623 (num.
2606 4547 2732 4626 291)
2755 4565 2788 4608 a
2814 4552 2986 4612 Paulo
3015 4557 3040 4612 Ι
3070 4553 3250 4614 fuerit
3275 4557 3502 4615 consti-

1857 4645 2019 4696 tutus
2048 4643 2296 4696 notarius
2325 4641 2686 4710 regionarius.

1929 4729 2193 4801 Legimus
2225 4732 2417 4803 itaque
2448 4731 2507 4788 in
2538 4730 2789 4790 secundo
2818 4733 3084 4807 Catalogo
3111 4753 3124 4791 :
3158 4735 3360 4802 Cletus,
3386 4754 3500 4794 na-

1855 4820 1999 4874 tione
2051 4821 2346 4884 Romanus,
2397 4821 2462 4875 de
2514 4825 2731 4889 regione
2778 4823 2939 4878 Cael-io
2987 4828 3181 4889 mente,
3233 4841 3302 4879 ea:
3336 4832 3499 4895 patre

1853 4909 2135 4969 Faustino,
2165 4911 2272 4962 etc.
2306 4907 2579 4976 Regionis
2618 4909 2855 4966 Urbana
2895 4912 3174 4967 iudicatio
3203 4913 3498 4973 omittitur

1855 4998 1916 5053 in
1945 4997 2259 5068 Zephyrino
2287 4994 2545 5067 proximo
2571 4997 2866 5056 decessore
2893 4999 3119 5056 Callisti
3147 5019 3161 5057 :
3192 5005 3341 5075 quod
3373 5007 3498 5064 sci-

1857 5085 1993 5141 licet
2019 5085 2177 5156 Acta,
2211 5100 2336 5156 quae
2374 5085 2518 5142 satis
2547 5085 2768 5158 integra
2797 5085 2904 5142 sub
2933 5087 3244 5149 Antoninis
3273 5101 3492 5151 servata

1857 5172 2100 5245 fuerant,
2133 5188 2261 5230 cum
2295 5173 2384 5231 illi
2418 5175 2707 5247 principes
2735 5174 3046 5233 Ecclesiam
3081 5181 3282 5238 mitius
3315 5181 3493 5238 habe-

1857 5268 2002 5334 rent,
2023 5265 2163 5320 adeo
2187 5264 2414 5322 turbata
2445 5269 2580 5321 sunt
2608 5265 2665 5319 in
2698 5268 3196 5336 persecutionibus
3223 5271 3411 5329 Severi
3440 5281 3502 5334 et

1853 5353 2032 5424 Decii,
2060 5359 2121 5410 ut
2147 5353 2505 5424 providentia
2533 5352 2770 5412 Fabiani
2796 5356 2904 5415 sub
2932 5359 3103 5414 Decio
3129 5357 3281 5428 passi
3314 5357 3493 5422 fuerit

1857 5442 2062 5498 iterato
2098 5443 2532 5516 occurrendum,
2574 5457 2643 5500 ne
2669 5447 2903 5504 omnino
2929 5447 3248 5518 interirent,
3277 5454 3335 5507 et
3364 5465 3493 5510 con-

1857 5531 2159 5588 sulendum
2191 5532 2538 5598 reparationi
2575 5534 2834 5592 Actorem
2872 5540 3144 5604 veterum,
3175 5549 3240 5593 ac
3270 5535 3500 5600 futuro-

1859 5633 1985 5679 rum
2037 5616 2336 5677 securitati
2390 5633 2489 5689 per
2539 5636 2738 5679 novam
2791 5621 3132 5679 divisionem
3190 5631 3486 5701 regionum
