4034 6196
545 334 616 393 47
1309 338 1405 395 AD
1450 337 1886 396 ANASTASIUM
1936 336 2450 396 PROLEGOMENA
2493 338 2670 394 EDIT.
2722 336 3157 398 KOM.-VATIC.
3896 340 3991 400 48

542 467 754 535 septem
776 462 836 521 in
860 464 1024 534 Urbe,
1048 466 1285 523 totidem
1305 466 1569 524 diaconis
1589 466 1921 539 assignatis,
1950 465 2191 536 parique
2216 464 2273 525 A
2301 478 2448 517 anno
2509 467 2749 536 suscepti
2815 466 3155 535 episcopatus
3213 465 3520 528 undecimo,
3570 467 3991 535 pontiﬁcatum

542 552 715 610 ferme
740 568 978 611 numero
1007 554 1510 628 subdiaconorum,
1542 558 1641 628 qui
1677 556 1931 613 notarios
1955 554 2188 612 sollici—
2296 551 2547 608 Romanas
2589 555 2741 608 urbis
2781 555 3005 608 sortitus
3058 562 3137 609 est
3181 555 3450 623 Hyginus.
3509 552 3775 609 Historiae
3823 553 3988 610 Au—

543 647 729 698 tarent
770 643 839 699 ad
880 644 1204 715 colligenda
1231 652 1541 717 martyrum
1574 652 1775 718 gesta:
1811 645 2185 716 quemadmo—
2295 646 2475 711 gusta:
2518 643 2827 712 scriptores
2864 642 3045 699 Graeci
3090 656 3155 698 ac
3204 643 3397 698 Latini
3442 643 3788 714 consignant
3838 656 3987 699 an-

538 731 674 785 dum
707 737 945 804 uterque
980 733 1284 805 Catalogus
1324 740 1566 791 testatur
1604 735 1664 790 in
1705 733 1974 804 Fabiano,
2024 747 2179 789 num.

535 815 600 873 24
628 821 767 874 :Hic
802 824 1045 890 regiones
1081 822 1273 877 divisit
1311 824 1650 878 diaconibus.
1701 826 1781 879 Ita
1815 821 1987 878 refert
2013 823 2185 877 Cata—

538 907 705 979 logus
744 912 990 979 primus.
1030 910 1208 967 Addit
1254 913 1542 969 secundus
1582 913 1889 984 Catalogus
1916 930 1928 966 :
1956 914 2027 965 Et
2054 913 2184 978 fecit

536 1010 633 1050 sea:
668 997 1049 1062 subdiaconos,
1092 1001 1191 1068 qui
1226 1006 1425 1070 septem
1457 1003 1689 1055 notariis
1727 1002 2089 1063 imminerent,
2121 1003 2183 1053 ut

531 1088 684 1151 gesta
710 1090 1012 1155 martyrum
1042 1087 1275 1157 ﬁdeliter
1303 1090 1633 1157 colligerent.
1666 1090 1873 1145 Verum
1907 1088 2025 1143 haec
2058 1088 2182 1157 ipsa

530 1177 687 1243 gesta
734 1176 1051 1231 recentiora
1088 1175 1326 1234 collecta
1370 1183 1496 1247 post
1534 1177 1867 1248 Fabianum,
1914 1175 2181 1231 incendio

532 1261 866 1334 plerumque
916 1264 1143 1321 sublata
1200 1280 1300 1336 per
1362 1266 1663 1323 immanem
1727 1266 2179 1337 persecutionem

527 1351 894 1424 Diocletiani,
919 1353 1174 1424 praeclari
1198 1355 1389 1425 operis
1411 1356 1690 1427 reliquias
1704 1356 1774 1412 ad
1785 1355 2010 1411 modum
2029 1368 2180 1425 pau—

528 1453 624 1495 cas
645 1440 813 1497 nobis
834 1443 1297 1514 transmiserunt,
1324 1444 1799 1515 quemadmodum
1821 1443 2179 1499 Schelestra—

526 1528 648 1584 tius
689 1534 927 1587 annotat
969 1532 1036 1587 ad
1077 1532 1231 1588 hunc
1268 1532 1457 1589 locum
1492 1551 1505 1587 :
1538 1535 1614 1587 De
1644 1534 1840 1603 paucis
1883 1533 2176 1587 admodum

525 1620 881 1690 martyribus,
930 1620 1032 1691 ait,
1086 1624 1285 1677 mentio
1323 1626 1386 1692 ﬁt
1422 1624 1483 1677 in
1520 1625 1831 1694 antiquiore
1878 1622 2173 1690 Catalogo;

525 1712 576 1761 ct
620 1722 803 1763 eorum
848 1709 990 1764 Acta
1037 1726 1146 1765 non
1195 1711 1473 1774 describit,
1518 1712 1614 1766 sed
1666 1716 1878 1766 tantum
1918 1713 2177 1779 martyrii

2295 743 2429 785 num
2475 732 2847 787 emortualem
2894 732 3157 794 Adriani,
3197 737 3252 788 et
3304 732 3554 812 primum
3607 733 3981 802 imperantis

2291 815 2569 874 Antonini
2600 826 2974 891 cognomento
3000 821 3107 889 Pii,
3137 821 3312 893 Nigro
3333 827 3389 877 et
3408 820 3706 877 Camerino
3727 834 3981 877 consu—

2293 905 2485 978 libus;
2509 910 2881 965 conﬁrmante
2903 909 3093 980 lapide
3112 910 3263 980 apud
3286 912 3619 981 Gruterum,
3645 909 3743 966 fol.
3768 922 3973 981 ccnvr,

2294 1009 2350 1050 n.
2384 993 2436 1066 4,
2468 997 2693 1069 signato
2726 999 2785 1054 in
2816 999 3051 1055 adversa
3095 1004 3251 1069 parte
3280 999 3609 1056 earumdem
3640 998 3971 1055 consulum

2292 1083 2554 1156 collegio,
2573 1087 2894 1142 utadvertit
2909 1088 3404 1144 eminentissimus
3420 1088 3691 1144 Norisius
3707 1087 3974 1158 Episto—

2291 1171 2359 1227 lm
2375 1173 2699 1232 consularis
2717 1188 2840 1247 pag.
2861 1173 2951 1232 85.
2970 1176 3275 1249 Catalogus
3290 1177 3580 1233 secundus
3599 1175 3773 1232 refert
3788 1190 3973 1231 exor-

2288 1261 2449 1317 dium
2478 1264 2848 1332 pontiﬁcatus
2872 1265 3078 1336 Hygini
3105 1265 3173 1321 ad
3201 1265 3467 1321 consules
3490 1265 3860 1320 Camerinum
3902 1271 3970 1320 et

2286 1349 2550 1422 Magnum
2581 1353 2684 1423 (ita
2715 1354 2868 1408 enim
2895 1354 3040 1410 vitio
3068 1354 3507 1410 amanuensium
3539 1353 3964 1424 imperitorum

2286 1435 2496 1496 factum
2528 1446 2615 1496 est
2639 1447 2703 1497 ut
2728 1443 2963 1509 Nigrum
2991 1442 3050 1497 in
3080 1445 3343 1512 Magnum
3372 1455 3709 1498 conversum
3736 1442 3967 1498 videa-

2288 1530 2457 1601 mus),
2492 1544 2689 1601 nempe
2716 1531 3080 1587 Camerinum
3111 1536 3168 1587 et
3196 1532 3458 1603 Nigrum.
3492 1531 3646 1586 Licet
3668 1531 3729 1586 in
3758 1531 3959 1601 priori

2283 1616 2550 1690 Catalogo
2581 1619 2789 1675 lacuna
2822 1620 3098 1689 impediat
3130 1633 3198 1675 ne
3227 1619 3530 1676 consulum
3562 1619 3800 1675 nomina
3832 1618 3961 1689 legi

2287 1708 2530 1779 possint,
2572 1709 2916 1779 supplentur
2946 1708 3065 1764 haec
3096 1707 3264 1763 facile
3297 1722 3364 1764 ex
3404 1708 3869 1778 praecedentibus
3899 1713 3962 1763 et

522 1810 691 1863 genus
728 1798 886 1851 verbo
925 1798 1156 1852 indicat.
1204 1801 1356 1853 Unde
1385 1804 1569 1869 putem
1607 1800 1749 1854 Acta
1782 1805 2107 1868 martyrum,
2139 1817 2173 1854 α
2199 1797 2254 1859 Β
2283 1797 2805 1867 consequentibus;
2830 1797 3047 1869 quibus
3073 1797 3358 1853 tribuitur
3382 1798 3514 1853 vitai
3540 1797 3831 1852 terminus
3858 1797 3962 1852 de-

523 1885 754 1938 notariis
792 1889 843 1938 et
881 1886 1306 1941 subdiaconibus
1339 1890 1636 1956 primitiae
1676 1889 1928 1942 Ecclesiae
1961 1889 2177 1943 descri-

514 1975 638 2040 pta,
674 1973 735 2024 in
757 1976 1185 2041 persecutionem
1224 1975 1551 2029 Diocletiani
1587 1992 1707 2031 cum
1738 1979 1945 2031 caeteris
1979 1978 2173 2031 Eccle—

520 2060 613 2113 siae
633 2060 963 2115 membranis
986 2064 1235 2131 periisse.
1267 2064 1366 2118 Vel
1386 2066 1436 2118 si
1460 2082 1579 2133 quae
1598 2067 1813 2133 integra
1835 2082 1901 2120 ea:
1919 2067 2170 2121 incendio

520 2153 826 2211 evaserunt,
868 2165 931 2202 ea
969 2151 1045 2204 ad
1080 2167 1275 2205 manus
1316 2158 1531 2208 nostras
1574 2171 1683 2209 non
1733 2156 2030 2219 devenisse,
2076 2156 2171 2209 sed

520 2242 818 2308 temporum
839 2242 1103 2292 vetustate
1126 2242 1296 2306 ferme
1321 2245 1501 2296 omnia
1526 2250 1841 2313 consumpta
1870 2260 1999 2299 esse.
2031 2245 2171 2298 Acta

518 2339 650 2382 vero
676 2326 842 2396 plura
868 2332 1086 2382 servata
1112 2333 1250 2383 sunt
1275 2336 1608 2399 martyrum,
1638 2333 1739 2401 qui
1767 2335 2172 2400 praecesserant

520 2429 536 2470 ι
581 2420 637 2470 et
675 2429 715 2470 Il
753 2416 962 2472 saeculo
1005 2430 1129 2472 terte
1169 2417 1509 2474 Christianae
1551 2434 1680 2474 eum
1727 2420 2013 2489 descripta
2052 2422 2168 2489 jam

516 2502 704 2560 forent
728 2505 937 2577 exiguo
965 2510 1067 2561 aut
1097 2506 1257 2563 nullo
1288 2508 1546 2577 periculo
1577 2508 1682 2563 sub
1713 2508 2023 2564 Antoninis
2046 2526 2061 2578 ;
2088 2509 2168 2563 ita

518 2597 582 2649 ut
610 2593 963 2665 Hegesippus
994 2596 1183 2651 Romae
1211 2610 1384 2667 agens
1416 2596 1549 2652 inde
1580 2598 1831 2667 potuerit
1857 2610 1921 2652 ea
1948 2602 2169 2666 tempe—

512 2687 658 2737 state
678 2688 975 2740 contexere
997 2685 1177 2741 libros
1199 2687 1457 2756 quinque
1477 2686 1878 2742 ecclesiastica:
1899 2687 2167 2742 Historiae

513 2771 620 2828 sub
644 2771 949 2829 Eleuthero
977 2788 1139 2844 papa,
1180 2775 1423 2831 testibus
1452 2776 1795 2847 Hieronymo
1820 2784 1874 2831 et
1894 2776 2162 2847 Eusebio,

513 2876 758 2932 quorum
786 2867 950 2919 aetate
976 2865 1315 2934 superstites
1342 2864 1522 2922 fuisse
1550 2866 1697 2921 idem
1724 2866 2008 2923 Eusebius
2029 2866 2167 2921 scri-

510 2950 599 3005 bit
628 2950 730 3005 lib.
765 2964 843 3021 1v,
875 2964 998 3021 cap.
1032 2949 1121 3007 22.
1155 2953 1236 3008 Ex
1268 2953 1472 3009 iisdem
1510 2955 1953 3011 Commentariis
1981 2956 2165 3026 Hege—

510 3039 686 3110 sippi,
710 3054 837 3096 cum
864 3041 972 3096 iste
998 3039 1243 3098 fateatur
1267 3043 1434 3111 (Hist.
1462 3045 1605 3099 Eccl.
1637 3044 1739 3100 lib.
1768 3058 1846 3114 1v,
1874 3058 1995 3115 cap.
2024 3042 2078 3116 8)
2103 3058 2163 3100 se

2283 1886 2528 1941 cessoris
2567 1891 2623 1942 et
2662 1886 2899 1943 initium
2939 1888 3304 1957 episcopatus
3339 1887 3399 1941 in
3438 1898 3788 1943 successore.
3832 1887 3961 1941 Po-

2283 1974 2479 2029 stremi
2507 1975 2793 2047 consules,
2826 1990 2969 2047 quos
2990 1976 3139 2031 idem
3160 1975 3468 2047 Catalogus
3493 1982 3756 2031 numerat
3784 1973 3956 2030 sedis

2278 2062 2632 2135 Telesphori,
2659 2070 2796 2120 sunt
2818 2065 3003 2121 Caesar
3024 2069 3081 2121 et
3106 2065 3380 2120 Balbinus
3403 2063 3695 2135 (Albinum
3722 2077 3951 2119 corru—

2281 2153 2373 2218 pte
2407 2152 2658 2207 reddidit
2687 2154 3057 2209 amanueusis
3100 2166 3212 2211 una
3238 2153 3431 2207 littera
3459 2151 3706 2222 dempta)
3733 2163 3949 2219 nempe

2277 2238 2342 2292 L.
2380 2239 2556 2293 Elius
2596 2240 2775 2294 Caesar
2810 2243 2869 2294 Π
2896 2246 2946 2295 et
2973 2243 3033 2294 P.
3084 2243 3279 2295 Caelius
3321 2241 3611 2302 Balbinus,
3647 2240 3727 2294 ita
3760 2239 3948 2294 incisi

2281 2327 2342 2381 in
2372 2327 2665 2383 Auximati
2711 2342 2991 2384 marmore
3030 2330 3180 2399 apud
3207 2330 3517 2385 Gruterum
3549 2326 3648 2384 fol.
3678 2340 3945 2400 cccchv,

2284 2412 2370 2487 40,
2399 2417 2585 2486 posito
2609 2430 2665 2472 v1
2693 2418 2828 2473 Idus
2850 2417 3014 2473 Julii.
3044 2419 3155 2473 Hos
3184 2417 3453 2473 consules
3480 2417 3739 2487 proxime
3768 2418 3947 2473 exci-

2280 2504 2451 2574 piunt
2484 2505 2820 2561 Camerinus
2857 2510 2914 2562 et
2942 2507 3116 2577 Niger
3162 2507 3222 2561 in
3262 2506 3450 2562 Fastis
3490 2505 3943 2577 Consularibus,

2280 2600 2485 2663 quarto
2534 2595 2751 2651 Christi
2802 2595 3013 2651 saeculo
3066 2595 3377 2665 descriptis
3423 2593 3696 2666 (adeoque
3744 2597 3947 2652 aetatis

2276 2682 2529 2751 ejusdem
2569 2697 2700 2739 cum
2744 2684 2928 2754 priori
2961 2684 3248 2756 Catalogo)
3282 2690 3337 2740 et
3368 2698 3402 2739 ιι
3436 2684 3717 2740 Bucherio
3753 2685 3943 2741 simul

2276 2771 2471 2842 editis,
2500 2772 2813 2828 illustratis
2833 2787 2964 2829 vero
2980 2786 3013 2828 a
3033 2772 3188 2828 card.
3213 2773 3445 2829 Norisio
3468 2773 3529 2827 in
3546 2772 3778 2833 dissert.
3808 2780 3945 2843 post

2275 2861 2520 2929 epochas
2578 2861 3113 2933 Syromacedonum.
3173 2863 3341 2917 Recte
3393 2861 3577 2933 igitur
3636 2869 3943 2930 ponuntur

2277 2950 2547 3018 postremi
2580 2951 2845 3007 consules
2863 2951 3207 3021 Telesphoro
3229 2950 3508 3022 assignati
3531 2949 3716 3005 Elius
3748 2950 3941 3006 Caesar

2273 3038 2331 3092 ΙΙ
2356 3043 2413 3093 et
2439 3040 2725 3103 Balbinus,
2758 3045 2814 3096 et
2845 3041 3017 3111 primi
3050 3040 3270 3113 Hygino
3300 3038 3567 3095 attributi
3612 3039 3941 3095 Camerinus

507 3128 735 3184 dedisse
754 3128 1049 3199 complura
1071 3145 1195 3201 quas
1215 3131 1571 3189 verissimam
1594 3133 1922 3202 apostolica:
1946 3133 2161 3203 praedi-
2190 3127 2240 3192 C
2274 3132 2329 3181 et
2356 3129 2544 3196 Niger.
2580 3131 2801 3185 Rursus
2838 3130 3254 3185 conﬁrmantur
3283 3142 3351 3184 ex
3379 3128 3518 3183 aliis
3548 3128 3939 3198 praecedenti-

507 3218 756 3274 cationis
778 3217 1079 3273 historiam
1101 3219 1644 3291 complectebantur,
1668 3228 1723 3277 et
1746 3222 2031 3291 pracipue
2048 3223 2161 3277 Ca-

506 3305 781 3378 taIOgum,
828 3312 883 3362 et
926 3308 1344 3364 successionem
1396 3310 1732 3379 pontificum
1776 3313 2160 3368 Romanorum

505 3394 743 3465 colligat
782 3408 895 3451 non
946 3396 1005 3451 in
1049 3410 1163 3452 uno
1212 3396 1334 3453 loco
1378 3398 1563 3467 (ibid,
1609 3412 1734 3469 cap.
1779 3397 1886 3472 22),
1920 3414 2161 3471 arguere

505 3494 809 3553 possumus
833 3482 1191 3553 superfuisse
1217 3487 1573 3543 notariorum
1595 3487 1752 3559 Acta,
1777 3489 2159 3559 exprimentia

504 3582 729 3638 nomen,
764 3571 1030 3642 patriam,
1064 3574 1351 3645 regionem
1383 3582 1438 3631 et
1465 3590 1646 3632 annos
1675 3576 1840 3633 illius
1868 3578 2159 3647 pontificis

504 3657 605 3727 qui
638 3660 912 3728 martyrio
942 3658 1295 3715 adiciebatur
1326 3681 1342 3729 ;
1378 3670 1641 3721 monente
1669 3666 1843 3721 etiam
1874 3666 2159 3737 Cypriano

505 3743 606 3797 lib.
632 3758 719 3815 Ill,
743 3746 986 3814 epistola
1010 3745 1063 3809 6,
1087 3748 1154 3801 ad
1184 3748 1547 3818 presbyteros
1571 3759 1627 3807 et
1645 3754 1921 3812 diaconos
1946 3757 2161 3811 Roma-

505 3845 609 3888 nos
637 3832 790 3900 data,
824 3840 888 3888 ut
918 3845 987 3888 ne
1018 3834 1347 3889 omitterent
1384 3838 1724 3907 consignare
1767 3842 1919 3896 diem
1963 3843 2159 3897 obitus

504 3934 701 3977 eorum
734 3922 835 3991 qui
869 3921 930 3976 in
960 3934 1186 3977 carcere
1226 3936 1327 3993 pro
1364 3922 1594 3980 Christo
1632 3926 1967 3985 decedentes
1996 3935 2160 3986 erant

507 4008 859 4080 martyribus
892 4010 1251 4066 accensendi.

578 4096 664 4153 48.
697 4098 850 4168 Quin
874 4099 1046 4155 etiam
1079 4099 1305 4157 loculus
1336 4102 1678 4173 sepulcralis
1710 4116 1819 4159 non
1853 4117 1983 4161 raro
2012 4119 2159 4162 con-

507 4187 846 4260 signabatur
884 4188 983 4244 die
1028 4193 1084 4245 et
1132 4204 1283 4246 anno
1328 4192 1713 4262 depositionis
1762 4193 2016 4251 indicato
2061 4210 2160 4266 per

505 4277 772 4334 consules
787 4278 1117 4335 ordinarios
1135 4298 1150 4351 ;
1168 4280 1317 4350 quod
1340 4280 1397 4336 in
1419 4281 1661 4352 privatis
1675 4282 1845 4338 etiam
1867 4282 2155 4355 ﬁdelibus,

512 4381 612 4423 nec
642 4368 917 4438 martyrio
945 4366 1184 4441 aﬁ‘ectis,
1214 4382 1317 4426 nec
1346 4371 1663 4428 sacerdotio
1695 4372 1994 4444 insignitis
2023 4388 2160 4445 pas-

2276 3216 2658 3290 buscollegiis
2672 3219 2730 3273 in
2749 3223 2989 3288 utroque
3004 3218 3272 3289 Catalogo
3290 3216 3593 3273 recensitis
3610 3231 3736 3272 cum
3757 3218 3941 3273 annis

2276 3305 2631 3376 pontiﬁcum,
2655 3311 2711 3361 et
2728 3306 2970 3376 pariatis
2991 3320 3120 3361 cum
3142 3307 3313 3361 annis
3333 3306 3761 3375 imperatorum.
3788 3307 3936 3361 Nam

2277 3400 2513 3464 uterque
2533 3394 2836 3466 Catalogus
2856 3395 3115 3466 assignat
3135 3395 3480 3464 Telesphoro
3505 3408 3686 3450 annos
3710 3395 3939 3464 episco-

2273 3489 2439 3553 patus
2484 3484 2774 3554 undecim,
2826 3490 2882 3538 et
2930 3497 3149 3538 menses
3197 3489 3335 3555 tres,
3374 3485 3615 3553 ejusque
3664 3486 3937 3555 proximo

2268 3572 2556 3628 decessori
2604 3573 2784 3643 Xysto
2827 3585 3009 3628 annos
3046 3572 3260 3643 decem,
3303 3578 3359 3627 et
3404 3585 3623 3627 menses
3652 3572 3801 3629 duos
3851 3573 3935 3629 vel

2271 3667 2385 3718 tres
2434 3680 2446 3716 :
2496 3676 2742 3733 quorum
2792 3661 2871 3717 sit
2913 3662 3214 3718 exordium
3262 3660 3569 3733 collegium
3621 3662 3937 3719 consulum

2269 3752 2433 3823 Nigri
2466 3756 2522 3807 et
2549 3751 2885 3822 Aproniani,
2921 3750 3054 3807 ﬁnis
3083 3764 3214 3806 vero
3237 3750 3394 3805 Coss.
3426 3751 3606 3805 Verus
3634 3754 3691 3805 et
3717 3751 3938 3807 Ambi-

2270 3840 2463 3895 bulus.
2492 3842 2723 3896 Summa
2749 3842 3183 3908 episcOpatuum
3206 3838 3375 3906 Xysti
3398 3842 3454 3892 et
3472 3837 3801 3908 Telesphori
3828 3841 3935 3897 dat

2266 3938 2453 3982 annos
2483 3940 2582 3980 xxx
2606 3933 2661 3981 et
2689 3939 2909 3981 menses
2934 3926 3167 3981 circiter
3189 3940 3302 3981 sex.
3332 3925 3623 3982 Adrianus
3648 3927 3706 3981 in
3735 3928 3935 4000 impe-

2269 4014 2359 4068 rio
2383 4014 2573 4084 exegit
2591 4028 2774 4069 annos
2799 4028 2877 4069 xx
2904 4021 2960 4069 et
2988 4028 3207 4071 menses
3232 4029 3312 4085 χι,
3344 4017 3523 4072 Dione
3548 4021 3690 4072 teste
3712 4015 3771 4071 in
3797 4019 3934 4088 ejus

2269 4101 2435 4173 Vita;
2470 4102 2566 4159 cui
2596 4104 2817 4159 nummi
2847 4108 2905 4159 et
2931 4103 3151 4173 lapides
3178 4103 3588 4176 suﬁ'ragantur,
3620 4105 3670 4160 si
3702 4107 3930 4164 Norisii

2269 4190 2696 4248 observationes
2752 4192 3132 4249 adhibeamus
3179 4193 3360 4263 Epist.
3414 4193 3748 4249 Consularis
3792 4209 3926 4267 pag.

2266 4278 2357 4337 85.
2389 4281 2496 4336 Dio
2523 4285 2711 4337 autem
2738 4281 2918 4337 tradit
2941 4295 3000 4339 se
3026 4283 3314 4353 accepisse
3343 4296 3407 4338 ea
3433 4295 3558 4353 quae
3584 4282 3820 4352 scripsit
3859 4285 3930 4340 ab

2268 4370 2618 4443 Aproniano,
2646 4375 2803 4442 patre
2824 4385 2949 4444 suo,
2981 4372 3080 4443 qui
3111 4377 3248 4427 tunc
3271 4371 3483 4427 Chiciaa
3507 4376 3765 4441 praeerat,
3789 4386 3927 4429 cum

508 4456 619 4513 sim
641 4457 1784 4529 occurrit,duminspicimuscoemeteria
1805 4459 2575 4541 suburbana,Ddecedente
2631 4461 2879 4531 Trajano
2929 4461 2989 4515 in
3041 4461 3233 4515 eadem
3300 4458 3614 4529 provincia,
3678 4458 3927 4517 Adriani

510 4549 566 4602 et
595 4546 802 4603 titulos
836 4546 1082 4618 legimus
1119 4547 1206 4603 vel
1241 4548 1299 4603 in
1343 4549 1563 4620 cryptis
1602 4554 1937 4623 martyrum,
1978 4552 2064 4608 vel
2099 4553 2159 4610 in
2270 4548 2525 4619 adoptio,
2547 4548 2932 4620 etimperium
2955 4546 3205 4604 factione
3228 4547 3466 4604 Plotinte
3488 4548 3785 4617 processit.
3808 4550 3926 4620 Qui

511 4634 684 4691 libris
727 4636 915 4691 Roma:
958 4635 1361 4708 subterraneae,
1410 4637 1645 4696 effossas
1689 4640 1821 4696 inde
1851 4640 2078 4698 tabulas
2106 4648 2163 4699 et

510 4724 848 4798 epigraphes
871 4726 1338 4785 memorantibus.
1360 4728 1507 4784 Hinc
1527 4728 1808 4785 Eusebius
1830 4732 2020 4801 potuit
2043 4732 2162 4788 Ro-

513 4829 809 4873 manorum
852 4815 1184 4887 pontiﬁcum
1230 4817 1402 4873 initia
1431 4824 1487 4873 et
1516 4820 1900 4876 successionis
1937 4826 2162 4892 tempus

513 4906 796 4977 ﬁnemque
837 4904 1097 4962 conferre
1139 4920 1269 4962 cum
1312 4907 1484 4964 annis
1529 4908 1939 4980 imperatorum
1987 4912 2158 4981 (quod

512 5009 660 5064 saepe
678 4995 833 5067 facit)
847 5009 915 5052 ex
934 4996 1154 5052 indicio
1169 4996 1524 5069 consulatus,
1550 5013 1663 5069 quo
1679 4999 1894 5055 electus
1914 5000 2161 5071 quisque

516 5081 702 5137 fuerat
738 5083 807 5137 ad
854 5086 1104 5156 regimen
1158 5086 1424 5142 Ecclesia:
1467 5088 1898 5156 capessendum,
1947 5094 2002 5145 et
2047 5104 2160 5160 quo

515 5170 898 5227 sacerdotium
927 5186 993 5228 ac
1022 5175 1193 5229 vitam
1224 5175 1563 5244 expleverat.
1598 5177 1929 5246 Exemplum
1959 5178 2163 5236 demus

517 5262 577 5316 in
606 5258 950 5329 Telesphoro
978 5266 1034 5314 et
1058 5262 1296 5331 Hygino.
1330 5262 1546 5317 Scribit
1570 5263 1855 5320 Eusebius
1879 5266 2023 5321 Hist.
2055 5267 2156 5325 lib.

517 5362 595 5420 tv,
636 5361 758 5420 cap.
805 5343 872 5402 40
902 5364 915 5400 :
946 5346 1201 5404 Caeterum
1246 5351 1500 5405 Adriano
1538 5354 1653 5406 vita
1687 5355 2000 5422 perfuncto,
2041 5373 2162 5412 cum

516 5453 687 5493 unum
715 5442 767 5493 et
792 5438 992 5506 viginti
1019 5451 1191 5490 annos
1227 5439 1564 5509 imperasset,
1602 5440 1921 5496 Antoninus
1958 5458 2162 5511 cogno-

515 5532 692 5584 mento
733 5529 864 5584 Pius
907 5526 1439 5583 administrationem
1478 5531 1697 5599 imperii
1731 5533 1983 5603 suscepit.
2031 5535 2161 5589 Hu-

506 5619 608 5689 jus
659 5632 804 5672 anno
845 5618 1024 5688 primo
1069 5628 1191 5673 cum
1246 5617 1595 5688 Telesphorus
1639 5620 1931 5691 migrasset
1972 5638 2000 5678 e
2044 5626 2160 5687 vita

2272 4637 2536 4693 consules
2558 4638 2739 4709 igitur
2758 4636 2993 4693 fuerunt
3012 4636 3321 4706 ordinarii,
3348 4636 3590 4705 Trajano
3615 4636 3925 4693 decedente

2268 4727 2568 4783 Selinunte
2609 4727 2706 4783 die
2751 4724 2816 4781 40
2858 4725 3104 4796 Augusti
3141 4724 3396 4796 (fuerunt
3432 4729 3623 4781 autem
3662 4726 3842 4798 Niger
3869 4732 3923 4782 et

2270 4815 2655 4887 Apronianus,
2687 4820 2750 4872 ut
2775 4814 3043 4870 universa
3072 4815 3419 4871 monimenta
3445 4815 3841 4888 comprobant,
3865 4822 3919 4872 et

2274 4904 2540 4962 historici
2567 4919 2695 4962 cum
2719 4904 2937 4976 Dione),
2965 4904 3190 4960 eosdem
3222 4904 3496 4960 incidisse
3518 4902 3813 4961 fatendum
3836 4909 3921 4963 est
4016 4970 4019 4975 ⁴

2275 4994 2333 5049 in
2364 4996 2662 5052 exordium
2694 4993 2881 5064 Xysti.
2916 4993 3162 5064 Uterque
3188 4998 3377 5049 autem
3403 4992 3699 5065 catalogus
3730 4995 3920 5063 pariat

2275 5083 2512 5143 initium
2561 5083 2727 5153 Xysti
2771 5096 2901 5138 cum
2954 5081 3156 5137 iisdem
3205 5082 3358 5137 Coss.
3411 5081 3587 5153 Nigro
3633 5088 3690 5138 et
3732 5083 3920 5140 Anto—

2273 5179 2464 5235 niano.
2501 5172 2731 5229 Decimo
2758 5176 2947 5227 autem
2978 5170 3048 5226 ab
3080 5170 3203 5226 illis
3232 5170 3354 5226 loco
3394 5170 3830 5242 subsequuntur
3860 5172 3917 5227 in

2274 5266 2442 5324 fastis
2462 5266 2640 5320 Verus
2658 5265 2715 5317 et
2734 5260 3101 5329 Ambibulus,
3125 5275 3269 5331 quos
3292 5261 3505 5330 pariter
3523 5265 3745 5331 aequata
3768 5261 3917 5317 ratio

2272 5368 2551 5412 annorum
2585 5351 2849 5408 undecim
2879 5350 3062 5421 Xysto
3091 5351 3514 5422 assignatorum
3543 5349 3799 5405 ostendit
3821 5364 3917 5407 re-

2272 5442 2567 5516 spondere.
2595 5442 2920 5498 Consensus
2942 5440 3138 5511 itaque
3158 5455 3281 5497 sum
3293 5453 3391 5495 mae
3411 5451 3692 5495 annorum
3716 5445 3828 5494 tam
3852 5439 3910 5493 in

2273 5531 2513 5603 imperio
2544 5531 2871 5603 principum
2912 5542 3083 5601 quam
3125 5530 3183 5586 in
3214 5531 3546 5600 episcopatu
3579 5527 3911 5600 pontiﬁcum

2270 5624 2653 5680 Romanorum
2684 5618 3032 5692 respondens
3062 5616 3360 5676 laterculis
3399 5615 3703 5674 consulum
3745 5621 3910 5674 utro-
