4034 6196
128 252 191 317 te
1621 241 2002 302 ramulo.
2627 311 2632 317 η
3426 246 3500 310 50

126 379 286 450 hique
312 373 520 448 positis,
568 373 685 429 tam
719 370 780 428 in
807 369 1085 444 catalogis
1119 371 1447 430 memoratis
1477 385 1644 444 quam
1680 372 1739 428 in
1765 369 2054 444 Areperit
2089 369 2337 442 primum
2369 356 2728 447 catalogum;
2761 386 2828 430 ex
2862 369 3078 430 indicio
3101 331 3494 444 praefectorum

124 467 346 525 Eusebii
377 463 644 520 Chronico
673 467 729 518 et
759 462 1033 532 Historia,
1057 464 1250 520 eodem
1292 463 1498 520 saculo
1525 463 1740 532 scripta

124 572 228 628 quo
252 557 402 625 prior
418 552 717 622 Catalogus
742 551 1037 619 edebatur,
1078 554 1429 609 demonstrat
1452 554 1550 609 illa
1579 557 1741 609 atate

123 644 450 717 superfuisse
476 642 764 698 indiculos
786 646 842 698 et
882 642 1218 698 documenta
1246 644 1602 700 notariorum
1629 646 1742 700 Ec-

125 736 294 792 clesia
319 735 586 792 Romana,
623 731 773 787 unde
795 731 1108 800 scriptores
1136 732 1392 803 Cata10gi
1414 747 1524 788 non
1548 733 1742 788 minus

123 831 312 882 certam
347 836 504 893 quam
542 821 829 877 Eusebius
860 821 1264 894 chonologiam
1295 827 1350 878 et
1375 823 1578 878 seriem
1610 837 1741 892 pon-

124 913 319 969 tiﬁcum
342 910 762 965 concinnarent.

182 998 259 1054 i9.
291 1001 487 1054 Verum
517 998 649 1068 quis
696 997 924 1054 dubitet
975 1003 1140 1054 atate
1164 999 1397 1055 Eusebii
1430 1002 1486 1054 et
1527 999 1740 1069 prioris

120 1088 349 1159 Catalogi
364 1087 427 1142 ad
452 1086 743 1142 Liberium
772 1087 1172 1158 pertingentis,
1190 1089 1248 1143 in
1273 1089 1524 1144 Ecclesia
1545 1088 1742 1144 Roma-

121 1177 778 1234 naexstitisseindiculos
809 1190 1089 1254 annorum
1104 1178 1741 1249 etconsulatuum,uni-

119 1269 309 1337 cuique
331 1266 581 1336 pontiﬁci
605 1266 1069 1335 assignatorum?
1088 1282 1216 1324 cum
1239 1267 1376 1324 Acta
1402 1272 1734 1340 martyrum,

119 1357 202 1426 qui
233 1357 411 1410 Roma
430 1355 747 1424 prasertim
788 1355 1154 1424 patiebantur
1178 1361 1342 1413 atate
1371 1357 1440 1412 ab
1460 1357 1738 1427 apostolis

122 1445 371 1515 proxima,
407 1457 657 1513 persape
681 1445 1003 1513 exprimant
1047 1446 1278 1500 nomina
1310 1447 1611 1502 consulum
1638 1451 1738 1502 aut

122 1532 488 1604 prafectorum
533 1533 695 1601 Urbi,
728 1537 828 1588 aut
856 1533 1084 1602 imperii
1116 1534 1466 1606 principum,
1499 1541 1555 1590 et
1584 1537 1736 1592 diem

122 1622 396 1693 passionis.
423 1624 484 1676 In
505 1621 666 1677 Actis
692 1621 873 1677 sancti
896 1622 1126 1693 Ignatii,
1159 1637 1214 1678 n.
1252 1621 1288 1677 2
1313 1629 1368 1678 et
1393 1638 1447 1678 n.
1480 1621 1516 1677 8
1537 1624 1738 1680 editio-

1854 463 2088 532 perinde
2108 476 2173 518 ac
2201 478 2269 520 ex
2300 464 2532 520 notione
2579 463 2881 520 consulum
2912 463 3155 534 epochas
3186 469 3496 534 martyrum

1850 548 2122 623 (adeoque
2170 559 2225 609 et
2273 553 2632 625 pontiﬁcum)
2683 553 2880 625 colligi
2934 567 3095 621 posse
3145 560 3497 623 compertum

1852 640 2015 698 foret.
2049 643 2262 712 Quarto
2287 649 2476 700 autem
2526 645 2736 700 saculo
2765 643 2980 700 Christi
3028 644 3166 699 dum
3195 643 3500 715 Catalogus

1855 733 2012 800 prior
2062 733 2551 798 conscribebatur,
2609 735 2810 790 seriem
2868 732 3260 806 prafectorum
3320 731 3500 809 fuisse

1853 827 2202 893 perspectam
2223 823 2812 896 arguitfragmentum
2847 824 2990 880 illud
3023 837 3370 894 praservans
3404 837 3500 894 per

1851 911 2070 975 solidos
2111 926 2292 968 annos
2334 919 2563 969 centum
2611 912 2874 984 singulos
2922 926 3298 969 successores.
3345 913 3500 967 Hanc

1849 1014 1980 1056 vero
2007 1002 2504 1074 consuetudinem,
2548 1003 2667 1058 sive
2695 1003 2866 1058 etiam
2898 1002 3290 1059 necessitatem
3326 1002 3504 1058 histo-

1851 1089 2024 1145 ricam
2057 1092 2281 1147 eosdem
2315 1092 2686 1163 magistratus
2720 1093 3198 1148 commemorandi
3233 1092 3293 1147 in
3324 1091 3502 1164 gestis

1849 1180 2116 1235 Ecclesia
2145 1181 2399 1252 viguisse
2427 1181 2552 1237 dixi
2583 1185 2747 1237 atate
2793 1181 2863 1236 ab
2910 1181 3187 1250 apostolis
3223 1181 3498 1251 proxima.

1849 1269 2042 1339 Neque
2071 1269 2126 1324 id
2163 1270 2342 1326 moris
2367 1272 2524 1340 justo
2553 1271 2842 1326 maturius
2870 1284 2901 1325 a
2927 1284 3013 1325 me
3036 1271 3296 1326 inchoari
3331 1270 3503 1341 quis-

1851 1359 2002 1428 piam
2039 1363 2279 1430 reputet,
2313 1374 2443 1414 cum
2496 1359 2844 1431 evangelicis
2895 1359 3148 1416 oraculis
3175 1359 3500 1429 doceamus,

1848 1461 1880 1501 a
1932 1448 2132 1503 divino
2175 1447 2399 1517 Spiritu
2454 1449 2727 1504 dictatam
2781 1448 3036 1520 regulam
3071 1449 3151 1503 ita
3187 1447 3502 1504 deﬁniendi

1847 1537 2092 1606 epochas
2111 1536 2428 1592 illustrium
2458 1543 2745 1609 gestorum
2775 1537 3016 1607 Christi,
3047 1538 3286 1609 ejusque
3315 1535 3504 1592 disci-

1850 1627 2137 1696 pulorum.
2181 1627 2403 1682 Natalis
2428 1627 2657 1684 Domini
2689 1629 3062 1700 consignatus
3091 1641 3123 1682 a
3152 1627 3207 1681 S.
3237 1626 3501 1682 Matthao

121 1713 199 1766 nis
220 1712 506 1768 Ruinartii
540 1711 788 1782 legimus
831 1725 1060 1782 quoque
1099 1725 1310 1768 annum
1348 1713 1578 1782 imperii
1607 1728 1735 1769 cum
1765 1697 1817 1757 Β
1847 1713 2061 1786 (Matth.
2097 1717 2134 1789 ι)
2166 1731 2266 1786 per
2288 1731 2470 1774 annos
2496 1723 2812 1788 postremos
2837 1697 2997 1789 regni
3019 1717 3258 1772 Herodis
3288 1715 3498 1787 Magni,

117 1799 426 1856 consulibus
457 1799 765 1869 pariatum.
790 1803 956 1855 Facta
995 1804 1176 1854 autem
1205 1805 1334 1856 sunt
1359 1802 1470 1856 haec
1493 1802 1582 1856 die
1612 1807 1739 1857 ante

119 1903 204 1944 xm
233 1891 347 1943 Kal.
379 1891 684 1943 Januarias
699 1889 1122 1958 prasidentibus
1147 1891 1299 1960 apud
1336 1893 1601 1946 Romanos
1625 1891 1740 1960 Sy—

121 1980 191 2030 ria
210 1983 252 2032 et
271 1978 485 2032 Senecio
515 1978 751 2032 secundo
796 1976 898 2048 (ita
943 1977 1155 2034 habent
1202 1992 1358 2035 num.
1391 1979 1445 2042 8,
1500 1983 1738 2037 numero

122 2074 283 2122 autem
299 2065 332 2120 Ξ
351 2067 657 2136 scribitur)
680 2072 804 2138 post
827 2083 1032 2122 annum
1053 2074 1311 2136 quartum
1335 2065 1536 2141 [Ruin.
1564 2071 1739 2126 corri-

123 2157 194 2225 git
225 2154 441 2230 nonum]
482 2157 736 2223 Trajani,
770 2157 992 2225 ejusque
1019 2159 1278 2211 victorias
1319 2157 1386 2211 de
1432 2158 1646 2226 Scythis
1675 2175 1739 2213 ac

129 2246 392 2298 Thracibus
425 2241 723 2318 [intellige
752 2247 936 2316 Dacis]
971 2251 1287 2316 reportatas
1308 2260 1372 2302 ea
1402 2247 1733 2318 contigisse.

123 2333 168 2386 C.
198 2333 382 2389 Sosius
409 2333 651 2388 Senecio
701 2335 777 2388 III
820 2339 872 2389 et
904 2335 962 2390 L.
999 2335 1262 2392 Licinius
1305 2336 1449 2392 Sura
1503 2338 1551 2390 Il
1576 2336 1732 2393 Coss.

119 2435 243 2477 anno
279 2421 505 2491 Trajani
568 2426 772 2493 quarto
827 2430 1243 2494 processerunt,
1295 2429 1350 2480 et
1395 2424 1738 2495 interposito

119 2511 486 2581 quinquennio
506 2525 638 2566 cum
659 2525 845 2568 nonus
861 2526 1046 2568 annus
1064 2513 1316 2582 ejusdem
1343 2514 1570 2584 imperii
1592 2515 1740 2571 labe-

120 2603 266 2665 retur,
289 2599 461 2654 iidem
475 2600 744 2656 consules
760 2602 992 2657 Senecio
1009 2604 1142 2657 [Vet
1163 2602 1238 2657 Su
1248 2616 1309 2657 ra
1323 2604 1392 2657 III
1414 2601 1591 2658 fastos
1615 2617 1739 2673 ape-

119 2694 346 2743 ruerunt.
385 2690 642 2744 Victoria
674 2704 804 2746 vero
829 2691 1056 2760 Trajani
1085 2692 1290 2747 Dacica
1320 2693 1566 2764 contigit
1586 2708 1736 2750 anno

117 2783 246 2831 sexto
275 2777 502 2846 imperii
526 2780 779 2848 Trajani,
818 2780 1057 2850 ejusque
1083 2780 1408 2837 tribunitia
1436 2784 1736 2852 potestatis

118 2864 344 2932 habente,
394 2871 462 2920 ut
499 2882 565 2922 ex
611 2869 1059 2925 numismatibus
1106 2870 1428 2925 luculenter
1474 2871 1738 2940 probavit

115 2953 582 3012 eminentissimus
611 2957 884 3013 Norisius
907 2959 1177 3027 Epistola
1204 2959 1561 3030 Consularis,
1607 2974 1729 3032 pag.

1847 1819 1880 1861 a
1914 1807 1968 1860 S.
2009 1807 2158 1862 Luca
2191 1806 2484 1862 indicatur
2528 1821 2627 1878 per
2666 1808 3110 1875 descriptionem
3144 1806 3408 1875 primam,
3433 1818 3499 1860 ex

1849 1894 2037 1950 edicto
2067 1894 2314 1966 Augusti
2343 1893 2549 1950 factam
2570 1895 2811 1964 praside
2830 1895 3007 1964 Syria
3031 1894 3239 1962 Cyrino
3259 1892 3389 1962 (Luc
3416 1892 3500 1962 ιι).

1849 1983 2115 2052 Ejusdem
2162 1982 2484 2052 baptismus
2509 1996 2572 2038 ac
2626 1983 2958 2052 praedicatio
2986 1981 3221 2037 Joannis
3256 1979 3502 2037 refertur

1849 2072 1917 2128 ad
1939 2085 2150 2128 annum
2167 2072 2432 2142 quintum
2447 2071 2730 2127 decimum
2757 2070 2985 2139 imperii
3008 2069 3224 2124 Tiberii
3238 2068 3499 2138 Casaris,

1852 2165 2194 2231 procurante
2238 2161 2440 2216 Pontio
2471 2160 2654 2214 Pilato
2683 2158 2954 2227 Judaam,
3001 2157 3286 2213 tetrarcha
3310 2159 3500 2212 autem

1849 2249 2100 2306 Galilaa
2120 2250 2356 2317 Herode,
2382 2249 2651 2317 Philippo
2668 2252 2856 2303 autem
2876 2245 3052 2303 fratre
3067 2247 3194 2316 ejus
3215 2245 3501 2301 tetrarcha

1851 2340 2068 2394 Ituraa
2094 2343 2150 2393 et
2171 2336 2601 2392 Trachonitidis
2629 2336 2902 2407 regionis,
2927 2340 2984 2392 et
3004 2335 3234 2406 Lysinia
3254 2333 3500 2390 Avilina

1851 2427 2157 2496 tetrarcha,
2212 2425 2319 2482 sub
2373 2425 2740 2496 principibus
2801 2425 3160 2481 sacerdotum
3218 2423 3377 2479 Anna
3445 2428 3501 2477 et

1847 2516 2062 2586 Caipha
2084 2514 2235 2585 (Luc.
2273 2514 2390 2586 III);
2418 2516 2588 2585 cujus
2629 2515 2802 2570 etiam
2831 2515 3105 2585 postremi
3132 2526 3324 2568 annuo
3349 2524 3498 2581 pon—

1849 2605 2072 2660 tiﬁcatu
2116 2605 2454 2675 designatur
2504 2618 2536 2659 a
2591 2604 2875 2673 Matthao,
2939 2606 3146 2674 Marco,
3201 2606 3255 2657 et
3287 2603 3500 2656 Joanne

1832 2707 2036 2749 annus
2083 2693 2398 2748 Dominica
2453 2693 2741 2763 passionis
2791 2692 3005 2763 (Matth.
3075 2703 3236 2761 xxvx,
3285 2689 3339 2761 3,
3395 2686 3499 2758 47;

1849 2785 2022 2837 Marci
2062 2796 2179 2854 xvr,
2230 2781 2291 2838 64
2326 2801 2340 2854 ;
2378 2785 2534 2838 Joan.
2571 2797 2654 2852 x1,
2684 2780 2790 2854 49;
2837 2796 3004 2853 xvni,
3055 2779 3157 2853 44).
3190 2779 3500 2850 Apostolo-

1849 2886 1976 2926 rum
2003 2885 2134 2928 vero
2175 2876 2330 2941 gesta
2358 2885 2456 2941 per
2496 2872 2550 2927 S.
2601 2874 2807 2928 Lucam
2839 2872 3028 2928 Roma
3061 2869 3386 2939 conscripta
3411 2873 3498 2924 tot

1845 2959 2391 3016 abundantindiciis
2411 2961 2798 3033 chronologia
2821 2975 2920 3031 per
2939 2960 3334 3017 successiones
3360 2971 3493 3028 pra—
3581 2994 3590 2998 -

115 3041 182 3095 66.
213 3042 386 3110 Quare
412 3045 680 3102 monebat
707 3052 857 3103 recte
899 3048 1242 3104 Ruinartius
1273 3054 1399 3118 post
1441 3066 1650 3104 annum
1681 3065 1735 3105 iV
1763 3060 1812 3127 α
1845 3049 2035 3104 sidum
2061 3047 2254 3120 Syria,
2287 3055 2342 3104 et
2376 3049 2765 3120 magistratus,
2797 3055 2918 3105 tum
2944 3049 3001 3104 in
3035 3048 3351 3118 provinciis
3373 3052 3493 3102 tum

121 3132 314 3198 Trajani
355 3136 622 3192 mendum
672 3150 796 3192 esse
843 3138 1210 3194 amanuensis
1253 3140 1530 3194 vertentis
1585 3141 1643 3195 in
1676 3155 1731 3196 IV

120 3234 378 3278 numerum
411 3239 509 3293 IX;
553 3226 648 3282 cui
700 3226 914 3296 Optime
968 3227 1232 3282 convenit
1262 3227 1477 3297 epocha
1513 3229 1732 3285 Dacica

118 3308 330 3368 victoria
351 3319 482 3369 ante
505 3315 825 3371 triennium
849 3315 1059 3386 relata,
1080 3320 1135 3371 et
1152 3317 1443 3386 expeditio
1465 3323 1729 3388 suscepta

121 3399 165 3451 in
187 3401 406 3458 Parthos
436 3408 494 3459 et
529 3403 586 3459 in
619 3405 969 3476 Armeniam,
1019 3419 1144 3475 qua
1191 3406 1247 3460 in
1281 3407 1535 3474 ejusdem
1565 3407 1726 3462 Actis

121 3489 294 3554 pariter
337 3499 708 3549 memoratur.
741 3495 810 3549 Et
843 3508 1033 3550 revera
1077 3500 1381 3551 contextus
1419 3495 1719 3553 verborum

121 3575 180 3628 ita
203 3578 412 3635 videtur
442 3582 758 3652 requirere,
786 3596 915 3638 cum
954 3583 1187 3639 Senecio
1212 3589 1268 3638 et
1296 3585 1440 3639 Sura
1469 3586 1721 3641 secundo

125 3667 467 3738 prasidentes,
526 3670 634 3723 hoc
679 3677 764 3725 est
808 3672 1018 3726 iterum
1049 3672 1281 3743 collega
1322 3673 1381 3728 in
1413 3674 1718 3729 consulatu

123 3750 448 3828 (negligenter
487 3772 751 3828 expresso
792 3774 890 3830 per
919 3774 1082 3816 voces
1112 3761 1277 3828 Syria
1302 3767 1352 3815 et
1381 3763 1597 3816 Senecio
1627 3779 1720 3816 sc—

124 3844 269 3917 eundo)
298 3853 598 3904 recurrant
636 3862 784 3905 anno
833 3850 1062 3919 Trajani
1112 3863 1280 3906 nono.
1311 3853 1373 3906 In
1419 3852 1720 3921 sepulcra—

122 3930 238 3988 libus
263 3938 426 3992 etiam
461 3938 661 3993 titulis
684 3938 964 4009 depositis
1005 3945 1318 4010 martyrum
1351 3941 1573 4011 signata
1607 3955 1718 3997 non

119 4023 422 4094 rarolegitur
435 4026 775 4083 nominibus
785 4027 1106 4099 consulum,
1125 4033 1188 4084 ut
1200 4029 1412 4099 passim
1425 4030 1720 4085 ostendere

118 4122 376 4175 possumus
398 4116 455 4170 in
477 4115 817 4186 fragmentis
839 4117 1094 4186 lapidum
1123 4132 1250 4188 qua
1271 4133 1300 4174 e
1321 4119 1504 4175 sacris
1525 4133 1722 4176 cameo

116 4200 247 4255 teriis
273 4205 536 4272 quotidie
571 4205 974 4262 extrahuntur.
1028 4208 1088 4262 In
1119 4207 1281 4264 Actis
1312 4213 1624 4280 martyrum
1659 4209 1717 4265 in

116 4284 228 4344 Urbe
254 4305 550 4360 passorum
608 4307 810 4351 nomen
859 4295 1108 4365 prafecti
1152 4297 1324 4353 Urbis
1378 4299 1720 4370 quandoque

113 4379 451 4444 exprimitur:
482 4383 585 4453 qui
607 4384 977 4454 magistratus
999 4385 1132 4442 licet
1162 4400 1274 4442 non
1295 4393 1442 4442 esset
1469 4401 1718 4458 annuus,

115 4463 291 4524 relatus
311 4475 498 4527 tamen
521 4473 590 4527 ad
617 4472 765 4528 alias
784 4473 1045 4530 notiones
1073 4475 1527 4545 expeditionum,
1550 4477 1726 4532 victo-

115 4553 314 4628 riarum,
344 4561 552 4616 mortis
573 4561 925 4633 principum,
949 4571 1046 4620 aut
1069 4565 1265 4620 simile
1286 4564 1609 4635 quidpiam,
1641 4565 1724 4619 in-

114 4641 274 4702 cidens
291 4647 348 4702 in
363 4662 426 4704 ea
445 4654 722 4720 tempora,
742 4657 798 4706 et
816 4652 875 4706 in
893 4653 1051 4708 Actis
1074 4653 1332 4724 martyrii
1365 4667 1718 4723 expressum,

114 4733 337 4792 redditur
368 4738 669 4795 character
692 4740 836 4796 satis
867 4741 1108 4797 idoneus
1127 4744 1195 4798 ad
1230 4743 1569 4813 pariandum
1591 4757 1720 4798 cum

112 4825 394 4882 consulatu.
430 4831 496 4883 In
533 4827 692 4884 Actis
719 4829 935 4885 Justini
969 4832 1237 4902 martyris
1269 4833 1542 4888 Rusticus
1572 4847 1725 4902 pra—

113 4907 260 4967 iectus
288 4915 422 4970 Urbi
449 4918 714 4973 eumdem
752 4931 818 4973 ac
852 4919 1042 4976 socios
1090 4921 1405 4993 interrogat
1429 4924 1486 4976 et
1535 4921 1724 4991 capite

115 4997 294 5064 plectit.
347 5005 624 5062 Publicus
681 5006 983 5078 prafectus
1016 5009 1152 5065 Urbi
1209 5010 1424 5082 legitur
1454 5010 1514 5065 in
1559 5009 1721 5067 Actis

113 5084 482 5180 Felicitatis
526 5095 634 5151 sub
684 5096 996 5154 Antonino.
1045 5098 1105 5154 Si
1165 5098 1335 5155 hodie
1385 5096 1722 5157 haberemus

115 5181 349 5249 mtegram
379 5183 592 5238 seriem
627 5183 1018 5253 prafectorum
1063 5187 1199 5245 Urbi
1233 5202 1333 5258 per
1374 5189 1489 5246 duo
1530 5190 1723 5260 priora

115 5269 280 5324 saecula
324 5285 452 5326 ara
513 5272 881 5348 Christiana,
958 5277 1440 5349 quemadmodum
1501 5277 1724 5351 integra

115 5355 254 5413 series
273 5358 489 5432 legitur
513 5376 911 5423 successorum
942 5366 1002 5422 in
1027 5380 1093 5423 eo
1120 5366 1460 5438 magistratu
1486 5381 1556 5424 ex
1575 5381 1723 5424 anno

115 5438 286 5502 Christi
316 5447 424 5505 254
450 5451 520 5506 ad
547 5449 672 5522 354,
710 5453 769 5508 in
800 5456 1078 5524 opusculo
1108 5457 1301 5527 quarti
1334 5457 1531 5514 saculi
1570 5458 1735 5516 edito.

117 5539 188 5593 lict
217 5535 559 5597 Bucherium
592 5555 660 5598 ex
706 5542 914 5601 iisdem
963 5544 1333 5617 membranis,
1392 5546 1452 5602 in
1506 5546 1722 5618 quibus

1844 3138 2032 3193 Roma
2059 3143 2260 3208 agente
2295 3138 2466 3194 Paulo
2502 3138 2716 3194 ibidem
2748 3139 3078 3207 recensitos,
3109 3141 3173 3193 ut
3196 3138 3251 3193 S.
3284 3136 3492 3192 Hiero-

1843 3241 2047 3297 nymus
2100 3226 2335 3298 colligat
2365 3226 2667 3284 historiam
2727 3229 3048 3300 pertingere
3091 3228 3166 3282 ad
3215 3227 3492 3281 biennium

1839 3317 2016 3370 Romae
2053 3318 2428 3371 commorantis
2458 3317 2638 3387 Pauli,
2679 3317 2740 3371 id
2769 3321 2866 3388 est,
2918 3332 3090 3384 usque
3113 3315 3188 3368 ad
3229 3318 3487 3382 quartum

1839 3405 2067 3459 Neronis
2113 3421 2321 3459 annum
2384 3403 2458 3472 (S.
2505 3407 2830 3473 Hieronym.
2891 3406 2950 3456 in
3012 3404 3106 3455 lib.
3151 3402 3218 3454 de
3280 3400 3482 3468 Script.

1834 3491 1977 3544 Eccl.
2013 3494 2072 3545 in
2109 3494 2286 3562 Luc.).
2306 3493 2608 3564 Hisigitur
2628 3491 2906 3558 exemplis
2925 3486 3141 3542 eruditi
3173 3486 3485 3556 scriptores

1832 3579 2231 3635 ecclesiastica
2261 3582 2539 3647 historia,
2590 3578 2904 3649 prasertim
2936 3577 3125 3633 Roma
3148 3581 3397 3648 agentes,
3424 3579 3488 3633 et

1833 3682 1962 3723 cum
1989 3668 2266 3738 apostolis
2283 3668 2490 3723 versati
2514 3673 2613 3723 aut
2639 3680 2766 3722 cum
2798 3666 2942 3721 viris
2962 3665 3316 3736 apostolicis,
3353 3679 3486 3735 que-

1831 3757 2190 3812 madmodum
2232 3762 2492 3813 versatus
2534 3761 2620 3812 est
2669 3756 3043 3827 Hegesippus,
3096 3755 3246 3810 inter
3285 3757 3488 3810 catera

1828 3846 2092 3902 veritatis
2138 3847 2393 3916 criteria,
2443 3846 2657 3918 quibus
2695 3857 2867 3916 opera
2908 3859 3011 3901 sua
3043 3845 3478 3900 conﬁrmarunt.

1829 3947 1940 3990 non
1992 3936 2236 3992 omisere
2273 3943 2563 4007 gestorum
2609 3941 2866 4006 tempora
2906 3936 2976 3990 ad
3033 3939 3197 3990 notas
3239 3933 3486 4003 epochas

1829 4037 2114 4081 revocare.
2169 4025 2468 4097 Hegesippi
2519 4025 2704 4080 locum
2761 4023 3036 4094 produxit
3087 4022 3374 4080 Eusebius
3415 4021 3486 4077 de

1830 4115 2104 4186 martyrio
2123 4114 2315 4170 Jacobi
2345 4112 2546 4170 fratris
2565 4114 2817 4170 Domini.
2845 4113 3132 4183 Epocham
3158 4111 3324 4167 illius
3342 4123 3425 4166 ma
3437 4125 3486 4165 r-

1831 4206 1966 4277 tyrii
1995 4205 2347 4276 signiﬁcavit
2382 4204 2697 4274 proximam
2726 4203 3052 4259 obsidionis
3079 4200 3487 4271 Hierosolymi-

1831 4301 1977 4351 tana
2000 4294 2170 4364 paulo
2204 4299 2331 4363 post
2360 4292 2697 4349 subsecuta.
2747 4294 2857 4349 Nec
2892 4293 3062 4346 multo
3090 4296 3235 4361 post,
3264 4287 3477 4361 inquit,

1749 4395 1803 4456 1)
1831 4383 2038 4438 obsidio
2088 4385 2431 4452 Vespasiani,
2456 4388 2505 4437 et
2533 4381 2845 4436 Judaorum
2873 4382 3163 4451 captivitas
3189 4379 3473 4435 subsecuta

1833 4477 1930 4528 est.
1948 4475 2074 4527 Hac
2098 4475 2450 4543 Hegesippus,
2471 4488 2592 4526 cum
2610 4472 2872 4529 Clemente
2887 4472 3223 4526 consentiens
3249 4468 3470 4541 (Euseb.

1832 4564 1972 4617 Hist.
2003 4563 2148 4617 Eccl.
2175 4562 2277 4618 lib.
2310 4577 2374 4632 ιι,
2404 4574 2527 4632 cap.
2555 4559 2659 4634 23).
2703 4561 2850 4617 Sunt
2877 4560 3047 4618 verba
3075 4559 3342 4617 Eusebii:
3371 4558 3474 4629 qui

1833 4665 1961 4706 cum
1993 4651 2238 4708 adducat
2261 4652 2456 4708 eodem
2483 4651 2606 4708 loco
2636 4650 3032 4706 testimonium
3060 4648 3310 4719 Josephi,
3340 4645 3476 4703 refe-

1835 4741 2016 4797 rentis
2065 4741 2271 4795 cadem
2312 4740 2504 4796 Jacobi
2552 4740 2700 4796 Justi
2749 4740 2817 4795 ad
2875 4738 3238 4795 intervallum
3296 4736 3473 4789 trium

1835 4829 2136 4897 mensium,
2172 4833 2531 4884 numeratum
2573 4842 2641 4884 ex
2687 4832 2866 4886 morte
2894 4827 3044 4883 Festi
3088 4827 3157 4881 ad
3201 4822 3473 4878 Albinum

1836 4921 2260 4990 procuratorem
2309 4930 2342 4972 a
2370 4919 2590 4972 Nerone
2620 4917 3016 4989 subrogatum,
3047 4926 3158 4984 quo
3195 4911 3474 4968 trimestri

1833 5009 2020 5080 spatio
2057 5007 2292 5063 Ananus
2313 5005 2514 5077 junior
2539 5006 2718 5079 gessit
2738 5004 3155 5075 pontiﬁcatum,
3176 5002 3476 5060 conﬁrmat

1836 5111 2046 5154 morem
2100 5096 2288 5169 gentis
2316 5103 2486 5168 atque
2515 5095 2701 5152 atatis
2725 5108 2863 5160 sua,
2909 5097 2966 5149 et
2994 5093 3182 5150 Roma
3212 5092 3476 5150 scriben—

1834 5188 1981 5244 tium
2012 5186 2442 5257 historicorum,
2477 5191 2541 5243 ut
2564 5184 2807 5256 epochas
2827 5196 2940 5240 non
2967 5182 3296 5240 omitterent
3325 5181 3479 5236 iden-

1832 5276 2009 5332 tidem
2059 5289 2369 5332 memorare
2407 5279 2694 5348 gestorum
2748 5287 2875 5346 qua
2916 5271 3349 5330 describebant:
3419 5275 3479 5326 et

1835 5365 2091 5423 historia
2112 5379 2231 5423 sua
2248 5365 2354 5423 hoc
2381 5364 2571 5422 lumen
2593 5378 2705 5423 non
2729 5363 3027 5436 denegare,
3048 5361 3196 5434 quod
3225 5361 3476 5416 Romana

1832 5455 2064 5512 archiva
2109 5455 2169 5512 in
2201 5455 2382 5527 gestis
2433 5455 2912 5525 provincialibus,
2962 5458 3020 5510 et
3067 5449 3476 5528 inscriptiones

1836 5544 2081 5618 publica
2108 5543 2535 5601 ministrabant.
2568 5545 2775 5601 Eadem
2796 5555 2931 5598 vero
2955 5539 3206 5611 archiva,
3229 5544 3287 5597 et
3316 5553 3476 5596 mar-
