4034 6196
492 267 555 326 51

1281 261 1375 318 an
1426 260 1861 319 ANASTASIUM
1906 259 2163 335 moneo

2271 259 2418 330 ENA
2468 260 2646 318 EDIT.
2677 258 3105 318 ROM.—VATIC.

3831 260 3909 330 5.2

500 409 681 464 mora,
714 397 770 466 et
799 391 1070 462 indiculi,
1098 394 1156 447 et
1172 391 1432 448 historia
1452 392 1640 449 adhuc
1663 392 1897 463 integra
1922 391 2144 468 labente
2163 393 2219 455 A
2253 405 2371 456 sua
2391 391 2808 449 ordinationis:
2844 407 2986 464 quas
3013 407 3206 464 preces
3224 393 3410 452 edidit
3427 392 3743 455 cardinalis
3757 393 3910 452 Tho-

499 492 703 560 quarto
726 482 944 541 Christi
977 482 1206 551 saculo,
1240 495 1353 553 q-uo
1377 479 1661 538 Eusebius
1689 486 1745 537 et
1764 481 2142 552 Hieronymus

497 575 794 642 florebant,
848 579 1108 644 apertum
1147 571 1521 627 ostendebant
1564 571 1670 644 hoc
1713 571 1898 640 ipsum
1949 569 2141 625 lumen

2254 483 2472 548 masius
2504 483 2654 540 libro
2695 497 2758 538 ιιι
2799 482 3048 540 Sacram.
3074 485 3232 538 Rom.
3275 483 3562 555 Ecclesia,
3597 498 3721 556 pag.
3768 481 3905 554 2M,

2254 572 2362 628 hoe
2387 571 2595 638 titulo:
2655 573 2842 628 Oratio
2884 574 2944 626 in
2971 573 3147 627 natali
3169 573 3494 652 presbyteri,
3530 575 3770 644 qualiter
3795 574 3913 628 sibi

498 671 816 735 temporum
865 661 1088 718 auctori
1133 660 1388 732 Catalogi
1441 659 1550 717 sub
1601 659 1848 729 Liberio,
1883 660 2050 729 cujus
2074 660 2144 715 de
2249 663 2475 716 missam
2499 662 2690 715 debeat
2719 662 3003 716 celebrare.

499 753 861 812 documentis
890 750 1317 823 chronologicis
1342 749 1638 823 inquirere
1664 749 1805 807 duxi
1839 762 1952 807 non
1981 749 2145 820 omit-

502 844 983 989 tmalitlmto'iradum
1041 928 1180 985 hinc
1227 926 1434 983 faciam
1481 927 1548 984 ad
1595 926 2042 999 cognoscendam
2091 928 2146 980 et

499 1017 1123 1089 aliiscomprobandam
1136 1016 1541 1073 certitud-inem
1564 1020 1736 1088 atque
1748 1014 2144 1072 auctoritatem

499 1115 833 1167 caterarum
869 1121 1059 1164 rerum
1097 1121 1222 1178 qua
1253 1107 1313 1162 in
1345 1112 1590 1180 utroque
1628 1105 1897 1176 Catalogo
1927 1117 2148 1159 memo-

499 1204 720 1256 rantur.
755 1197 1164 1254 Ordinationes
1189 1195 1669 1267 presbyterorum,
1693 1200 1748 1250 et
1771 1194 2144 1249 diaconorum

498 1287 692 1360 Urbis,
713 1301 816 1345 nec
845 1300 956 1343 non
984 1287 1384 1356 episcoporum
1416 1285 1553 1340 hinc
1573 1283 2043 1340 transmissorum
2074 1280 2142 1336 ad

497 1363 647 1434 alias
665 1375 938 1432 ecclesias
955 1375 1041 1431 vel
1065 1373 1409 1444 fundandas,
1435 1372 1520 1428 vel
1553 1370 1970 1443 gubernandas,
2004 1369 2148 1425 obti-

499 1471 634 1523 nent
663 1465 850 1522 locum
880 1465 1177 1535 potiorem,
1223 1477 1353 1519 cum
1403 1463 1463 1518 in
1493 1461 1747 1537 singulis
1777 1457 2149 1530 pontiﬁcibus

500 1556 879 1626 reperiantur.
904 1553 1222 1610 Videndum
1244 1551 1426 1624 igitur
1441 1557 1529 1608 est
1549 1550 1647 1621 qui
1673 1548 1793 1624 ﬁeri
1811 1547 2064 1618 potuerit
2085 1550 2150 1601 ut

501 1659 600 1716 per
620 1645 731 1701 tria
750 1645 941 1716 priora
953 1640 1162 1699 sacula
1180 1655 1213 1698 a
1228 1641 1449 1697 Christi
1476 1639 1707 1696 Domini
1735 1637 2008 1709 passione
2025 1642 2138 1692 tam

2322 750 2460 806 Cum
2481 751 2675 820 itaque
2694 755 2750 806 et
2769 744 2889 806 mes
2904 750 3333 807 vetustissimus
3346 749 3524 807 fuerit
3539 751 3906 808 sacerdotum

2255 839 2738 910 priorlsfaderis,
2763 841 3243 912 utconsignarent
3261 840 3410 896 diem
3433 841 3911 913 inaugurationis

2255 933 2310 984 et
2341 928 2538 985 obitus
2581 929 2834 998 publicis
2864 930 3112 999 tabulis;
3145 935 3199 985 et
3228 931 3284 985 in
3315 930 3550 986 exordio
3583 931 3904 986 Sacerdotii

2255 1019 2386 1085 novi
2415 1017 2646 1074 foederis
2671 1018 2796 1075 dies
2825 1019 3036 1074 natalis
3065 1019 3346 1076 cathedra
3373 1033 3483 1077 non
3513 1020 3712 1078 minus
3728 1033 3904 1089 quam

2255 1106 2559 1175 natalitius
2612 1107 2872 1178 martyrii
2908 1107 2964 1162 in
2998 1109 3158 1163 Petro
3189 1108 3268 1163 sit
3319 1114 3626 1166 annotatus
3657 1126 3674 1177 ς
3723 1122 3910 1179 eaque

2259 1196 2407 1252 ratio
2433 1197 2512 1251 sit
2538 1196 2731 1252 habita
2768 1197 2826 1250 in
2855 1196 3289 1253 successoribus
3314 1198 3487 1267 Petri,
3517 1203 3573 1252 et
3597 1198 3665 1253 ad
3689 1197 3912 1267 episco-

2257 1298 2358 1354 pos
2377 1285 2662 1341 minorum
2696 1284 2929 1341 urbium
2952 1285 3206 1342 derivata
3229 1285 3326 1352 sit,
3352 1286 3488 1355 imo,
3511 1291 3567 1342 et
3595 1287 3651 1341 in
3681 1285 3912 1356 presby-

2257 1375 2365 1442 teri
2443 1375 2876 1430 consecratione
2944 1375 3206 1432 adhibita
3250 1376 3726 1446 deprehendatur,
3771 1377 3912 1446 quis

2257 1464 2482 1520 dubitet
2506 1477 2536 1519 a
2563 1464 2806 1520 notariis
2827 1463 3092 1520 Ecclesia
3113 1465 3377 1525 Romana
3400 1465 3514 1520 hac
3537 1465 3907 1536 potissimum

2255 1553 2596 1609 documenta
2616 1553 2674 1608 in
2707 1553 2930 1616 litteras
2949 1553 3123 1612 relata
3140 1560 3196 1609 et
3220 1553 3277 1608 in
3308 1553 3573 1613 Archivis
3592 1553 3906 1622 custodita,

2257 1642 2408 1708 unde
2457 1642 2817 1711 postmodum
2858 1641 3126 1724 catalogi,
3159 1648 3214 1708 et
3241 1642 3536 1722 diptycha,
3567 1646 3624 1698 et
3655 1641 3909 1706 indiculi

497 1734 810 1806 diligenter
839 1737 1168 1790 numeratas
1198 1730 1516 1801 repererint
1543 1729 1938 1785 ordinationes
1964 1729 2025 1783 in
2053 1727 2151 1781 Ec-
2171 1729 2224 1792 B
2257 1734 2393 1789 sum
2421 1730 2644 1788 collecti
2668 1731 2696 1786 τ

493 1822 671 1878 clesia
691 1823 941 1878 Romana
962 1825 1224 1877 auctores
1251 1819 1488 1876 secundi
1508 1816 1785 1898 Catalogi,
1806 1814 2152 1896 pertinentis

493 1910 563 1967 ad
595 1914 816 1966 atatem
847 1908 1058 1965 Felicis
1099 1908 1292 1979 quarti
1324 1913 1380 1964 et
1415 1905 1753 1962 Justinian—i.

564 1999 741 2054 Nemo
784 1997 1074 2068 negaverit
1102 1997 1174 2052 ab
1221 1996 1460 2053 exordio
1499 1995 1762 2052 Mosaica
1794 1993 1937 2064 legis
1967 1991 2149 2050 fuisse

395 2156 398 2159 π
497 2086 898 2158 consignatum
927 2098 1139 2140 annum
1163 2098 1228 2140 ac
1247 2085 1400 2140 diem
1431 2082 1742 2159 erectionis
1768 2080 2143 2152 tabernaculi,

494 2177 734 2246 ejusque
754 2173 1230 2250 consecrationis,
1249 2173 1542 2254 simulque
1562 2172 1806 2229 Aaronis
1833 2170 2144 2242 pontiﬁcis,

494 2269 553 2322 et
577 2263 828 2320 ﬁliorum
851 2263 976 2332 ejus
1006 2263 1365 2318 sacerdotum
1396 2262 1575 2317 Exodi
1609 2263 1795 2330 capite
1824 2275 1929 2334 xu:
1967 2260 2151 2313 Locu—

495 2358 691 2430 tusque
711 2356 792 2407 est
813 2336 1075 2429 Dotninus
1128 2351 1204 2404 ad
1229 2352 1454 2426 Moysen
1485 2349 1670 2403 dicens
1696 2367 1708 2402 :
1741 2351 1924 2403 Mense
1943 2349 2145 2417 primo,

489 2443 674 2513 prima
711 2441 801 2497 die
828 2441 1030 2496 mensis
1067 2441 1239 2507 eriges
1277 2437 1693 2512 tabernaculum
1740 2437 2053 2498 testimonii,
2099 2438 2155 2488 et-

490 2547 660 2602 pones
687 2533 749 2586 in
774 2546 832 2586 eo
859 2546 1066 2593 arcam,
1110 2534 1216 2585 etc.
1251 2527 1680 2605 Applicabisque
1714 2525 1906 2580 Aaron
1937 2528 1986 2578 et
2009 2524 2149 2596 ﬁlios

495 2621 614 2690 ejus
661 2621 736 2674 ad
780 2623 925 2688 fores
977 2617 1318 2674 tabernaculi
1369 2616 1682 2677 testimonii,
1722 2618 1773 2668 et
1820 2615 1953 2667 lotos
2000 2627 2149 2682 aqua

497 2711 692 2781 indues
729 2712 936 2765 sanctis
959 2709 1219 2784 uestibus,
1251 2710 1314 2761 ut
1360 2707 1674 2760 ministrent
1699 2703 1856 2764 mihi,
1888 2707 1938 2757 et
1967 2704 2148 2756 unctio

497 2815 683 2874 eorum
730 2800 792 2853 in
852 2798 1216 2852 sacerdotium
1267 2799 1528 2850 aeternum
1575 2795 1848 2864 proficiat.
1900 2793 2149 2860 Fecitque

499 2875 715 2956 Moyses
745 2887 928 2942 omnia
958 2902 1079 2956 qua
1095 2889 1437 2956 praeceperat-
1461 2885 1743 2940 Dominus.
1765 2881 1946 2948 Igitur
1971 2895 2150 2934 mense

495 2965 678 3048 primo
709 2977 848 3031 anni
900 2975 1126 3030 secundi
1142 2975 1329 3044 prima
1358 2973 1447 3027 die
1486 2972 1686 3027 mensis
1726 2970 2044 3026 collocatum
2077 2969 2160 3022 est

2327 1819 2417 1877 21.
2471 1822 2660 1886 Roma
2684 1835 2815 1877 vero
2839 1821 3169 1878 accuratius
3199 1825 3428 1886 curatas
3456 1824 3512 1876 et
3539 1821 3915 1892 consignatas

2258 1909 2439 1966 fuisse
2467 1909 2864 1980 ordinationes
2882 1909 3199 1974 Christiani
3232 1923 3296 1965 ac
3327 1923 3454 1966 vere
3497 1909 3685 1966 divini
3712 1923 3914 1966 sacer—

2255 1999 2402 2055 dotii
2437 1998 2570 2070 quis
2602 1998 2983 2068 inﬁciabitur,
3011 1998 3111 2070 qui
3156 1997 3413 2054 observet
3437 1998 3608 2053 etiam
3645 1996 3916 2067 profanos

2256 2087 2552 2156 antistites
2571 2087 2932 2142 ethnicarum
2955 2086 3432 2155 superstitionum
3455 2087 3605 2156 apud
3625 2088 3916 2144 Romanos

2257 2181 2416 2232 tanto
2450 2177 2506 2230 in
2538 2175 2722 2246 pretio
2745 2173 2926 2239 fuisse
2949 2175 3198 2243 habitos,
3221 2182 3284 2232 ut
3302 2176 3690 2246 cooptationes
3711 2189 3911 2240 eorum

2260 2264 2724 2334 insculperentur
2737 2263 3009 2333 nummis,
3027 2264 3430 2331 marmoribus,
3445 2265 3585 2335 aris,
3596 2270 3707 2319 tam
3724 2264 3780 2318 in
3800 2264 3920 2320 Au-

2259 2353 2447 2425 gustis
2469 2352 2725 2408 universi
2755 2352 2986 2422 imperii
3018 2353 3472 2416 moderatoribus
3493 2367 3623 2408 cum
3658 2367 3919 2424 occupa—

2259 2443 2628 2508 rentdeorum
2646 2429 2883 2498 suorum
2899 2442 3210 2498 maximum
3230 2441 3646 2511 pontiﬁcatum,
3663 2455 3831 2513 quam
3848 2443 3916 2498 in

2258 2530 2500 2600 privatis
2513 2530 2842 2604 quibusque
2865 2531 3060 2594 minus
3079 2530 3315 2602 aliquod
3344 2531 3726 2586 sacerdotium
3745 2533 3922 2602 adep-

2258 2621 2378 2676 tis?
2401 2620 2616 2685 Omitto
2641 2621 2875 2678 annales
2893 2620 3227 2690 pontiﬁcum
3258 2635 3569 2690 eorumque
3591 2620 3771 2676 libros
3789 2621 3922 2676 lin—

2257 2714 2378 2766 teos
2391 2723 2512 2774 esse
2535 2711 2774 2780 primam
2790 2709 3072 2784 originem
3091 2709 3364 2766 Romana
3383 2710 3660 2779 historia,
3679 2711 3814 2778 utin
3829 2710 3927 2766 li-

2257 2799 2360 2854 bro
2381 2791 2630 2855 secundo
2645 2799 2713 2864 de
2724 2799 2961 2862 Oratore
2976 2804 3250 2854 memorat
3262 2798 3644 2857 MarcusTulli
3658 2813 3751 2854 us:
3774 2801 3924 2854 Erat

2260 2887 2490 2942 historia
2521 2888 2602 2941 nil
2645 2887 2806 2954 aliud
2845 2889 2960 2954 nisi
2987 2888 3275 2950 annalium
3301 2889 3562 2955 confectio
3583 2905 3600 2940 :
3628 2887 3784 2960 cujus
3809 2889 3924 2951 rei,

2263 2979 2636 3046 memoriaque
2653 2976 2891 3048 publica
2918 2977 3217 3038 retinenda
3241 2991 3426 3042 causa,
3450 2975 3519 3028 ab
3546 2977 3702 3031 initio
3731 2991 3929 3029 rerum.

503 3063 938 3120 tabernaculum.
967 3063 1264 3130 Erexitque
1291 3061 1501 3128 Moyses
1521 3058 1685 3120 illud,
1717 3062 1822 3112 etc.
1852 3056 2155 3110 Lauerunt-
2187 3056 2236 3120 Ο
2264 3065 2634 3119 Romanarum
2669 3051 2851 3133 usque
2893 3063 2967 3119 ad
3003 3065 3065 3128 Ρ.
3113 3066 3352 3130 Mucium
3388 3065 3697 3142 pontificem
3726 3064 3930 3125 ιηαωί.

512 3169 614 3223 que
636 3153 864 3228 Moyses,
891 3155 941 3207 et
969 3151 1162 3206 Aaron
1190 3149 1373 3218 acﬂlii
1401 3149 1522 3228 ejus
1539 3161 1735 3201 manus
1766 3161 1896 3200 suas
1921 3150 1972 3200 et
1989 3144 2158 3214 pedes

508 3257 630 3296 cum
667 3226 1085 3310 ingrederentur
1123 3243 1317 3294 tectum
1364 3226 1585 3305 foederis
1635 3241 1684 3291 et
1725 3234 2038 3290 accederent
2087 3233 2166 3288 ad

505 3331 702 3394 altare,
733 3317 874 3385 sicut
893 3333 1232 3400 praceperat-
1254 3329 1512 3383 Dominus
1537 3326 1734 3393 Moysi.
1759 3326 1873 3380 Nec
1903 3327 2164 3379 tantum-

510 3420 677 3477 modo
709 3419 772 3475 in
822 3405 1005 3494 sacris
1035 3417 1250 3473 litteris
1278 3402 1654 3494 consignatus
1682 3421 1768 3469 est
1791 3413 1916 3469 dies
1957 3424 2164 3467 conse-

511 3495 794 3565 crationis
823 3493 1070 3562 Aaronis
1096 3505 1270 3576 primi
1306 3504 1599 3580 pontiﬁcis
1628 3502 1863 3564 summi,
1893 3515 2087 3557 verum
2109 3503 2166 3574 et

512 3597 766 3668 ejusdem
788 3581 985 3652 obitus
1003 3594 1147 3663 dies,
1175 3593 1390 3650 mensis
1409 3598 1686 3658 etannus,
1710 3599 1765 3648 et
1783 3591 1889 3646 ﬁlii
1911 3589 2164 3646 Eieazari

517 3684 809 3743 successio
836 3689 893 3739 et
932 3683 1306 3752 inauguratio
1335 3683 1404 3738 ad
1440 3681 1752 3736 maximum
1784 3679 2166 3756 sacerdotium

519 3785 786 3844 expresse
830 3773 1180 3826 memoratur
1203 3770 1584 3824 Numerorum
1627 3782 1750 3838 cap.
1777 3781 1990 3844 xxxiii,
2021 3781 2164 3823 vers.

517 3842 638 3920 38—}
683 3859 1052 3927 Ascenditque
1097 3857 1289 3911 Aaron
1343 3857 1593 3910 sacerdos
1637 3858 1696 3909 in
1746 3842 1976 3910 montem
2022 3856 2173 3908 Hor-

514 3952 742 4024 jubente
781 3949 1048 4003 Domino:
1080 3949 1130 4000 et
1175 3945 1255 3998 ibi
1294 3948 1539 3999 mortuus
1579 3949 1662 3999 est
1679 3959 1822 3998 anno
1855 3943 2174 4014 quadrage—

525 4043 662 4097 simo
720 4037 1042 4106 egressionis
1081 4035 1320 4104 filiorum
1364 4033 1540 4088 Israel
1582 4048 1650 4088 ea:
1699 4035 1948 4102 Egypto,
1995 4047 2174 4086 mense

531 4131 742 4201 quinto,
767 4127 955 4196 prima
997 4124 1086 4180 die
1104 4125 1324 4185 mensis,
1351 4137 1469 4178 cum
1517 4126 1653 4177 esset
1675 4137 1944 4176 annorum
1963 4125 2174 4176 centum

529 4219 728 4288 uiginti
751 4203 939 4272 trium.
985 4213 1126 4269 Inde.
1145 4211 1354 4282 incipit
1379 4211 1747 4283 pontiﬁcatus
1777 4210 2033 4266 Eleazari
2063 4210 2171 4266 ﬁlii

531 4308 742 4364 Aaron.
791 4302 1035 4360 Domino
1064 4301 1218 4358 enim
1249 4301 1616 4371 pracipiente
1644 4301 1862 4370 Moyses
1905 4299 2174 4368 spoliavit

532 4383 719 4455 Aaron
761 4391 1019 4450 vestibus
1063 4391 1209 4461 suis,
1253 4395 1310 4446 et
1357 4389 1552 4447 induit
1597 4390 1682 4445 eis
1728 4389 2075 4459 Eleazarum,
2110 4395 2175 4444 ut

537 4484 786 4544 refertur
809 4483 1183 4538 Numerorum
1214 4493 1295 4535 xx
1325 4520 1336 4533 .
1386 4479 1456 4534 Et
1493 4485 1631 4536 tunc
1659 4479 1846 4533 Aaron
1876 4477 2120 4556 decessit
2149 4490 2180 4532 e

535 4577 656 4632 vita
695 4572 973 4630 collectus
1000 4571 1078 4627 ad.
1117 4575 1308 4640 patres
1351 4582 1505 4624 suos.
1556 4566 1840 4636 Epocham
1871 4565 2185 4644 sacerdotii

540 4653 760 4722 summi
782 4660 1046 4718 Moesica
1077 4659 1225 4732 legis
1249 4657 1561 4729 diligenter
1593 4655 1828 4736 relatam
1862 4655 1921 4710 in
1952 4655 2182 4711 divinas

539 4738 765 4812 litteras
789 4765 918 4808 cum
939 4743 1455 4806 animadverterent
1480 4743 1662 4800 nostri
1687 4744 1985 4828 pontiﬁces
2006 4745 2185 4801 Chri—

539 4830 739 4915 stiani,
773 4830 1118 4899 censuerunt
1140 4850 1252 4893 non
1279 4833 1488 4889 minori
1514 4846 1652 4890 cura
1676 4847 1800 4890 esse
1832 4833 2181 4892 referendam

542 4935 605 4991 in
649 4931 917 4988 Ecclesia
966 4927 1193 4985 tabulas
1234 4921 1652 5004 dedicationem
1705 4925 2007 4995 cathedra,
2059 4940 2186 4998 qua

545 5021 912 5092 responderet
960 5013 1244 5074 erectioni'
1287 5011 1686 5084 tabernaculi;
1739 5028 1806 5071 ac
1860 5019 2192 5072 statuerunt

543 5100 1125 5181 cujuslibetepiseopi
1138 5103 1238 5158 0rd
1248 5101 1526 5160 inst-iouis
1543 5103 1695 5159 diem
1707 5115 1898 5159 annua
1916 5103 2190 5160 memoria

541 5199 849 5267 celebrare,
877 5207 1010 5266 qua
1030 5190 1275 5248 Aaronis
1291 5191 1717 5248 consocrationi
1741 5205 1861 5248 com
1870 5198 2186 5263 pararetur.

542 5279 704 5358 Quin
725 5279 998 5342 etiam'in
1031 5279 1348 5337 ritualibus
1371 5279 1544 5336 libris
1570 5281 2001 5352 vetustissimis,
2035 5287 2089 5337 et
2129 5281 2190 5338 in

543 5363 1285 5452 canonibusﬂonoiliorum
1300 5368 1708 5452 conspicimus,
1735 5367 1915 5452 Fuisse
1939 5371 2194 5451 assigna-

548 5472 640 5525 tas
665 5469 855 5521 certas
877 5471 1072 5532 procos
1121 5449 1342 5531 cuique
1363 5446 1654 5516 sacerdotii
1675 5446 1922 5517 secundi
1942 5446 2188 5532 ordinis,

551 5563 753 5622 nempe
771 5543 1120 5622 presbytero,
1151 5553 1216 5606 ut
1229 5538 1423 5604 annuo
1439 5536 1728 5605 sacriﬁcio
1745 5535 2017 5606 recoléret
2038 5536 2190 5630 diem

2265 3169 2413 3207 mum
2435 3169 2522 3208 res
2551 3169 2732 3208 omnes
2748 3155 3088 3222 singulorum
3110 3169 3379 3207 annorum
3396 3151 3695 3206 mandabat
3721 3151 3934 3208 litteris

2261 3243 2519 3314 pontifex
2553 3229 2852 3308 maaimus,
2871 3243 3229 3312 efferebatque
3259 3243 3317 3295 in
3337 3242 3541 3304 album,
3569 3245 3620 3294 et
3641 3255 3937 3316 propone—

2273 3333 2366 3387 bat
2417 3333 2663 3386 tabulam
2695 3332 2860 3394 domi,
2906 3317 3148 3404 potestas
3195 3336 3258 3384 ut
3298 3335 3432 3386 esset
3459 3331 3660 3400 poloqu
3713 3345 3930 3396 cogno-

2271 3421 2457 3488 scendi
2478 3439 2494 3485 ;
2517 3423 2560 3474 ii
2575 3422 2672 3491 qui
2694 3423 2855 3486 etiam
2884 3405 3030 3473 nunc
3053 3419 3280 3473 annales
3299 3419 3528 3472 maximi
3546 3419 3929 3472 nominantur.

2272 3511 2424 3576 Satis
2451 3509 2626 3580 fuerit
2646 3509 2928 3579 inspicere
2950 3507 3176 3563 tabulas
3199 3507 3624 3576 cooptationum
3654 3507 3723 3561 ad
3748 3519 3935 3563 sacer-

2275 3599 2432 3655 dotia
2465 3613 2589 3669 qua
2638 3589 2972 3674 supersunt,
3023 3597 3174 3666 apud
3202 3596 3510 3651 Gruterum
3563 3595 3871 3664 descripta
3905 3610 3938 3662 φ

2281 3679 2663 3743 marmoribus
2701 3685 2974 3750 Romanis
3023 3685 3120 3742 fol.
3169 3697 3275 3758 ccc,
3307 3690 3363 3738 et
3392 3683 3541 3753 aqud
3584 3683 3934 3740 Panvinium

2282 3776 2340 3831 in
2372 3777 2558 3832 Fastis
2585 3775 2654 3831 ad
2694 3787 2908 3830 annum
2937 3772 3108 3828 Urbis
3133 3768 3260 3826 743.
3293 3773 3502 3826 Prater
3530 3771 3665 3825 anni
3709 3775 3940 3835 notam,

2284 3878 2383 3934 per
2419 3864 2660 3936 collegia
2704 3861 3009 3917 consulum
3059 3859 3391 3928 indicatam,
3424 3858 3607 3914 incisa
3638 3862 3724 3912 est
3753 3858 3937 3914 etiam

2280 3950 2493 4021 epocha
2514 3941 2794 4020 annorum
2823 3947 2892 4002 ab
2913 3947 3060 4001 Urbe
3084 3946 3333 4014 condita.
3361 3945 3758 4018 Fragmentum
3783 3945 3944 4009 dabo

2281 4032 2350 4096 ex
2370 4037 2708 4108 collectione
2737 4035 2934 4090 excoli.
2970 4033 3190 4090 domini
3222 4033 3534 4102 Alexandri
3577 4033 3819 4106 Albani:

2565 4200 2577 4212 -
2621 4199 2635 4215 -
2697 4156 2947 4232 COELIO.
2999 4156 3472 4232 APOLLJNARE,
3502 4157 3651 4228 cos.

2706 4231 2771 4301 P,
2805 4231 2874 4301 ιι,
2915 4229 2970 4285 c.
3021 4229 3093 4301 Α.
3127 4229 3500 4301 DCCCCXXII.

2613 4301 2676 4366 ρ.
2744 4299 3075 4370 CLODIVS
3104 4299 3612 4356 MARCELLIst

2861 4373 2866 4377 ’
2903 4369 3172 4429 GOOPTA
3183 4371 3319 4427 TVS

2201 4427 2268 4511 Di
2362 4447 2432 4512 Τ..
2454 4443 2682 4510 Alme.
2710 4442 2965 4508 CILONE
3005 4445 3078 4514 ιι.
3112 4427 3684 4514 ﬁnemﬁnem.
3732 4479 3746 4494 .
3791 4481 3805 4494 .
3854 4481 3878 4506 ._

2468 4587 2548 4662 Μ..
2589 4512 3574 4662 γΑιεῌῖὶτξξὲᾼὲῒὲἓῗΫρνιιρ
3620 4621 3638 4646 ιι
3680 4621 3693 4634 -
3740 4622 3762 4646 -.

2911 4649 3082 4711 (ΙΟοΡ
3089 4654 3180 4709 TA
3191 4657 3234 4710 T
3242 4655 3324 4710 VS

2435 4729 2491 4785 σι
2529 4726 2737 4786 ΙΜΝΙΟ
2765 4725 2996 4790 ASPRO
3017 4723 3072 4781 Ill
3112 4725 3182 4781 Ὀ.
3217 4723 3421 4779 IVLIO
3449 4723 3686 4780 ASPRO-
3719 4764 3732 4778 .
3781 4764 3793 4776 .

2679 4800 2746 4864 ια..
2767 4798 2828 4877 ιο
2950 4796 3426 4877 eaeaeae.-
3472 4836 3492 4853 ι
3533 4835 3547 4851 ο

2844 4866 3392 4997 agitatas-

2550 5051 2564 5064 .
2608 5051 2622 5064 .
2667 5049 2681 5062 .
2725 4999 3453 5082 .,.4nve.'1n_e1_'~gena
3496 5049 3508 5062 .
3555 5049 3567 5062 .
3614 5050 3626 5062 .
3675 5048 3689 5061 .

2649 5081 2803 5137 PtR.
2850 5079 2907 5135 Ο.
2961 5075 3412 5136 Ᾱ.ΜΟΟΟΕΧΧ
3448 5120 3460 5133 .
3507 5121 3520 5134 .
3567 5120 3578 5132 .

2367 5192 2640 5264 Nummos
2671 5187 2774 5257 qui
2820 5186 3018 5264 cupiat
3047 5186 3170 5256 ejus
3197 5185 3286 5264 rei
3313 5190 3510 5264 testes,
3548 5183 3808 5241 observet
3841 5199 3953 5242 ar—

2299 5284 2531 5356 genteos
2558 5282 2613 5333 et
2632 5261 2847 5357 aureos
2863 5261 3080 5331 Neroni
3097 5261 3314 5348 Caesari
3336 5287 3368 5329 a
3399 5263 3600 5350 senatu
3633 5285 3810 5346 cusos
3835 5273 3954 5329 sub

2302 5373 2462 5441 patre
2486 5365 2745 5433 Claudio,
2778 5377 2907 5420 cum
2940 5362 3250 5436 epigraphe
3277 5380 3290 5418 :
3323 5363 3595 5418 Sacenoos
3643 5373 3954 5434 coor'rarvs

2302 5461 2360 5515 in
2388 5469 2546 5536 omne.
2570 5442 2870 5533 aestuet“
2899 5446 3070 5510 svras
3112 5446 3376 5510 uvxznvu
3405 5456 3481 5526 ex.
3506 5449 3561 5522 S.
3677 5450 3950 5528 Eamdem

2301 5531 2717 5626 cooptationem
2743 5531 2923 5620 refert
2952 5557 3200 5600 marmor
3227 5545 3515 5616 vetustum
3545 5541 3700 5631 apud
3741 5540 3957 5595 Grute-
