4034 6196
153 196 234 258 53

1711 185 1827 244 PR1

1967 186 2088 244 I'IO.
3512 184 3586 248 δι

159 337 288 382 rum
317 322 437 382 fol.
457 333 560 393 ccc,
591 320 663 377 ad
689 316 1054 376 consulatum
1086 328 1122 372 ν
1145 314 1370 374 Claudii
1401 315 1670 388 Augusti,
1701 314 1830 372 col-
1853 315 1914 376 A
1949 318 2049 388 tia,
2095 318 2350 389 adeoque
2382 317 2532 373 inter
2568 316 2980 389 antiquissima
3020 317 3196 375 Urbis
3221 319 3589 395 censendum)

160 416 290 487 lega
322 414 512 470 Orﬁto
541 415 670 481 post
704 412 937 466 Romam
968 409 1259 465 conditam
1288 421 1439 463 anno
1467 403 1592 463 804.
1626 405 1832 461 Ponti-

159 505 381 559 ﬁcatus
400 507 589 558 autem
618 499 850 555 Maximi
879 513 912 554 a
939 511 999 554 se
1025 498 1161 553 initi
1191 498 1341 553 diem
1366 495 1447 552 ita
1475 496 1686 551 incidit
1705 495 1830 551 Au-

159 599 378 666 gustus
401 592 466 646 in
493 590 837 646 Kalendario
862 597 1196 657 marmoreo,
1220 587 1358 643 olim
1381 587 1528 656 apud
1553 585 1826 656 Maiieios,

163 685 323 739 hunc
373 690 570 737 autem
623 680 686 735 in
737 678 1105 734 Farnesianis
1150 677 1372 733 aedibus
1424 682 1714 732 asservato
1758 676 1826 731 ad

157 772 448 840 Campum
499 770 680 826 Florae
724 787 737 822 :
786 771 896 823 Hoc
944 781 1036 822 me
1093 779 1294 821 CAESAR
1351 779 1562 821 ponus.
1624 778 1823 820 uxxm.

161 873 313 915 uer.
366 873 469 914 εδει·
496 857 583 923 (ad
616 858 769 913 diem
802 857 991 928 pridie
1032 869 1211 911 nonas
1250 855 1502 926 Martii);
1536 858 1592 910 et
1618 853 1677 909 in
1713 852 1830 908 alio

161 947 513 1003 Kalendarii
559 945 878 1018 fragmento
921 959 1105 1016 nuper
1150 944 1354 1000 eﬂ‘osso
1397 943 1546 1013 apud
1592 942 1827 997 Antium

160 1050 298 1092 cura
322 1042 385 1092 et
411 1037 692 1106 impensis
719 1034 938 1090 laudati
965 1034 1218 1089 vindicis
1237 1033 1478 1090 eruditae
1503 1031 1831 1101 antiquita—

163 1127 239 1181 tis
280 1126 498 1181 excell.
540 1124 850 1180 Alexandri
894 1123 1100 1178 Albani
1140 1124 1231 1178 SS.
1273 1125 1335 1177 D.
1381 1125 1450 1176 N.
1483 1121 1682 1176 fratris
1719 1120 1824 1176 lilii

161 1215 437 1286 signatur
467 1215 598 1270 dies
627 1227 726 1269 xxv
758 1213 882 1268 Kal.
913 1215 1054 1267 Nov.

373 1389 483 1430 HOC
523 1389 616 1430 DIE
656 1387 856 1429 CAESAR
893 1387 1069 1430 TOGAM
1108 1385 1342 1428 VIRILEM
1384 1385 1611 1428 SUMPSIT

174 1579 186 1590 .
270 1578 282 1590 .
367 1578 382 1590 .
475 1577 490 1590 .
577 1577 592 1590 .
677 1576 690 1590 .
775 1575 788 1588 .
873 1577 884 1588 .
969 1576 983 1588 .
1059 1535 1466 1605 supplentibus
1517 1533 1829 1592 fracturam

169 1625 505 1695 marmoris,
536 1638 663 1694 quae
693 1623 990 1695 sequentia
1023 1623 1330 1694 surripuit,
1362 1623 1597 1681 Nicolao
1620 1627 1830 1680 Dama—
1856 1636 1910 1699 Β

166 1729 352 1782 sceno,
388 1720 451 1770 et
485 1715 782 1783 Suetonio,
825 1728 1067 1785 quorum
1102 1729 1170 1769 ex
1209 1715 1560 1770 testimoniis
1597 1714 1831 1787 collegit

167 1804 315 1860 card.
363 1804 652 1860 Norisius
698 1804 757 1858 in
798 1803 1168 1872 Cenotaphiis
1215 1803 1438 1860 Pisanis
1481 1804 1710 1860 dissert.
1762 1819 1825 1874 ιι,

169 1907 287 1964 pag.
332 1890 467 1961 445,
519 1892 844 1962 Augustum
889 1892 1081 1948 eadem
1121 1891 1216 1947 die
1260 1896 1446 1964 togam
1489 1907 1691 1962 puram
1732 1893 1832 1950 in-

168 1982 378 2049 duisse,
403 1981 678 2051 deposita
703 1980 911 2050 puerili
938 1986 1226 2050 praetexta,
1252 1986 1307 2036 et
1336 1981 1659 2051 pontificem
1681 1997 1832 2040 crea-

173 2075 287 2124 tum
311 2070 371 2124 in
403 2069 604 2125 locum
627 2071 685 2124 L.
714 2069 973 2124 Domitii.
1005 2070 1060 2124 In
1083 2069 1198 2124 alio
1228 2069 1416 2138 lapide
1440 2071 1589 2138 apud
1615 2070 1834 2127 Grute-

174 2172 291 2213 rum
321 2172 453 2229 pag.
496 2170 764 2226 ccxxvm,
797 2155 851 2226 8,
886 2171 997 2212 non
1025 2157 1208 2212 solum
1245 2157 1538 2213 indicatur
1567 2159 1692 2214 dies
1718 2173 1832 2229 quo

174 2246 439 2302 Tiberius
473 2247 662 2300 Caesar
693 2243 946 2314 pontifex
989 2245 1274 2302 maximus
1301 2251 1528 2302 creatus
1567 2244 1699 2315 fuit,
1733 2249 1828 2304 sed

171 2335 235 2390 de
265 2335 570 2390 industria
617 2335 899 2389 asseritur
940 2334 1084 2389 idem
1127 2335 1251 2390 dies
1280 2335 1522 2391 allectus
1559 2337 1626 2391 ad
1659 2337 1834 2393 dedi—

175 2424 376 2478 candas
401 2429 637 2479 statuas
665 2423 947 2478 Caesarum
973 2428 1030 2478 et
1061 2423 1474 2495 Augustarum.
1509 2425 1833 2481 Pnnrzrvo—

176 2526 270 2572 QUE
306 2527 446 2568 EIVS
489 2527 582 2568 DIE
626 2526 1000 2568 DEDICATIONIS
1036 2527 1279 2569 DATVROS
1320 2528 1422 2569 NOS
1465 2529 1684 2572 TESTATI
1730 2531 1833 2572 SU-

178 2615 279 2656 IUS
305 2615 468 2663 QVEM
512 2614 648 2656 DIEM
687 2615 789 2662 QVO
832 2615 1212 2664 FREQVENTIOR
1252 2617 1555 2665 QVOTANNIS
1582 2619 1666 2661 SIT
1698 2619 1840 2661 SER-

177 2702 410 2745 VABITVR
457 2704 514 2745 Vl
563 2704 689 2744 IDVS
724 2704 963 2745 MARTIAS
1000 2705 1127 2752 QVIA
1169 2704 1271 2746 ΗΔΕ
1305 2706 1380 2747 TI.
1427 2705 1629 2749 CAESAR
1673 2707 1827 2750 PONT.

176 2791 300 2832 MAI.
345 2791 698 2833 FELICISSIME
736 2791 981 2834 CREATVS
1017 2794 1130 2835 ES'I’.

235 2866 507 2922 Solemne
536 2867 718 2937 igitur
742 2874 863 2922 erat
892 2868 1042 2937 apud
1078 2868 1360 2924 Romanos
1389 2883 1513 2924 serae
1537 2869 1832 2926 Christia-

179 2968 252 3009 na:
281 2955 525 3011 saeculis
557 2956 763 3026 primo,
805 2957 1056 3012 secundo
1096 2969 1160 3012 ac
1203 2957 1393 3027 tertio,
1429 2963 1492 3013 ut
1532 2961 1827 3016 memorati

178 3043 390 3114 lapides
421 3045 653 3112 docent,
682 3046 913 3117 signare
935 3045 994 3099 in
1018 3045 1206 3101 Fastis
1236 3046 1611 3118 collegiorum
1635 3063 1830 3105 sacer-

177 3131 455 3189 dotaliurn
488 3135 717 3203 (nedum
744 3134 802 3190 in
827 3133 997 3190 libris
1027 3134 1476 3208 pontiﬁcalibus)
1503 3138 1831 3206 cooptatio-

183 3234 266 3276 ues
303 3236 591 3278 novorum
630 3225 1013 3290 sacerdotum,
1053 3230 1110 3279 et
1145 3224 1454 3281 electiones
1494 3227 1822 3296 pontiﬁcum

183 3310 465 3366 minorum
497 3318 556 3367 et
587 3313 987 3369 maximorum.
1036 3312 1188 3382 Quin
1227 3313 1400 3368 etiam
1431 3313 1582 3370 diem
1613 3323 1825 3372 certam

183 3400 564 3469 coaptationis
591 3400 651 3454 in
682 3400 991 3472 collegium
1023 3399 1264 3456 fratrum
1295 3401 1586 3458 Arvalium
1619 3400 1700 3474 (in
1727 3417 1826 3458 sa-

184 3487 490 3544 cerdotium
515 3489 744 3544 scilicet
767 3489 1037 3545 collatum
1067 3490 1307 3546 Romulo
1327 3490 1398 3546 ab
1417 3489 1566 3546 Acca
1585 3493 1829 3547 Lauren-

1944 409 2024 463 ξω
2061 407 2419 486 insculptum.
2452 407 2763 463 ostendunt
2801 410 3168 462 monumenta
3199 407 3323 476 ejus
3354 409 3584 480 collegii

1943 513 2069 568 quae
2084 500 2354 554 Musaeum
2372 497 2654 553 Albanum
2675 497 2989 564 illustrant,
3005 509 3034 551 a
3051 495 3219 552 nobis
3229 510 3586 566 saepeconsn-

1942 589 2191 646 lendum.
2228 587 2380 644 Dabo
2408 593 2621 658 partem
2656 587 3057 658 inscriptionis
3084 601 3210 658 qua:
3233 588 3302 643 ad
3332 592 3584 644 nostram

1940 693 2056 736 rem
2091 679 2355 749 pertinet,
2388 693 2517 734 cum
2557 677 2780 748 reliqua
2819 677 3000 733 videri
3047 678 3271 748 possint
3298 677 3586 746 descripta

1940 784 2008 825 ex
2046 769 2239 825 eodem
2283 781 2560 824 marmore
2589 769 2738 838 apud
2771 768 3070 837 Sponium,
3102 767 3417 823 Miscellan.
3455 780 3581 837 pag.

1937 857 1991 929 5,
2024 863 2080 915 et
2107 859 2257 929 apud
2291 857 2614 914 Fabrettum
2645 857 3094 926 Inscriptionum
3129 869 3256 927 pag.
3291 853 3416 911 442.

2091 1008 2103 1022 .
2207 1008 2220 1021 .
2323 1006 2335 1019 .
2439 1006 2452 1020 .
2546 979 2707 1021 [suum
2777 978 2872 1020 cos
2925 962 3166 1105 Snempe
3219 966 3274 1020 L.
3348 964 3586 1021 Ceionio

2091 1038 2311 1094 mmodo
2367 1040 2432 1093 D.
2494 1039 2672 1093 Novio
2733 1037 2929 1092 Prisco
2997 1051 3049 1090 κ.
3111 1048 3274 1092 MART.
3331 1049 3390 1091 ω
3443 1049 3586 1092 nunc

2006 1038 2311 1094 Commodo
2367 1040 2432 1093 D.
2494 1039 2672 1093 Novio
2733 1037 2948 1094 Prisco)
2997 1051 3049 1090 κ.
3111 1048 3274 1092 MART.
3331 1049 3390 1091 ω
3443 1049 3586 1092 nunc

2006 1125 2338 1167 CONCORDIAE
2396 1122 2764 1165 ADSTANTIBVS
2812 1120 3116 1163 FRATRIBVS
3163 1121 3469 1164 ARVALIBVS
3512 1122 3585 1163 EX

2008 1196 2246 1237 TABELLA
2296 1198 2412 1238 IMP.
2469 1194 2726 1236 CAESARIS
2783 1193 3100 1234 VESPASIANI
3148 1194 3268 1235 AVG.
3328 1193 3488 1233 MISSA
3534 1193 3580 1232 C.

2011 1267 2246 1308 SALVIVM
2291 1267 2599 1310 LIBERALESI
2644 1267 2695 1307 N.
2745 1265 2953 1306 BASSVM
2999 1265 3054 1305 IN
3097 1264 3270 1306 LOCVM
3308 1263 3354 1304 C.
3397 1264 3584 1305 MATIDI

2010 1339 2267 1380 PATRVINI
2325 1338 2596 1381 DEMORTVI
2653 1337 2960 1378 COOPTAMVS
3012 1336 3067 1376 IN
3120 1335 3372 1378 COLLEGIO
3414 1335 3588 1376 ADFE‘

2012 1411 2155 1451 RVNT
2200 1411 2249 1451 L.
2293 1409 2580 1451 VERATIVS.
2635 1408 2949 1456 QVADRATVS
2988 1407 3031 1447 C.
3077 1407 3378 1448 VIPSTANVS
3413 1407 3592 1448 APRO-

2013 1481 2216 1522 NIANVS
2259 1483 2309 1522 L.
2358 1481 2594 1522 MAECIVS
2636 1479 2910 1521 POSTVMVS
2945 1479 2991 1518 C.
3041 1479 3268 1520 SALVIVS
3305 1477 3592 1520 LIBERALIS

2013 1552 2064 1594 N.
2119 1551 2333 1595 BASSVS.
2387 1552 2548 1594 ISDEM
2596 1551 2706 1592 COS.
2755 1551 2881 1592 MAG.
2927 1550 2970 1590 C.
3022 1551 3210 1592 SALONI
3252 1549 3437 1591 MATIDI
3487 1549 3592 1589 PA-

2011 1624 2202 1665 TRVINI
2253 1625 2307 1666 IN
2357 1624 2514 1665 CVIVS
2567 1623 2738 1664 LOCVM
2793 1621 3071 1663 SVCCESSIT
3119 1622 3266 1663 OBIIT
3322 1619 3590 1661 MAGISTE-

2013 1695 2152 1736 RIVM
2198 1696 2374 1737 EODEM
2418 1695 2561 1737 ANNO
2612 1694 2773 1736 ISDEM
2817 1693 2925 1734 COS.
2977 1694 3028 1734 Κ.
3079 1693 3243 1734 MART.
3287 1692 3336 1732 P.
3384 1691 3592 1732 SALLV-

2011 1766 2182 1806 STIVS.
2237 1767 2490 1808 BLAESVS.
2545 1766 2704 1806 ISDEM
2749 1765 2859 1805 COS.
2912 1765 2964 1804 V.
3015 1764 3088 1804 ID.
3141 1765 3301 1805 NART.
3356 1762 3411 1804 IN
3450 1760 3588 1802 AEDB

2015 1836 2317 1878 CONCORDIA
2386 1837 2512 1877 MAG.
2562 1837 2610 1877 L.
2681 1835 3007 1876 SALLVSTIVS
3066 1834 3302 1876 BLAESUS
3353 1831 3588 1873 COOPTA-

2011 1909 2111 1950 TVS
2171 1909 2226 1950 IN
2281 1907 2456 1950 LOCVM
2509 1907 2557 1947 Ε.
2614 1907 2794 1946 MATIDI
2858 1905 3110 1946 PATRVINI
3180 1903 3394 1946 COLLEGI
3445 1902 3587 1944 FRA-

2010 1980 2162 2022 TRVM
2208 1979 2492 2021 ARVALIVM
2543 1977 2870 2018 CONVOCAVIT
2917 1977 2982 2016 ET
3067 2000 3080 2014 .
3173 2000 3186 2013 .
3281 2000 3296 2013 .
3386 1999 3399 2012 .
3493 1999 3507 2012 .

2009 2069 2099 2127 22.
2125 2072 2352 2128 Tabulae
2373 2070 2697 2139 complures
2723 2080 3069 2136 marmoreae,
3097 2065 3256 2122 Actis
3280 2065 3456 2134 hujus
3476 2063 3586 2119 col-

1944 2161 2078 2232 Iegii
2109 2162 2429 2231 insculptaa,
2460 2164 2516 2216 et
2548 2161 2606 2214 in
2632 2157 2975 2214 Gruteriana
3000 2154 3336 2211 collectione
3369 2165 3589 2208 memo—

1942 2256 2077 2307 ratae
2101 2255 2228 2320 post
2253 2249 2352 2305 fol.
2386 2263 2584 2317 cxvm,
2617 2262 2743 2318 quae
2773 2247 2913 2302 olim
2946 2245 3095 2315 apud
3127 2243 3392 2301 Fulvium
3423 2241 3592 2298 Ursi—

1941 2355 2101 2406 num,
2130 2354 2284 2395 nunc
2313 2353 2444 2394 vero
2477 2338 2534 2392 in
2570 2336 2781 2406 palatio
2811 2335 3154 2391 Farnesiano
3183 2333 3455 2388 visuntur
3483 2345 3591 2388 su—

1943 2429 2230 2498 perstites,
2270 2428 2665 2483 demonstrant
2702 2425 2872 2480 etiam
2906 2428 3206 2493 sequentes
3235 2427 3448 2490 mtates,
3484 2436 3590 2476 us-

1889 2561 1891 2564 .
1941 2532 2051 2588 que
2068 2517 2135 2572 ad
2155 2521 2420 2586 quartum
2437 2515 2771 2586 etquintum
2791 2512 3064 2569 saeculum
3080 2511 3319 2580 Christi,
3337 2509 3588 2565 eamdem

1940 2605 2413 2663 consuetudinem
2459 2604 2799 2674 custodisse,
2846 2601 3164 2657 incidenda:
3208 2598 3432 2656 scilicet
3470 2597 3588 2653 diei

1942 2709 2056 2765 qua
2076 2700 2204 2750 vota
2223 2694 2451 2764 publica
2468 2692 2944 2762 concipiebantur
2967 2704 3066 2761 pro
3083 2689 3269 2745 salute
3282 2688 3590 2756 Caesarum,

1941 2789 1998 2839 et
2042 2797 2154 2854 qua
2196 2788 2468 2851 concepta
2517 2780 2886 2838 solvebantur
2925 2798 2940 2849 ;
2987 2779 3106 2834 ritu
3155 2777 3592 2848 superstitionis

1941 2873 2184 2928 ethnica:
2208 2872 2520 2942 diligenter
2539 2870 2822 2940 explicato
2857 2869 2913 2923 in
2943 2867 3082 2923 aliis
3107 2880 3334 2938 quoque
3359 2878 3595 2920 marmo-

1889 3008 1904 3030 ,
1943 2961 2107 3018 ribus
2136 2960 2390 3030 ejusdem
2422 2959 2675 3032 collegii,
2711 2973 2836 3029 quae
2865 2962 2996 3012 ante
3026 2969 3207 3012 annos
3235 2954 3471 3011 circiter
3498 2953 3596 3009 vi—

1941 3051 2088 3122 ginti
2134 3050 2337 3107 eii‘ossa
2380 3052 2448 3107 ad
2496 3053 2710 3106 sextam
2759 3047 3006 3118 lapidem
3051 3051 3212 3102 extra
3260 3044 3486 3113 Urbem,
3537 3050 3594 3100 et

1941 3139 2074 3196 inde
2097 3154 2127 3195 a
2161 3154 2248 3195 me
2271 3145 2555 3208 reportata
2584 3137 2773 3194 edidit
2803 3137 3114 3192 recolendaa
3141 3135 3427 3191 memoria:
3450 3146 3592 3203 prm-

1944 3227 2035 3284 sul
2056 3228 2356 3298 Philippus
2375 3241 2408 3282 a
2423 3229 2600 3283 Turre
2621 3227 2926 3296 episcopus
2940 3224 3022 3281 Ad
3033 3224 3261 3304 rieusis,
3288 3222 3432 3278 mihi
3453 3222 3591 3278 dum

1945 3317 2158 3373 viveret
2207 3317 2619 3374 amicissimus.
2678 3315 2882 3370 Eadem
2936 3315 3102 3370 modo
3148 3316 3474 3368 asservatur
3529 3309 3589 3363 in

1945 3405 2116 3476 paulo
2153 3412 2282 3461 ante
2315 3405 2543 3461 laudato
2587 3417 2780 3460 musco
2811 3402 3009 3458 excell.
3045 3403 3106 3454 D.
3141 3395 3452 3454 Alexandri
3489 3394 3588 3452 AI-

1936 3493 2090 3548 bani.

183 5296 430 5384 pluribus
447 5303 666 5374 quibus
678 5319 746 5363 ea
760 5316 1000 5382 constat,
1024 5315 1088 5368 ut
1102 5313 1476 5384 ostenderem,
1500 5314 1814 5384 imperante

532 3631 648 3674 IIP.
696 3632 843 3675 CAES.
878 3632 935 3674 ﬂ.
970 3633 1100 3676 AVR.
1135 3633 1409 3676 ANTONINO
1436 3635 1560 3676 AVG.
1609 3635 1718 3678 IIII.
1767 3635 1812 3676 Ε.
1847 3635 2068 3677 AVFIDIO
2111 3634 2398 3678 VICTORINO
2442 3634 2505 3676 II.
2539 3632 2650 3674 COS.
2699 3631 2758 3671 IN
2787 3627 3084 3684 CAPITOLIO,
3119 3619 3225 3670 θω.

537 3703 700 3745 ISDEM
750 3703 894 3746 COSS.
943 3732 956 3744 .
1007 3731 1020 3744 .
1071 3731 1083 3744 .
1133 3731 1146 3744 .
1199 3705 1281 3746 VII
1331 3706 1386 3746 ID
1437 3705 1641 3748 IANVAR
1695 3707 1752 3749 IN
1814 3707 2048 3748 PRONAO.
2099 3735 2112 3747 .
2163 3734 2175 3747 .
2223 3733 2234 3746 .
2302 3704 2544 3748 FRATRES
2592 3701 2840 3744 ARVALES
2886 3698 3229 3744 SACRII'ICIUI

539 3773 676 3816 DEAE
720 3775 845 3816 DIAE
889 3775 1247 3817 INDIXERVNT.
1295 3778 1344 3823 Ω.
1398 3776 1640 3819 LICINIVS
1680 3778 1848 3819 NEPOS
1897 3778 2164 3820 MAGISTER
2211 3776 2417 3818 VELATO
2463 3774 2650 3818 CAPITE
2704 3773 2910 3815 CONTRA
2953 3771 3232 3815 ORIENTEH

542 3871 557 3900 _.
602 3872 613 3884 .
659 3872 671 3886 .
723 3846 861 3894 QUOD
905 3846 1089 3886 BONVM
1134 3846 1378 3888 FAVSTVM
1418 3848 1577 3889 FELIX
1625 3849 1983 3900 FORTVNATVM
2030 3831 2410 3897 SALVTAREQVE
2441 3849 2525 3888 SIT
2573 3847 2685 3888 IMP.
2721 3845 2866 3886 CAES.
2903 3844 2960 3886 Μ.
2995 3843 3230 3886 AVRELIO

529 3898 755 3972 (nomen
781 3903 1071 3958 Commodi
1101 3903 1388 3973 abrasum)
1412 3919 1683 3960 ANTONINO
1712 3921 1818 3961 avo
1837 3921 1924 3962 P10
1944 3898 2155 3962 Sanam
2177 3921 2320 3962 GERM
2344 3919 2604 3960 MAXIMO?
2631 3919 2670 3959 Μ
2698 3917 2764 3958 rp
2790 3917 2882 3957 cos
2912 3917 2999 3957 1m
3031 3915 3228 3956 OPTIMO

533 3985 860 4036 IAXIIOOVE
898 3987 1136 4030 PRINCIPI
1169 3989 1283 4030 DIVI
1330 3989 1369 4030 Μ
1416 3990 1676 4032 ANTONINI
1723 3992 1807 4033 FIL
1857 3992 1969 4032 DIVI
2014 3993 2272 4033 ANTONINI
2317 3991 2503 4032 DEPOTI
2555 3991 2672 4031 DIVI
2715 3987 2974 4028 HADRIANI
3016 3986 3233 4028 PRONE—

530 4059 650 4100 POTI
699 4060 812 4101 DIVI
862 4060 1084 4102 TRAIANI
1124 4060 1385 4102 ABNEPOTI
1429 4061 1654 4104 SENATVI
1689 4064 1718 4104 P
1756 4065 1787 4111 0
1819 4064 1853 4105 R
1896 4064 2304 4111 FRATRIBVSQVE
2351 4061 2659 4104 ARVALIBVS
2699 4058 3044 4102 SACRIFICIVM
3090 4057 3228 4100 DEAE

533 4129 660 4170 DIAE
705 4130 805 4172 HOC
840 4131 986 4172 ANNO
1015 4131 1142 4173 ERIT
1178 4132 1318 4174 ANTE
1366 4133 1498 4174 DIEM
1537 4134 1632 4175 XVI
1673 4135 1775 4176 ΚΑΒ
1812 4135 2001 4176 IVNIAS
2048 4135 2229 4177 ROMAE
2257 4135 2396 4176 ANTE
2443 4133 2576 4175 DIEM
2614 4132 2762 4174 XIIII.
2804 4131 2839 4172 II
2869 4131 2963 4171 IVN
3006 4129 3062 4171 IN
3092 4127 3226 4170 LVCO

530 4200 594 4271 ET
639 4201 779 4271 Πρω.
814 4203 963 4271 XIIII.
1005 4203 1184 4271 .K-IVN
1223 4203 1680 4271 CONSVDIIIADITVR
1733 4206 1860 4247 DOMI
1906 4207 2227 4271 ADFVERVNT
2278 4205 2507 4271 IN-‘CO-LL
2552 4206 2582 4253 Q
2633 4200 3077 4271 LICINIVS-NEPOS.
3106 4199 3223 4271 EAG

529 4264 638 4313 etc.
652 4266 706 4314 et
725 4259 990 4329 pluribus
1003 4260 1363 4331 interpositis
1377 4262 1526 4318 ritus
1540 4263 1777 4332 hujusce
1789 4265 2180 4334 superstitiosi
2193 4263 2473 4319 Sacriﬁcii
2490 4261 2766 4332 persoluti
2783 4257 3224 4316 itadescribitur

1543 4347 1706 4389 ISDEM
1743 4348 1834 4390 COS
1873 4349 1969 4390 XVI
2008 4350 2043 4390 K
2084 4349 2199 4390 IVN.

530 4414 589 4455 IN
637 4415 825 4457 DOMVII
878 4415 1044 4458 LICINI
1096 4417 1323 4459 NEPOTIS
1372 4419 1481 4461 MAG
1538 4418 1782 4482 FRATRES
1826 4420 2044 4462 ARVALE
2093 4419 2462 4462 PRAETEXTATI
2517 4415 2864 4461 SACRIFICIVM’
2907 4417 3046 4459 DEAE
3088 4413 3217 4456 DIAE

527 4485 672 4527 TVRE
709 4486 772 4529 ET
822 4487 952 4529 VINO
988 4487 1265 4530 FECERVNT
1315 4488 1498 4537 IBIQVE
1549 4491 1954 4534 DISCVMBENTES
1995 4490 2299 4533 TORALIBVS
2345 4490 2715 4532 SEGMENTATIS
2756 4485 3222 4531 MINISTRANTIBVS

530 4556 728 4599 PVERIS
784 4559 1043 4600 PATRIMIS
1082 4559 1146 4600 ET
1187 4559 1456 4602 MATRIMIS
1514 4561 1833 4604 SENATORVM
1888 4563 2032 4604 FILIS
2068 4563 2226 4605 AELIO
2281 4562 2479 4603 AVIOLA
2531 4563 2593 4604 ET
2633 4561 2811 4604 ACILIO
2863 4560 3070 4602 SEVERO
3118 4550 3226 4598 CIC.

531 4627 693 4669 ISDEM
723 4627 815 4670 COS
847 4630 973 4671 XIIII
1007 4631 1040 4672 Κ
1072 4631 1165 4672 IVN
1198 4631 1254 4672 IN
1285 4631 1417 4672 LVCO
1447 4633 1581 4673 DEAE
1611 4634 1738 4674 DIAE
1769 4635 1819 4681 Ο.
1855 4633 2092 4675 LICINIVS
2123 4633 2225 4676 NEP
2254 4633 2363 4674 MAG
2393 4635 2460 4674 AD
2491 4634 2638 4675 ARAM
2669 4633 2992 4674 IMMOLAVIT.
3028 4659 3039 4670 .
3072 4628 3217 4671 POR—

529 4697 715 4740 CILLAS
762 4700 1097 4742 PIACVLARES
1137 4701 1172 4742 N
1214 4703 1332 4745 LVCI
1386 4701 1744 4746 COINCHVENDI
1789 4703 1854 4746 ET
1901 4705 2097 4747 OPERIS
2145 4706 2391 4748 FACIENDI
2444 4704 2624 4754 IBIQVE
2671 4703 2915 4745 BACCHAM
2963 4700 3222 4744 HONORA¢

526 4769 664 4810 RIAM
715 4771 895 4812 ALBAM
947 4773 1016 4814 A'D
1058 4772 1304 4816 FOCVLVM
1363 4775 1668 4816 IMHOLAVIT
1726 4776 2060 4818 SACERDOTES
2103 4778 2160 4818 IN
2207 4777 2549 4818 TETRASTVLO
2600 4775 2984 4818 CONSEDERVNT
3034 4772 3097 4814 ET
3142 4770 3215 4812 EX

528 4839 824 4884 SACRIFICIO
871 4843 1097 4885 EPVLATI
1149 4845 1283 4886 SVNT
1336 4846 1672 4894 SVMPTISQVE
1728 4848 2067 4890 PRAETEXTIS
2112 4848 2174 4889 ET
2227 4847 2451 4888 CORONIS
2507 4848 2711 4888 SPICEIS
2758 4846 3004 4888 BITTA’TIS
3048 4841 3224 4885 LVCVM

523 4907 663 4952 DEAE
714 4913 840 4954 DIAE
888 4914 1139 4956 SVMMOTO
1186 4915 1571 4959 ASCENDERVNT
1615 4919 1678 4959 ET
1721 4919 1824 4961 PER
1872 4921 1921 4968 Q.
1969 4919 2192 4961 LICINVM
2242 4917 2486 4959 NEPOTEM
2535 4918 2598 4958 ET
2649 4918 2905 4958 CATILIVM
2956 4911 3212 4957 SEVERVM

523 4981 910 5026 PROFLAMINEM
977 4986 1160 5028 AGNAM
1226 4988 1434 5030 OPIMAM
1501 4988 1928 5033 IMMOLAVERVNT
2002 4990 2268 5032 PERFECTO
2332 4987 2630 5030 SACRIFICIO
2695 4987 2876 5029 OMNES
2939 4985 3081 5027 TVRE
3146 4981 3212 5024 ET

524 5051 653 5094 νιπο
701 5055 980 5124 ιτξῑρειινιςτ
1019 5058 1219 5100 DEINDE
1273 5059 1502 5104 CORONIS
1555 5061 1752 5103 INLATS
1809 5063 2092 5111 SIGNISQVE
2132 5059 2322 5103 VNCI‘IS
2367 5059 2677 5102 PETRONIVM
2717 5055 2950 5100 PRISCVDI
2991 5055 3064 5096 EX
3110 5053 3215 5095 SA"

519 5113 870 5170 TVRNALIDIIS
912 5128 1101 5172 PRIMIS
1141 5131 1198 5172 IN
1223 5131 1563 5176 SATVRNALIA
1608 5133 1846 5176 SECVNDA
1881 5135 1989 5176 MAG
2026 5134 2302 5176 FECERVNT
2340 5133 2404 5175 ET
2443 5133 2506 5174 FL
2530 5129 2894 5174 SVLPICIANVM
2932 5126 3213 5172 FLAMINEM

238 5207 422 5269 Betuli
454 5219 548 5270 tot
585 5229 786 5276 versus
825 5220 1062 5290 hujusce
1106 5221 1512 5294 inscriptionis
1558 5239 1588 5281 e
1631 5225 1812 5281 multo
1848 5223 1898 5284 D
1926 5227 2182 5282 rumdem
2207 5225 2486 5295 concepti,
2514 5237 2580 5280 ac
2611 5221 2910 5294 persoluti,
2940 5229 2996 5279 et
3022 5223 3426 5296 magistrorum
3455 5219 3570 5276 ool-

1925 5315 2083 5386 legii,
2113 5320 2168 5371 et
2195 5315 2516 5371 Flaminum
2543 5317 2884 5368 creatorum.
2917 5313 2999 5368 Ad
3029 5312 3301 5369 saeculum
3328 5309 3564 5366 tertium

180 5382 466 5449 Commoda
496 5393 653 5451 circa
693 5395 860 5453 onem
890 5401 1089 5457 saeculi
1130 5403 1378 5459 secundi.
1401 5382 1657 5474 viguisse
1686 5416 1814 5459 mo—
1925 5382 2172 5474 pertinet
2211 5403 2328 5459 alla
2364 5401 2672 5472 inscriptio
2710 5399 2973 5471 ejusdem:
3005 5399 3242 5470 collegii
3266 5397 3384 5454 sub
3405 5398 3569 5454 Cara-

185 5487 287 5564 ξαιη
307 5478 609 5540 incidendt
630 5484 969 5557 inipublicis
989 5489 1208 5548 tabulis
1228 5491 1604 5564 collegiorum
1627 5505 1812 5549 sacer-

183 5561 445 5643 “talium
470 5573 632 5642 apud:
653 5573 939 5634 Romanos
973 5592 1210 5648 annum,
1241 5593 1308 5636 ac
1336 5561 1504 5638 diem:
1528 5581 1680 5638 sacri
1707 5591 1815 5637 60-

1919 5493 2085 5564 calla,
2111 5507 2236 5564 qua
2255 5505 2385 5549 cum
2412 5491 2747 5562 praecedenti
2773 5495 2993 5560 reporta
3015 5488 3146 5557 fuit,
3173 5486 3362 5560 etsiegi
3387 5491 3574 5556 potest

1922 5580 1982 5636 in
2006 5579 2237 5637 laudato
2258 5579 2408 5636 libro
2435 5580 2702 5648 presulis
2720 5580 2799 5634 de-
2813 5579 3000 5633 Turre.
3021 5575 3175 5632 edita
3207 5581 3342 5648 post
3359 5575 3578 5634 diuer-
