  <div class='ocr_page' id='page_1' title='image "/cluster/home/n/w/nwhite01/storage/ocr_20150623/127/hvd.32044054759881/033.png"; bbox 0 0 4050 6184; ppageno 0'>
   <div class='ocr_carea' id='block_1_1' title="bbox 480 262 3888 331">
    <p class='ocr_par' dir='ltr' id='par_1_1' title="bbox 480 262 3888 331">
     <span class='ocr_line' id='line_1_1' title="bbox 480 262 3888 331; baseline -0.001 0"><span class='ocrx_word' id='word_1_1' title='bbox 480 271 554 331; x_wconf 78' lang='grc'><strong>55</strong></span> <span class='ocrx_word' id='word_1_2' title='bbox 1263 269 1362 327; x_wconf 81' lang='lat' dir='ltr'><strong>AD</strong></span> <span class='ocrx_word' id='word_1_3' title='bbox 1417 269 1851 328; x_wconf 77' lang='lat' dir='ltr'><strong>ANASTASIUM</strong></span> <span class='ocrx_word' id='word_1_4' title='bbox 1903 264 2418 328; x_wconf 76' lang='lat' dir='ltr'><strong>PROLEGOMENA</strong></span> <span class='ocrx_word' id='word_1_5' title='bbox 2451 265 2630 324; x_wconf 85' lang='lat' dir='ltr'><strong>EDlT.</strong></span> <span class='ocrx_word' id='word_1_6' title='bbox 2675 262 3105 324; x_wconf 75' lang='lat' dir='ltr'><strong>ROM.-VATIC.</strong></span> <span class='ocrx_word' id='word_1_7' title='bbox 3809 268 3888 328; x_wconf 82' lang='grc'><strong>56</strong></span> 
     </span>
    </p>
   </div>
   <div class='ocr_carea' id='block_1_2' title="bbox 482 386 3888 461">
    <p class='ocr_par' dir='ltr' id='par_1_2' title="bbox 482 386 3888 461">
     <span class='ocr_line' id='line_1_2' title="bbox 482 386 3888 461; baseline -0.001 -9"><span class='ocrx_word' id='word_1_8' title='bbox 482 391 728 455; x_wconf 86' lang='lat' dir='ltr'><strong>tationes</strong></span> <span class='ocrx_word' id='word_1_9' title='bbox 741 396 812 453; x_wconf 93' lang='lat' dir='ltr'><strong>de</strong></span> <span class='ocrx_word' id='word_1_10' title='bbox 831 393 1133 453; x_wconf 79' lang='lat' dir='ltr'><strong>Veteribus</strong></span> <span class='ocrx_word' id='word_1_11' title='bbox 1154 395 1540 453; x_wconf 85' lang='lat' dir='ltr'><strong>Monumentis</strong></span> <span class='ocrx_word' id='word_1_12' title='bbox 1557 394 1716 451; x_wconf 80' lang='lat' dir='ltr'><strong>Antii</strong></span> <span class='ocrx_word' id='word_1_13' title='bbox 1735 395 1876 452; x_wconf 82' lang='lat' dir='ltr'><strong>etde</strong></span> <span class='ocrx_word' id='word_1_14' title='bbox 1892 394 2121 450; x_wconf 85' lang='lat' dir='ltr'><strong>Mithra.</strong></span> <span class='ocrx_word' id='word_1_15' title='bbox 2149 395 2208 456; x_wconf 86' lang='lat' dir='ltr'><strong>A</strong></span> <span class='ocrx_word' id='word_1_16' title='bbox 2237 389 2616 458; x_wconf 82' lang='lat' dir='ltr'><strong>Persicorum,</strong></span> <span class='ocrx_word' id='word_1_17' title='bbox 2658 393 2716 446; x_wconf 93' lang='lat' dir='ltr'><strong>et</strong></span> <span class='ocrx_word' id='word_1_18' title='bbox 2744 388 3089 461; x_wconf 88' lang='lat' dir='ltr'><strong>Ellacorum,</strong></span> <span class='ocrx_word' id='word_1_19' title='bbox 3121 391 3178 446; x_wconf 89' lang='lat' dir='ltr'><strong>et</strong></span> <span class='ocrx_word' id='word_1_20' title='bbox 3213 386 3591 460; x_wconf 86' lang='lat' dir='ltr'><strong>Cryphiorum</strong></span> <span class='ocrx_word' id='word_1_21' title='bbox 3631 389 3888 448; x_wconf 82' lang='lat' dir='ltr'><strong>ostensio</strong></span> 
     </span>
    </p>
   </div>
   <div class='ocr_carea' id='block_1_3' title="bbox 484 483 2129 555">
    <p class='ocr_par' dir='ltr' id='par_1_3' title="bbox 484 483 2129 555">
     <span class='ocr_line' id='line_1_3' title="bbox 484 483 2129 555; baseline -0.002 -14"><span class='ocrx_word' id='word_1_22' title='bbox 484 485 829 542; x_wconf 85' lang='lat' dir='ltr'><strong>Referuntur</strong></span> <span class='ocrx_word' id='word_1_23' title='bbox 858 498 989 541; x_wconf 91' lang='lat' dir='ltr'><strong>vero</strong></span> <span class='ocrx_word' id='word_1_24' title='bbox 1012 485 1081 540; x_wconf 89' lang='lat' dir='ltr'><strong>ad</strong></span> <span class='ocrx_word' id='word_1_25' title='bbox 1106 489 1376 555; x_wconf 91' lang='lat' dir='ltr'><strong>quartum</strong></span> <span class='ocrx_word' id='word_1_26' title='bbox 1402 484 1674 541; x_wconf 65' lang='lat' dir='ltr'><strong>saeculum</strong></span> <span class='ocrx_word' id='word_1_27' title='bbox 1701 499 1826 540; x_wconf 66' lang='lat' dir='ltr'><strong>tera:</strong></span> <span class='ocrx_word' id='word_1_28' title='bbox 1853 483 2129 539; x_wconf 89' lang='lat' dir='ltr'><strong>Christia-</strong></span> 
     </span>
    </p>
   </div>
   <div class='ocr_carea' id='block_1_4' title="bbox 485 571 2131 644">
    <p class='ocr_par' dir='ltr' id='par_1_4' title="bbox 485 571 2131 644">
     <span class='ocr_line' id='line_1_4' title="bbox 485 571 2131 644; baseline -0.002 -15"><span class='ocrx_word' id='word_1_29' title='bbox 485 587 571 629; x_wconf 66' lang='lat' dir='ltr'><strong>nae</strong></span> <span class='ocrx_word' id='word_1_30' title='bbox 601 586 881 629; x_wconf 85' lang='lat' dir='ltr'><strong>marmora</strong></span> <span class='ocrx_word' id='word_1_31' title='bbox 909 587 1020 629; x_wconf 92' lang='lat' dir='ltr'><strong>non</strong></span> <span class='ocrx_word' id='word_1_32' title='bbox 1049 573 1362 630; x_wconf 88' lang='lat' dir='ltr'><strong>dissimilis</strong></span> <span class='ocrx_word' id='word_1_33' title='bbox 1390 574 1735 644; x_wconf 84' lang='lat' dir='ltr'><strong>argumenti,</strong></span> <span class='ocrx_word' id='word_1_34' title='bbox 1771 573 1902 629; x_wconf 89' lang='lat' dir='ltr'><strong>licet</strong></span> <span class='ocrx_word' id='word_1_35' title='bbox 1934 574 2003 628; x_wconf 91' lang='lat' dir='ltr'><strong>ad</strong></span> <span class='ocrx_word' id='word_1_36' title='bbox 2031 571 2131 627; x_wconf 90' lang='lat' dir='ltr'><strong>Mi-</strong></span> 
     </span>
    </p>
   </div>
   <div class='ocr_carea' id='block_1_5' title="bbox 484 662 2131 733">
    <p class='ocr_par' dir='ltr' id='par_1_5' title="bbox 484 662 2131 733">
     <span class='ocr_line' id='line_1_5' title="bbox 484 662 2131 733; baseline -0.002 -15"><span class='ocrx_word' id='word_1_37' title='bbox 484 662 668 719; x_wconf 88' lang='lat' dir='ltr'><strong>thram</strong></span> <span class='ocrx_word' id='word_1_38' title='bbox 691 663 1033 733; x_wconf 85' lang='lat' dir='ltr'><strong>pertineant,</strong></span> <span class='ocrx_word' id='word_1_39' title='bbox 1056 677 1187 719; x_wconf 89' lang='lat' dir='ltr'><strong>cum</strong></span> <span class='ocrx_word' id='word_1_40' title='bbox 1205 664 1457 733; x_wconf 88' lang='lat' dir='ltr'><strong>ejusdem</strong></span> <span class='ocrx_word' id='word_1_41' title='bbox 1479 662 1922 733; x_wconf 85' lang='lat' dir='ltr'><strong>superstitiones</strong></span> <span class='ocrx_word' id='word_1_42' title='bbox 1941 662 2131 717; x_wconf 91' lang='lat' dir='ltr'><strong>adhuc</strong></span> 
     </span>
    </p>
   </div>
   <div class='ocr_carea' id='block_1_6' title="bbox 483 750 2131 822">
    <p class='ocr_par' dir='ltr' id='par_1_6' title="bbox 483 750 2131 822">
     <span class='ocr_line' id='line_1_6' title="bbox 483 750 2131 822; baseline -0.001 -14"><span class='ocrx_word' id='word_1_43' title='bbox 483 751 555 808; x_wconf 90' lang='lat' dir='ltr'><strong>ab</strong></span> <span class='ocrx_word' id='word_1_44' title='bbox 593 752 846 809; x_wconf 85' lang='lat' dir='ltr'><strong>ethnicis</strong></span> <span class='ocrx_word' id='word_1_45' title='bbox 886 753 944 808; x_wconf 92' lang='lat' dir='ltr'><strong>in</strong></span> <span class='ocrx_word' id='word_1_46' title='bbox 990 753 1137 808; x_wconf 89' lang='lat' dir='ltr'><strong>Urbe</strong></span> <span class='ocrx_word' id='word_1_47' title='bbox 1171 753 1577 809; x_wconf 87' lang='lat' dir='ltr'><strong>retinerentur.</strong></span> <span class='ocrx_word' id='word_1_48' title='bbox 1619 751 1907 822; x_wconf 80' lang='lat' dir='ltr'><strong>Apparent</strong></span> <span class='ocrx_word' id='word_1_49' title='bbox 1954 751 2014 806; x_wconf 93' lang='lat' dir='ltr'><strong>in</strong></span> <span class='ocrx_word' id='word_1_50' title='bbox 2056 750 2131 806; x_wconf 90' lang='lat' dir='ltr'><strong>iis</strong></span> 
     </span>
    </p>
   </div>
   <div class='ocr_carea' id='block_1_7' title="bbox 489 840 2131 914">
    <p class='ocr_par' dir='ltr' id='par_1_7' title="bbox 489 840 2131 914">
     <span class='ocr_line' id='line_1_7' title="bbox 489 840 2131 914; baseline -0.001 -16"><span class='ocrx_word' id='word_1_51' title='bbox 489 841 971 912; x_wconf 85' lang='lat' dir='ltr'><strong>inscriptionibus</strong></span> <span class='ocrx_word' id='word_1_52' title='bbox 988 843 1202 914; x_wconf 81' lang='lat' dir='ltr'><strong>signati</strong></span> <span class='ocrx_word' id='word_1_53' title='bbox 1216 841 1762 898; x_wconf 89' lang='lat' dir='ltr'><strong>consulatusacdies</strong></span> <span class='ocrx_word' id='word_1_54' title='bbox 1777 840 2131 897; x_wconf 89' lang='lat' dir='ltr'><strong>initiationis</strong></span> 
     </span>
    </p>
   </div>
   <div class='ocr_carea' id='block_1_8' title="bbox 485 930 2126 1003">
    <p class='ocr_par' dir='ltr' id='par_1_8' title="bbox 485 930 2126 1003">
     <span class='ocr_line' id='line_1_8' title="bbox 485 930 2126 1003; baseline 0 -18"><span class='ocrx_word' id='word_1_55' title='bbox 485 944 680 987; x_wconf 88' lang='lat' dir='ltr'><strong>eorum</strong></span> <span class='ocrx_word' id='word_1_56' title='bbox 720 931 817 1003; x_wconf 90' lang='lat' dir='ltr'><strong>qui</strong></span> <span class='ocrx_word' id='word_1_57' title='bbox 867 931 1264 987; x_wconf 85' lang='lat' dir='ltr'><strong>sacerdotibus</strong></span> <span class='ocrx_word' id='word_1_58' title='bbox 1309 930 1635 986; x_wconf 86' lang='lat' dir='ltr'><strong>Mithriacis</strong></span> <span class='ocrx_word' id='word_1_59' title='bbox 1672 930 2126 1001; x_wconf 90' lang='lat' dir='ltr'><strong>ascribebantur,</strong></span> 
     </span>
    </p>
   </div>
   <div class='ocr_carea' id='block_1_9' title="bbox 489 1019 2132 1090">
    <p class='ocr_par' dir='ltr' id='par_1_9' title="bbox 489 1019 2132 1090">
     <span class='ocr_line' id='line_1_9' title="bbox 489 1019 2132 1090; baseline 0 -16"><span class='ocrx_word' id='word_1_60' title='bbox 489 1019 609 1076; x_wconf 90' lang='lat' dir='ltr'><strong>ritu</strong></span> <span class='ocrx_word' id='word_1_61' title='bbox 637 1033 668 1074; x_wconf 91' lang='lat' dir='ltr'><strong>a</strong></span> <span class='ocrx_word' id='word_1_62' title='bbox 697 1020 1009 1076; x_wconf 89' lang='lat' dir='ltr'><strong>Prudentio</strong></span> <span class='ocrx_word' id='word_1_63' title='bbox 1039 1033 1325 1090; x_wconf 89' lang='lat' dir='ltr'><strong>expresso.</strong></span> <span class='ocrx_word' id='word_1_64' title='bbox 1360 1019 1601 1090; x_wconf 84' lang='lat' dir='ltr'><strong>Lapides</strong></span> <span class='ocrx_word' id='word_1_65' title='bbox 1629 1021 1754 1089; x_wconf 86' lang='lat' dir='ltr'><strong>ejus</strong></span> <span class='ocrx_word' id='word_1_66' title='bbox 1785 1020 1866 1076; x_wconf 91' lang='lat' dir='ltr'><strong>rei</strong></span> <span class='ocrx_word' id='word_1_67' title='bbox 1899 1023 2073 1075; x_wconf 86' lang='lat' dir='ltr'><strong>testes</strong></span> <span class='ocrx_word' id='word_1_68' title='bbox 2099 1032 2132 1074; x_wconf 93' lang='lat' dir='ltr'><strong>a</strong></span> 
     </span>
    </p>
   </div>
   <div class='ocr_carea' id='block_1_10' title="bbox 486 1108 2132 1166">
    <p class='ocr_par' dir='ltr' id='par_1_10' title="bbox 486 1108 2132 1166">
     <span class='ocr_line' id='line_1_10' title="bbox 486 1108 2132 1166; baseline -0.001 -1"><span class='ocrx_word' id='word_1_69' title='bbox 486 1109 732 1166; x_wconf 91' lang='lat' dir='ltr'><strong>Grutero</strong></span> <span class='ocrx_word' id='word_1_70' title='bbox 770 1109 1066 1165; x_wconf 88' lang='lat' dir='ltr'><strong>memorati</strong></span> <span class='ocrx_word' id='word_1_71' title='bbox 1093 1108 1234 1166; x_wconf 86' lang='lat' dir='ltr'><strong>folio</strong></span> <span class='ocrx_word' id='word_1_72' title='bbox 1260 1124 1533 1166; x_wconf 76' lang='lat' dir='ltr'><strong>MLXXXVH</strong></span> <span class='ocrx_word' id='word_1_73' title='bbox 1561 1110 1833 1166; x_wconf 86' lang='lat' dir='ltr'><strong>visuntur</strong></span> <span class='ocrx_word' id='word_1_74' title='bbox 1857 1109 2046 1165; x_wconf 91' lang='lat' dir='ltr'><strong>adhuc</strong></span> <span class='ocrx_word' id='word_1_75' title='bbox 2071 1109 2132 1164; x_wconf 90' lang='lat' dir='ltr'><strong>in</strong></span> 
     </span>
    </p>
   </div>
   <div class='ocr_carea' id='block_1_11' title="bbox 491 1196 2135 1268">
    <p class='ocr_par' dir='ltr' id='par_1_11' title="bbox 491 1196 2135 1268">
     <span class='ocr_line' id='line_1_11' title="bbox 491 1196 2135 1268; baseline -0.001 -15"><span class='ocrx_word' id='word_1_76' title='bbox 491 1196 704 1268; x_wconf 89' lang='lat' dir='ltr'><strong>palatio</strong></span> <span class='ocrx_word' id='word_1_77' title='bbox 723 1197 1032 1255; x_wconf 87' lang='lat' dir='ltr'><strong>Barberino</strong></span> <span class='ocrx_word' id='word_1_78' title='bbox 1052 1199 1121 1254; x_wconf 90' lang='lat' dir='ltr'><strong>ad</strong></span> <span class='ocrx_word' id='word_1_79' title='bbox 1146 1198 1520 1268; x_wconf 88' lang='lat' dir='ltr'><strong>Quirinalem.</strong></span> <span class='ocrx_word' id='word_1_80' title='bbox 1545 1198 1702 1254; x_wconf 82' lang='lat' dir='ltr'><strong>Licet</strong></span> <span class='ocrx_word' id='word_1_81' title='bbox 1720 1199 1872 1254; x_wconf 91' lang='lat' dir='ltr'><strong>enim</strong></span> <span class='ocrx_word' id='word_1_82' title='bbox 1896 1196 2135 1253; x_wconf 89' lang='lat' dir='ltr'><strong>traditio</strong></span> 
     </span>
    </p>
   </div>
   <div class='ocr_carea' id='block_1_12' title="bbox 2238 479 3887 551">
    <p class='ocr_par' dir='ltr' id='par_1_12' title="bbox 2238 479 3887 551">
     <span class='ocr_line' id='line_1_12' title="bbox 2238 479 3887 551; baseline -0.001 -13"><span class='ocrx_word' id='word_1_83' title='bbox 2238 484 2543 542; x_wconf 85' lang='lat' dir='ltr'><strong>memorata</strong></span> <span class='ocrx_word' id='word_1_84' title='bbox 2565 479 2672 537; x_wconf 92' lang='lat' dir='ltr'><strong>sub</strong></span> <span class='ocrx_word' id='word_1_85' title='bbox 2696 480 2931 536; x_wconf 90' lang='lat' dir='ltr'><strong>initium</strong></span> <span class='ocrx_word' id='word_1_86' title='bbox 2955 479 3356 550; x_wconf 89' lang='lat' dir='ltr'><strong>inscriptionis</strong></span> <span class='ocrx_word' id='word_1_87' title='bbox 3371 479 3489 536; x_wconf 88' lang='lat' dir='ltr'><strong>sint</strong></span> <span class='ocrx_word' id='word_1_88' title='bbox 3506 481 3700 551; x_wconf 89' lang='lat' dir='ltr'><strong>potius</strong></span> <span class='ocrx_word' id='word_1_89' title='bbox 3715 481 3887 537; x_wconf 90' lang='lat' dir='ltr'><strong>verba</strong></span> 
     </span>
    </p>
   </div>
   <div class='ocr_carea' id='block_1_13' title="bbox 2238 568 3890 640">
    <p class='ocr_par' dir='ltr' id='par_1_13' title="bbox 2238 568 3890 640">
     <span class='ocr_line' id='line_1_13' title="bbox 2238 568 3890 640; baseline -0.001 -13"><span class='ocrx_word' id='word_1_90' title='bbox 2238 584 2552 637; x_wconf 89' lang='lat' dir='ltr'><strong>sacrorum,</strong></span> <span class='ocrx_word' id='word_1_91' title='bbox 2583 583 2750 640; x_wconf 90' lang='lat' dir='ltr'><strong>quam</strong></span> <span class='ocrx_word' id='word_1_92' title='bbox 2781 568 3134 625; x_wconf 90' lang='lat' dir='ltr'><strong>initiationis</strong></span> <span class='ocrx_word' id='word_1_93' title='bbox 3160 569 3411 639; x_wconf 88' lang='lat' dir='ltr'><strong>propria,</strong></span> <span class='ocrx_word' id='word_1_94' title='bbox 3447 574 3511 626; x_wconf 93' lang='lat' dir='ltr'><strong>ut</strong></span> <span class='ocrx_word' id='word_1_95' title='bbox 3536 570 3719 640; x_wconf 91' lang='lat' dir='ltr'><strong>placet</strong></span> <span class='ocrx_word' id='word_1_96' title='bbox 3751 570 3890 626; x_wconf 88' lang='lat' dir='ltr'><strong>lau—</strong></span> 
     </span>
    </p>
   </div>
   <div class='ocr_carea' id='block_1_14' title="bbox 2237 657 3886 731">
    <p class='ocr_par' dir='ltr' id='par_1_14' title="bbox 2237 657 3886 731">
     <span class='ocr_line' id='line_1_14' title="bbox 2237 657 3886 731; baseline -0.002 -15"><span class='ocrx_word' id='word_1_97' title='bbox 2237 660 2370 716; x_wconf 90' lang='lat' dir='ltr'><strong>dato</strong></span> <span class='ocrx_word' id='word_1_98' title='bbox 2408 659 2630 715; x_wconf 89' lang='lat' dir='ltr'><strong>auctori</strong></span> <span class='ocrx_word' id='word_1_99' title='bbox 2661 657 3090 714; x_wconf 87' lang='lat' dir='ltr'><strong>dissertationis</strong></span> <span class='ocrx_word' id='word_1_100' title='bbox 3116 658 3186 713; x_wconf 92' lang='lat' dir='ltr'><strong>de</strong></span> <span class='ocrx_word' id='word_1_101' title='bbox 3228 657 3459 728; x_wconf 89' lang='lat' dir='ltr'><strong>Mithra,</strong></span> <span class='ocrx_word' id='word_1_102' title='bbox 3504 673 3626 728; x_wconf 87' lang='lat' dir='ltr'><strong>cap.</strong></span> <span class='ocrx_word' id='word_1_103' title='bbox 3654 657 3709 730; x_wconf 84' lang='grc'><strong>5,</strong></span> <span class='ocrx_word' id='word_1_104' title='bbox 3755 672 3886 731; x_wconf 91' lang='lat' dir='ltr'><strong>pag.</strong></span> 
     </span>
    </p>
   </div>
   <div class='ocr_carea' id='block_1_15' title="bbox 2238 746 3890 815">
    <p class='ocr_par' dir='ltr' id='par_1_15' title="bbox 2238 746 3890 815">
     <span class='ocr_line' id='line_1_15' title="bbox 2238 746 3890 815; baseline 0 -11"><span class='ocrx_word' id='word_1_105' title='bbox 2238 746 2364 815; x_wconf 89' lang='lat'><strong>203,</strong></span> <span class='ocrx_word' id='word_1_106' title='bbox 2405 753 2652 804; x_wconf 88' lang='lat' dir='ltr'><strong>attamen</strong></span> <span class='ocrx_word' id='word_1_107' title='bbox 2696 748 2821 804; x_wconf 91' lang='lat' dir='ltr'><strong>dies</strong></span> <span class='ocrx_word' id='word_1_108' title='bbox 2858 752 2915 803; x_wconf 90' lang='lat' dir='ltr'><strong>et</strong></span> <span class='ocrx_word' id='word_1_109' title='bbox 2953 760 3140 804; x_wconf 89' lang='lat' dir='ltr'><strong>annus</strong></span> <span class='ocrx_word' id='word_1_110' title='bbox 3181 747 3632 804; x_wconf 86' lang='lat' dir='ltr'><strong>consecrationis</strong></span> <span class='ocrx_word' id='word_1_111' title='bbox 3661 749 3890 804; x_wconf 86' lang='lat' dir='ltr'><strong>diserte</strong></span> 
     </span>
    </p>
   </div>
   <div class='ocr_carea' id='block_1_16' title="bbox 2240 835 3886 907">
    <p class='ocr_par' dir='ltr' id='par_1_16' title="bbox 2240 835 3886 907">
     <span class='ocr_line' id='line_1_16' title="bbox 2240 835 3886 907; baseline -0.002 -14"><span class='ocrx_word' id='word_1_112' title='bbox 2240 836 2587 907; x_wconf 82' lang='lat' dir='ltr'><strong>exprimitur</strong></span> <span class='ocrx_word' id='word_1_113' title='bbox 2617 836 2676 892; x_wconf 92' lang='lat' dir='ltr'><strong>in</strong></span> <span class='ocrx_word' id='word_1_114' title='bbox 2707 836 2900 893; x_wconf 92' lang='lat' dir='ltr'><strong>eodem</strong></span> <span class='ocrx_word' id='word_1_115' title='bbox 2934 835 3124 906; x_wconf 89' lang='lat' dir='ltr'><strong>lapide</strong></span> <span class='ocrx_word' id='word_1_116' title='bbox 3155 841 3392 906; x_wconf 65' lang='lat' dir='ltr'><strong>peractae</strong></span> <span class='ocrx_word' id='word_1_117' title='bbox 3425 835 3483 891; x_wconf 91' lang='lat' dir='ltr'><strong>in</strong></span> <span class='ocrx_word' id='word_1_118' title='bbox 3515 836 3821 893; x_wconf 90' lang='lat' dir='ltr'><strong>consulatu</strong></span> <span class='ocrx_word' id='word_1_119' title='bbox 3852 850 3886 889; x_wconf 93' lang='lat' dir='ltr'><strong>v</strong></span> 
     </span>
    </p>
   </div>
   <div class='ocr_carea' id='block_1_17' title="bbox 2238 925 3891 997">
    <p class='ocr_par' dir='ltr' id='par_1_17' title="bbox 2238 925 3891 997">
     <span class='ocr_line' id='line_1_17' title="bbox 2238 925 3891 997; baseline 0 -15"><span class='ocrx_word' id='word_1_120' title='bbox 2238 927 2494 982; x_wconf 85' lang='lat' dir='ltr'><strong>Valentis</strong></span> <span class='ocrx_word' id='word_1_121' title='bbox 2515 932 2570 983; x_wconf 90' lang='lat' dir='ltr'><strong>et</strong></span> <span class='ocrx_word' id='word_1_122' title='bbox 2590 927 2914 983; x_wconf 89' lang='lat' dir='ltr'><strong>Valentiani</strong></span> <span class='ocrx_word' id='word_1_123' title='bbox 2942 925 3198 997; x_wconf 88' lang='lat' dir='ltr'><strong>junioris</strong></span> <span class='ocrx_word' id='word_1_124' title='bbox 3229 926 3435 996; x_wconf 91' lang='lat' dir='ltr'><strong>primo,</strong></span> <span class='ocrx_word' id='word_1_125' title='bbox 3461 926 3689 997; x_wconf 85' lang='lat' dir='ltr'><strong>quando</strong></span> <span class='ocrx_word' id='word_1_126' title='bbox 3713 925 3891 983; x_wconf 78' lang='lat' dir='ltr'><strong>Aure-</strong></span> 
     </span>
    </p>
   </div>
   <div class='ocr_carea' id='block_1_18' title="bbox 2241 1013 3892 1089">
    <p class='ocr_par' dir='ltr' id='par_1_18' title="bbox 2241 1013 3892 1089">
     <span class='ocr_line' id='line_1_18' title="bbox 2241 1013 3892 1089; baseline 0 -16"><span class='ocrx_word' id='word_1_127' title='bbox 2241 1016 2359 1074; x_wconf 91' lang='lat' dir='ltr'><strong>lius</strong></span> <span class='ocrx_word' id='word_1_128' title='bbox 2380 1016 2575 1073; x_wconf 85' lang='lat' dir='ltr'><strong>Victor</strong></span> <span class='ocrx_word' id='word_1_129' title='bbox 2601 1016 2922 1089; x_wconf 84' lang='lat' dir='ltr'><strong>Augentius</strong></span> <span class='ocrx_word' id='word_1_130' title='bbox 2945 1015 3253 1071; x_wconf 69' lang='lat' dir='ltr'><strong>Emiliano</strong></span> <span class='ocrx_word' id='word_1_131' title='bbox 3281 1013 3512 1070; x_wconf 91' lang='lat' dir='ltr'><strong>Corfoni</strong></span> <span class='ocrx_word' id='word_1_132' title='bbox 3546 1015 3667 1072; x_wconf 95' lang='lat' dir='ltr'><strong>ﬁlio</strong></span> <span class='ocrx_word' id='word_1_133' title='bbox 3696 1029 3892 1073; x_wconf 88' lang='lat' dir='ltr'><strong>conse-</strong></span> 
     </span>
    </p>
   </div>
   <div class='ocr_carea' id='block_1_19' title="bbox 2241 1104 3508 1186">
    <p class='ocr_par' dir='ltr' id='par_1_19' title="bbox 2241 1104 3508 1186">
     <span class='ocr_line' id='line_1_19' title="bbox 2241 1104 3508 1186; baseline -0.002 -24"><span class='ocrx_word' id='word_1_134' title='bbox 2241 1111 2398 1163; x_wconf 89' lang='lat' dir='ltr'><strong>crato</strong></span> <span class='ocrx_word' id='word_1_135' title='bbox 2433 1106 2714 1164; x_wconf 90' lang='lat' dir='ltr'><strong>sacerdoti</strong></span> <span class='ocrx_word' id='word_1_136' title='bbox 2753 1105 2905 1164; x_wconf 92' lang='lat' dir='ltr'><strong>Solis</strong></span> <span class='ocrx_word' id='word_1_137' title='bbox 2941 1105 3185 1163; x_wconf 86' lang='lat' dir='ltr'><strong>tradidit</strong></span> <span class='ocrx_word' id='word_1_138' title='bbox 3220 1104 3508 1186; x_wconf 74' lang='lat' dir='ltr'><strong>Coracica.</strong></span> 
     </span>
    </p>
   </div>
   <div class='ocr_carea' id='block_1_20' title="bbox 1659 1344 2719 1405">
    <p class='ocr_par' dir='ltr' id='par_1_20' title="bbox 1659 1344 2719 1405">
     <span class='ocr_line' id='line_1_20' title="bbox 1659 1344 2719 1405; baseline -0.004 -1"><span class='ocrx_word' id='word_1_139' title='bbox 1659 1347 1993 1405; x_wconf 82' lang='lat' dir='ltr'><strong>DATIANO</strong></span> <span class='ocrx_word' id='word_1_140' title='bbox 2035 1349 2134 1402; x_wconf 88' lang='lat' dir='ltr'><strong>ET</strong></span> <span class='ocrx_word' id='word_1_141' title='bbox 2173 1344 2498 1404; x_wconf 80' lang='lat' dir='ltr'><strong>CEREALE</strong></span> <span class='ocrx_word' id='word_1_142' title='bbox 2543 1344 2719 1402; x_wconf 88' lang='lat' dir='ltr'><strong>CONS</strong></span> 
     </span>
    </p>
   </div>
   <div class='ocr_carea' id='block_1_21' title="bbox 1592 1415 2783 1477">
    <p class='ocr_par' dir='ltr' id='par_1_21' title="bbox 1592 1415 2783 1477">
     <span class='ocr_line' id='line_1_21' title="bbox 1592 1415 2783 1477; baseline -0.008 0"><span class='ocrx_word' id='word_1_143' title='bbox 1592 1420 1864 1477; x_wconf 85' lang='lat' dir='ltr'><em>NONIVS</em></span> <span class='ocrx_word' id='word_1_144' title='bbox 1915 1418 2167 1475; x_wconf 84' lang='lat' dir='ltr'><strong>VICTOR</strong></span> <span class='ocrx_word' id='word_1_145' title='bbox 2211 1416 2572 1473; x_wconf 88' lang='lat' dir='ltr'><strong>OLYMPIVS</strong></span> <span class='ocrx_word' id='word_1_146' title='bbox 2619 1417 2684 1472; x_wconf 89' lang='lat' dir='ltr'><strong>V.</strong></span> <span class='ocrx_word' id='word_1_147' title='bbox 2727 1415 2783 1471; x_wconf 79' lang='grc' dir='ltr'><strong>Ο.</strong></span> 
     </span>
    </p>
   </div>
   <div class='ocr_carea' id='block_1_22' title="bbox 1478 1487 2897 1548">
    <p class='ocr_par' dir='ltr' id='par_1_22' title="bbox 1478 1487 2897 1548">
     <span class='ocr_line' id='line_1_22' title="bbox 1478 1487 2897 1548; baseline -0.004 -2"><span class='ocrx_word' id='word_1_148' title='bbox 1478 1493 1581 1547; x_wconf 90' lang='grc' dir='ltr'><strong>ΡΡ.</strong></span> <span class='ocrx_word' id='word_1_149' title='bbox 1628 1495 1801 1548; x_wconf 81' lang='lat' dir='ltr'><strong>AVB.</strong></span> <span class='ocrx_word' id='word_1_150' title='bbox 1858 1490 2110 1546; x_wconf 87' lang='lat' dir='ltr'><strong>VICTOR</strong></span> <span class='ocrx_word' id='word_1_151' title='bbox 2160 1487 2588 1546; x_wconf 85' lang='lat' dir='ltr'><strong>AVGENTIVS</strong></span> <span class='ocrx_word' id='word_1_152' title='bbox 2634 1489 2699 1543; x_wconf 88' lang='lat' dir='ltr'><strong>V.</strong></span> <span class='ocrx_word' id='word_1_153' title='bbox 2743 1488 2797 1542; x_wconf 88' lang='lat' dir='ltr'><strong>C.</strong></span> <span class='ocrx_word' id='word_1_154' title='bbox 2836 1487 2897 1542; x_wconf 90' lang='lat' dir='ltr'><strong>P.</strong></span> 
     </span>
    </p>
   </div>
   <div class='ocr_carea' id='block_1_23' title="bbox 1346 1558 3037 1621">
    <p class='ocr_par' dir='ltr' id='par_1_23' title="bbox 1346 1558 3037 1621">
     <span class='ocr_line' id='line_1_23' title="bbox 1346 1558 3037 1621; baseline -0.003 -2"><span class='ocrx_word' id='word_1_155' title='bbox 1346 1563 1861 1621; x_wconf 83' lang='lat' dir='ltr'><strong>TRADIDERVNT</strong></span> <span class='ocrx_word' id='word_1_156' title='bbox 1901 1559 2197 1618; x_wconf 85' lang='lat' dir='ltr'><strong>PERSICA</strong></span> <span class='ocrx_word' id='word_1_157' title='bbox 2235 1561 2369 1614; x_wconf 84' lang='lat' dir='ltr'><strong>PRI.</strong></span> <span class='ocrx_word' id='word_1_158' title='bbox 2415 1558 2580 1615; x_wconf 89' lang='lat' dir='ltr'><em>NON.</em></span> <span class='ocrx_word' id='word_1_159' title='bbox 2625 1559 2860 1614; x_wconf 84' lang='lat' dir='ltr'><strong>APRIL.</strong></span> <span class='ocrx_word' id='word_1_160' title='bbox 2911 1559 3037 1614; x_wconf 87' lang='lat' dir='ltr'><strong>FEL</strong></span> 
     </span>
    </p>
   </div>
   <div class='ocr_carea' id='block_1_24' title="bbox 1594 1630 2794 1692">
    <p class='ocr_par' dir='ltr' id='par_1_24' title="bbox 1594 1630 2794 1692">
     <span class='ocr_line' id='line_1_24' title="bbox 1594 1630 2794 1692; baseline -0.005 0"><span class='ocrx_word' id='word_1_161' title='bbox 1594 1635 1770 1692; x_wconf 88' lang='lat' dir='ltr'><em>CONS</em></span> <span class='ocrx_word' id='word_1_162' title='bbox 1817 1633 1913 1688; x_wconf 90' lang='lat' dir='ltr'><strong>SS.</strong></span> <span class='ocrx_word' id='word_1_163' title='bbox 1969 1631 2480 1688; x_wconf 84' lang='lat' dir='ltr'><strong>TRADIDERVNT</strong></span> <span class='ocrx_word' id='word_1_164' title='bbox 2526 1630 2794 1686; x_wconf 82' lang='lat' dir='ltr'><strong>ELIACA</strong></span> 
     </span>
    </p>
   </div>
   <div class='ocr_carea' id='block_1_25' title="bbox 1793 1700 2586 1761">
    <p class='ocr_par' dir='ltr' id='par_1_25' title="bbox 1793 1700 2586 1761">
     <span class='ocr_line' id='line_1_25' title="bbox 1793 1700 2586 1761; baseline -0.006 0"><span class='ocrx_word' id='word_1_165' title='bbox 1793 1706 1926 1761; x_wconf 84' lang='lat' dir='ltr'><strong>XVI</strong></span> <span class='ocrx_word' id='word_1_166' title='bbox 1963 1703 2130 1757; x_wconf 86' lang='lat' dir='ltr'><strong>KAL.</strong></span> <span class='ocrx_word' id='word_1_167' title='bbox 2175 1703 2336 1757; x_wconf 82' lang='lat' dir='ltr'><strong><em>MAI.</em></strong></span> <span class='ocrx_word' id='word_1_168' title='bbox 2382 1700 2586 1756; x_wconf 87' lang='lat' dir='ltr'><strong>FELIC</strong></span> 
     </span>
    </p>
   </div>
   <div class='ocr_carea' id='block_1_26' title="bbox 1644 1771 2747 1832">
    <p class='ocr_par' dir='ltr' id='par_1_26' title="bbox 1644 1771 2747 1832">
     <span class='ocr_line' id='line_1_26' title="bbox 1644 1771 2747 1832; baseline -0.005 1"><span class='ocrx_word' id='word_1_169' title='bbox 1644 1775 2173 1832; x_wconf 84' lang='lat' dir='ltr'><strong>OSTENDERVNT</strong></span> <span class='ocrx_word' id='word_1_170' title='bbox 2216 1771 2560 1828; x_wconf 85' lang='lat' dir='ltr'><strong>CRYPHIOS</strong></span> <span class='ocrx_word' id='word_1_171' title='bbox 2611 1773 2747 1828; x_wconf 87' lang='lat' dir='ltr'><strong>VIII</strong></span> 
     </span>
    </p>
   </div>
   <div class='ocr_carea' id='block_1_27' title="bbox 1875 1843 2507 1900">
    <p class='ocr_par' dir='ltr' id='par_1_27' title="bbox 1875 1843 2507 1900">
     <span class='ocr_line' id='line_1_27' title="bbox 1875 1843 2507 1900; baseline -0.003 0"><span class='ocrx_word' id='word_1_172' title='bbox 1875 1845 2044 1900; x_wconf 85' lang='lat' dir='ltr'><strong>KAL.</strong></span> <span class='ocrx_word' id='word_1_173' title='bbox 2093 1843 2252 1898; x_wconf 84' lang='lat' dir='ltr'><strong><em>MAI.</em></strong></span> <span class='ocrx_word' id='word_1_174' title='bbox 2304 1843 2507 1898; x_wconf 85' lang='lat' dir='ltr'><strong>FELIC</strong></span> 
     </span>
    </p>
   </div>
   <div class='ocr_carea' id='block_1_28' title="bbox 1724 1915 2661 1972">
    <p class='ocr_par' dir='ltr' id='par_1_28' title="bbox 1724 1915 2661 1972">
     <span class='ocr_line' id='line_1_28' title="bbox 1724 1915 2661 1972; baseline -0.003 0"><span class='ocrx_word' id='word_1_175' title='bbox 1724 1920 1836 1972; x_wconf 91' lang='lat' dir='ltr'><strong>DD.</strong></span> <span class='ocrx_word' id='word_1_176' title='bbox 1879 1917 2002 1972; x_wconf 90' lang='lat' dir='ltr'><strong>NN.</strong></span> <span class='ocrx_word' id='word_1_177' title='bbox 2047 1915 2405 1970; x_wconf 85' lang='lat' dir='ltr'><strong>VALENTE.</strong></span> <span class='ocrx_word' id='word_1_178' title='bbox 2454 1915 2519 1969; x_wconf 91' lang='lat' dir='ltr'><strong>V.</strong></span> <span class='ocrx_word' id='word_1_179' title='bbox 2561 1916 2661 1969; x_wconf 90' lang='lat' dir='ltr'><em>ET</em></span> 
     </span>
    </p>
   </div>
   <div class='ocr_carea' id='block_1_29' title="bbox 1579 1985 2807 2044">
    <p class='ocr_par' dir='ltr' id='par_1_29' title="bbox 1579 1985 2807 2044">
     <span class='ocr_line' id='line_1_29' title="bbox 1579 1985 2807 2044; baseline -0.002 0"><span class='ocrx_word' id='word_1_180' title='bbox 1579 1985 2132 2044; x_wconf 81' lang='lat' dir='ltr'><strong>VALENTINIANO</strong></span> <span class='ocrx_word' id='word_1_181' title='bbox 2171 1989 2201 2041; x_wconf 92' lang='grc' dir='ltr'><strong><em>Ι</em></strong></span> <span class='ocrx_word' id='word_1_182' title='bbox 2208 1985 2471 2042; x_wconf 84' lang='lat' dir='ltr'><em>VNIORE</em></span> <span class='ocrx_word' id='word_1_183' title='bbox 2517 1987 2807 2042; x_wconf 82' lang='lat' dir='ltr'><strong>PRIMVM</strong></span> 
     </span>
    </p>
   </div>
   <div class='ocr_carea' id='block_1_30' title="bbox 1642 2056 2740 2114">
    <p class='ocr_par' dir='ltr' id='par_1_30' title="bbox 1642 2056 2740 2114">
     <span class='ocr_line' id='line_1_30' title="bbox 1642 2056 2740 2114; baseline -0.003 1"><span class='ocrx_word' id='word_1_184' title='bbox 1642 2058 1867 2114; x_wconf 81' lang='lat' dir='ltr'><strong>AVGG.</strong></span> <span class='ocrx_word' id='word_1_185' title='bbox 1907 2057 2101 2112; x_wconf 88' lang='lat' dir='ltr'><strong>CONS.</strong></span> <span class='ocrx_word' id='word_1_186' title='bbox 2150 2059 2243 2114; x_wconf 89' lang='lat' dir='ltr'><strong>VI.</strong></span> <span class='ocrx_word' id='word_1_187' title='bbox 2293 2056 2479 2112; x_wconf 89' lang='lat' dir='ltr'><strong>IDVS.</strong></span> <span class='ocrx_word' id='word_1_188' title='bbox 2523 2056 2740 2112; x_wconf 87' lang='lat' dir='ltr'><strong>APRIL</strong></span> 
     </span>
    </p>
   </div>
   <div class='ocr_carea' id='block_1_31' title="bbox 1597 2127 2775 2186">
    <p class='ocr_par' dir='ltr' id='par_1_31' title="bbox 1597 2127 2775 2186">
     <span class='ocr_line' id='line_1_31' title="bbox 1597 2127 2775 2186; baseline -0.002 -2"><span class='ocrx_word' id='word_1_189' title='bbox 1597 2130 1772 2186; x_wconf 87' lang='lat' dir='ltr'><strong>AVR.</strong></span> <span class='ocrx_word' id='word_1_190' title='bbox 1825 2128 2077 2186; x_wconf 87' lang='lat' dir='ltr'><strong>VICTOR</strong></span> <span class='ocrx_word' id='word_1_191' title='bbox 2117 2127 2560 2184; x_wconf 87' lang='lat' dir='ltr'><strong>AVGENTIVS.</strong></span> <span class='ocrx_word' id='word_1_192' title='bbox 2610 2130 2675 2183; x_wconf 92' lang='lat' dir='ltr'><strong>V.</strong></span> <span class='ocrx_word' id='word_1_193' title='bbox 2716 2128 2775 2183; x_wconf 87' lang='lat' dir='ltr'><strong>C.</strong></span> 
     </span>
    </p>
   </div>
   <div class='ocr_carea' id='block_1_32' title="bbox 1475 2198 2913 2256">
    <p class='ocr_par' dir='ltr' id='par_1_32' title="bbox 1475 2198 2913 2256">
     <span class='ocr_line' id='line_1_32' title="bbox 1475 2198 2913 2256; baseline -0.001 0"><span class='ocrx_word' id='word_1_194' title='bbox 1475 2201 1538 2256; x_wconf 91' lang='lat' dir='ltr'><strong>P.</strong></span> <span class='ocrx_word' id='word_1_195' title='bbox 1578 2202 1638 2255; x_wconf 93' lang='lat' dir='ltr'><strong>P.</strong></span> <span class='ocrx_word' id='word_1_196' title='bbox 1690 2200 1898 2256; x_wconf 90' lang='lat' dir='ltr'><strong>FILIO.</strong></span> <span class='ocrx_word' id='word_1_197' title='bbox 1945 2198 2102 2255; x_wconf 91' lang='lat' dir='ltr'><strong>SVO.</strong></span> <span class='ocrx_word' id='word_1_198' title='bbox 2150 2198 2568 2254; x_wconf 81' lang='lat' dir='ltr'><strong>AEMILIANO</strong></span> <span class='ocrx_word' id='word_1_199' title='bbox 2613 2199 2913 2254; x_wconf 80' lang='lat' dir='ltr'><em>CORFONI</em></span> 
     </span>
    </p>
   </div>
   <div class='ocr_carea' id='block_1_33' title="bbox 1575 2269 2813 2327">
    <p class='ocr_par' dir='ltr' id='par_1_33' title="bbox 1575 2269 2813 2327">
     <span class='ocr_line' id='line_1_33' title="bbox 1575 2269 2813 2327; baseline -0.002 0"><span class='ocrx_word' id='word_1_200' title='bbox 1575 2272 1906 2327; x_wconf 87' lang='lat' dir='ltr'><strong>OLYMPIO.</strong></span> <span class='ocrx_word' id='word_1_201' title='bbox 1955 2270 2010 2324; x_wconf 89' lang='lat' dir='ltr'><strong>C.</strong></span> <span class='ocrx_word' id='word_1_202' title='bbox 2051 2271 2112 2323; x_wconf 91' lang='lat' dir='ltr'><strong>P.</strong></span> <span class='ocrx_word' id='word_1_203' title='bbox 2163 2269 2382 2326; x_wconf 84' lang='lat' dir='ltr'><em>ANNO.</em></span> <span class='ocrx_word' id='word_1_204' title='bbox 2436 2269 2813 2325; x_wconf 85' lang='lat' dir='ltr'><strong>TRICESIMO</strong></span> 
     </span>
    </p>
   </div>
   <div class='ocr_carea' id='block_1_34' title="bbox 1341 2339 3040 2400">
    <p class='ocr_par' dir='ltr' id='par_1_34' title="bbox 1341 2339 3040 2400">
     <span class='ocr_line' id='line_1_34' title="bbox 1341 2339 3040 2400; baseline -0.001 -2"><span class='ocrx_word' id='word_1_205' title='bbox 1341 2341 1969 2400; x_wconf 84' lang='lat' dir='ltr'><strong>CONSECRATIONIS.</strong></span> <span class='ocrx_word' id='word_1_206' title='bbox 2019 2340 2231 2396; x_wconf 85' lang='lat' dir='ltr'><strong>SVAE.</strong></span> <span class='ocrx_word' id='word_1_207' title='bbox 2288 2339 2648 2395; x_wconf 83' lang='lat' dir='ltr'><strong>TRADIDIT.</strong></span> <span class='ocrx_word' id='word_1_208' title='bbox 2698 2339 3040 2398; x_wconf 79' lang='lat' dir='ltr'><strong>CORACICA</strong></span> 
     </span>
    </p>
   </div>
   <div class='ocr_carea' id='block_1_35' title="bbox 1626 2411 2759 2469">
    <p class='ocr_par' dir='ltr' id='par_1_35' title="bbox 1626 2411 2759 2469">
     <span class='ocr_line' id='line_1_35' title="bbox 1626 2411 2759 2469; baseline -0.001 -2"><span class='ocrx_word' id='word_1_209' title='bbox 1626 2413 1847 2469; x_wconf 87' lang='lat' dir='ltr'><strong>FELIC.</strong></span> <span class='ocrx_word' id='word_1_210' title='bbox 1890 2411 2042 2468; x_wconf 87' lang='lat' dir='ltr'><strong>CON.</strong></span> <span class='ocrx_word' id='word_1_211' title='bbox 2088 2411 2184 2466; x_wconf 93' lang='lat' dir='ltr'><strong>SS.</strong></span> <span class='ocrx_word' id='word_1_212' title='bbox 2233 2411 2759 2468; x_wconf 86' lang='lat' dir='ltr'><strong>OSTENDERVNT</strong></span> 
     </span>
    </p>
   </div>
   <div class='ocr_carea' id='block_1_36' title="bbox 1624 2483 2762 2542">
    <p class='ocr_par' dir='ltr' id='par_1_36' title="bbox 1624 2483 2762 2542">
     <span class='ocr_line' id='line_1_36' title="bbox 1624 2483 2762 2542; baseline -0.004 0"><span class='ocrx_word' id='word_1_213' title='bbox 1624 2483 1984 2542; x_wconf 83' lang='lat' dir='ltr'><strong>CRYPHIOS.</strong></span> <span class='ocrx_word' id='word_1_214' title='bbox 2036 2484 2184 2540; x_wconf 89' lang='lat' dir='ltr'><em>VIII.</em></span> <span class='ocrx_word' id='word_1_215' title='bbox 2232 2485 2300 2538; x_wconf 90' lang='lat' dir='ltr'><strong>K.</strong></span> <span class='ocrx_word' id='word_1_216' title='bbox 2351 2483 2507 2537; x_wconf 84' lang='lat' dir='ltr'><strong><em>MAI.</em></strong></span> <span class='ocrx_word' id='word_1_217' title='bbox 2557 2483 2762 2538; x_wconf 87' lang='lat' dir='ltr'><strong>FELIC</strong></span> 
     </span>
    </p>
   </div>
   <div class='ocr_carea' id='block_1_37' title="bbox 557 2605 3908 2681">
    <p class='ocr_par' dir='ltr' id='par_1_37' title="bbox 557 2605 3908 2681">
     <span class='ocr_line' id='line_1_37' title="bbox 557 2605 3908 2681; baseline 0.001 -17"><span class='ocrx_word' id='word_1_218' title='bbox 557 2605 646 2664; x_wconf 90' lang='lat'><strong>23.</strong></span> <span class='ocrx_word' id='word_1_219' title='bbox 671 2606 832 2664; x_wconf 81' lang='lat' dir='ltr'><strong>Alias</strong></span> <span class='ocrx_word' id='word_1_220' title='bbox 851 2608 1420 2666; x_wconf 90' lang='lat' dir='ltr'><strong>consecrationesdie</strong></span> <span class='ocrx_word' id='word_1_221' title='bbox 1440 2613 1594 2667; x_wconf 91' lang='lat' dir='ltr'><strong>certo</strong></span> <span class='ocrx_word' id='word_1_222' title='bbox 1611 2610 1866 2681; x_wconf 87' lang='lat' dir='ltr'><strong>signatas</strong></span> <span class='ocrx_word' id='word_1_223' title='bbox 1888 2607 2140 2664; x_wconf 91' lang='lat' dir='ltr'><strong>ostendit</strong></span> <span class='ocrx_word' id='word_1_224' title='bbox 2165 2607 2218 2669; x_wconf 89' lang='grc' dir='ltr'>Β</span> <span class='ocrx_word' id='word_1_225' title='bbox 2247 2606 2572 2662; x_wconf 89' lang='lat' dir='ltr'><strong>cathedram</strong></span> <span class='ocrx_word' id='word_1_226' title='bbox 2643 2607 3022 2678; x_wconf 89' lang='lat' dir='ltr'><strong>pontiﬁcalem</strong></span> <span class='ocrx_word' id='word_1_227' title='bbox 3074 2608 3129 2664; x_wconf 93' lang='lat' dir='ltr'><strong>S.</strong></span> <span class='ocrx_word' id='word_1_228' title='bbox 3185 2607 3478 2681; x_wconf 85' lang='lat' dir='ltr'><strong>Hippolyti</strong></span> <span class='ocrx_word' id='word_1_229' title='bbox 3537 2609 3794 2681; x_wconf 87' lang='lat' dir='ltr'><strong>episcopi</strong></span> <span class='ocrx_word' id='word_1_230' title='bbox 3851 2617 3908 2667; x_wconf 92' lang='lat' dir='ltr'><strong>et</strong></span> 
     </span>
    </p>
   </div>
   <div class='ocr_carea' id='block_1_38' title="bbox 487 2695 2142 2770">
    <p class='ocr_par' dir='ltr' id='par_1_38' title="bbox 487 2695 2142 2770">
     <span class='ocr_line' id='line_1_38' title="bbox 487 2695 2142 2770; baseline -0.001 -18"><span class='ocrx_word' id='word_1_231' title='bbox 487 2695 771 2753; x_wconf 88' lang='lat' dir='ltr'><strong>Gruterus</strong></span> <span class='ocrx_word' id='word_1_232' title='bbox 800 2695 900 2752; x_wconf 94' lang='lat' dir='ltr'><strong>fol.</strong></span> <span class='ocrx_word' id='word_1_233' title='bbox 931 2710 1108 2753; x_wconf 86' lang='lat' dir='ltr'><strong>xxvm</strong></span> <span class='ocrx_word' id='word_1_234' title='bbox 1135 2702 1192 2754; x_wconf 91' lang='lat' dir='ltr'><strong>et</strong></span> <span class='ocrx_word' id='word_1_235' title='bbox 1221 2698 1634 2770; x_wconf 88' lang='lat' dir='ltr'><strong>sequentibus:</strong></span> <span class='ocrx_word' id='word_1_236' title='bbox 1667 2711 1808 2769; x_wconf 89' lang='lat' dir='ltr'><strong>quas</strong></span> <span class='ocrx_word' id='word_1_237' title='bbox 1835 2696 1984 2752; x_wconf 92' lang='lat' dir='ltr'><strong>inter</strong></span> <span class='ocrx_word' id='word_1_238' title='bbox 2008 2696 2142 2750; x_wconf 88' lang='lat' dir='ltr'><strong>sin—</strong></span> 
     </span>
    </p>
   </div>
   <div class='ocr_carea' id='block_1_39' title="bbox 491 2785 2140 2860">
    <p class='ocr_par' dir='ltr' id='par_1_39' title="bbox 491 2785 2140 2860">
     <span class='ocr_line' id='line_1_39' title="bbox 491 2785 2140 2860; baseline -0.002 -16"><span class='ocrx_word' id='word_1_239' title='bbox 491 2785 712 2856; x_wconf 84' lang='lat' dir='ltr'><strong>gularis</strong></span> <span class='ocrx_word' id='word_1_240' title='bbox 741 2790 827 2843; x_wconf 88' lang='lat' dir='ltr'><strong>est</strong></span> <span class='ocrx_word' id='word_1_241' title='bbox 857 2785 979 2858; x_wconf 90' lang='lat' dir='ltr'><strong>illa,</strong></span> <span class='ocrx_word' id='word_1_242' title='bbox 1014 2787 1113 2843; x_wconf 90' lang='lat' dir='ltr'><strong>ubi</strong></span> <span class='ocrx_word' id='word_1_243' title='bbox 1147 2788 1424 2844; x_wconf 85' lang='lat' dir='ltr'><strong>Sextilius</strong></span> <span class='ocrx_word' id='word_1_244' title='bbox 1453 2787 1757 2860; x_wconf 83' lang='lat' dir='ltr'><strong>Agesilaus</strong></span> <span class='ocrx_word' id='word_1_245' title='bbox 1784 2786 2048 2842; x_wconf 68' lang='lat' dir='ltr'><strong>IEdesius</strong></span> <span class='ocrx_word' id='word_1_246' title='bbox 2080 2799 2140 2841; x_wconf 92' lang='lat' dir='ltr'><strong>se</strong></span> 
     </span>
    </p>
   </div>
   <div class='ocr_carea' id='block_1_40' title="bbox 490 2875 2139 2946">
    <p class='ocr_par' dir='ltr' id='par_1_40' title="bbox 490 2875 2139 2946">
     <span class='ocr_line' id='line_1_40' title="bbox 490 2875 2139 2946; baseline -0.001 -15"><span class='ocrx_word' id='word_1_247' title='bbox 490 2875 551 2932; x_wconf 91' lang='lat' dir='ltr'><strong>in</strong></span> <span class='ocrx_word' id='word_1_248' title='bbox 582 2883 858 2933; x_wconf 75' lang='lat' dir='ltr'><strong>aaternum</strong></span> <span class='ocrx_word' id='word_1_249' title='bbox 891 2881 1151 2932; x_wconf 87' lang='lat' dir='ltr'><strong>renatum</strong></span> <span class='ocrx_word' id='word_1_250' title='bbox 1182 2877 1330 2933; x_wconf 90' lang='lat' dir='ltr'><strong>dicit</strong></span> <span class='ocrx_word' id='word_1_251' title='bbox 1355 2877 1703 2934; x_wconf 89' lang='lat' dir='ltr'><strong>Taurobolio</strong></span> <span class='ocrx_word' id='word_1_252' title='bbox 1731 2875 2139 2946; x_wconf 90' lang='lat' dir='ltr'><strong>Criobolioque</strong></span> 
     </span>
    </p>
   </div>
   <div class='ocr_carea' id='block_1_41' title="bbox 492 2966 2133 3037">
    <p class='ocr_par' dir='ltr' id='par_1_41' title="bbox 492 2966 2133 3037">
     <span class='ocr_line' id='line_1_41' title="bbox 492 2966 2133 3037; baseline -0.002 -15"><span class='ocrx_word' id='word_1_253' title='bbox 492 2970 754 3037; x_wconf 88' lang='lat' dir='ltr'><strong>percepto</strong></span> <span class='ocrx_word' id='word_1_254' title='bbox 800 2966 913 3021; x_wconf 92' lang='lat' dir='ltr'><strong>DD.</strong></span> <span class='ocrx_word' id='word_1_255' title='bbox 950 2968 1084 3037; x_wconf 9' lang='lat' dir='ltr'><strong>,NN.</strong></span> <span class='ocrx_word' id='word_1_256' title='bbox 1131 2967 1362 3022; x_wconf 83' lang='lat' dir='ltr'><strong>Valente</strong></span> <span class='ocrx_word' id='word_1_257' title='bbox 1414 2969 1459 3023; x_wconf 89' lang='lat' dir='ltr'><strong>V</strong></span> <span class='ocrx_word' id='word_1_258' title='bbox 1501 2973 1556 3023; x_wconf 91' lang='lat' dir='ltr'><strong>et</strong></span> <span class='ocrx_word' id='word_1_259' title='bbox 1611 2966 1949 3023; x_wconf 88' lang='lat' dir='ltr'><strong>Valentiano</strong></span> <span class='ocrx_word' id='word_1_260' title='bbox 2004 2966 2133 3020; x_wconf 89' lang='lat' dir='ltr'><strong>Jun.</strong></span> 
     </span>
    </p>
   </div>
   <div class='ocr_carea' id='block_1_42' title="bbox 488 3053 2139 3128">
    <p class='ocr_par' dir='ltr' id='par_1_42' title="bbox 488 3053 2139 3128">
     <span class='ocr_line' id='line_1_42' title="bbox 488 3053 2139 3128; baseline -0.002 -16"><span class='ocrx_word' id='word_1_261' title='bbox 488 3055 672 3127; x_wconf 82' lang='lat' dir='ltr'><strong>Augg.</strong></span> <span class='ocrx_word' id='word_1_262' title='bbox 689 3055 846 3110; x_wconf 93' lang='lat' dir='ltr'><strong>Coss.</strong></span> <span class='ocrx_word' id='word_1_263' title='bbox 868 3053 1065 3111; x_wconf 92' lang='lat' dir='ltr'><strong>Idibus</strong></span> <span class='ocrx_word' id='word_1_264' title='bbox 1080 3055 1390 3127; x_wconf 82' lang='lat' dir='ltr'><strong>Augustis;</strong></span> <span class='ocrx_word' id='word_1_265' title='bbox 1405 3057 1558 3113; x_wconf 91' lang='lat' dir='ltr'><strong>unde</strong></span> <span class='ocrx_word' id='word_1_266' title='bbox 1573 3055 1937 3128; x_wconf 90' lang='lat' dir='ltr'><strong>dignoscitur</strong></span> <span class='ocrx_word' id='word_1_267' title='bbox 1954 3053 2139 3124; x_wconf 91' lang='lat' dir='ltr'><strong>posita</strong></span> 
     </span>
    </p>
   </div>
   <div class='ocr_carea' id='block_1_43' title="bbox 490 3142 2141 3216">
    <p class='ocr_par' dir='ltr' id='par_1_43' title="bbox 490 3142 2141 3216">
     <span class='ocr_line' id='line_1_43' title="bbox 490 3142 2141 3216; baseline -0.001 -17"><span class='ocrx_word' id='word_1_268' title='bbox 490 3143 646 3200; x_wconf 91' lang='lat' dir='ltr'><strong>circa</strong></span> <span class='ocrx_word' id='word_1_269' title='bbox 667 3143 834 3199; x_wconf 85' lang='lat' dir='ltr'><strong>ﬁnem</strong></span> <span class='ocrx_word' id='word_1_270' title='bbox 861 3143 1056 3200; x_wconf 76' lang='lat' dir='ltr'><strong>saeculi</strong></span> <span class='ocrx_word' id='word_1_271' title='bbox 1080 3144 1272 3215; x_wconf 91' lang='lat' dir='ltr'><strong>quarti</strong></span> <span class='ocrx_word' id='word_1_272' title='bbox 1299 3159 1428 3201; x_wconf 89' lang='lat' dir='ltr'><strong>cum</strong></span> <span class='ocrx_word' id='word_1_273' title='bbox 1453 3144 1721 3216; x_wconf 90' lang='lat' dir='ltr'><strong>pluribus</strong></span> <span class='ocrx_word' id='word_1_274' title='bbox 1739 3142 1994 3215; x_wconf 88' lang='lat' dir='ltr'><strong>ejusdem</strong></span> <span class='ocrx_word' id='word_1_275' title='bbox 2015 3145 2141 3198; x_wconf 65' lang='lat' dir='ltr'><strong>aeta-</strong></span> 
     </span>
    </p>
   </div>
   <div class='ocr_carea' id='block_1_44' title="bbox 493 3233 1460 3304">
    <p class='ocr_par' dir='ltr' id='par_1_44' title="bbox 493 3233 1460 3304">
     <span class='ocr_line' id='line_1_44' title="bbox 493 3233 1460 3304; baseline -0.001 -16"><span class='ocrx_word' id='word_1_276' title='bbox 493 3233 572 3290; x_wconf 91' lang='lat' dir='ltr'><strong>tis</strong></span> <span class='ocrx_word' id='word_1_277' title='bbox 602 3233 1087 3304; x_wconf 88' lang='lat' dir='ltr'><strong>inscriptionibus</strong></span> <span class='ocrx_word' id='word_1_278' title='bbox 1128 3233 1210 3288; x_wconf 92' lang='lat' dir='ltr'><strong>ibi</strong></span> <span class='ocrx_word' id='word_1_279' title='bbox 1243 3233 1460 3291; x_wconf 87' lang='lat' dir='ltr'><strong>relatis.</strong></span> 
     </span>
    </p>
   </div>
   <div class='ocr_carea' id='block_1_45' title="bbox 560 3319 2144 3394">
    <p class='ocr_par' dir='ltr' id='par_1_45' title="bbox 560 3319 2144 3394">
     <span class='ocr_line' id='line_1_45' title="bbox 560 3319 2144 3394; baseline -0.002 -16"><span class='ocrx_word' id='word_1_280' title='bbox 560 3322 702 3378; x_wconf 90' lang='lat' dir='ltr'><strong>Cum</strong></span> <span class='ocrx_word' id='word_1_281' title='bbox 725 3321 909 3394; x_wconf 88' lang='lat' dir='ltr'><strong>igitur</strong></span> <span class='ocrx_word' id='word_1_282' title='bbox 927 3321 1169 3394; x_wconf 88' lang='lat' dir='ltr'><strong>collegia</strong></span> <span class='ocrx_word' id='word_1_283' title='bbox 1189 3323 1568 3379; x_wconf 83' lang='lat' dir='ltr'><strong>sacerdotalia</strong></span> <span class='ocrx_word' id='word_1_284' title='bbox 1587 3322 1830 3378; x_wconf 72' lang='lat' dir='ltr'><strong>ethnicae</strong></span> <span class='ocrx_word' id='word_1_285' title='bbox 1853 3319 2144 3392; x_wconf 91' lang='lat' dir='ltr'><strong>supersti—</strong></span> 
     </span>
    </p>
   </div>
   <div class='ocr_carea' id='block_1_46' title="bbox 495 3408 2142 3483">
    <p class='ocr_par' dir='ltr' id='par_1_46' title="bbox 495 3408 2142 3483">
     <span class='ocr_line' id='line_1_46' title="bbox 495 3408 2142 3483; baseline -0.002 -17"><span class='ocrx_word' id='word_1_286' title='bbox 495 3410 696 3482; x_wconf 87' lang='lat' dir='ltr'><strong>tionis,</strong></span> <span class='ocrx_word' id='word_1_287' title='bbox 730 3425 856 3482; x_wconf 71' lang='lat' dir='ltr'><strong>quze</strong></span> <span class='ocrx_word' id='word_1_288' title='bbox 886 3411 1075 3467; x_wconf 67' lang='lat' dir='ltr'><strong>Romae</strong></span> <span class='ocrx_word' id='word_1_289' title='bbox 1115 3411 1384 3483; x_wconf 86' lang='lat' dir='ltr'><strong>vigebant</strong></span> <span class='ocrx_word' id='word_1_290' title='bbox 1411 3425 1444 3467; x_wconf 90' lang='lat' dir='ltr'><strong>a</strong></span> <span class='ocrx_word' id='word_1_291' title='bbox 1473 3412 1659 3481; x_wconf 91' lang='lat' dir='ltr'><strong>primo</strong></span> <span class='ocrx_word' id='word_1_292' title='bbox 1687 3410 1905 3466; x_wconf 85' lang='lat' dir='ltr'><strong>Christi</strong></span> <span class='ocrx_word' id='word_1_293' title='bbox 1932 3408 2142 3465; x_wconf 61' lang='lat' dir='ltr'><strong>saeculo</strong></span> 
     </span>
    </p>
   </div>
   <div class='ocr_carea' id='block_1_47' title="bbox 495 3498 2140 3570">
    <p class='ocr_par' dir='ltr' id='par_1_47' title="bbox 495 3498 2140 3570">
     <span class='ocr_line' id='line_1_47' title="bbox 495 3498 2140 3570; baseline -0.001 -16"><span class='ocrx_word' id='word_1_294' title='bbox 495 3499 566 3554; x_wconf 90' lang='lat' dir='ltr'><strong>ad</strong></span> <span class='ocrx_word' id='word_1_295' title='bbox 605 3498 772 3554; x_wconf 90' lang='lat' dir='ltr'><strong>ﬁnem</strong></span> <span class='ocrx_word' id='word_1_296' title='bbox 809 3500 1024 3570; x_wconf 88' lang='lat' dir='ltr'><strong>quarti,</strong></span> <span class='ocrx_word' id='word_1_297' title='bbox 1067 3500 1349 3556; x_wconf 87' lang='lat' dir='ltr'><strong>sodalium</strong></span> <span class='ocrx_word' id='word_1_298' title='bbox 1392 3515 1627 3557; x_wconf 92' lang='lat' dir='ltr'><strong>suorum</strong></span> <span class='ocrx_word' id='word_1_299' title='bbox 1666 3500 1864 3556; x_wconf 85' lang='lat' dir='ltr'><strong>Fastos</strong></span> <span class='ocrx_word' id='word_1_300' title='bbox 1897 3504 1952 3555; x_wconf 91' lang='lat' dir='ltr'><strong>et</strong></span> <span class='ocrx_word' id='word_1_301' title='bbox 1983 3498 2140 3566; x_wconf 83' lang='lat' dir='ltr'><strong>Acta,</strong></span> 
     </span>
    </p>
   </div>
   <div class='ocr_carea' id='block_1_48' title="bbox 499 3587 2146 3659">
    <p class='ocr_par' dir='ltr' id='par_1_48' title="bbox 499 3587 2146 3659">
     <span class='ocr_line' id='line_1_48' title="bbox 499 3587 2146 3659; baseline -0.001 -16"><span class='ocrx_word' id='word_1_302' title='bbox 499 3587 880 3658; x_wconf 87' lang='lat' dir='ltr'><strong>initiationes,</strong></span> <span class='ocrx_word' id='word_1_303' title='bbox 915 3588 1087 3656; x_wconf 90' lang='lat' dir='ltr'><strong>ritus,</strong></span> <span class='ocrx_word' id='word_1_304' title='bbox 1117 3589 1364 3659; x_wconf 89' lang='lat' dir='ltr'><strong>decreta,</strong></span> <span class='ocrx_word' id='word_1_305' title='bbox 1403 3590 1797 3646; x_wconf 86' lang='lat' dir='ltr'><strong>dedicationes</strong></span> <span class='ocrx_word' id='word_1_306' title='bbox 1827 3604 1939 3646; x_wconf 93' lang='lat' dir='ltr'><strong>non</strong></span> <span class='ocrx_word' id='word_1_307' title='bbox 1979 3587 2146 3644; x_wconf 91' lang='lat' dir='ltr'><strong>modo</strong></span> 
     </span>
    </p>
   </div>
   <div class='ocr_carea' id='block_1_49' title="bbox 501 3676 2150 3745">
    <p class='ocr_par' dir='ltr' id='par_1_49' title="bbox 501 3676 2150 3745">
     <span class='ocr_line' id='line_1_49' title="bbox 501 3676 2150 3745; baseline 0 -12"><span class='ocrx_word' id='word_1_308' title='bbox 501 3678 834 3733; x_wconf 88' lang='lat' dir='ltr'><strong>mandarent</strong></span> <span class='ocrx_word' id='word_1_309' title='bbox 850 3676 1066 3732; x_wconf 89' lang='lat' dir='ltr'><strong>litteris</strong></span> <span class='ocrx_word' id='word_1_310' title='bbox 1078 3676 1137 3732; x_wconf 91' lang='lat' dir='ltr'><strong>in</strong></span> <span class='ocrx_word' id='word_1_311' title='bbox 1152 3676 1323 3732; x_wconf 89' lang='lat' dir='ltr'><strong>libris</strong></span> <span class='ocrx_word' id='word_1_312' title='bbox 1338 3679 1554 3745; x_wconf 83' lang='lat' dir='ltr'><strong>linteis,</strong></span> <span class='ocrx_word' id='word_1_313' title='bbox 1574 3685 1676 3735; x_wconf 88' lang='lat' dir='ltr'><strong>aut</strong></span> <span class='ocrx_word' id='word_1_314' title='bbox 1690 3679 1962 3736; x_wconf 89' lang='lat' dir='ltr'><strong>eburneis</strong></span> <span class='ocrx_word' id='word_1_315' title='bbox 1977 3678 2150 3736; x_wconf 88' lang='lat' dir='ltr'><strong>tabel-</strong></span> 
     </span>
    </p>
   </div>
   <div class='ocr_carea' id='block_1_50' title="bbox 500 3765 2142 3841">
    <p class='ocr_par' dir='ltr' id='par_1_50' title="bbox 500 3765 2142 3841">
     <span class='ocr_line' id='line_1_50' title="bbox 500 3765 2142 3841; baseline 0.002 -19"><span class='ocrx_word' id='word_1_316' title='bbox 500 3766 576 3822; x_wconf 89' lang='lat' dir='ltr'><strong>lis</strong></span> <span class='ocrx_word' id='word_1_317' title='bbox 598 3765 996 3835; x_wconf 89' lang='lat' dir='ltr'><strong>inscriberent,</strong></span> <span class='ocrx_word' id='word_1_318' title='bbox 1020 3766 1116 3822; x_wconf 92' lang='lat' dir='ltr'><strong>sed</strong></span> <span class='ocrx_word' id='word_1_319' title='bbox 1139 3766 1312 3821; x_wconf 90' lang='lat' dir='ltr'><strong>etiam</strong></span> <span class='ocrx_word' id='word_1_320' title='bbox 1332 3768 1714 3825; x_wconf 88' lang='lat' dir='ltr'><strong>marmoribus</strong></span> <span class='ocrx_word' id='word_1_321' title='bbox 1737 3770 2142 3841; x_wconf 89' lang='lat' dir='ltr'><strong>insculperent,</strong></span> 
     </span>
    </p>
   </div>
   <div class='ocr_carea' id='block_1_51' title="bbox 500 3854 2144 3928">
    <p class='ocr_par' dir='ltr' id='par_1_51' title="bbox 500 3854 2144 3928">
     <span class='ocr_line' id='line_1_51' title="bbox 500 3854 2144 3928; baseline 0 -16"><span class='ocrx_word' id='word_1_322' title='bbox 500 3861 557 3912; x_wconf 90' lang='lat' dir='ltr'><strong>et</strong></span> <span class='ocrx_word' id='word_1_323' title='bbox 578 3860 956 3926; x_wconf 90' lang='lat' dir='ltr'><strong>proponerent</strong></span> <span class='ocrx_word' id='word_1_324' title='bbox 977 3854 1036 3910; x_wconf 92' lang='lat' dir='ltr'><strong>in</strong></span> <span class='ocrx_word' id='word_1_325' title='bbox 1059 3855 1250 3927; x_wconf 88' lang='lat' dir='ltr'><strong>atriis,</strong></span> <span class='ocrx_word' id='word_1_326' title='bbox 1269 3862 1326 3912; x_wconf 90' lang='lat' dir='ltr'><strong>et</strong></span> <span class='ocrx_word' id='word_1_327' title='bbox 1348 3857 1405 3911; x_wconf 91' lang='lat' dir='ltr'><strong>in</strong></span> <span class='ocrx_word' id='word_1_328' title='bbox 1430 3870 1642 3928; x_wconf 89' lang='lat' dir='ltr'><strong>pronao</strong></span> <span class='ocrx_word' id='word_1_329' title='bbox 1663 3859 2144 3928; x_wconf 72' lang='lat' dir='ltr'><strong>suarumaadium,</strong></span> 
     </span>
    </p>
   </div>
   <div class='ocr_carea' id='block_1_52' title="bbox 2248 2696 3906 2769">
    <p class='ocr_par' dir='ltr' id='par_1_52' title="bbox 2248 2696 3906 2769">
     <span class='ocr_line' id='line_1_52' title="bbox 2248 2696 3906 2769; baseline 0.002 -17"><span class='ocrx_word' id='word_1_330' title='bbox 2248 2697 2518 2768; x_wconf 90' lang='lat' dir='ltr'><strong>martyris</strong></span> <span class='ocrx_word' id='word_1_331' title='bbox 2553 2696 2661 2753; x_wconf 90' lang='lat' dir='ltr'><strong>sub</strong></span> <span class='ocrx_word' id='word_1_332' title='bbox 2696 2698 2896 2754; x_wconf 87' lang='lat' dir='ltr'><strong>Severo</strong></span> <span class='ocrx_word' id='word_1_333' title='bbox 2925 2697 3245 2755; x_wconf 82' lang='lat' dir='ltr'><strong>Alexandro</strong></span> <span class='ocrx_word' id='word_1_334' title='bbox 3269 2713 3396 2756; x_wconf 93' lang='lat' dir='ltr'><strong>cum</strong></span> <span class='ocrx_word' id='word_1_335' title='bbox 3425 2699 3678 2769; x_wconf 86' lang='lat' dir='ltr'><strong>ejusdem</strong></span> <span class='ocrx_word' id='word_1_336' title='bbox 3706 2704 3906 2757; x_wconf 84' lang='lat' dir='ltr'><strong>statua</strong></span> 
     </span>
    </p>
   </div>
   <div class='ocr_carea' id='block_1_53' title="bbox 2249 2786 3909 2861">
    <p class='ocr_par' dir='ltr' id='par_1_53' title="bbox 2249 2786 3909 2861">
     <span class='ocr_line' id='line_1_53' title="bbox 2249 2786 3909 2861; baseline 0.002 -20"><span class='ocrx_word' id='word_1_337' title='bbox 2249 2786 2555 2854; x_wconf 88' lang='lat' dir='ltr'><strong>insidente,</strong></span> <span class='ocrx_word' id='word_1_338' title='bbox 2599 2799 2766 2857; x_wconf 89' lang='lat' dir='ltr'><strong>quam</strong></span> <span class='ocrx_word' id='word_1_339' title='bbox 2799 2801 2867 2842; x_wconf 88' lang='lat' dir='ltr'><strong>ex</strong></span> <span class='ocrx_word' id='word_1_340' title='bbox 2897 2789 3221 2844; x_wconf 70' lang='lat' dir='ltr'><strong>coemeterio</strong></span> <span class='ocrx_word' id='word_1_341' title='bbox 3256 2789 3486 2844; x_wconf 64' lang='lat' dir='ltr'><strong>Lucinae</strong></span> <span class='ocrx_word' id='word_1_342' title='bbox 3519 2789 3578 2843; x_wconf 92' lang='lat' dir='ltr'><strong>in</strong></span> <span class='ocrx_word' id='word_1_343' title='bbox 3615 2803 3753 2861; x_wconf 85' lang='lat' dir='ltr'><strong>agro</strong></span> <span class='ocrx_word' id='word_1_344' title='bbox 3785 2792 3909 2846; x_wconf 85' lang='lat' dir='ltr'><strong>Ve-</strong></span> 
     </span>
    </p>
   </div>
   <div class='ocr_carea' id='block_1_54' title="bbox 2247 2876 3908 2935">
    <p class='ocr_par' dir='ltr' id='par_1_54' title="bbox 2247 2876 3908 2935">
     <span class='ocr_line' id='line_1_54' title="bbox 2247 2876 3908 2935; baseline 0.001 -2"><span class='ocrx_word' id='word_1_345' title='bbox 2247 2890 2386 2933; x_wconf 90' lang='lat' dir='ltr'><strong>rano</strong></span> <span class='ocrx_word' id='word_1_346' title='bbox 2413 2876 2746 2932; x_wconf 89' lang='lat' dir='ltr'><strong>translatam</strong></span> <span class='ocrx_word' id='word_1_347' title='bbox 2769 2877 2836 2932; x_wconf 90' lang='lat' dir='ltr'><strong>ad</strong></span> <span class='ocrx_word' id='word_1_348' title='bbox 2866 2876 3272 2934; x_wconf 90' lang='lat' dir='ltr'><strong>bibliothecam</strong></span> <span class='ocrx_word' id='word_1_349' title='bbox 3299 2878 3626 2934; x_wconf 86' lang='lat' dir='ltr'><strong>Vaticanam</strong></span> <span class='ocrx_word' id='word_1_350' title='bbox 3653 2884 3735 2934; x_wconf 90' lang='lat' dir='ltr'><strong>tot</strong></span> <span class='ocrx_word' id='word_1_351' title='bbox 3757 2893 3908 2935; x_wconf 89' lang='lat' dir='ltr'><strong>eru-</strong></span> 
     </span>
    </p>
   </div>
   <div class='ocr_carea' id='block_1_55' title="bbox 2246 2965 3911 3038">
    <p class='ocr_par' dir='ltr' id='par_1_55' title="bbox 2246 2965 3911 3038">
     <span class='ocr_line' id='line_1_55' title="bbox 2246 2965 3911 3038; baseline 0.002 -16"><span class='ocrx_word' id='word_1_352' title='bbox 2246 2967 2498 3022; x_wconf 89' lang='lat' dir='ltr'><strong>ditorum</strong></span> <span class='ocrx_word' id='word_1_353' title='bbox 2527 2965 2665 3022; x_wconf 90' lang='lat' dir='ltr'><strong>libri</strong></span> <span class='ocrx_word' id='word_1_354' title='bbox 2692 2966 3080 3038; x_wconf 89' lang='lat' dir='ltr'><strong>illustrarunt,</strong></span> <span class='ocrx_word' id='word_1_355' title='bbox 3103 2968 3340 3024; x_wconf 87' lang='lat' dir='ltr'><strong>chorum</strong></span> <span class='ocrx_word' id='word_1_356' title='bbox 3363 2967 3713 3024; x_wconf 89' lang='lat' dir='ltr'><strong>ducentibus</strong></span> <span class='ocrx_word' id='word_1_357' title='bbox 3737 2969 3911 3026; x_wconf 85' lang='lat' dir='ltr'><strong>Baro-</strong></span> 
     </span>
    </p>
   </div>
   <div class='ocr_carea' id='block_1_56' title="bbox 2249 3055 3907 3128">
    <p class='ocr_par' dir='ltr' id='par_1_56' title="bbox 2249 3055 3907 3128">
     <span class='ocr_line' id='line_1_56' title="bbox 2249 3055 3907 3128; baseline 0.002 -18"><span class='ocrx_word' id='word_1_358' title='bbox 2249 3055 2346 3111; x_wconf 91' lang='lat' dir='ltr'><strong>nio</strong></span> <span class='ocrx_word' id='word_1_359' title='bbox 2374 3059 2432 3111; x_wconf 90' lang='lat' dir='ltr'><strong>et</strong></span> <span class='ocrx_word' id='word_1_360' title='bbox 2469 3055 2770 3112; x_wconf 91' lang='lat' dir='ltr'><strong>Bucherio.</strong></span> <span class='ocrx_word' id='word_1_361' title='bbox 2810 3056 3041 3112; x_wconf 90' lang='lat' dir='ltr'><strong>Titulus</strong></span> <span class='ocrx_word' id='word_1_362' title='bbox 3088 3057 3167 3112; x_wconf 92' lang='lat' dir='ltr'><strong>ita</strong></span> <span class='ocrx_word' id='word_1_363' title='bbox 3206 3057 3508 3127; x_wconf 90' lang='lat' dir='ltr'><strong>inscriptis</strong></span> <span class='ocrx_word' id='word_1_364' title='bbox 3544 3062 3631 3112; x_wconf 91' lang='lat' dir='ltr'><strong>est</strong></span> <span class='ocrx_word' id='word_1_365' title='bbox 3669 3057 3807 3118; x_wconf 83' lang='grc' dir='ltr'><strong>ἓτους</strong></span> <span class='ocrx_word' id='word_1_366' title='bbox 3850 3073 3907 3128; x_wconf 76' lang='grc' dir='ltr'><strong>Α,</strong></span> 
     </span>
    </p>
   </div>
   <div class='ocr_carea' id='block_1_57' title="bbox 2247 3146 3911 3203">
    <p class='ocr_par' dir='ltr' id='par_1_57' title="bbox 2247 3146 3911 3203">
     <span class='ocr_line' id='line_1_57' title="bbox 2247 3146 3911 3203; baseline 0.002 -3"><span class='ocrx_word' id='word_1_367' title='bbox 2247 3150 2352 3201; x_wconf 91' lang='lat' dir='ltr'><strong>etc.</strong></span> <span class='ocrx_word' id='word_1_368' title='bbox 2399 3146 2456 3202; x_wconf 87' lang='lat' dir='ltr'><strong>id</strong></span> <span class='ocrx_word' id='word_1_369' title='bbox 2497 3151 2584 3202; x_wconf 90' lang='lat' dir='ltr'><strong>est</strong></span> <span class='ocrx_word' id='word_1_370' title='bbox 2621 3146 2811 3202; x_wconf 85' lang='lat' dir='ltr'><em>ANNO</em></span> <span class='ocrx_word' id='word_1_371' title='bbox 2849 3146 3064 3203; x_wconf 84' lang='lat' dir='ltr'><strong>PRIMO</strong></span> <span class='ocrx_word' id='word_1_372' title='bbox 3102 3146 3456 3203; x_wconf 83' lang='lat' dir='ltr'><strong>REGIMINIS</strong></span> <span class='ocrx_word' id='word_1_373' title='bbox 3493 3146 3911 3203; x_wconf 81' lang='lat' dir='ltr'><strong>ALEXANDRI</strong></span> 
     </span>
    </p>
   </div>
   <div class='ocr_carea' id='block_1_58' title="bbox 2248 3234 3912 3293">
    <p class='ocr_par' dir='ltr' id='par_1_58' title="bbox 2248 3234 3912 3293">
     <span class='ocr_line' id='line_1_58' title="bbox 2248 3234 3912 3293; baseline 0.002 -3"><span class='ocrx_word' id='word_1_374' title='bbox 2248 3234 2710 3292; x_wconf 79' lang='lat' dir='ltr'><strong>IMPERATORIS</strong></span> <span class='ocrx_word' id='word_1_375' title='bbox 2767 3235 2986 3291; x_wconf 82' lang='lat' dir='ltr'><strong>FACTA</strong></span> <span class='ocrx_word' id='word_1_376' title='bbox 3043 3236 3167 3291; x_wconf 90' lang='lat' dir='ltr'><strong>EST</strong></span> <span class='ocrx_word' id='word_1_377' title='bbox 3217 3235 3341 3292; x_wconf 81' lang='lat' dir='ltr'><strong>XIV</strong></span> <span class='ocrx_word' id='word_1_378' title='bbox 3407 3235 3713 3292; x_wconf 81' lang='lat' dir='ltr'><strong>PASCHAE</strong></span> <span class='ocrx_word' id='word_1_379' title='bbox 3769 3238 3912 3293; x_wconf 82' lang='lat' dir='ltr'><strong>[DI-</strong></span> 
     </span>
    </p>
   </div>
   <div class='ocr_carea' id='block_1_59' title="bbox 2249 3323 3914 3382">
    <p class='ocr_par' dir='ltr' id='par_1_59' title="bbox 2249 3323 3914 3382">
     <span class='ocr_line' id='line_1_59' title="bbox 2249 3323 3914 3382; baseline 0.002 -4"><span class='ocrx_word' id='word_1_380' title='bbox 2249 3323 2374 3379; x_wconf 87' lang='lat' dir='ltr'><strong>BVS</strong></span> <span class='ocrx_word' id='word_1_381' title='bbox 2425 3323 2781 3380; x_wconf 83' lang='lat' dir='ltr'><strong>APRILIBVS</strong></span> <span class='ocrx_word' id='word_1_382' title='bbox 2837 3324 3143 3380; x_wconf 83' lang='lat' dir='ltr'><strong>SABBATO</strong></span> <span class='ocrx_word' id='word_1_383' title='bbox 3197 3325 3339 3382; x_wconf 85' lang='lat' dir='ltr'><strong>CVM</strong></span> <span class='ocrx_word' id='word_1_384' title='bbox 3382 3325 3628 3380; x_wconf 87' lang='lat' dir='ltr'><strong>MENSIS</strong></span> <span class='ocrx_word' id='word_1_385' title='bbox 3675 3325 3914 3382; x_wconf 89' lang='lat' dir='ltr'><strong>EMBO—</strong></span> 
     </span>
    </p>
   </div>
   <div class='ocr_carea' id='block_1_60' title="bbox 2252 3412 3913 3485">
    <p class='ocr_par' dir='ltr' id='par_1_60' title="bbox 2252 3412 3913 3485">
     <span class='ocr_line' id='line_1_60' title="bbox 2252 3412 3913 3485; baseline 0.002 -17"><span class='ocrx_word' id='word_1_386' title='bbox 2252 3412 2561 3470; x_wconf 81' lang='lat' dir='ltr'><strong>LISMALIS</strong></span> <span class='ocrx_word' id='word_1_387' title='bbox 2652 3414 2942 3471; x_wconf 87' lang='lat' dir='ltr'><strong>FVISSET.</strong></span> <span class='ocrx_word' id='word_1_388' title='bbox 3042 3414 3339 3484; x_wconf 80' lang='lat' dir='ltr'><strong>ERlTQVE</strong></span> <span class='ocrx_word' id='word_1_389' title='bbox 3439 3415 3913 3485; x_wconf 83' lang='lat' dir='ltr'><strong>SEQVENTIBVS</strong></span> 
     </span>
    </p>
   </div>
   <div class='ocr_carea' id='block_1_61' title="bbox 2251 3501 3909 3560">
    <p class='ocr_par' dir='ltr' id='par_1_61' title="bbox 2251 3501 3909 3560">
     <span class='ocr_line' id='line_1_61' title="bbox 2251 3501 3909 3560; baseline 0.001 -2"><span class='ocrx_word' id='word_1_390' title='bbox 2251 3501 2460 3558; x_wconf 79' lang='lat' dir='ltr'><em>ANNIS</em></span> <span class='ocrx_word' id='word_1_391' title='bbox 2537 3503 2726 3559; x_wconf 83' lang='lat' dir='ltr'><strong>SICVT</strong></span> <span class='ocrx_word' id='word_1_392' title='bbox 2803 3504 2875 3557; x_wconf 87' lang='lat' dir='ltr'><em>IN</em></span> <span class='ocrx_word' id='word_1_393' title='bbox 2950 3503 3219 3559; x_wconf 81' lang='lat' dir='ltr'><strong>TABVLA</strong></span> <span class='ocrx_word' id='word_1_394' title='bbox 3295 3504 3674 3560; x_wconf 82' lang='lat' dir='ltr'><strong>SVBIECTVM</strong></span> <span class='ocrx_word' id='word_1_395' title='bbox 3753 3505 3909 3560; x_wconf 89' lang='lat' dir='ltr'><strong>EST.</strong></span> 
     </span>
    </p>
   </div>
   <div class='ocr_carea' id='block_1_62' title="bbox 2253 3591 3914 3650">
    <p class='ocr_par' dir='ltr' id='par_1_62' title="bbox 2253 3591 3914 3650">
     <span class='ocr_line' id='line_1_62' title="bbox 2253 3591 3914 3650; baseline 0.001 -2"><span class='ocrx_word' id='word_1_396' title='bbox 2253 3593 2505 3649; x_wconf 85' lang='lat' dir='ltr'><strong>EVENIT</strong></span> <span class='ocrx_word' id='word_1_397' title='bbox 2546 3591 2731 3647; x_wconf 78' lang='lat' dir='ltr'><strong>VERO</strong></span> <span class='ocrx_word' id='word_1_398' title='bbox 2778 3593 2850 3647; x_wconf 87' lang='lat' dir='ltr'><em>IN</em></span> <span class='ocrx_word' id='word_1_399' title='bbox 2903 3592 3350 3649; x_wconf 81' lang='lat' dir='ltr'><strong>PRAETERITIS</strong></span> <span class='ocrx_word' id='word_1_400' title='bbox 3397 3594 3588 3650; x_wconf 84' lang='lat' dir='ltr'><strong>SICVT</strong></span> <span class='ocrx_word' id='word_1_401' title='bbox 3631 3593 3914 3649; x_wconf 84' lang='lat' dir='ltr'><strong>INDICA—</strong></span> 
     </span>
    </p>
   </div>
   <div class='ocr_carea' id='block_1_63' title="bbox 2254 3681 3918 3740">
    <p class='ocr_par' dir='ltr' id='par_1_63' title="bbox 2254 3681 3918 3740">
     <span class='ocr_line' id='line_1_63' title="bbox 2254 3681 3918 3740; baseline 0 -4"><span class='ocrx_word' id='word_1_402' title='bbox 2254 3681 2398 3737; x_wconf 86' lang='lat' dir='ltr'><strong>TVM</strong></span> <span class='ocrx_word' id='word_1_403' title='bbox 2463 3681 2604 3736; x_wconf 86' lang='lat' dir='ltr'><strong>EST.</strong></span> <span class='ocrx_word' id='word_1_404' title='bbox 2670 3681 2978 3738; x_wconf 80' lang='lat' dir='ltr'><strong>SOLVERE</strong></span> <span class='ocrx_word' id='word_1_405' title='bbox 3051 3682 3286 3738; x_wconf 81' lang='lat' dir='ltr'><strong>AVTEM</strong></span> <span class='ocrx_word' id='word_1_406' title='bbox 3355 3683 3666 3740; x_wconf 82' lang='lat' dir='ltr'><strong>OPORTET</strong></span> <span class='ocrx_word' id='word_1_407' title='bbox 3725 3682 3918 3737; x_wconf 84' lang='lat' dir='ltr'><strong>IEIV—</strong></span> 
     </span>
    </p>
   </div>
   <div class='ocr_carea' id='block_1_64' title="bbox 2255 3770 3919 3842">
    <p class='ocr_par' dir='ltr' id='par_1_64' title="bbox 2255 3770 3919 3842">
     <span class='ocr_line' id='line_1_64' title="bbox 2255 3770 3919 3842; baseline 0 -14"><span class='ocrx_word' id='word_1_408' title='bbox 2255 3773 2430 3828; x_wconf 87' lang='lat' dir='ltr'><strong>NIVM</strong></span> <span class='ocrx_word' id='word_1_409' title='bbox 2485 3771 2598 3828; x_wconf 86' lang='lat' dir='ltr'><strong>VBI</strong></span> <span class='ocrx_word' id='word_1_410' title='bbox 2653 3770 2989 3828; x_wconf 81' lang='lat' dir='ltr'><strong>DOMINICA</strong></span> <span class='ocrx_word' id='word_1_411' title='bbox 3041 3771 3405 3827; x_wconf 86' lang='lat' dir='ltr'><strong>INClDERlT.</strong></span> <span class='ocrx_word' id='word_1_412' title='bbox 3460 3775 3519 3826; x_wconf 93' lang='lat' dir='ltr'><strong>In</strong></span> <span class='ocrx_word' id='word_1_413' title='bbox 3568 3772 3675 3826; x_wconf 88' lang='lat' dir='ltr'><strong>hoc</strong></span> <span class='ocrx_word' id='word_1_414' title='bbox 3722 3770 3919 3842; x_wconf 88' lang='lat' dir='ltr'><strong>igitur</strong></span> 
     </span>
    </p>
   </div>
   <div class='ocr_carea' id='block_1_65' title="bbox 2258 3856 3919 3930">
    <p class='ocr_par' dir='ltr' id='par_1_65' title="bbox 2258 3856 3919 3930">
     <span class='ocr_line' id='line_1_65' title="bbox 2258 3856 3919 3930; baseline 0.002 -16"><span class='ocrx_word' id='word_1_415' title='bbox 2258 3861 2468 3929; x_wconf 88' lang='lat' dir='ltr'><strong>lapide,</strong></span> <span class='ocrx_word' id='word_1_416' title='bbox 2501 3860 2686 3914; x_wconf 89' lang='lat' dir='ltr'><strong>inciso</strong></span> <span class='ocrx_word' id='word_1_417' title='bbox 2715 3874 2863 3914; x_wconf 88' lang='lat' dir='ltr'><strong>anno</strong></span> <span class='ocrx_word' id='word_1_418' title='bbox 2890 3859 3106 3913; x_wconf 89' lang='lat' dir='ltr'><strong>Christi</strong></span> <span class='ocrx_word' id='word_1_419' title='bbox 3138 3856 3265 3926; x_wconf 85' lang='lat'><strong>222,</strong></span> <span class='ocrx_word' id='word_1_420' title='bbox 3300 3859 3390 3912; x_wconf 85' lang='lat' dir='ltr'><strong>lex</strong></span> <span class='ocrx_word' id='word_1_421' title='bbox 3419 3859 3743 3928; x_wconf 87' lang='lat' dir='ltr'><strong>Sacrorum,</strong></span> <span class='ocrx_word' id='word_1_422' title='bbox 3779 3876 3919 3930; x_wconf 65' lang='lat' dir='ltr'><strong>quae</strong></span> 
     </span>
    </p>
   </div>
   <div class='ocr_carea' id='block_1_66' title="bbox 502 3942 3919 4027">
    <p class='ocr_par' dir='ltr' id='par_1_66' title="bbox 502 3942 3919 4027">
     <span class='ocr_line' id='line_1_66' title="bbox 502 3942 3919 4027; baseline 0.002 -27"><span class='ocrx_word' id='word_1_423' title='bbox 502 3950 625 4000; x_wconf 92' lang='lat' dir='ltr'><strong>tum</strong></span> <span class='ocrx_word' id='word_1_424' title='bbox 649 3944 822 4000; x_wconf 89' lang='lat' dir='ltr'><strong>etiam</strong></span> <span class='ocrx_word' id='word_1_425' title='bbox 853 3942 1214 4000; x_wconf 87' lang='lat' dir='ltr'><strong>Kalendariis</strong></span> <span class='ocrx_word' id='word_1_426' title='bbox 1243 3944 1557 4003; x_wconf 90' lang='lat' dir='ltr'><strong>insererent</strong></span> <span class='ocrx_word' id='word_1_427' title='bbox 1584 3947 1643 4003; x_wconf 90' lang='lat' dir='ltr'><strong>in</strong></span> <span class='ocrx_word' id='word_1_428' title='bbox 1672 3946 1795 4005; x_wconf 91' lang='lat' dir='ltr'><strong>foro</strong></span> <span class='ocrx_word' id='word_1_429' title='bbox 1822 3947 2049 4018; x_wconf 89' lang='lat' dir='ltr'><strong>positis,</strong></span> <span class='ocrx_word' id='word_1_430' title='bbox 2078 3945 2146 4001; x_wconf 87' lang='lat' dir='ltr'><strong>ad</strong></span> <span class='ocrx_word' id='word_1_431' title='bbox 2181 3964 2229 4027; x_wconf 73' lang='grc' dir='ltr'><strong>ί]</strong></span> <span class='ocrx_word' id='word_1_432' title='bbox 2260 3947 2602 4020; x_wconf 89' lang='lat' dir='ltr'><strong>proponitur</strong></span> <span class='ocrx_word' id='word_1_433' title='bbox 2622 3947 2966 4002; x_wconf 89' lang='lat' dir='ltr'><strong>observanda</strong></span> <span class='ocrx_word' id='word_1_434' title='bbox 2991 3946 3050 4000; x_wconf 93' lang='lat' dir='ltr'><strong>in</strong></span> <span class='ocrx_word' id='word_1_435' title='bbox 3072 3947 3233 4000; x_wconf 87' lang='lat' dir='ltr'><strong>Festo</strong></span> <span class='ocrx_word' id='word_1_436' title='bbox 3256 3945 3546 4014; x_wconf 71' lang='lat' dir='ltr'><strong>praecipuo</strong></span> <span class='ocrx_word' id='word_1_437' title='bbox 3565 3945 3919 4006; x_wconf 89' lang='lat' dir='ltr'><strong>celebrando</strong></span> 
     </span>
    </p>
   </div>
   <div class='ocr_carea' id='block_1_67' title="bbox 503 4033 2152 4104">
    <p class='ocr_par' dir='ltr' id='par_1_67' title="bbox 503 4033 2152 4104">
     <span class='ocr_line' id='line_1_67' title="bbox 503 4033 2152 4104; baseline 0.001 -16"><span class='ocrx_word' id='word_1_438' title='bbox 503 4033 906 4089; x_wconf 87' lang='lat' dir='ltr'><strong>auctoritatem</strong></span> <span class='ocrx_word' id='word_1_439' title='bbox 931 4038 986 4089; x_wconf 89' lang='lat' dir='ltr'><strong>et</strong></span> <span class='ocrx_word' id='word_1_440' title='bbox 1012 4034 1421 4104; x_wconf 88' lang='lat' dir='ltr'><strong>perennitatem</strong></span> <span class='ocrx_word' id='word_1_441' title='bbox 1451 4036 1872 4093; x_wconf 88' lang='lat' dir='ltr'><strong>conciliandam</strong></span> <span class='ocrx_word' id='word_1_442' title='bbox 1903 4036 2027 4092; x_wconf 92' lang='lat' dir='ltr'><strong>suis</strong></span> <span class='ocrx_word' id='word_1_443' title='bbox 2053 4035 2152 4090; x_wconf 89' lang='lat' dir='ltr'><strong>in—</strong></span> 
     </span>
    </p>
   </div>
   <div class='ocr_carea' id='block_1_68' title="bbox 505 4122 2153 4195">
    <p class='ocr_par' dir='ltr' id='par_1_68' title="bbox 505 4122 2153 4195">
     <span class='ocr_line' id='line_1_68' title="bbox 505 4122 2153 4195; baseline 0.002 -18"><span class='ocrx_word' id='word_1_444' title='bbox 505 4122 733 4179; x_wconf 88' lang='lat' dir='ltr'><strong>stitutis</strong></span> <span class='ocrx_word' id='word_1_445' title='bbox 756 4122 1132 4194; x_wconf 74' lang='lat' dir='ltr'><strong>;Christianae</strong></span> <span class='ocrx_word' id='word_1_446' title='bbox 1154 4124 1532 4195; x_wconf 83' lang='lat' dir='ltr'><strong>professionis</strong></span> <span class='ocrx_word' id='word_1_447' title='bbox 1553 4127 1803 4183; x_wconf 91' lang='lat' dir='ltr'><strong>cultores</strong></span> <span class='ocrx_word' id='word_1_448' title='bbox 1825 4140 1935 4182; x_wconf 91' lang='lat' dir='ltr'><strong>non</strong></span> <span class='ocrx_word' id='word_1_449' title='bbox 1960 4126 2153 4181; x_wconf 89' lang='lat' dir='ltr'><strong>minus</strong></span> 
     </span>
    </p>
   </div>
   <div class='ocr_carea' id='block_1_69' title="bbox 509 4211 2155 4286">
    <p class='ocr_par' dir='ltr' id='par_1_69' title="bbox 509 4211 2155 4286">
     <span class='ocr_line' id='line_1_69' title="bbox 509 4211 2155 4286; baseline 0.002 -19"><span class='ocrx_word' id='word_1_450' title='bbox 509 4211 756 4283; x_wconf 85' lang='lat' dir='ltr'><strong>providi,</strong></span> <span class='ocrx_word' id='word_1_451' title='bbox 789 4217 847 4269; x_wconf 91' lang='lat' dir='ltr'><strong>et</strong></span> <span class='ocrx_word' id='word_1_452' title='bbox 876 4212 1056 4270; x_wconf 89' lang='lat' dir='ltr'><strong>multo</strong></span> <span class='ocrx_word' id='word_1_453' title='bbox 1085 4215 1476 4272; x_wconf 89' lang='lat' dir='ltr'><strong>sanctioribus</strong></span> <span class='ocrx_word' id='word_1_454' title='bbox 1505 4215 1784 4286; x_wconf 85' lang='lat' dir='ltr'><strong>exemplis</strong></span> <span class='ocrx_word' id='word_1_455' title='bbox 1815 4215 2022 4272; x_wconf 88' lang='lat' dir='ltr'><strong>imbuti</strong></span> <span class='ocrx_word' id='word_1_456' title='bbox 2057 4229 2155 4286; x_wconf 92' lang='lat' dir='ltr'><strong>per</strong></span> 
     </span>
    </p>
   </div>
   <div class='ocr_carea' id='block_1_70' title="bbox 506 4301 2158 4377">
    <p class='ocr_par' dir='ltr' id='par_1_70' title="bbox 506 4301 2158 4377">
     <span class='ocr_line' id='line_1_70' title="bbox 506 4301 2158 4377; baseline 0.003 -20"><span class='ocrx_word' id='word_1_457' title='bbox 506 4301 735 4358; x_wconf 91' lang='lat' dir='ltr'><strong>divinas</strong></span> <span class='ocrx_word' id='word_1_458' title='bbox 751 4301 975 4360; x_wconf 90' lang='lat' dir='ltr'><strong>litteras</strong></span> <span class='ocrx_word' id='word_1_459' title='bbox 992 4304 1298 4377; x_wconf 91' lang='lat' dir='ltr'><strong>utriusque</strong></span> <span class='ocrx_word' id='word_1_460' title='bbox 1316 4306 1682 4375; x_wconf 90' lang='lat' dir='ltr'><strong>Testamenti,</strong></span> <span class='ocrx_word' id='word_1_461' title='bbox 1708 4305 1909 4361; x_wconf 90' lang='lat' dir='ltr'><strong>merito</strong></span> <span class='ocrx_word' id='word_1_462' title='bbox 1924 4319 2158 4362; x_wconf 88' lang='lat' dir='ltr'><strong>censue-</strong></span> 
     </span>
    </p>
   </div>
   <div class='ocr_carea' id='block_1_71' title="bbox 511 4391 2155 4466">
    <p class='ocr_par' dir='ltr' id='par_1_71' title="bbox 511 4391 2155 4466">
     <span class='ocr_line' id='line_1_71' title="bbox 511 4391 2155 4466; baseline 0.002 -20"><span class='ocrx_word' id='word_1_463' title='bbox 511 4396 648 4447; x_wconf 89' lang='lat' dir='ltr'><strong>runt</strong></span> <span class='ocrx_word' id='word_1_464' title='bbox 671 4391 741 4447; x_wconf 89' lang='lat' dir='ltr'><strong>ad</strong></span> <span class='ocrx_word' id='word_1_465' title='bbox 771 4391 1110 4464; x_wconf 87' lang='lat' dir='ltr'><strong>dignitatem</strong></span> <span class='ocrx_word' id='word_1_466' title='bbox 1142 4408 1285 4450; x_wconf 67' lang='lat' dir='ltr'><strong>verae</strong></span> <span class='ocrx_word' id='word_1_467' title='bbox 1311 4395 1614 4466; x_wconf 87' lang='lat' dir='ltr'><strong>religionis</strong></span> <span class='ocrx_word' id='word_1_468' title='bbox 1642 4394 1942 4464; x_wconf 89' lang='lat' dir='ltr'><strong>pertinere,</strong></span> <span class='ocrx_word' id='word_1_469' title='bbox 1973 4400 2036 4449; x_wconf 92' lang='lat' dir='ltr'><strong>ut</strong></span> <span class='ocrx_word' id='word_1_470' title='bbox 2062 4395 2155 4450; x_wconf 89' lang='lat' dir='ltr'><strong>la-</strong></span> 
     </span>
    </p>
   </div>
   <div class='ocr_carea' id='block_1_72' title="bbox 511 4480 2149 4554">
    <p class='ocr_par' dir='ltr' id='par_1_72' title="bbox 511 4480 2149 4554">
     <span class='ocr_line' id='line_1_72' title="bbox 511 4480 2149 4554; baseline 0.001 -16"><span class='ocrx_word' id='word_1_471' title='bbox 511 4480 761 4538; x_wconf 89' lang='lat' dir='ltr'><strong>terculos</strong></span> <span class='ocrx_word' id='word_1_472' title='bbox 779 4482 1011 4539; x_wconf 88' lang='lat' dir='ltr'><strong>ederent</strong></span> <span class='ocrx_word' id='word_1_473' title='bbox 1033 4483 1406 4554; x_wconf 89' lang='lat' dir='ltr'><strong>pontiﬁcales,</strong></span> <span class='ocrx_word' id='word_1_474' title='bbox 1425 4490 1482 4539; x_wconf 92' lang='lat' dir='ltr'><strong>et</strong></span> <span class='ocrx_word' id='word_1_475' title='bbox 1503 4487 1811 4553; x_wconf 91' lang='lat' dir='ltr'><strong>martyrum</strong></span> <span class='ocrx_word' id='word_1_476' title='bbox 1836 4482 2149 4553; x_wconf 88' lang='lat' dir='ltr'><strong>passiones,</strong></span> 
     </span>
    </p>
   </div>
   <div class='ocr_carea' id='block_1_73' title="bbox 514 4569 2154 4643">
    <p class='ocr_par' dir='ltr' id='par_1_73' title="bbox 514 4569 2154 4643">
     <span class='ocr_line' id='line_1_73' title="bbox 514 4569 2154 4643; baseline 0.001 -17"><span class='ocrx_word' id='word_1_477' title='bbox 514 4569 690 4628; x_wconf 89' lang='lat' dir='ltr'><strong>veluti</strong></span> <span class='ocrx_word' id='word_1_478' title='bbox 729 4572 926 4630; x_wconf 89' lang='lat' dir='ltr'><strong>Fastos</strong></span> <span class='ocrx_word' id='word_1_479' title='bbox 959 4573 1226 4630; x_wconf 63' lang='lat' dir='ltr'><strong>Ecclesia</strong></span> <span class='ocrx_word' id='word_1_480' title='bbox 1260 4571 1662 4643; x_wconf 86' lang='lat' dir='ltr'><strong>triumphales,</strong></span> <span class='ocrx_word' id='word_1_481' title='bbox 1695 4575 1965 4626; x_wconf 91' lang='lat' dir='ltr'><strong>ornarent</strong></span> <span class='ocrx_word' id='word_1_482' title='bbox 2000 4572 2154 4628; x_wconf 92' lang='lat' dir='ltr'><strong>notis</strong></span> 
     </span>
    </p>
   </div>
   <div class='ocr_carea' id='block_1_74' title="bbox 514 4660 2156 4735">
    <p class='ocr_par' dir='ltr' id='par_1_74' title="bbox 514 4660 2156 4735">
     <span class='ocr_line' id='line_1_74' title="bbox 514 4660 2156 4735; baseline 0.001 -18"><span class='ocrx_word' id='word_1_483' title='bbox 514 4660 1108 4735; x_wconf 88' lang='lat' dir='ltr'><strong>chronologicisanni,</strong></span> <span class='ocrx_word' id='word_1_484' title='bbox 1128 4676 1230 4719; x_wconf 88' lang='lat' dir='ltr'><strong>seu</strong></span> <span class='ocrx_word' id='word_1_485' title='bbox 1243 4661 1564 4730; x_wconf 91' lang='lat' dir='ltr'><strong>consulum,</strong></span> <span class='ocrx_word' id='word_1_486' title='bbox 1587 4660 1799 4716; x_wconf 91' lang='lat' dir='ltr'><strong>mensis</strong></span> <span class='ocrx_word' id='word_1_487' title='bbox 1810 4661 2026 4731; x_wconf 89' lang='lat' dir='ltr'><strong>acdiei,</strong></span> <span class='ocrx_word' id='word_1_488' title='bbox 2041 4676 2156 4733; x_wconf 92' lang='lat' dir='ltr'><strong>quo</strong></span> 
     </span>
    </p>
   </div>
   <div class='ocr_carea' id='block_1_75' title="bbox 514 4749 2160 4821">
    <p class='ocr_par' dir='ltr' id='par_1_75' title="bbox 514 4749 2160 4821">
     <span class='ocr_line' id='line_1_75' title="bbox 514 4749 2160 4821; baseline 0.003 -17"><span class='ocrx_word' id='word_1_489' title='bbox 514 4751 745 4808; x_wconf 89' lang='lat' dir='ltr'><strong>veritati</strong></span> <span class='ocrx_word' id='word_1_490' title='bbox 771 4751 1164 4808; x_wconf 90' lang='lat' dir='ltr'><strong>testimonium</strong></span> <span class='ocrx_word' id='word_1_491' title='bbox 1188 4751 1548 4820; x_wconf 67' lang='lat' dir='ltr'><strong>praebuerant</strong></span> <span class='ocrx_word' id='word_1_492' title='bbox 1570 4749 1852 4821; x_wconf 86' lang='lat' dir='ltr'><strong>sanguine</strong></span> <span class='ocrx_word' id='word_1_493' title='bbox 1869 4755 1925 4806; x_wconf 91' lang='lat' dir='ltr'><strong>et</strong></span> <span class='ocrx_word' id='word_1_494' title='bbox 1945 4750 2160 4809; x_wconf 87' lang='lat' dir='ltr'><strong>confes-</strong></span> 
     </span>
    </p>
   </div>
   <div class='ocr_carea' id='block_1_76' title="bbox 515 4837 2160 4912">
    <p class='ocr_par' dir='ltr' id='par_1_76' title="bbox 515 4837 2160 4912">
     <span class='ocr_line' id='line_1_76' title="bbox 515 4837 2160 4912; baseline 0.001 -16"><span class='ocrx_word' id='word_1_495' title='bbox 515 4840 696 4898; x_wconf 92' lang='lat' dir='ltr'><strong>sione.</strong></span> <span class='ocrx_word' id='word_1_496' title='bbox 722 4838 1122 4910; x_wconf 86' lang='lat' dir='ltr'><strong>Intelligebant</strong></span> <span class='ocrx_word' id='word_1_497' title='bbox 1141 4839 1294 4894; x_wconf 90' lang='lat' dir='ltr'><strong>enim</strong></span> <span class='ocrx_word' id='word_1_498' title='bbox 1319 4844 1642 4910; x_wconf 87' lang='lat' dir='ltr'><strong>pergratum</strong></span> <span class='ocrx_word' id='word_1_499' title='bbox 1663 4841 1776 4894; x_wconf 90' lang='lat' dir='ltr'><strong>Deo</strong></span> <span class='ocrx_word' id='word_1_500' title='bbox 1799 4837 2079 4912; x_wconf 86' lang='lat' dir='ltr'><strong>futurum,</strong></span> <span class='ocrx_word' id='word_1_501' title='bbox 2104 4846 2160 4898; x_wconf 90' lang='lat' dir='ltr'><strong>et</strong></span> 
     </span>
    </p>
   </div>
   <div class='ocr_carea' id='block_1_77' title="bbox 519 4925 2157 5003">
    <p class='ocr_par' dir='ltr' id='par_1_77' title="bbox 519 4925 2157 5003">
     <span class='ocr_line' id='line_1_77' title="bbox 519 4925 2157 5003; baseline 0.001 -18"><span class='ocrx_word' id='word_1_502' title='bbox 519 4928 763 5000; x_wconf 89' lang='lat' dir='ltr'><strong>posteris</strong></span> <span class='ocrx_word' id='word_1_503' title='bbox 776 4927 1018 4983; x_wconf 81' lang='lat' dir='ltr'><strong>maxime</strong></span> <span class='ocrx_word' id='word_1_504' title='bbox 1031 4925 1195 4996; x_wconf 91' lang='lat' dir='ltr'><strong>utile,</strong></span> <span class='ocrx_word' id='word_1_505' title='bbox 1210 4932 1273 4984; x_wconf 93' lang='lat' dir='ltr'><strong>ut</strong></span> <span class='ocrx_word' id='word_1_506' title='bbox 1285 4927 1424 4984; x_wconf 87' lang='lat' dir='ltr'><strong>ﬁdes</strong></span> <span class='ocrx_word' id='word_1_507' title='bbox 1436 4926 1666 4998; x_wconf 91' lang='lat' dir='ltr'><strong>publica</strong></span> <span class='ocrx_word' id='word_1_508' title='bbox 1681 4927 1842 4987; x_wconf 87' lang='lat' dir='ltr'><strong>Actis</strong></span> <span class='ocrx_word' id='word_1_509' title='bbox 1851 4935 2157 5003; x_wconf 87' lang='lat' dir='ltr'><strong>constaret,</strong></span> 
     </span>
    </p>
   </div>
   <div class='ocr_carea' id='block_1_78' title="bbox 516 5014 2156 5090">
    <p class='ocr_par' dir='ltr' id='par_1_78' title="bbox 516 5014 2156 5090">
     <span class='ocr_line' id='line_1_78' title="bbox 516 5014 2156 5090; baseline 0.004 -17"><span class='ocrx_word' id='word_1_510' title='bbox 516 5021 574 5073; x_wconf 92' lang='lat' dir='ltr'><strong>et</strong></span> <span class='ocrx_word' id='word_1_511' title='bbox 596 5029 786 5071; x_wconf 91' lang='lat' dir='ltr'><strong>annua</strong></span> <span class='ocrx_word' id='word_1_512' title='bbox 811 5014 1084 5072; x_wconf 91' lang='lat' dir='ltr'><strong>memoria</strong></span> <span class='ocrx_word' id='word_1_513' title='bbox 1115 5015 1290 5073; x_wconf 89' lang='lat' dir='ltr'><strong>recoli</strong></span> <span class='ocrx_word' id='word_1_514' title='bbox 1324 5022 1512 5089; x_wconf 89' lang='lat' dir='ltr'><strong>posset</strong></span> <span class='ocrx_word' id='word_1_515' title='bbox 1541 5032 1736 5076; x_wconf 89' lang='lat' dir='ltr'><strong>eorum</strong></span> <span class='ocrx_word' id='word_1_516' title='bbox 1767 5020 2060 5090; x_wconf 86' lang='lat' dir='ltr'><strong>ingressus</strong></span> <span class='ocrx_word' id='word_1_517' title='bbox 2087 5021 2156 5078; x_wconf 89' lang='lat' dir='ltr'><strong>ad</strong></span> 
     </span>
    </p>
   </div>
   <div class='ocr_carea' id='block_1_79' title="bbox 519 5103 2160 5181">
    <p class='ocr_par' dir='ltr' id='par_1_79' title="bbox 519 5103 2160 5181">
     <span class='ocr_line' id='line_1_79' title="bbox 519 5103 2160 5181; baseline 0.005 -22"><span class='ocrx_word' id='word_1_518' title='bbox 519 5103 782 5176; x_wconf 86' lang='lat' dir='ltr'><strong>gloriam,</strong></span> <span class='ocrx_word' id='word_1_519' title='bbox 827 5103 887 5160; x_wconf 92' lang='lat' dir='ltr'><strong>in</strong></span> <span class='ocrx_word' id='word_1_520' title='bbox 942 5105 1019 5161; x_wconf 91' lang='lat' dir='ltr'><strong>iis</strong></span> <span class='ocrx_word' id='word_1_521' title='bbox 1064 5108 1379 5176; x_wconf 69' lang='lat' dir='ltr'><strong>praesertim</strong></span> <span class='ocrx_word' id='word_1_522' title='bbox 1435 5109 1754 5165; x_wconf 71' lang='lat' dir='ltr'><strong>cmmeteris</strong></span> <span class='ocrx_word' id='word_1_523' title='bbox 1809 5108 2160 5181; x_wconf 83' lang='lat' dir='ltr'><strong>suburbanis</strong></span> 
     </span>
    </p>
   </div>
   <div class='ocr_carea' id='block_1_80' title="bbox 519 5191 2156 5270">
    <p class='ocr_par' dir='ltr' id='par_1_80' title="bbox 519 5191 2156 5270">
     <span class='ocr_line' id='line_1_80' title="bbox 519 5191 2156 5270; baseline 0.004 -20"><span class='ocrx_word' id='word_1_524' title='bbox 519 5193 580 5250; x_wconf 90' lang='lat' dir='ltr'><strong>in</strong></span> <span class='ocrx_word' id='word_1_525' title='bbox 611 5191 824 5265; x_wconf 92' lang='lat' dir='ltr'><strong>quibus</strong></span> <span class='ocrx_word' id='word_1_526' title='bbox 855 5199 1130 5265; x_wconf 82' lang='lat' dir='ltr'><strong>martyres</strong></span> <span class='ocrx_word' id='word_1_527' title='bbox 1158 5201 1329 5267; x_wconf 89' lang='lat' dir='ltr'><strong>atque</strong></span> <span class='ocrx_word' id='word_1_528' title='bbox 1368 5196 1664 5268; x_wconf 89' lang='lat' dir='ltr'><strong>pontiﬁces</strong></span> <span class='ocrx_word' id='word_1_529' title='bbox 1705 5199 2156 5270; x_wconf 89' lang='lat' dir='ltr'><strong>deponebantur.</strong></span> 
     </span>
    </p>
   </div>
   <div class='ocr_carea' id='block_1_81' title="bbox 2259 4032 3922 4104">
    <p class='ocr_par' dir='ltr' id='par_1_81' title="bbox 2259 4032 3922 4104">
     <span class='ocr_line' id='line_1_81' title="bbox 2259 4032 3922 4104; baseline 0.001 -11"><span class='ocrx_word' id='word_1_530' title='bbox 2259 4037 2555 4093; x_wconf 89' lang='lat' dir='ltr'><strong>Pascbatis</strong></span> <span class='ocrx_word' id='word_1_531' title='bbox 2573 4033 2912 4102; x_wconf 90' lang='lat' dir='ltr'><strong>Christiani,</strong></span> <span class='ocrx_word' id='word_1_532' title='bbox 2935 4032 3192 4088; x_wconf 89' lang='lat' dir='ltr'><strong>continet</strong></span> <span class='ocrx_word' id='word_1_533' title='bbox 3215 4033 3548 4089; x_wconf 90' lang='lat' dir='ltr'><strong>institutum</strong></span> <span class='ocrx_word' id='word_1_534' title='bbox 3566 4034 3776 4104; x_wconf 90' lang='lat' dir='ltr'><strong>jejunii</strong></span> <span class='ocrx_word' id='word_1_535' title='bbox 3799 4039 3922 4095; x_wconf 87' lang='lat' dir='ltr'><strong>sol-</strong></span> 
     </span>
    </p>
   </div>
   <div class='ocr_carea' id='block_1_82' title="bbox 2260 4120 3925 4194">
    <p class='ocr_par' dir='ltr' id='par_1_82' title="bbox 2260 4120 3925 4194">
     <span class='ocr_line' id='line_1_82' title="bbox 2260 4120 3925 4194; baseline -0.001 -11"><span class='ocrx_word' id='word_1_536' title='bbox 2260 4126 2428 4183; x_wconf 89' lang='lat' dir='ltr'><strong>vendi</strong></span> <span class='ocrx_word' id='word_1_537' title='bbox 2465 4123 2764 4180; x_wconf 89' lang='lat' dir='ltr'><strong>Dominica</strong></span> <span class='ocrx_word' id='word_1_538' title='bbox 2797 4121 2912 4191; x_wconf 90' lang='lat' dir='ltr'><strong>die,</strong></span> <span class='ocrx_word' id='word_1_539' title='bbox 2947 4120 3017 4176; x_wconf 90' lang='lat' dir='ltr'><strong>ab</strong></span> <span class='ocrx_word' id='word_1_540' title='bbox 3059 4121 3374 4190; x_wconf 90' lang='lat' dir='ltr'><strong>apostolica</strong></span> <span class='ocrx_word' id='word_1_541' title='bbox 3419 4123 3731 4180; x_wconf 90' lang='lat' dir='ltr'><strong>traditione</strong></span> <span class='ocrx_word' id='word_1_542' title='bbox 3772 4139 3925 4194; x_wconf 89' lang='lat' dir='ltr'><strong>per—</strong></span> 
     </span>
    </p>
   </div>
   <div class='ocr_carea' id='block_1_83' title="bbox 2261 4209 3920 4284">
    <p class='ocr_par' dir='ltr' id='par_1_83' title="bbox 2261 4209 3920 4284">
     <span class='ocr_line' id='line_1_83' title="bbox 2261 4209 3920 4284; baseline -0.001 -12"><span class='ocrx_word' id='word_1_543' title='bbox 2261 4217 2499 4273; x_wconf 91' lang='lat' dir='ltr'><strong>ductum</strong></span> <span class='ocrx_word' id='word_1_544' title='bbox 2533 4213 2600 4268; x_wconf 93' lang='lat' dir='ltr'><strong>ad</strong></span> <span class='ocrx_word' id='word_1_545' title='bbox 2637 4209 2944 4267; x_wconf 89' lang='lat' dir='ltr'><strong>Ecclesiam</strong></span> <span class='ocrx_word' id='word_1_546' title='bbox 2984 4210 3332 4267; x_wconf 88' lang='lat' dir='ltr'><strong>Orientalem</strong></span> <span class='ocrx_word' id='word_1_547' title='bbox 3369 4218 3425 4268; x_wconf 91' lang='lat' dir='ltr'><strong>et</strong></span> <span class='ocrx_word' id='word_1_548' title='bbox 3464 4212 3920 4284; x_wconf 87' lang='lat' dir='ltr'><strong>Occidentalem,</strong></span> 
     </span>
    </p>
   </div>
   <div class='ocr_carea' id='block_1_84' title="bbox 2262 4300 3922 4373">
    <p class='ocr_par' dir='ltr' id='par_1_84' title="bbox 2262 4300 3922 4373">
     <span class='ocr_line' id='line_1_84' title="bbox 2262 4300 3922 4373; baseline 0 -13"><span class='ocrx_word' id='word_1_549' title='bbox 2262 4311 2320 4360; x_wconf 92' lang='lat' dir='ltr'><strong>et</strong></span> <span class='ocrx_word' id='word_1_550' title='bbox 2350 4303 2746 4359; x_wconf 90' lang='lat' dir='ltr'><strong>conﬁrmatum</strong></span> <span class='ocrx_word' id='word_1_551' title='bbox 2790 4300 3036 4357; x_wconf 90' lang='lat' dir='ltr'><strong>decretis</strong></span> <span class='ocrx_word' id='word_1_552' title='bbox 3081 4301 3192 4373; x_wconf 90' lang='lat' dir='ltr'><strong>Pii,</strong></span> <span class='ocrx_word' id='word_1_553' title='bbox 3233 4301 3524 4358; x_wconf 87' lang='lat' dir='ltr'><strong>Eleutheri</strong></span> <span class='ocrx_word' id='word_1_554' title='bbox 3565 4308 3620 4357; x_wconf 89' lang='lat' dir='ltr'><strong>et</strong></span> <span class='ocrx_word' id='word_1_555' title='bbox 3660 4303 3922 4360; x_wconf 90' lang='lat' dir='ltr'><strong>Victoris</strong></span> 
     </span>
    </p>
   </div>
   <div class='ocr_carea' id='block_1_85' title="bbox 2263 4392 3917 4464">
    <p class='ocr_par' dir='ltr' id='par_1_85' title="bbox 2263 4392 3917 4464">
     <span class='ocr_line' id='line_1_85' title="bbox 2263 4392 3917 4464; baseline 0.001 -15"><span class='ocrx_word' id='word_1_556' title='bbox 2263 4392 2598 4464; x_wconf 89' lang='lat' dir='ltr'><strong>pontiﬁcum</strong></span> <span class='ocrx_word' id='word_1_557' title='bbox 2625 4393 3030 4463; x_wconf 84' lang='lat' dir='ltr'><strong>Romanorum,</strong></span> <span class='ocrx_word' id='word_1_558' title='bbox 3060 4397 3187 4463; x_wconf 89' lang='lat' dir='ltr'><strong>post</strong></span> <span class='ocrx_word' id='word_1_559' title='bbox 3213 4398 3408 4448; x_wconf 86' lang='lat' dir='ltr'><strong>coacta</strong></span> <span class='ocrx_word' id='word_1_560' title='bbox 3436 4392 3611 4462; x_wconf 88' lang='lat' dir='ltr'><strong>hujus</strong></span> <span class='ocrx_word' id='word_1_561' title='bbox 3631 4395 3917 4462; x_wconf 89' lang='lat' dir='ltr'><strong>postremi</strong></span> 
     </span>
    </p>
   </div>
   <div class='ocr_carea' id='block_1_86' title="bbox 2263 4480 3916 4552">
    <p class='ocr_par' dir='ltr' id='par_1_86' title="bbox 2263 4480 3916 4552">
     <span class='ocr_line' id='line_1_86' title="bbox 2263 4480 3916 4552; baseline 0.001 -16"><span class='ocrx_word' id='word_1_562' title='bbox 2263 4481 2578 4551; x_wconf 65' lang='lat' dir='ltr'><strong>praesertim</strong></span> <span class='ocrx_word' id='word_1_563' title='bbox 2605 4483 2774 4552; x_wconf 92' lang='lat' dir='ltr'><strong>jussu</strong></span> <span class='ocrx_word' id='word_1_564' title='bbox 2804 4482 3052 4538; x_wconf 89' lang='lat' dir='ltr'><strong>concilia</strong></span> <span class='ocrx_word' id='word_1_565' title='bbox 3081 4495 3113 4537; x_wconf 93' lang='lat' dir='ltr'><strong>a</strong></span> <span class='ocrx_word' id='word_1_566' title='bbox 3141 4481 3459 4552; x_wconf 88' lang='lat' dir='ltr'><strong>Theophilo</strong></span> <span class='ocrx_word' id='word_1_567' title='bbox 3492 4484 3551 4537; x_wconf 91' lang='lat' dir='ltr'><strong>in</strong></span> <span class='ocrx_word' id='word_1_568' title='bbox 3584 4480 3916 4549; x_wconf 65' lang='lat' dir='ltr'><strong>Palaestina,</strong></span> 
     </span>
    </p>
   </div>
   <div class='ocr_carea' id='block_1_87' title="bbox 2261 4568 3914 4640">
    <p class='ocr_par' dir='ltr' id='par_1_87' title="bbox 2261 4568 3914 4640">
     <span class='ocr_line' id='line_1_87' title="bbox 2261 4568 3914 4640; baseline -0.001 -14"><span class='ocrx_word' id='word_1_569' title='bbox 2261 4574 2319 4626; x_wconf 89' lang='lat' dir='ltr'><strong>et</strong></span> <span class='ocrx_word' id='word_1_570' title='bbox 2350 4568 2514 4640; x_wconf 86' lang='lat' dir='ltr'><strong>alibi,</strong></span> <span class='ocrx_word' id='word_1_571' title='bbox 2545 4571 2632 4627; x_wconf 89' lang='lat' dir='ltr'><strong>uti</strong></span> <span class='ocrx_word' id='word_1_572' title='bbox 2667 4585 2771 4628; x_wconf 93' lang='lat' dir='ltr'><strong>suo</strong></span> <span class='ocrx_word' id='word_1_573' title='bbox 2815 4571 2939 4628; x_wconf 91' lang='lat' dir='ltr'><strong>loco</strong></span> <span class='ocrx_word' id='word_1_574' title='bbox 2964 4571 3270 4627; x_wconf 90' lang='lat' dir='ltr'><strong>dicendum</strong></span> <span class='ocrx_word' id='word_1_575' title='bbox 3313 4571 3445 4626; x_wconf 89' lang='lat' dir='ltr'><strong>erit.</strong></span> <span class='ocrx_word' id='word_1_576' title='bbox 3493 4571 3677 4640; x_wconf 90' lang='lat' dir='ltr'><strong>Quare</strong></span> <span class='ocrx_word' id='word_1_577' title='bbox 3715 4584 3914 4639; x_wconf 89' lang='lat' dir='ltr'><strong>super.</strong></span> 
     </span>
    </p>
   </div>
   <div class='ocr_carea' id='block_1_88' title="bbox 2265 4658 3920 4732">
    <p class='ocr_par' dir='ltr' id='par_1_88' title="bbox 2265 4658 3920 4732">
     <span class='ocr_line' id='line_1_88' title="bbox 2265 4658 3920 4732; baseline -0.001 -16"><span class='ocrx_word' id='word_1_578' title='bbox 2265 4665 2402 4716; x_wconf 93' lang='lat' dir='ltr'><strong>sunt</strong></span> <span class='ocrx_word' id='word_1_579' title='bbox 2442 4661 2686 4732; x_wconf 89' lang='lat' dir='ltr'><strong>vestigia</strong></span> <span class='ocrx_word' id='word_1_580' title='bbox 2727 4674 2838 4717; x_wconf 91' lang='lat' dir='ltr'><strong>non</strong></span> <span class='ocrx_word' id='word_1_581' title='bbox 2883 4660 3126 4717; x_wconf 90' lang='lat' dir='ltr'><strong>obscura</strong></span> <span class='ocrx_word' id='word_1_582' title='bbox 3166 4660 3593 4731; x_wconf 87' lang='lat' dir='ltr'><strong>pontiﬁciarum</strong></span> <span class='ocrx_word' id='word_1_583' title='bbox 3633 4658 3920 4715; x_wconf 86' lang='lat' dir='ltr'><strong>constitu-</strong></span> 
     </span>
    </p>
   </div>
   <div class='ocr_carea' id='block_1_89' title="bbox 2266 4747 3922 4823">
    <p class='ocr_par' dir='ltr' id='par_1_89' title="bbox 2266 4747 3922 4823">
     <span class='ocr_line' id='line_1_89' title="bbox 2266 4747 3922 4823; baseline -0.002 -15"><span class='ocrx_word' id='word_1_584' title='bbox 2266 4751 2511 4820; x_wconf 90' lang='lat' dir='ltr'><strong>tionum,</strong></span> <span class='ocrx_word' id='word_1_585' title='bbox 2553 4756 2609 4808; x_wconf 91' lang='lat' dir='ltr'><strong>et</strong></span> <span class='ocrx_word' id='word_1_586' title='bbox 2638 4764 2928 4808; x_wconf 88' lang='lat' dir='ltr'><strong>sacrarum</strong></span> <span class='ocrx_word' id='word_1_587' title='bbox 2971 4751 3157 4823; x_wconf 87' lang='lat' dir='ltr'><strong>legum</strong></span> <span class='ocrx_word' id='word_1_588' title='bbox 3198 4749 3533 4806; x_wconf 92' lang='lat' dir='ltr'><strong>observandi</strong></span> <span class='ocrx_word' id='word_1_589' title='bbox 3567 4749 3717 4804; x_wconf 90' lang='lat' dir='ltr'><strong>ritus</strong></span> <span class='ocrx_word' id='word_1_590' title='bbox 3747 4747 3922 4805; x_wconf 89' lang='lat' dir='ltr'><strong>festo-</strong></span> 
     </span>
    </p>
   </div>
   <div class='ocr_carea' id='block_1_90' title="bbox 2268 4838 3921 4913">
    <p class='ocr_par' dir='ltr' id='par_1_90' title="bbox 2268 4838 3921 4913">
     <span class='ocr_line' id='line_1_90' title="bbox 2268 4838 3921 4913; baseline -0.002 -16"><span class='ocrx_word' id='word_1_591' title='bbox 2268 4855 2418 4913; x_wconf 89' lang='lat' dir='ltr'><strong>rum,</strong></span> <span class='ocrx_word' id='word_1_592' title='bbox 2446 4845 2502 4897; x_wconf 91' lang='lat' dir='ltr'><strong>et</strong></span> <span class='ocrx_word' id='word_1_593' title='bbox 2536 4841 2747 4912; x_wconf 88' lang='lat' dir='ltr'><strong>jejunii</strong></span> <span class='ocrx_word' id='word_1_594' title='bbox 2778 4839 3056 4911; x_wconf 90' lang='lat' dir='ltr'><strong>solvendi,</strong></span> <span class='ocrx_word' id='word_1_595' title='bbox 3101 4839 3285 4896; x_wconf 89' lang='lat' dir='ltr'><strong>incisa</strong></span> <span class='ocrx_word' id='word_1_596' title='bbox 3313 4839 3556 4894; x_wconf 89' lang='lat' dir='ltr'><strong>vetustis</strong></span> <span class='ocrx_word' id='word_1_597' title='bbox 3586 4838 3645 4892; x_wconf 91' lang='lat' dir='ltr'><strong>in</strong></span> <span class='ocrx_word' id='word_1_598' title='bbox 3677 4851 3921 4894; x_wconf 89' lang='lat' dir='ltr'><strong>marmo-</strong></span> 
     </span>
    </p>
   </div>
   <div class='ocr_carea' id='block_1_91' title="bbox 2269 4927 3922 4998">
    <p class='ocr_par' dir='ltr' id='par_1_91' title="bbox 2269 4927 3922 4998">
     <span class='ocr_line' id='line_1_91' title="bbox 2269 4927 3922 4998; baseline -0.004 -10"><span class='ocrx_word' id='word_1_599' title='bbox 2269 4931 2434 4988; x_wconf 90' lang='lat' dir='ltr'><strong>ribus</strong></span> <span class='ocrx_word' id='word_1_600' title='bbox 2475 4931 2768 4998; x_wconf 85' lang='lat' dir='ltr'><strong>Romanis,</strong></span> <span class='ocrx_word' id='word_1_601' title='bbox 2821 4930 2994 4986; x_wconf 90' lang='lat' dir='ltr'><strong>etiam</strong></span> <span class='ocrx_word' id='word_1_602' title='bbox 3045 4934 3339 4986; x_wconf 83' lang='lat' dir='ltr'><strong>constante</strong></span> <span class='ocrx_word' id='word_1_603' title='bbox 3389 4927 3800 4998; x_wconf 90' lang='lat' dir='ltr'><strong>persecutione,</strong></span> <span class='ocrx_word' id='word_1_604' title='bbox 3852 4932 3922 4982; x_wconf 90' lang='lat' dir='ltr'><strong>ut</strong></span> 
     </span>
    </p>
   </div>
   <div class='ocr_carea' id='block_1_92' title="bbox 2263 5016 3925 5092">
    <p class='ocr_par' dir='ltr' id='par_1_92' title="bbox 2263 5016 3925 5092">
     <span class='ocr_line' id='line_1_92' title="bbox 2263 5016 3925 5092; baseline -0.005 -13"><span class='ocrx_word' id='word_1_605' title='bbox 2263 5023 2379 5092; x_wconf 88' lang='lat' dir='ltr'><strong>jam</strong></span> <span class='ocrx_word' id='word_1_606' title='bbox 2421 5026 2543 5079; x_wconf 89' lang='lat' dir='ltr'><strong>tum</strong></span> <span class='ocrx_word' id='word_1_607' title='bbox 2579 5021 2943 5078; x_wconf 89' lang='lat' dir='ltr'><strong>addiscerent</strong></span> <span class='ocrx_word' id='word_1_608' title='bbox 2991 5018 3328 5075; x_wconf 66' lang='lat' dir='ltr'><strong>hierarchize</strong></span> <span class='ocrx_word' id='word_1_609' title='bbox 3359 5017 3570 5072; x_wconf 88' lang='lat' dir='ltr'><strong>summi</strong></span> <span class='ocrx_word' id='word_1_610' title='bbox 3607 5016 3782 5086; x_wconf 89' lang='lat' dir='ltr'><strong>hujus</strong></span> <span class='ocrx_word' id='word_1_611' title='bbox 3814 5017 3925 5072; x_wconf 85' lang='lat' dir='ltr'><strong>Ec-</strong></span> 
     </span>
    </p>
   </div>
   <div class='ocr_carea' id='block_1_93' title="bbox 2267 5105 3923 5180">
    <p class='ocr_par' dir='ltr' id='par_1_93' title="bbox 2267 5105 3923 5180">
     <span class='ocr_line' id='line_1_93' title="bbox 2267 5105 3923 5180; baseline -0.007 -10"><span class='ocrx_word' id='word_1_612' title='bbox 2267 5112 2457 5170; x_wconf 62' lang='lat' dir='ltr'><strong>clesize</strong></span> <span class='ocrx_word' id='word_1_613' title='bbox 2497 5112 2756 5168; x_wconf 91' lang='lat' dir='ltr'><strong>omnium</strong></span> <span class='ocrx_word' id='word_1_614' title='bbox 2802 5109 3104 5180; x_wconf 91' lang='lat' dir='ltr'><strong>principis,</strong></span> <span class='ocrx_word' id='word_1_615' title='bbox 3154 5105 3377 5162; x_wconf 84' lang='lat' dir='ltr'><strong>Urbana</strong></span> <span class='ocrx_word' id='word_1_616' title='bbox 3432 5118 3713 5162; x_wconf 90' lang='lat' dir='ltr'><strong>marmora</strong></span> <span class='ocrx_word' id='word_1_617' title='bbox 3751 5105 3923 5160; x_wconf 86' lang='lat' dir='ltr'><strong>Chri-</strong></span> 
     </span>
    </p>
   </div>
   <div class='ocr_carea' id='block_1_94' title="bbox 2269 5194 3916 5269">
    <p class='ocr_par' dir='ltr' id='par_1_94' title="bbox 2269 5194 3916 5269">
     <span class='ocr_line' id='line_1_94' title="bbox 2269 5194 3916 5269; baseline -0.007 -9"><span class='ocrx_word' id='word_1_618' title='bbox 2269 5203 2478 5260; x_wconf 90' lang='lat' dir='ltr'><strong>stianis</strong></span> <span class='ocrx_word' id='word_1_619' title='bbox 2503 5201 2684 5258; x_wconf 92' lang='lat' dir='ltr'><strong>sacris</strong></span> <span class='ocrx_word' id='word_1_620' title='bbox 2711 5199 2998 5269; x_wconf 87' lang='lat' dir='ltr'><strong>insculpta</strong></span> <span class='ocrx_word' id='word_1_621' title='bbox 3021 5196 3291 5268; x_wconf 85' lang='lat' dir='ltr'><strong>erigenda</strong></span> <span class='ocrx_word' id='word_1_622' title='bbox 3309 5207 3433 5250; x_wconf 89' lang='lat' dir='ltr'><strong>esse</strong></span> <span class='ocrx_word' id='word_1_623' title='bbox 3452 5195 3521 5251; x_wconf 92' lang='lat' dir='ltr'><strong>ad</strong></span> <span class='ocrx_word' id='word_1_624' title='bbox 3549 5195 3734 5251; x_wconf 90' lang='lat' dir='ltr'><strong>instar</strong></span> <span class='ocrx_word' id='word_1_625' title='bbox 3752 5194 3916 5266; x_wconf 90' lang='lat' dir='ltr'><strong>cippi</strong></span> 
     </span>
    </p>
   </div>
   <div class='ocr_carea' id='block_1_95' title="bbox 517 5283 3923 5363">
    <p class='ocr_par' dir='ltr' id='par_1_95' title="bbox 517 5283 3923 5363">
     <span class='ocr_line' id='line_1_95' title="bbox 517 5283 3923 5363; baseline 0 -24"><span class='ocrx_word' id='word_1_626' title='bbox 517 5284 752 5340; x_wconf 87' lang='lat' dir='ltr'><strong>Decreta</strong></span> <span class='ocrx_word' id='word_1_627' title='bbox 774 5295 906 5340; x_wconf 93' lang='lat' dir='ltr'><strong>vero</strong></span> <span class='ocrx_word' id='word_1_628' title='bbox 933 5283 1264 5354; x_wconf 91' lang='lat' dir='ltr'><strong>pontiﬁcum</strong></span> <span class='ocrx_word' id='word_1_629' title='bbox 1290 5290 1392 5343; x_wconf 94' lang='lat' dir='ltr'><strong>aut</strong></span> <span class='ocrx_word' id='word_1_630' title='bbox 1415 5286 1816 5356; x_wconf 90' lang='lat' dir='ltr'><strong>conciliorum,</strong></span> <span class='ocrx_word' id='word_1_631' title='bbox 1844 5305 1971 5362; x_wconf 72' lang='lat' dir='ltr'><strong>quae</strong></span> <span class='ocrx_word' id='word_1_632' title='bbox 1997 5293 2162 5363; x_wconf 87' lang='lat' dir='ltr'><strong>prio—</strong></span> <span class='ocrx_word' id='word_1_633' title='bbox 2189 5301 2245 5363; x_wconf 84' lang='lat'><strong>1)</strong></span> <span class='ocrx_word' id='word_1_634' title='bbox 2271 5291 2644 5362; x_wconf 89' lang='lat' dir='ltr'><strong>triumphalis</strong></span> <span class='ocrx_word' id='word_1_635' title='bbox 2663 5301 2838 5358; x_wconf 87' lang='lat' dir='ltr'><strong>supra</strong></span> <span class='ocrx_word' id='word_1_636' title='bbox 2863 5285 3180 5344; x_wconf 88' lang='lat' dir='ltr'><strong>confractas</strong></span> <span class='ocrx_word' id='word_1_637' title='bbox 3207 5283 3433 5341; x_wconf 86' lang='lat' dir='ltr'><strong>tabulas</strong></span> <span class='ocrx_word' id='word_1_638' title='bbox 3452 5284 3696 5341; x_wconf 66' lang='lat' dir='ltr'><strong>ethnicaa</strong></span> <span class='ocrx_word' id='word_1_639' title='bbox 3719 5297 3923 5355; x_wconf 82' lang='lat' dir='ltr'><strong>super-</strong></span> 
     </span>
    </p>
   </div>
   <div class='ocr_carea' id='block_1_96' title="bbox 521 5371 2159 5454">
    <p class='ocr_par' dir='ltr' id='par_1_96' title="bbox 521 5371 2159 5454">
     <span class='ocr_line' id='line_1_96' title="bbox 521 5371 2159 5454; baseline 0.006 -26"><span class='ocrx_word' id='word_1_640' title='bbox 521 5371 687 5429; x_wconf 92' lang='lat' dir='ltr'><strong>ribus</strong></span> <span class='ocrx_word' id='word_1_641' title='bbox 730 5373 903 5429; x_wconf 89' lang='lat' dir='ltr'><strong>etiam</strong></span> <span class='ocrx_word' id='word_1_642' title='bbox 951 5373 1180 5431; x_wconf 65' lang='lat' dir='ltr'><strong>saeculis</strong></span> <span class='ocrx_word' id='word_1_643' title='bbox 1220 5381 1352 5433; x_wconf 89' lang='lat' dir='ltr'><strong>ante</strong></span> <span class='ocrx_word' id='word_1_644' title='bbox 1409 5377 1846 5438; x_wconf 88' lang='lat' dir='ltr'><strong>Constantinum</strong></span> <span class='ocrx_word' id='word_1_645' title='bbox 1894 5384 2159 5454; x_wconf 87' lang='lat' dir='ltr'><strong>Magnum</strong></span> 
     </span>
    </p>
   </div>
   <div class='ocr_carea' id='block_1_97' title="bbox 517 5460 2162 5540">
    <p class='ocr_par' dir='ltr' id='par_1_97' title="bbox 517 5460 2162 5540">
     <span class='ocr_line' id='line_1_97' title="bbox 517 5460 2162 5540; baseline 0.007 -23"><span class='ocrx_word' id='word_1_646' title='bbox 517 5461 674 5518; x_wconf 89' lang='lat' dir='ltr'><strong>edita</strong></span> <span class='ocrx_word' id='word_1_647' title='bbox 698 5460 940 5535; x_wconf 81' lang='lat' dir='ltr'><strong>fuerant,</strong></span> <span class='ocrx_word' id='word_1_648' title='bbox 963 5462 1278 5536; x_wconf 88' lang='lat' dir='ltr'><strong>aliquando</strong></span> <span class='ocrx_word' id='word_1_649' title='bbox 1301 5479 1566 5539; x_wconf 86' lang='lat' dir='ltr'><strong>expressa</strong></span> <span class='ocrx_word' id='word_1_650' title='bbox 1591 5468 1774 5528; x_wconf 88' lang='lat' dir='ltr'><strong>fuisse</strong></span> <span class='ocrx_word' id='word_1_651' title='bbox 1797 5469 2033 5540; x_wconf 89' lang='lat' dir='ltr'><strong>tabulis,</strong></span> <span class='ocrx_word' id='word_1_652' title='bbox 2061 5476 2162 5528; x_wconf 90' lang='lat' dir='ltr'><strong>aut</strong></span> 
     </span>
    </p>
   </div>
   <div class='ocr_carea' id='block_1_98' title="bbox 517 5550 2160 5632">
    <p class='ocr_par' dir='ltr' id='par_1_98' title="bbox 517 5550 2160 5632">
     <span class='ocr_line' id='line_1_98' title="bbox 517 5550 2160 5632; baseline 0.005 -25"><span class='ocrx_word' id='word_1_653' title='bbox 517 5550 708 5622; x_wconf 89' lang='lat' dir='ltr'><strong>cippis</strong></span> <span class='ocrx_word' id='word_1_654' title='bbox 750 5555 1084 5614; x_wconf 84' lang='lat' dir='ltr'><strong>marmoreis</strong></span> <span class='ocrx_word' id='word_1_655' title='bbox 1121 5561 1314 5630; x_wconf 88' lang='lat' dir='ltr'><strong>aperte</strong></span> <span class='ocrx_word' id='word_1_656' title='bbox 1347 5558 1516 5618; x_wconf 87' lang='lat' dir='ltr'><strong>nobis</strong></span> <span class='ocrx_word' id='word_1_657' title='bbox 1556 5560 1810 5618; x_wconf 88' lang='lat' dir='ltr'><strong>ostendit</strong></span> <span class='ocrx_word' id='word_1_658' title='bbox 1855 5559 2160 5632; x_wconf 89' lang='lat' dir='ltr'><strong>inscriptio</strong></span> 
     </span>
    </p>
   </div>
   <div class='ocr_carea' id='block_1_99' title="bbox 516 5640 2162 5720">
    <p class='ocr_par' dir='ltr' id='par_1_99' title="bbox 516 5640 2162 5720">
     <span class='ocr_line' id='line_1_99' title="bbox 516 5640 2162 5720; baseline 0.004 -22"><span class='ocrx_word' id='word_1_659' title='bbox 516 5640 766 5701; x_wconf 85' lang='lat' dir='ltr'><strong>Canonis</strong></span> <span class='ocrx_word' id='word_1_660' title='bbox 804 5645 1094 5706; x_wconf 87' lang='lat' dir='ltr'><strong>Paschalis</strong></span> <span class='ocrx_word' id='word_1_661' title='bbox 1133 5649 1192 5705; x_wconf 91' lang='lat' dir='ltr'><strong>in</strong></span> <span class='ocrx_word' id='word_1_662' title='bbox 1231 5655 1455 5708; x_wconf 87' lang='lat' dir='ltr'><strong>vetusto</strong></span> <span class='ocrx_word' id='word_1_663' title='bbox 1493 5663 1774 5707; x_wconf 89' lang='lat' dir='ltr'><strong>marmore</strong></span> <span class='ocrx_word' id='word_1_664' title='bbox 1809 5649 2162 5720; x_wconf 81' lang='lat' dir='ltr'><strong>exprimente</strong></span> 
     </span>
    </p>
   </div>
   <div class='ocr_carea' id='block_1_100' title="bbox 2271 5373 3919 5450">
    <p class='ocr_par' dir='ltr' id='par_1_100' title="bbox 2271 5373 3919 5450">
     <span class='ocr_line' id='line_1_100' title="bbox 2271 5373 3919 5450; baseline -0.005 -12"><span class='ocrx_word' id='word_1_665' title='bbox 2271 5379 2533 5438; x_wconf 88' lang='lat' dir='ltr'><strong>stitionis</strong></span> <span class='ocrx_word' id='word_1_666' title='bbox 2560 5397 2572 5432; x_wconf 92' lang='lat'><strong>:</strong></span> <span class='ocrx_word' id='word_1_667' title='bbox 2605 5391 2730 5450; x_wconf 70' lang='lat' dir='ltr'><strong>quae</strong></span> <span class='ocrx_word' id='word_1_668' title='bbox 2763 5381 2902 5432; x_wconf 90' lang='lat' dir='ltr'><strong>tunc</strong></span> <span class='ocrx_word' id='word_1_669' title='bbox 2927 5389 2959 5432; x_wconf 87' lang='lat' dir='ltr'><strong>a</strong></span> <span class='ocrx_word' id='word_1_670' title='bbox 2992 5373 3272 5432; x_wconf 83' lang='lat' dir='ltr'><strong>fratribus</strong></span> <span class='ocrx_word' id='word_1_671' title='bbox 3308 5373 3632 5443; x_wconf 86' lang='lat' dir='ltr'><strong>Arvalibus,</strong></span> <span class='ocrx_word' id='word_1_672' title='bbox 3662 5373 3919 5444; x_wconf 89' lang='lat' dir='ltr'><strong>aliisque</strong></span> 
     </span>
    </p>
   </div>
   <div class='ocr_carea' id='block_1_101' title="bbox 2269 5462 3919 5538">
    <p class='ocr_par' dir='ltr' id='par_1_101' title="bbox 2269 5462 3919 5538">
     <span class='ocr_line' id='line_1_101' title="bbox 2269 5462 3919 5538; baseline -0.005 -12"><span class='ocrx_word' id='word_1_673' title='bbox 2269 5472 2598 5526; x_wconf 68' lang='lat' dir='ltr'><strong>Daemonum</strong></span> <span class='ocrx_word' id='word_1_674' title='bbox 2638 5464 2950 5538; x_wconf 88' lang='lat' dir='ltr'><strong>mysteriis,</strong></span> <span class='ocrx_word' id='word_1_675' title='bbox 2987 5469 3042 5521; x_wconf 91' lang='lat' dir='ltr'><strong>et</strong></span> <span class='ocrx_word' id='word_1_676' title='bbox 3081 5463 3476 5522; x_wconf 87' lang='lat' dir='ltr'><strong>sacerdotibus</strong></span> <span class='ocrx_word' id='word_1_677' title='bbox 3510 5462 3704 5529; x_wconf 90' lang='lat' dir='ltr'><strong>Isidis,</strong></span> <span class='ocrx_word' id='word_1_678' title='bbox 3739 5462 3919 5518; x_wconf 90' lang='lat' dir='ltr'><strong>Sera-</strong></span> 
     </span>
    </p>
   </div>
   <div class='ocr_carea' id='block_1_102' title="bbox 2271 5551 3911 5632">
    <p class='ocr_par' dir='ltr' id='par_1_102' title="bbox 2271 5551 3911 5632">
     <span class='ocr_line' id='line_1_102' title="bbox 2271 5551 3911 5632; baseline -0.006 -18"><span class='ocrx_word' id='word_1_679' title='bbox 2271 5557 2446 5632; x_wconf 87' lang='lat' dir='ltr'><strong>pidis,</strong></span> <span class='ocrx_word' id='word_1_680' title='bbox 2474 5555 2717 5625; x_wconf 65' lang='lat' dir='ltr'><strong>Mithrae,</strong></span> <span class='ocrx_word' id='word_1_681' title='bbox 2745 5554 2922 5627; x_wconf 90' lang='lat' dir='ltr'><strong>Solis,</strong></span> <span class='ocrx_word' id='word_1_682' title='bbox 2938 5560 2997 5612; x_wconf 89' lang='lat' dir='ltr'><strong>et</strong></span> <span class='ocrx_word' id='word_1_683' title='bbox 3021 5554 3225 5612; x_wconf 89' lang='lat' dir='ltr'><strong>Matris</strong></span> <span class='ocrx_word' id='word_1_684' title='bbox 3244 5555 3457 5625; x_wconf 69' lang='lat' dir='ltr'><strong>Magnae</strong></span> <span class='ocrx_word' id='word_1_685' title='bbox 3471 5551 3911 5621; x_wconf 88' lang='lat' dir='ltr'><strong>dedicabantur,</strong></span> 
     </span>
    </p>
   </div>
   <div class='ocr_carea' id='block_1_103' title="bbox 2269 5641 3917 5717">
    <p class='ocr_par' dir='ltr' id='par_1_103' title="bbox 2269 5641 3917 5717">
     <span class='ocr_line' id='line_1_103' title="bbox 2269 5641 3917 5717; baseline -0.007 -12"><span class='ocrx_word' id='word_1_686' title='bbox 2269 5647 2378 5705; x_wconf 88' lang='lat' dir='ltr'><strong>sub</strong></span> <span class='ocrx_word' id='word_1_687' title='bbox 2403 5644 2596 5704; x_wconf 89' lang='lat' dir='ltr'><strong>fallaci</strong></span> <span class='ocrx_word' id='word_1_688' title='bbox 2633 5657 2734 5717; x_wconf 90' lang='lat' dir='ltr'><strong>spe</strong></span> <span class='ocrx_word' id='word_1_689' title='bbox 2759 5645 3057 5716; x_wconf 71' lang='lat' dir='ltr'><strong>promissa:</strong></span> <span class='ocrx_word' id='word_1_690' title='bbox 3088 5643 3203 5701; x_wconf 90' lang='lat' dir='ltr'><strong>sibi</strong></span> <span class='ocrx_word' id='word_1_691' title='bbox 3245 5641 3606 5712; x_wconf 67' lang='lat' dir='ltr'><strong>aeternitatis,</strong></span> <span class='ocrx_word' id='word_1_692' title='bbox 3639 5647 3917 5713; x_wconf 85' lang='lat' dir='ltr'><strong>tanquam</strong></span> 
     </span>
    </p>
   </div>
  </div>
