4034 6196
236 257 295 320 57
1699 252 1860 325 PM

1976 255 2084 318 [ἹΟ.
2660 227 2673 240 ’
3537 259 3610 324 δε

239 383 481 457 praesidia
509 377 738 452 profani
772 377 968 437 cultus
997 376 1261 436 inanium
1287 378 1522 436 deorum
1561 391 1853 450 nunquam
1877 376 1937 436 A
1969 380 2179 439 loculis
2229 393 2583 440 summorum
2615 380 2973 454 pontiﬁcum,
3004 384 3126 439 tum
3169 383 3230 441 in
3265 383 3610 460 colligendis

237 471 505 532 interituri
531 490 546 542 ;
575 484 707 527 cum
740 469 938 526 eodem
968 469 1179 526 saculo
1203 470 1468 526 cederent
1493 469 1552 524 in
1581 469 1849 539 pradam,

235 569 284 620 et
300 564 631 618 verterentur
660 560 716 614 in
743 559 1089 614 monimenta
1111 558 1364 614 victoria
1383 559 1454 614 de
1476 557 1853 626 triumphatis

238 651 503 710 erroribus
550 653 726 719 parta
773 661 805 703 a
858 648 1098 703 veritate
1144 647 1446 718 religionis
1485 646 1847 702 Christiana.

241 746 417 798 Verum
449 741 562 794 hac
601 738 767 793 alias.
813 738 976 792 Nunc
1016 737 1075 791 in
1117 749 1178 792 ea
1215 736 1463 806 digitum
1499 736 1854 791 intendimus

243 832 330 887 bac
356 835 561 885 tantum
584 827 655 882 de
679 840 874 894 causa,
907 830 972 880 ut
1000 830 1268 895 appareat
1297 826 1614 881 auctoritas
1642 838 1852 893 rerum,

243 934 348 992 qua
367 917 739 974 enuntientur
762 916 822 970 in
850 915 1091 970 vetustis
1111 915 1494 969 Romanorum
1519 913 1855 984 pontiﬁcum

241 1008 512 1078 Catalegis,
546 1006 740 1077 quarti
790 1004 1128 1075 prasertim,
1162 1009 1218 1058 et
1257 1003 1402 1060 sexti
1449 1003 1644 1059 saculi
1684 1001 1855 1074 (unde

249 1099 325 1153 hic
349 1097 499 1152 Liber
519 1095 879 1152 Pontificalis
898 1093 1235 1165 agnoscitur
1255 1097 1556 1149 contextus
1577 1091 1686 1148 sub
1706 1093 1857 1148 Gre-

250 1187 387 1258 gorio
428 1187 468 1241 ll
513 1189 566 1240 et
612 1184 710 1253 Ill)
761 1197 890 1239 cum
948 1195 1046 1252 per
1097 1195 1192 1236 eas
1250 1185 1448 1237 atates
1499 1181 1854 1238 consuetudo

249 1285 383 1330 vetus
423 1276 601 1329 Roma
641 1273 878 1343 vigeret,
928 1275 1042 1326 tam
1087 1269 1236 1340 apud
1282 1270 1645 1326 Christianos
1685 1282 1854 1340 quam

250 1365 371 1433 apud
399 1363 672 1432 ethnicos,
706 1359 1086 1431 consignandi
1117 1360 1451 1414 marmoreis
1481 1359 1699 1414 tabulis
1720 1372 1858 1428 per—

256 1453 362 1508 inde
387 1466 443 1506 ac
469 1450 640 1506 libris
680 1447 1113 1520 pontiﬁcalibus
1139 1452 1266 1503 acta
1308 1453 1365 1502 et
1405 1448 1631 1503 decreta
1675 1446 1857 1502 colle-

255 1542 459 1610 giorum,
481 1539 844 1594 initiationes
863 1543 920 1594 et
937 1537 1255 1593 sacerdotia
1271 1549 1467 1594 eorum
1486 1535 1853 1607 potissimum

259 1631 336 1700 qui
359 1628 515 1685 οωιυὶ
549 1633 878 1698 praessent.

1965 469 2278 540 diptychis,
2311 475 2368 525 et
2396 471 2676 543 catalogis
2705 484 2773 526 ex
2803 473 3131 528 earumdem
3163 471 3606 543 inscriptionum

1963 562 2020 615 et
2049 559 2320 615 Actorum
2353 559 2731 632 autographis
2765 573 2926 616 nemo
2946 561 3077 630 jure
3107 560 3478 630 dubitaverit,
3511 566 3606 620 cui

1966 654 2257 719 perspecta
2282 649 2362 704 sit
2389 649 2718 720 diligentia,
2743 663 2911 720 quam
2940 651 3063 721 pari
3095 649 3271 705 ferme
3294 651 3490 707 studio
3515 653 3613 708 im-

1967 738 2287 808 penderunt
2319 738 2709 808 proximarum
2735 739 2912 794 Italia
2937 739 3236 795 civitatum
3268 738 3521 810 episc0pi
3552 742 3608 796 in

1963 827 2316 883 decessorem
2364 842 2597 884 suorum
2635 829 2930 884 memoriis
2961 829 3374 898 praservandis
3414 835 3612 898 poste—

1967 916 2148 972 ritati.
2175 916 2364 972 Liceat
2387 917 2529 972 mihi
2555 917 2808 986 proferre
2828 931 2896 972 ex
2916 917 3133 973 Nolana
3154 919 3412 974 ecclesia
3435 918 3614 974 illus—

1966 1009 2052 1061 tre
2076 1006 2502 1076 documentum,
2537 1007 2688 1077 quod
2725 1011 2857 1061 ante
2894 1019 3074 1062 annos
3115 1007 3442 1078 quindecim
3479 1008 3613 1064 inde

1965 1094 2191 1165 collegi,
2221 1109 2351 1150 cum
2376 1109 2408 1151 a
2439 1098 2492 1150 S.
2522 1098 2586 1151 D.
2620 1098 2685 1150 N.
2713 1096 2998 1151 Clemente
3021 1097 3100 1151 XI
3124 1097 3414 1166 ascriptus
3437 1097 3614 1152 comi-

1967 1183 2112 1239 tatui
2153 1198 2371 1254 eorum,
2414 1199 2560 1256 quos
2598 1184 3058 1240 eminentissimo
3095 1184 3376 1240 cardinali
3409 1185 3612 1241 Carolo

1966 1273 2277 1329 Barberino
2301 1274 2486 1345 legato
2509 1274 2580 1329 de
2604 1273 2778 1329 latere
2799 1274 2867 1329 ad
2891 1273 3248 1330 Catholicam
3277 1289 3464 1346 regem
3490 1275 3613 1331 His-

1968 1362 2270 1448 paniarum
2294 1363 2628 1433 Philippum
2650 1365 2695 1418 V
2718 1362 2954 1433 Neapoli
2977 1367 3116 1418 tunc
3137 1368 3393 1434 agentem
3419 1364 3615 1419 admi-

1967 1449 2184 1506 nistros
2211 1451 2499 1522 delegerat
2528 1452 2854 1524 legationis,
2884 1451 3168 1522 permissu
3195 1452 3448 1521 ejusdem
3479 1465 3614 1507 car-

1965 1540 2183 1596 dinalis
2203 1541 2402 1596 Nolam
2427 1555 2514 1596 me
2533 1542 2903 1598 contulissem
2926 1542 2995 1598 ad
3020 1555 3212 1597 sacras
3235 1541 3614 1612 antiquitates

1968 1630 2397 1701 perlustrandas
2425 1633 2551 1701 ejus
2580 1631 2836 1688 ecclesia
2865 1636 2921 1687 et
2961 1631 3271 1688 camelerii
3303 1633 3357 1687 S.
3398 1631 3609 1687 Felicis

303 1715 380 1773 24.
409 1718 538 1773 Acta
568 1721 626 1773 et
650 1715 1051 1773 ordinationes
1073 1715 1342 1771 Ecclesia
1365 1715 1631 1770 Romana
1657 1714 1858 1785 splen—
1886 1703 1940 1764 Β
1969 1718 2030 1774 in
2061 1719 2254 1775 Pincis
2284 1719 2463 1776 dicti:
2515 1720 2614 1776 ubi
2647 1726 2960 1791 supersunt
2995 1719 3321 1789 complures
3360 1717 3616 1776 basilica

246 1808 419 1863 didius
433 1805 766 1877 consignata
789 1805 1062 1876 leguntur
1082 1809 1208 1874 post
1231 1809 1505 1859 assertam
1533 1802 1855 1858 libertatem

243 1895 402 1952 divini
440 1894 633 1950 cultus
661 1908 692 1948 a
724 1893 972 1949 Maximo
1012 1892 1408 1948 Constantino.
1452 1893 1660 1948 Beatus
1702 1891 1855 1946 enim

243 1987 490 2040 Damasus
536 1997 702 2053 papa,
751 1983 852 2053 qui
899 1981 1116 2037 tabulis
1161 1981 1497 2037 marmoreis
1544 1979 1855 2037 convestiri

244 2073 438 2128 curavit
482 2073 634 2127 atria
680 2071 1074 2140 ecclesiarum,
1129 2070 1328 2127 aditus
1376 2069 1853 2138 cameteriorum,

248 2161 475 2231 sepulcra
508 2165 845 2230 martyrum,
879 2173 1004 2230 qua
1045 2158 1254 2214 tabula
1295 2158 1654 2228 postmodum
1688 2157 1858 2212 dicta

249 2257 356 2304 sunt
373 2250 652 2310 Plutonia,
673 2247 1033 2319 elegantibus
1050 2247 1221 2302 etiam
1245 2245 1510 2302 versibus
1526 2245 1858 2314 complexus

241 2344 308 2392 est
345 2338 397 2392 in
428 2337 752 2393 earumdem
801 2335 1288 2405 inscriptionibus
1317 2334 1612 2404 complura
1672 2333 1860 2388 docu-

244 2432 400 2482 menta
441 2425 702 2481 historia
730 2425 1092 2481 decessorum
1124 2437 1383 2494 suorum,
1417 2428 1473 2478 et
1505 2425 1853 2492 martyrum:

244 2529 458 2586 quorum
508 2514 708 2584 aliqua
753 2514 974 2585 integra
1020 2519 1332 2583 supersunt
1359 2515 1524 2568 atate
1570 2516 1763 2566 nostra
1797 2509 1856 2565 in

244 2603 485 2674 hypogaeo
527 2601 786 2657 basilica
833 2603 1138 2670 Vaticana,
1175 2601 1234 2656 in
1264 2603 1382 2657 ade
1429 2598 1855 2654 S..Sebastiani

239 2699 380 2748 extra
400 2707 611 2762 muros,
636 2697 693 2747 et
714 2691 772 2747 in
800 2691 972 2748 titulo
995 2691 1214 2762 Equitii
1238 2709 1250 2746 :
1280 2691 1396 2746 alia
1418 2690 1690 2760 leguntur
1705 2687 1856 2758 apud

235 2781 541 2852 Gruterum,
575 2785 634 2836 et
676 2786 830 2837 tomo
859 2781 928 2836 IV
972 2781 1234 2835 Veterum
1286 2779 1690 2834 Analectorum
1732 2779 1860 2832 Ma—

239 2869 467 2941 billonii,
498 2870 788 2939 descripta
814 2873 976 2924 atate
1001 2868 1190 2925 Caroli
1218 2868 1405 2939 Magni
1431 2886 1445 2936 ;
1471 2867 1588 2923 alia
1611 2866 1861 2937 denique

236 2959 450 3015 collecta
497 2974 529 3016 a
574 2958 783 3015 Martio
831 2957 1056 3014 Milesio
1104 2957 1166 3013 in
1209 2957 1464 3013 editione
1510 2969 1746 3028 operum
1796 2955 1855 3008 B.

238 3048 460 3103 Damasi.
1546 3032 1550 3042 ’

297 3135 376 3193 25.
408 3138 543 3192 Cum
575 3149 709 3192 vero
757 3139 815 3190 et
845 3133 904 3189 in
935 3133 1282 3191 cameteriis
1334 3136 1647 3203 martyrum
1676 3144 1860 3202 appa-

241 3232 346 3281 reat
388 3239 528 3296 sape
558 3239 748 3281 annus
796 3237 862 3279 ac
907 3223 1032 3278 dies
1069 3222 1476 3293 depositionis,
1526 3220 1861 3291 plerumque

239 3315 440 3385 scalpro
461 3315 699 3370 calatus
722 3314 781 3368 in
807 3311 1023 3367 tabulis
1044 3310 1399 3380 marmoreis,
1424 3307 1863 3366 occludentibus

195 3401 200 3404 ’
241 3403 489 3477 loculum,
519 3418 632 3460 non
668 3416 796 3459 raro
829 3403 888 3457 in
915 3401 1067 3458 calce
1091 3405 1384 3470 exaratos,
1416 3404 1518 3456 aut
1548 3398 1731 3454 minio
1759 3411 1866 3453 co—

244 3493 439 3550 loratus
458 3495 517 3550 in
541 3497 815 3550 camento
833 3498 1059 3548 crustas
1081 3503 1427 3546 marmorum
1440 3489 1715 3560 jungente
1734 3499 1864 3542 cum

245 3584 476 3655 margine
503 3581 912 3647 loculamenti;
943 3580 1075 3650 quis
1107 3592 1219 3635 non
1240 3578 1449 3648 videat,
1474 3591 1542 3632 ex
1569 3576 1662 3630 his
1689 3579 1866 3630 auto-

245 3673 457 3742 graphis
487 3671 758 3728 collectas
802 3669 984 3726 fuisse
1012 3669 1260 3737 tabulas,
1293 3667 1413 3723 sive
1454 3664 1764 3732 indiculos,
1812 3665 1868 3718 et

248 3760 537 3816 laterculos
559 3760 1005 3830 depositionum,
1035 3763 1088 3814 et
1111 3757 1438 3813 rudimenta
1463 3755 1562 3811 illa
1584 3756 1869 3823 Martyro—

249 3845 366 3919 l0gii
416 3849 682 3919 Romani,
728 3863 760 3904 a
803 3847 1088 3904 Bucherio
1135 3851 1359 3916 reperta
1411 3846 1472 3900 in
1525 3840 1870 3898 membranis

249 3937 418 4005 quarti
449 3937 648 3993 saculi
671 3942 773 3993 aut
798 3937 1012 4008 quinti,
1039 3940 1095 3991 et
1114 3935 1185 3990 ab
1205 3934 1399 3991 eodem
1425 3933 1578 3988 edita
1607 3935 1735 4001 post
1759 3929 1873 3984 Ca—

1969 1812 2178 1878 partes,
2207 1808 2430 1864 musivo
2455 1813 2512 1864 et
2539 1809 3023 1878 inscriptionibus
3045 1809 3326 1864 decorata
3349 1820 3381 1862 a
3401 1808 3457 1862 S.
3478 1809 3615 1862 Pau-

1969 1895 2089 1951 lino
2109 1897 2380 1966 episcopo
2393 1897 2630 1952 Nolano.
2646 1897 2811 1952 Tanti
2826 1896 3066 1952 sacrarii
3095 1900 3458 1951 monumenta
3471 1893 3612 1949 bene

1969 1984 2150 2040 multa
2171 1986 2337 2040 edere
2358 1999 2486 2041 cum
2512 1984 2724 2055 possim
2745 1983 2975 2054 publica
2998 1983 3125 2038 luce
3144 1982 3512 2053 dignissima,
3537 1981 3615 2037 iis

1969 2079 2189 2132 tantum
2217 2079 2524 2131 contentus
2544 2087 2640 2130 ero
2662 2087 2787 2144 qua
2813 2073 3102 2142 pertinent
3122 2070 3190 2126 ad
3212 2075 3614 2142 argumentum

1966 2177 2000 2220 a
2044 2177 2132 2220 me
2180 2169 2508 2234 susceptum
2560 2163 2628 2218 ad
2676 2161 3137 2232 pertractandum
3180 2159 3242 2214 in
3286 2159 3390 2213 hac
3422 2156 3618 2228 prata-

1968 2252 2144 2323 tione,
2180 2266 2378 2324 nempe
2407 2254 2488 2309 ad
2511 2251 2895 2321 sarcophagos
2927 2253 2985 2304 et
3013 2246 3362 2318 sepulcrales
3391 2246 3618 2303 tabulas

1967 2341 2192 2412 aliquot
2212 2342 2612 2411 episcOporum
2649 2339 2988 2410 insculptas,
3015 2337 3110 2393 die
3129 2341 3186 2393 et
3204 2349 3355 2393 anno
3377 2335 3617 2407 deposi-

1967 2430 2150 2486 tionis
2178 2443 2278 2500 per
2305 2429 2572 2486 consules
2604 2429 2880 2485 indicato.

2038 2521 2100 2575 In
2148 2518 2404 2589 Zopboro
2435 2518 2668 2580 litteris
2718 2517 2930 2574 musivi
2979 2515 3172 2586 operis
3224 2514 3438 2586 legitur
3485 2513 3616 2585 epi-

1968 2621 2218 2680 gramma
2240 2609 2295 2663 S.
2324 2607 2577 2678 Paulini,
2601 2607 2820 2679 aquale
2847 2604 3243 2663 testimonium
3268 2603 3412 2659 adis
3437 2615 3617 2660 sacra

1968 2708 2001 2751 a
2027 2710 2086 2753 se
2114 2696 2497 2767 ampliﬁcata.

2033 2820 2229 2870 Parvvs
2265 2823 2371 2869 erat
2389 2819 2532 2868 locvs
2561 2821 2675 2868 ante
2711 2818 2872 2866 sacris
2900 2819 3141 2878 augvstvs
3175 2814 3404 2876 agendis,

2095 2883 2520 2944 Svpplicibvsque
2551 2895 2745 2940 negaus
2767 2880 2990 2944 pandere
3015 2892 3168 2944 posse
3191 2890 3394 2944 manvs.

2031 2941 2190 3018 Nilne;
2205 2941 2397 3018 popvlo
2414 2941 2646 3018 spatiosa
2666 2941 2783 3018 piis
2809 2942 2984 3015 altaria
3014 2941 3204 3003 prabet

2094 3006 2290 3056 Ofﬁciis
2311 3006 2467 3055 medii
2491 3007 2707 3054 martiris
2736 3007 2786 3054 in
2818 3006 3034 3065 gremio.

2095 3038 2290 3056 υιμυιη
2311 3038 2467 3055 um...
2491 3038 2707 3054 ..με
2739 3038 2786 3054 ,μ
2854 3038 3034 3053 mm...

1885 3038 1935 3101 Ο
2030 3067 2223 3118 Cvncta
2255 3069 2365 3117 Deo
2414 3072 2655 3117 renovata
2688 3038 2914 3130 placeant.
2952 3066 3118 3115 Novat
3143 3065 3317 3130 omnia
3352 3076 3558 3127 semper

2092 3131 2320 3181 Cbristvs
2350 3133 2401 3179 et
2427 3132 2480 3179 in
2509 3127 2766 3179 cvmvlvm
2797 3129 3000 3177 lvminis
3032 3127 3307 3190 amplificat

2033 3192 2123 3242 Sic
2153 3196 2202 3242 et
2231 3193 2400 3242 dilecti
2429 3191 2612 3242 solivm
2641 3192 2826 3241 Felicis
2852 3191 3113 3239 honorans

2095 3255 2157 3304 Et
2180 3256 2454 3318 splendore
2483 3255 2633 3304 simvl
2661 3255 2868 3318 protvlit
2892 3255 2939 3303 et
2961 3253 3150 3315 spatio.

2044 3374 2107 3428 In
2133 3385 2265 3428 arca
2298 3385 2612 3428 marmorea
2642 3372 2792 3442 apud
2821 3371 3018 3426 altare.

2116 3481 2272 3534 DEP.
2317 3478 2520 3534 SANC.
2572 3477 2842 3531 FELICIS
2887 3474 3036 3527 EPS.
3075 3474 3138 3527 V.
3171 3474 3248 3526 ID
3273 3470 3472 3523 FEBR.

2277 3549 2423 3603 POS.
2459 3548 2653 3616 CONS,
2692 3547 2806 3599 ΡΑ.
2847 3545 2951 3598 vs.
2989 3545 3075 3595 TI.
3116 3541 3203 3594 VC
3231 3540 3330 3610 (b).

2045 3657 2187 3712 Cum
2217 3657 2272 3711 S.
2307 3653 2534 3710 Paulini
2584 3651 2780 3706 obitus
2819 3646 3098 3704 referatur
3139 3645 3211 3700 ad
3246 3656 3458 3700 annum
3492 3639 3616 3710 430,

1979 3749 2213 3802 sanctus
2242 3742 2400 3798 Felix
2439 3737 2708 3795 octennio
2750 3742 2876 3808 post
2905 3734 3205 3802 depositus
3245 3733 3372 3802 ejus
3399 3735 3619 3788 atatem

1977 3836 2183 3889 ωσιιαι.

2067 3848 2183 3888 uat.

2028 3848 2112 3979 qIn
2139 3921 2254 3977 alia
2285 3918 2545 3990 proxima
2575 3929 2705 3972 arca
2738 3927 3052 3971 marmorea

249 4037 428 4081 nonem
447 4025 774 4082 Paschalem
799 4025 1041 4081 Victorii
1067 4022 1360 4095 Opusculo
1383 4022 1554 4078 tertio
1577 4034 1700 4092 pag.
1723 4015 1873 4075 276?
1980 4031 2092 4085 Dp,
2140 4029 2250 4082 ΕΡ,
2282 4025 2588 4095 ΡΑΠᾹΜ
2626 4021 2948 4095 IVNIQMS
2972 4023 3060 4095 1):
3109 4019 3351 4095 illium.
3398 4015 3626 4072 SEPTE

517 4201 891 4258 .narosmo
949 4197 1426 4258 EPISCOPORUM
1455 4195 1556 4268 (α).

302 4344 447 4394 Sexto
473 4345 734 4394 Kalendas
761 4343 1046 4402 Ianuarias,
1073 4342 1306 4405 Dionysii
1330 4342 1386 4405 in
1408 4338 1619 4405 Callisti.

300 4406 464 4455 Tertio
493 4407 751 4456 Kalendas
776 4401 1240 4464 Januarii,Felicis
1268 4405 1320 4452 in
1347 4401 1560 4452 Callisti.

303 4469 466 4518 Pridie
493 4469 756 4519 Kalendas
783 4462 1033 4525 Januarii,
1061 4466 1391 4528 Sylvestriin
1406 4462 1687 4528 Priscilla.

305 4531 485 4589 Quarto
508 4531 631 4580 Idus
651 4531 903 4588 Januarii,
935 4526 1180 4579 Miltiadis
1213 4528 1264 4576 in
1291 4526 1502 4589 Callisti.

304 4581 510 4643 ὗεςίωο
531 4598 714 4643 octavo
736 4581 994 4643 Kalendas
1007 4590 1274 4641 Februarii
1295 4588 1582 4638 Marcellini
1601 4581 1877 4650 (Marcelli)

1445 4651 1500 4699 in
1523 4646 1817 4709 Priscilla.)

303 4718 468 4768 Tertio
502 4719 683 4768 Nonas
713 4717 906 4775 Martii,
935 4716 1078 4765 Lucii
1106 4715 1159 4764 in
1192 4713 1409 4764 Callisti.

305 4780 509 4830 Decimo
541 4780 801 4829 Kalendas
832 4778 974 4838 Maii,
1008 4777 1117 4828 Caii
1147 4777 1198 4825 in
1225 4775 1442 4838 Callisti.

309 4843 496 4900 Quarto
529 4842 706 4891 Nonas
739 4834 980 4902 Augusti,
1019 4838 1276 4902 Stephani
1292 4839 1344 4902 in
1376 4834 1593 4902 Callisti,

311 4897 455 4953 Sex’to
490 4905 750 4953 Kalendas
784 4897 1037 4961 Octobris,
1075 4897 1285 4950 Eusebii
1315 4900 1370 4948 in
1405 4897 1619 4948 Callisti.

309 4965 465 5016 Nonis
502 4966 762 5026 Octobris,
797 4965 964 5014 Marci
992 4965 1046 5013 in
1078 4963 1324 5026 Balbina.

309 5027 456 5078 Sexto
489 5028 613 5078 Idus
639 5021 962 5086 Decembris,
999 5025 1301 5087 Eutychiani
1333 5023 1398 5087 in_
1410 5021 1637 5087 Callisti.

309 5089 476 5141 Pridie
507 5092 632 5142 Idus
656 5090 878 5153 Apriles,
910 5081 1036 5139 Julii
1063 5081 1118 5160 in
1142 5087 1224 5136 via
1244 5085 1456 5137 Aurelia
1484 5081 1884 5160 mﬂiari‘olrtgrxin

1590 5143 1823 5207 Callisti.)

315 5247 395 5308 26.
416 5254 629 5309 Verum
643 5253 713 5310 de
727 5249 997 5324 diligenti
1018 5262 1160 5307 cura
1176 5247 1535 5305 notariorum
1558 5243 1888 5316 apostolica

259 5340 395 5398 sedis
437 5347 562 5400 tum
601 5341 661 5397 in
703 5339 1034 5398 incidendis
1072 5337 1310 5410 epochis
1351 5335 1779 5409 depositionum
1826 5333 1886 5389 in

320 5485 393 5553 (α)
422 5488 634 5556 Nempe
664 5486 1051 5556 Romanorum
1087 5496 1122 5541 a
1149 5481 1326 5541 Lucio
1355 5480 1425 5537 ad
1468 5479 1708 5537 Julium.

322 5557 394 5627 (b)
423 5553 586 5615 Anno
609 5556 830 5613 Christi
864 5553 985 5611 L38.

2301 4097 2406 4151 FL.
2440 4094 2660 4151 DIOSM
2703 4092 2835 4148 οπο
2863 4092 2936 4163 (c)
2972 4092 3059 4148 VC
3100 4089 3294 4147 CONS.

2055 4209 2118 4263 In
2143 4205 2260 4262 alio
2281 4203 2633 4273 sarcophago
2651 4201 2878 4256 detrita
2897 4203 3034 4256 sunt
3054 4199 3260 4255 littera
3284 4195 3628 4266 inscriptio-

1986 4295 2114 4351 nis:
2145 4295 2225 4350 ita
2249 4298 2312 4350 ut
2333 4292 2617 4348 incertum
2638 4288 2803 4344 sitan
2824 4290 3128 4360 episcopus
3151 4286 3231 4342 ibi
3261 4285 3623 4342 recondatur.

1899 4368 1956 4432 D
1986 4383 2090 4440 Sed
2115 4383 2348 4440 nomina
2368 4378 2671 4436 consulum
2697 4381 3009 4450 supersunt
3030 4376 3249 4448 integra
3272 4391 3286 4429 :
3313 4385 3441 4447 qua
3464 4371 3629 4428 indi-

1985 4476 2118 4530 cant
2147 4484 2360 4527 annum
2387 4466 2514 4525 359.

2131 4593 2343 4636 SEMPER
2367 4590 2434 4632 OB
2463 4588 2713 4632 MERlTVM
2738 4587 2924 4630 VIVEIS
2949 4585 3254 4630 ΡΜΕΟΟΝῙΔ
3284 4583 3477 4630 ωνυιε

2271 4664 2336 4706 ΕΤ
2369 4663 2509 4704 BONA
2538 4659 2839 4704 PROGENIES
2864 4687 2877 4700 .
2911 4687 2923 4700 .
2956 4685 2971 4700 .

2272 4735 2433 4778 PEVIA
2462 4733 2526 4775 εν
2545 4759 2559 4773 .
2589 4761 2601 4773 .
2629 4759 2644 4775 .

2273 4805 2566 4854 RELIQUIAE
2593 4827 2610 4845 ο
2639 4832 2652 4846 .
2677 4831 2693 4847 .

2274 4878 2454 4919 1A...

2278 4970 2293 4986 .
2321 4972 2334 4987 .
2361 4972 2374 4986 .
2399 4947 2502 4988 ΕΒΑ
2525 4973 2538 4987 .
2570 4972 2584 4986 .
2612 4972 2625 4987 .
2657 4945 2868 4988 SEMPER
2896 4943 3023 4986 ERIS
3047 4968 3062 4983 .
3089 4966 3101 4980 .
3132 4974 3138 4982 .
3169 4937 3339 4982 OMINE
3367 4934 3488 4980 DVCI

2275 5016 2670 5060 A...OR...

2530 5113 2544 5127 .
2571 5113 2584 5127 .
2614 5113 2626 5125 .
2649 5083 2858 5127 FELICIS

2065 5160 2293 5205 EVSEBIO
2322 5159 2387 5202 ET
2426 5157 2617 5202 YPA’l‘lO
2646 5155 2771 5198 coss
2798 5155 2884 5198 nr.
2919 5153 2977 5197 IN
3005 5143 3138 5198 PACE

2422 5232 2475 5274 VI
2500 5230 2602 5273 ΚΑΙ.
2631 5229 2722 5272 IVN

2065 5327 2272 5387 In'alio
2298 5339 2579 5384 marmore

2065 5475 2139 5545 (c)
2169 5476 2251 5529 Ita
2297 5469 2558 5545 mendose
2607 5464 2838 5545 incisus
2869 5463 2975 5545 El.“
3001 5459 3261 5520 Dioscori
3301 5459 3639 5517 consulatus

2001 5533 2265 5603 incidens
2295 5543 2354 5598 in
2381 5553 2597 5598 annum
2626 5537 2842 5596 Christi
2871 5533 2997 5592 442.
