4050 6184
358 257 432 320 aa
1130 254 1224 314 AD
1270 250 1710 314 ANASTASIUM
1769 239 2284 317 PROLEGOMBNA
2323 249 2502 310 sorr.
2549 247 2978 310 nom-vane.
3687 243 3760 306 eo

443 375 446 380 ’
504 384 617 441 DP.
654 377 1006 440 THEODOSI
1024 410 1096 422 —
1115 379 1252 436 EPC
1269 409 1339 422 --
1365 381 1493 436 DIE
2032 378 2094 440 A
2251 375 2406 435 ΒΘΗ
2439 376 2660 435 SOBOH
2690 377 2945 433 L'EONIS
2989 373 3206 433 EPISU.
3255 368 3398 433 VII.
3435 371 3610 431 ANN.

505 452 1428 512 VII-IDVS—DE‘CEHBRES-FL-
2252 451 2338 504 PL
2375 451 2448 504 Μ.
2479 451 2716 506 LXXV”
2745 449 2976 504 DEPST
2999 451 3030 504 Ι
3050 489 3063 502 .
3090 489 3103 504 .
3134 489 3148 501 .

501 524 790 584 FAVSTO
814 555 883 566 —
909 523 1209 581 JUNIORE
1235 553 1308 566 -—-
1334 522 1432 578 SC.
1476 521 1651 579 CONS
1680 519 1760 594 (α)
2253 521 2568 577 SEXXIES.
2595 523 2658 576 P.
2693 520 3177 580 CONSULATUM
3193 560 3206 574 .
3234 559 3248 574 .
3276 558 3292 573 .

432 632 554 688 Non
586 631 902 688 omittenda
917 628 1020 687 ‘est
1050 629 1365 699 inscriptio
1390 627 1695 685 Aureliani
1728 627 2008 726 episcopi,

2183 661 2354 718 Leoni
2399 663 2556 718 tertii
2588 662 2842 733 episcopi
2889 675 3090 717 nomen
3124 660 3337 732 legitur
3368 659 3429 716 in
3473 673 3752 717 marmore

364 721 500 823 εξεςι
526 720 745 777 indicio
771 720 1075 823 οοηειιξιιω
1101 719 1381 823 «gestiens
1404 717 1622 823 (nesse
1641 731 1715 823 sm
1734 717 1880 823 eus,
1907 715 2012 823 ιιιιξ
2113 715 2472 823 sanam;
2493 715 3069 822 assistat...
3110 715 3258 805 si.
3277 715 3560 806 mea
3592 715 3756 806 bis;

363 809 712 866 Nolanorum
762 810 1072 879 prmsulum
1116 809 1357 865 habetur
1396 807 1698 880 quintus):
1735 806 1836 863 ubi
1873 805 2011 863 anni

365 899 620 968 ejusdem
646 899 802 955 sedis
825 899 904 954 ita
936 903 1345 954 memorantur.

365 1006 404 1074 -ι-
429 1018 719 1061 pessum.
745 1017 803 1061 ιι.
836 1019 968 1062 una.
997 1017 1292 1061 AVRELIANI
1319 1015 1574 1060 EPISCJN
1592 1013 1722 1058 mas
1747 1014 1838 1063 om
1861 1014 2016 1057 amr
2254 984 2393 1040 LE0
2448 984 2749 1040 TERTIUS
2795 984 2886 1038 ΕΡ
2931 981 3156 1038 CREDO
3203 981 3619 1038 RESURGERE

370 1159 433 1208 PL
491 1160 531 1202 ll
585 1159 738 1205 ιλιι
793 1160 947 1206 SEDI'I‘
999 1089 1419 1206 CNNMEIKSXVIII.
1477 1159 1593 1202 DEP.
1652 1158 1734 1204 ES.
1791 1157 1969 1200 OCTABI

2184 1108 2439 1164 Alterius
2479 1106 2683 1163 Leonis
2726 1121 2795 1162 ex
2824 1106 3100 1162 Monacho
3148 1104 3447 1160 Antistitis
3494 1109 3579 1160 est
3624 1105 3753 1175 epi-

1060 1192 1419 1276 ξῇιῗῖὶἷᾲξψ
1477 1192 1593 1202 "--
1652 1192 1734 1204 ’⁷⁷
1795 1192 2014 1200 num“
2115 1209 2369 1270 gramma
2417 1195 2760 1266 sepulcrale,
2806 1195 2956 1266 quod
2999 1194 3284 1265 sequitur,
3331 1193 3393 1249 in
3440 1192 3763 1264 pavimento

435 1326 496 1383 In
531 1325 794 1397 sequenti
826 1339 1109 1383 marmore
1143 1328 1491 1382 memoratur
1528 1325 1634 1380 Leo
1663 1323 2007 1394 episcopus:
2114 1289 2315 1342 Μαίη·

373 1414 437 1470 Et
457 1414 762 1485 inscriptio
785 1416 1069 1485 pertinere
1089 1415 1318 1472 videtur
1337 1415 1406 1471 ad
1425 1427 1640 1471 annum
1661 1409 1766 1470 547
1788 1417 2015 1470 sextum
2288 1412 2332 1468 P
2363 1423 2458 1467 mc
2486 1423 2587 1466 uso
2617 1422 2714 1464 vin
2747 1421 2853 1464 scs.
2889 1421 3090 1464 socru.

367 1509 496 1576 post
525 1504 891 1564 consulatum
918 1505 1120 1562 Basilii

2295 1523 2307 1536 .
2347 1522 2360 1535 .
2394 1523 2406 1535 .
2451 1495 2554 1537 ENS
2592 1493 2817 1536 PIETATE
2847 1494 3080 1536 POTENS:
3113 1491 3184 1535 1C.
3218 1519 3230 1533 .

2292 1565 2383 1615 QVI
2420 1566 2544 1608 νιτΑ
2571 1564 2644 1607 EX
2675 1563 2924 1606 MONACHO
2955 1564 2984 1605 S
3023 1592 3034 1602 .
3068 1589 3083 1604 .
3123 1589 3136 1604 .

503 1627 544 1696 1-
570 1628 690 1683 HIC
718 1627 1148 1694 REQVIESCIT
1171 1625 1360 1684 APOL
2291 1637 2580 1680 ABSTINVIT
2609 1636 2827 1678 unum
2857 1635 3081 1683 TANTOQ.
3115 1661 3128 1674 .
3161 1661 3172 1675 .

503 1698 726 1757 LONLA
768 1699 1003 1758 SACRA
1040 1699 1254 1757 VIRGO
2293 1709 2357 1750 VT
2385 1708 2545 1757 ouasr
2575 1707 2675 1750 ια
2702 1706 2988 1749 ANGELICV.
3017 1733 3032 1747 .
3071 1731 3091 1746 .

429 1822 668 1890 Luperci
719 1821 892 1877 etiam
925 1822 1180 1892 episcopi
1226 1823 1444 1879 visitur
1481 1822 1791 1893 epigraphe
1820 1833 2135 1878 marmorea
2168 1820 2229 1877 in
2258 1823 2570 1890 structura,
2607 1818 2798 1890 ipsius
2833 1819 3004 1888 jussu
3045 1817 3323 1874 adornata
3370 1815 3524 1872 circa
3553 1827 3768 1871 annum

357 1907 576 1963 Christi
608 1905 734 1978 555,
770 1922 880 1979 qua
906 1914 1070 1966 astate
1105 1909 1336 1983 praefuit
1365 1910 1595 1967 Nolanae
1627 1909 1913 1966 Ecclesia.

428 2022 844 2100 1319993er
864 2025 1480 2100 grassarisplscns
1507 2026 1694 2100 QVOD.
1722 2026 2069 2084 LVPERCVS
2093 2023 2455 2081 EPISCOPVS
2483 2021 2776 2080 comrsn'
2809 2024 2893 2079 ET

427 2093 734 2152 ORNAVIT
764 2096 832 2151 IN
864 2093 997 2149 HAC
1025 2096 1348 2153 ECCLESI'A
1529 2093 1555 2100 ”
2399 2154 2412 2162 .

702 2165 1048 2220 LVPERCVS
1082 2168 1166 2221 ΕΡ
1197 2169 1378 2224 FIE'RI
1406 2169 1672 2224 PRECEP

430 2232 674 2291 ΔΜΟΒΕ
700 2235 773 2290 DI
803 2235 888 2290 ET
920 2236 1197 2296 SVORVM
1229 2239 1442 2299 FELIC.
1474 2241 1562 2295 ET
1583 2239 1858 2297 PAVLINI
1888 2237 2046 2295 RVFI
2074 2233 2420 2293 LAVRENTI
2457 2235 2544 2290 ET
2580 2233 2877 2289 PATRICI’I

423 2348 482 2404 S.
515 2348 805 2406 Patricius
830 2363 1005 2420 nepos
1034 2353 1091 2406 Β.
1118 2353 1354 2408 Martini
1379 2353 1736 2408 Turonensis.
1756 2353 2009 2423 episcOpi
2040 2369 2094 2430 Β
2125 2363 2366 2422 quorum
2393 2349 2580 2420 aliqui
2605 2351 2920 2404 memorant
2945 2361 3124 2404 annos
3144 2345 3475 2409 sacerdotii,
3498 2345 3652 2402 diem
3678 2343 3770 2400 de-

361 2436 601 2492 auditor
627 2436 741 2493 fuit
766 2439 948 2494 sancti
977 2440 1207 2496 Paulini
1235 2439 1468 2496 Maximi
1500 2441 1754 2511 episcopi
1781 2441 2009 2497 Nolani.
2125 2439 2455 2510 positionis,
2486 2443 2587 2493 aut
2615 2437 3001 2494 consulatum.

433 2524 518 2580 Ab
560 2526 653 2581 his
685 2539 796 2583 non
833 2527 1205 2600 disjungendi
1247 2533 1382 2585 sunt
1414 2529 1636 2599 lapides
1666 2529 2013 2600 sepulcrales
2192 2527 2467 2583 Adeodati
2495 2525 2977 2596 archipresbyteri
3005 2524 3114 2581 tale
3133 2527 3219 2581 est
3243 2523 3602 2595 epitaphium
3627 2535 3773 2577 mar-

361 2612 854 2684 presbyterorum,
922 2617 1318 2689 diaconorum,
1372 2618 1886 2686 subdiaconorum,
1956 2623 2013 2674 et
2123 2627 2420 2674 moreum:
2469 2616 2526 2671 in
2563 2629 2678 2686 quo
2720 2615 2892 2670 etiam
2933 2614 3148 2670 visitur
3188 2612 3474 2683 insculpta
3505 2609 3771 2668 columba

360 2714 652 2757 sacrarum
683 2703 996 2775 virginum,
1029 2706 1220 2761 eadem
1255 2706 1314 2762 in
1354 2707 1594 2763 ecclesia
1631 2706 2005 2777 superstites:
2123 2719 2225 2776 pro
2254 2718 2406 2761 more
2435 2703 2787 2760 Christianis
2819 2701 3118 2759 familiari.

1007 2813 1332 2870 INDIGNVS
1357 2813 1964 2870 ARCHIPRESVITER.
2003 2812 2148 2869 SCE.
2180 2812 2337 2869 NOL.
2371 2805 2559 2868 ECCL.
2589 2811 2844 2880 REQVIE

428 2969 554 3024 Haec
578 2969 847 3027 videntur
875 2972 1002 3041 ejus
1025 2971 1199 3042 jussu
1229 2971 1414 3043 lapidi
1460 2972 1772 3044 insculpta,
1799 2986 1929 3032 cum
1961 2971 2076 3028 sibi
2109 2976 2336 3043 pararet
2365 2972 2715 3042 sepulcrum.
2759 2970 2971 3026 Caetera
3001 2980 3126 3041 quae
3156 2971 3484 3040 sequuntur
3513 2967 3708 3024 addita
3738 2979 3771 3021 a

362 3056 750 3116 contratribus
776 3065 902 3130 post
931 3062 1056 3130 ejus
1084 3061 1308 3118 obitum
1335 3081 1349 3117 :

1031 3175 1361 3232 DILECTVS
1385 3175 1431 3232 Α
1457 3175 1550 3233 D0
1578 3177 1664 3233 ET
1695 3175 2089 3233 HOMINIBVS.
2124 3177 2198 3232 IN
2221 3174 2702 3232 SACERDOTIVM

499 3244 700 3300 ERAT.
733 3247 926 3301 ENIM.
959 3247 1310 3302 SEBMONE.
1349 3248 1605 3303 VERAX.
1643 3250 1730 3302 IN.
1767 3246 2041 3302 IVDICIO.
2070 3247 2320 3302 IVSTVS.
2357 3249 2447 3304 IN.
2473 3245 2837 3303 COMMISSO.
2869 3243 3129 3302 FIDELIS

500 3315 736 3370 DVLCIS
761 3317 847 3370 ET
878 3319 1054 3375 BENE
1079 3317 1358 3375 SVADVS.
1393 3321 1464 3374 IN
1494 3319 1838 3375 VERSIBVS.
1868 3319 2014 3373 SVIS
2033 3318 2310 3374 SEMPER

498 3384 821 3459 amyrin.
856 3388 1170 3459 MVNERA.
1210 3389 1566 3458 QVOPIOSA.
1597 3390 1898 3459 QVANDO.
1927 3389 2300 3445 INGRESSVS
2324 3389 2465 3445 EST.
2498 3391 2572 3444 IN
2594 3387 2728 3444 seu
2757 3383 3055 3444 [τωρωι

497 3455 840 3512 ΤΕΜΡΟΙίΕ.
873 3458 1035 3526 QVO:
1073 3455 1353 3515 NVLEVS.
1388 3461 1559 3516 FVIT.
1594 3455 1998 3516 FRETIOSIOR
2026 3461 2220 3516 ILLOS
2246 3460 2596 3516 SACE—RDOS

499 3525 692 3579 VIXIT
717 3525 998 3583 CVNCTIS
1029 3531 1288 3586 DIEBVS.
1322 3533 1496 3586 VITE.
1529 3531 1673 3587 SVE.
1708 3532 1913 3586 ANTE.
1944 3530 2415 3588 ORDINATIONE
2444 3531 2586 3587 ΑΝΝ
2611 3530 2784 3586 XXX

502 3596 739 3652 SEDET.
773 3597 1245 3660 SACERDOTALI
1270 3601 1548 3658 ORDINE.
1581 3603 1725 3658 ANN
1754 3604 1792 3657 L
1819 3603 1905 3657 ET
1933 3603 2065 3656 DEP
2095 3602 2219 3658 EST
2293 3643 2306 3656 .
2391 3643 2403 3655 .

430 3668 490 3722 In
521 3666 720 3723 abside
743 3643 988 3737 antiqua
994 3643 1218 3724 Ubii;
1223 3643 1554 3730 ‘mva‘élﬁ‘déé‘é
1581 3643 2209 3744 $630315
2239 3643 2927 3743 testatur-.depositionem
2958 3667 3133 3728 Urani
3176 3670 3510 3743 presbyteri,
3542 3680 3705 3740 quem
3734 3681 3766 3721 a

386 3753 596 3809 ecretis
619 3752 802 3810 fuisse
829 3754 884 3810 S.
916 3755 1145 3811 Paulini
1172 3757 1376 3813 Nolani
1408 3761 1666 3829 episcopi
1693 3765 1951 3817 constat:
1987 3762 2155 3829 cujus
2180 3763 2351 3818 etiam
2387 3762 2594 3818 litterae
2619 3761 2942 3833 complures
2971 3765 3109 3817 sunt
3131 3761 3200 3814 ad
3229 3760 3502 3815 Uranium
3526 3757 3689 3812 datae.

1067 3852 1426 3910 DEPOSITIO
1454 3855 1669 3913 VRANI
1699 3857 1932 3913 PRESB.
1963 3858 2042 3913 XI
2075 3857 2212 3913 KAL
2240 3857 2611 3913 IANVARIAS

431 3939 726 4010 Leguntur
755 3938 926 3995 etiam
956 3939 1352 4010 depositiones
1388 3943 1703 4016 presbyteri
1734 3945 1995 4014 Patri‘cii,
2028 3946 2301 4002 Honorati
2339 3944 2652 4016 presbyteri
2685 3941 2980 3997 Florentii.

429 4026 677 4083 Diaconi
705 4028 971 4099 Reparati
997 4029 1286 4100 depositi-0
1310 4032 1613 4102 adjunctas
1644 4034 1813 4090 habet
1844 4033 2284 4107 chronologicas
2310 4040 2472 4090 notas
2495 4033 2614 4089 diei
2648 4027 2722 4087 49'
2739 4027 3004 4086 Octobris
3037 4031 3092 4083 et
3120 4027 3255 4083 anni
3281 4025 3406 4085 553.

997 4125 1151 4181 DEP.
1182 4127 1462 4186 SANCTE.
1497 4133 1568 4187 M.
1597 4131 1943 4188 REPARATI

996 4198 1182 4253 DIAC.
1215 4201 1372 4256 DEP.
1407 4204 1474 4259 D.
1506 4205 1676 4258 XIIII.
1712 4204 1850 4259 ΚΑΒ
1878 4202 2163 4260 NOVEMB

996 4270 1100 4327 XII
1129 4271 1186 4326 Ρ.
1212 4271 1252 4328 C
1281 4273 1499 4332 BASILI
1526 4274 1572 4329 ν
1597 4275 1638 4330 C

426 4361 788 4426 Subdiaooni'
805 4365 1053 4423 Filicelli
1077 4368 1364 4438 depositio
1383 4372 1720 4444 consignata
1745 4373 1834 4427 est
1852 4371 2146 4441 marmori,
2178 4371 2236 4426 in
2259 4381 2372 4440 quo
2389 4365 2684 4424 Ianuariae:
2694 4363 2959 4437 (fortasse
2983 4368 3112 4438 ejus
3135 4367 3366 4436 matris,
3384 4372 3486 4424 aut
3512 4380 3762 4424 consan-

359 4449 602 4524 guineae,
635 4458 737 4510 aut
759 4456 996 4530 agnata)
1028 4471 1252 4530 nomen,
1284 4464 1339 4514 et
1363 4460 1576 4529 epocha
1606 4460 1972 4530 conspicitur
1991 4459 2129 4514 anni
2162 4456 2288 4515 536.

889 4570 934 4639 τρ,
955 4569 1065 4626 mc
1093 4571 1592 4645 nugymscrr'm
1619 4573 1798 4629 mea
1820 4571 2156 4645 FANYARIA
2181 4572 2222 4645 ἦ
2241 4639 2259 4645 -.

897 4680 914 4695 .
992 4682 1007 4696 .
1083 4642 1134 4711 Q
1159 4639 1352 4698 VIXIT
1376 4646 1458 4699 PL
1483 4647 1538 4699 Μ
1559 4644 1703 4698 ΑιΝΝ
1733 4643 1986 4698 XXVIIII
2000 4643 2140 4698 Cum
2169 4639 2270 4698 MA

890 4712 1051 4767 RITV
1081 4714 1204 4768 FEC
1232 4715 1379 4768 ANN
1403 4716 1520 4769 XV.
1550 4716 1599 4768 Μ
1630 4713 1720 4766 XI‘.
1748 4715 1812 4766 D.
1841 4711 1911 4765 X.
1947 4713 2080 4766 DEP

887 4783 934 4837 D
959 4784 1060 4838 XV
1084 4785 1179 4839 KA
1207 4784 1520 4838 FEBRVA-R
1546 4782 1650 4837 PC
1677 4783 1809 4837 BILI

888 4852 1046 4908 SARI
1075 4855 1143 4909 VI
1173 4856 1213 4908 P
1237 4856 1284 4908 N
1312 4855 1356 4906 D
1383 4853 1602 4908 PRIMA

888 4925 928 4992 -ὶ-
953 4924 1066 4979 HK)
1092 4923 1488 4992 REQVIESCIT
1517 4925 1596 4981 IN
1617 4923 1787 4979 PACE
1816 4921 2203 4980 FILICELLVS
2224 4923 2350 4980 SBD

941 4996 1002 5050 ν.
1080 5033 1093 5047 .
1175 5035 1187 5049 .
1267 5033 1282 5048 .
1363 5031 1386 5045 .

421 5077 727 5139 Sacrarum
758 4993 947 5139 ειηεὲ
979 5081 1280 5153 virginum
1299 5082 1687 5164 depositiones
1730 5082 1857 5136 duae
1889 5082 2180 5152 pertinent
2202 5083 2280 5144 ad.
2309 5084 2592 5144 saeculum
2614 5086 2904 5157 quintum.
2934 5083 3098 5141 Pri‘or
3143 5079 3391 5142 refertur
3422 5085 3492 5143 ad
3539 5096 3751 5141 annum

354 5167 692 5225 consulatus
718 5170 891 5239 Aetii,
926 5179 1124 5236 nempe
1166 5165 1574 5238 m,,.vel.43’1,,
1598 5167 1684 5223 vel
1710 5164 1928 5227 446‘veI
1952 5167 2075 5228 454.

887 5262 1580 5320 DEP.SACR.VIRG.M.
1668 5303 1681 5316 .
1763 5307 1780 5322 .
1857 5309 1870 5321 .
1952 5309 1965 5322 .

885 5334 999 5387 DIE
1024 5333 1194 5388 XIIII.
1226 5333 1381 5390 KAL.
1416 5333 1606 5391 M’ART
1628 5335 1943 5395 AETIO‘ET

890 5440 905 5452 .
983 5439 1001 5456 .
1078 5442 1104 5457 .,
1173 5440 1198 5468 ._
1271 5445 1295 5459 ..
1361 5407 1447 5470 ET
1473 5407 1686 5474 PAVLI
1699 5409 1910 5474 PRESB

426 5502 508 5574 (a)
532 5504 651 5560 Hoc
679 5503 784 5570 est,
807 5511 957 5555 anno
1173 5440 1198 5468 .-
