4034 6196
243 235 304 306 6!
1090 229 1092 231 l
1778 238 1908 306 PM

2019 238 2065 304 .T
2071 235 2156 302 [0.
3579 241 3652 318 62

310 362 501 419 Iusta
535 361 783 436 virginis
809 376 1015 432 nomen
1046 377 1176 430 cum
1209 363 1452 440 legerem
1479 343 1860 437 compositum
1890 379 2020 422 cum
2051 364 2357 428 consulatu
2388 365 2567 434 Flavii
2592 367 2868 435 Severini,
2903 367 2995 432 bis
3022 374 3352 435 occurrente
3376 369 3437 430 in
3464 369 3652 429 Fastis

240 451 313 522 ad
347 465 533 516 annos
563 449 660 517 464
696 459 753 508 et
780 448 905 521 483,

1679 552 1900 608 SACRE
1936 553 2235 610 VIRGINIS

1469 625 1620 678 DEP.
1666 624 1856 678 IVSTI.
1899 624 1959 678 V.
2004 624 2129 679 lDS.
2169 624 2440 682 NOBEBR

1477 696 1642 750 FILS.
1683 693 2024 749 SEVERINO
2061 696 2123 750 V.
2163 697 2220 752 C.
2263 697 2438 754 CONS

245 809 480 866 monuit
538 811 674 881 pius
735 810 1004 867 sacerdos
1070 809 1244 880 hujus
1283 811 1482 882 templi
1534 810 1899 881 Prapositus,
1928 809 1981 868 A
2012 811 2327 884 Arvalium,
2369 814 2708 872 Pontiﬁcum
2743 815 3042 886 Majorum,
3084 780 3405 887 Au‘gurum,
3439 813 3657 885 Epulo—

240 913 407 955 sacra
464 897 586 955 hac
637 904 1002 956 monumenta
1061 899 1206 954 mihi
1268 899 1550 969 indicans,
1623 904 1898 970 repertam

241 989 428 1045 fuisse
495 990 642 1045 hanc
691 995 1032 1060 postremam
1087 988 1340 1046 tabulam
1404 1003 1771 1048 marmoream
1823 990 1902 1046 ita

238 1078 588 1151 inscriptam
617 1079 726 1134 sub
752 1079 1017 1138 columna
1041 1079 1297 1134 ecclesia
1320 1079 1455 1135 dum
1489 1080 1676 1148 paries
1702 1079 1901 1134 reﬁce-

240 1176 424 1239 retur,
473 1167 785 1224 occludens
822 1166 1074 1224 loculum
1107 1167 1167 1222 in
1201 1167 1376 1237 topho
1415 1160 1764 1239 excavatum,
1800 1168 1900 1224 ubi

238 1257 630 1313 cernebantur
671 1257 846 1311 Justa
891 1255 1140 1327 virginis
1182 1270 1311 1312 ossa
1362 1257 1600 1328 integra,
1642 1257 1901 1327 deposita

240 1346 520 1414 manibus
553 1344 888 1401 cancellatis
926 1359 1055 1400 cum
1096 1345 1310 1408 lamina
1354 1345 1615 1415 plumbea
1661 1346 1902 1416 pedibus

237 1434 532 1504 apposita,
570 1435 629 1489 in
653 1447 763 1504 qua
792 1434 1062 1490 visuntur
1091 1434 1318 1505 littera,
1346 1448 1571 1506 nomen,
1599 1448 1664 1491 ac
1688 1440 1897 1491 statum

240 1523 498 1594 virginis
565 1523 886 1588 indicantes
953 1522 1060 1580 sub
1130 1528 1610 1595 monogrammate
1682 1523 1897 1579 Christi

241 1611 481 1668 Domini
515 1628 528 1664 :

726 1712 760 1754 Α
794 1697 851 1769 ιζ
887 1699 938 1753 Ω
974 1699 1178 1755 JUS‘l’A
1221 1698 1431 1757 vmco

309 1787 394 1842 Ibi
430 1788 610 1843 etiam
655 1787 940 1844 numisma
969 1788 1182 1844 Licinii
1225 1793 1507 1859 repertum
1549 1786 1730 1845 fuisse
1759 1801 1898 1844 nar-

245 1878 413 1934 ravit.

307 1963 399 2021 26.
438 1966 571 2020 Hac
601 1964 792 2020 omnia
835 1977 969 2020 cum
997 1969 1218 2034 reputo,
1253 1970 1382 2035 post
1409 1965 1605 2022 Nolam
1635 1979 1668 2021 a
1694 1965 1900 2022 Gothis

244 2059 467 2124 captam
490 2057 549 2108 et
569 2058 864 2124 vastatam,
890 2053 1078 2116 adhuc
1099 2053 1342 2124 reperiri
1366 2055 1543 2110 unius
1566 2056 1624 2110 in
1646 2055 1901 2111 ecclesia

246 2142 491 2212 ambitu,
524 2156 650 2212 qua
675 2141 862 2196 fuerat
890 2155 922 2196 a
951 2142 1014 2202 B,
1039 2142 1281 2198 Paulino
1309 2144 1576 2200 restituta
1607 2148 1662 2198 et
1685 2144 1902 2214 ampli—
1933 2133 1983 2194 Β

247 2231 434 2299 licata,
470 2235 645 2301 atque
678 2231 736 2286 in
785 2229 1168 2290 marmoribus
1208 2231 1400 2301 quinti
1433 2237 1489 2286 et
1526 2233 1671 2288 sexti
1704 2233 1897 2288 saculi

246 2321 409 2375 video
461 2319 716 2388 nomina,
771 2323 983 2388 atates,
1048 2319 1437 2388 depositiones
1502 2321 1900 2391 episcoporum

244 2407 580 2479 consignari
599 2421 699 2477 per
717 2407 1070 2473 consulatus,
1097 2420 1313 2463 necnon
1339 2409 1636 2464 memorari
1664 2409 1906 2480 presby-

250 2501 507 2554 terorum
571 2495 990 2566 ordinationes,
1048 2496 1326 2559 diaconos
1381 2496 1553 2552 etiam
1610 2494 1789 2567 (aque
1838 2511 1904 2554 ac

248 2584 664 2653 subdiaconos,
712 2590 768 2640 et
812 2598 1002 2640 sacras
1051 2584 1326 2656 virgines)
1379 2585 1590 2641 ibidem
1639 2587 1904 2643 conditos

249 2673 454 2740 fuisse,
490 2687 602 2729 non
637 2674 912 2746 neglectis
943 2678 1260 2743 temporum
1294 2674 1466 2737 notis,
1501 2676 1768 2734 universa
1797 2677 1905 2733 de-

249 2776 408 2817 mum
470 2767 667 2831 aptata
731 2762 895 2823 video
959 2763 1030 2818 ad
1077 2751 1385 2836 exemplar
1449 2765 1902 2821 cameteriorum

247 2850 441 2914 Urbis,
477 2864 705 2906 necesse
733 2856 818 2906 est
850 2855 914 2907 ut
945 2849 1078 2916 inde
1105 2850 1372 2922 colligam
1403 2851 1519 2907 duo
1547 2851 1853 2908 corollaria
1882 2871 1895 2908 :

251 2941 503 3009 primum
535 2945 640 3007 est,
674 2941 732 2994 B.
766 2939 1070 2997 Paulinum
1101 2940 1228 3009 ejus
1259 2939 1514 2997 basilica
1547 2941 1905 2998 instaurato—

254 3042 394 3094 rem,
447 3029 550 3099 qui
593 3029 820 3100 origine
857 3029 1166 3099 Romanus,
1211 3028 1346 3084 licet
1386 3029 1445 3084 in
1484 3029 1672 3085 Gallia
1713 3036 1902 3100 natus,

256 3117 564 3173 maximam
616 3119 804 3176 atatis
860 3123 1072 3188 partem
1124 3118 1184 3174 in
1229 3117 1376 3174 Urbe
1426 3125 1793 3190 transegerat,
1846 3120 1906 3175 in

256 3219 366 3275 qua
401 3207 573 3262 etiam
617 3206 767 3262 inter
795 3211 1084 3264 senatores
1115 3206 1329 3266 relatus
1367 3207 1727 3270 consulatum
1761 3221 1912 3279 quo-

257 3309 367 3365 que
411 3301 664 3366 gesserat
715 3309 866 3351 anno
920 3295 1134 3354 Christi
1187 3293 1316 3365 3‘75,
1369 3310 1499 3353 cum
1559 3302 1909 3367 perspectam

259 3382 494 3440 haberet
563 3385 1038 3440 consuetudinem
1100 3385 1366 3452 Ecclesia
1436 3387 1717 3458 Romana,
1792 3387 1910 3442 hac

3181 771 3213 785 ,Δ

2014 914 2170 970 num,
2197 901 2489 957 Sodalium
2519 903 2823 970 Titiorum,
2858 902 3288 974 Augustalium,
3321 901 3654 970 lsiacorum,

2011 989 2297 1045 cultorum
2343 992 2626 1061 Herculis,
2669 992 2838 1062 Solis,
2882 992 3124 1057 Mithra,
3167 991 3410 1062 aliaque
3446 991 3660 1060 hujus—

2013 1079 2163 1133 modi
2194 1093 2350 1134 sacra
2385 1080 2668 1149 professa,
2700 1088 2752 1136 et
2781 1082 2838 1135 in
2865 1081 3128 1135 decurias
3163 1080 3500 1149 plerumque
3527 1078 3659 1134 dis-

2011 1167 2264 1231 tributa,
2315 1173 2380 1224 ut
2431 1169 2695 1225 observat
2757 1169 3055 1225 Fabrettus
3114 1169 3376 1236 Inscript.
3430 1181 3551 1236 cap.
3600 1165 3655 1236 6,

2013 1269 2136 1326 pag.
2169 1254 2272 1311 429
2296 1264 2350 1312 et
2381 1255 2504 1327 449,
2537 1258 2792 1314 solebant
2821 1257 3154 1312 marmoreis
3183 1256 3400 1312 tabulis
3432 1254 3659 1311 inscul-

2013 1353 2104 1415 pta
2134 1346 2357 1419 aﬁigere
2379 1348 2719 1417 templorum
2746 1347 2933 1417 adytis
2963 1352 3019 1401 et
3046 1345 3367 1401 vestibulis.
3396 1345 3498 1400 His
3526 1357 3657 1400 vero

2010 1434 2169 1491 Actis
2199 1436 2429 1505 publica
2461 1437 2802 1492 auctoritate
2849 1435 3166 1506 propositis
3195 1434 3264 1489 ab
3296 1433 3656 1490 ethnicorum

2010 1525 2422 1594 superstitione
2460 1526 2582 1581 visa
2621 1530 2708 1580 est
2751 1525 3007 1581 indicere
3046 1523 3340 1595 singulare
3377 1528 3666 1578 certamen

2011 1621 2218 1668 nostra
2249 1614 2551 1685 religionis
2580 1629 2611 1669 a
2641 1616 2754 1670 Deo
2795 1618 3046 1684 protecta
3086 1612 3273 1668 virtus
3301 1617 3356 1667 et
3385 1614 3661 1667 constan-

2008 1702 2090 1756 tia
2139 1716 2234 1771 per
2273 1716 2526 1759 summos
2567 1702 2898 1758 hierarchas
2933 1700 3200 1757 Ecclesia
3237 1699 3454 1755 Christi
3496 1696 3662 1754 mili-

2014 1792 2226 1847 tantis:
2263 1797 2326 1846 ut
2353 1791 2492 1847 Acta
2523 1792 2639 1847 veri
2673 1791 2978 1847 sacerdotii
3009 1789 3353 1846 Christiana
3379 1787 3524 1859 legis
3553 1799 3662 1842 are

2012 1881 2320 1950 perennius
2343 1881 2526 1936 incisa
2553 1881 2767 1936 nostris
2794 1880 2853 1933 in
2879 1879 3160 1947 basilicis,
3186 1877 3379 1932 titulis
3399 1881 3455 1930 et
3479 1873 3661 1930 colle-

2011 1969 2126 2040 giis
2167 1968 2546 2038 triumphales
2588 1967 2764 2023 veluti
2809 1966 2986 2022 fastos
3025 1969 3373 2036 opponerent
3406 1965 3466 2018 in
3506 1961 3657 2017 Petri

2009 2058 2291 2128 Capitolio
2318 2055 2576 2127 profanis
2599 2055 2966 2122 ethnicorum
2990 2051 3428 2108 initiationibus
3451 2054 3510 2105 et
3533 2064 3661 2119 my-

2011 2148 2207 2211 steriis
2238 2147 2570 2216 impietatis.
2604 2145 2745 2199 Nam
2774 2146 3040 2198 Romana
3064 2141 3330 2197 Ecclesia
3363 2139 3663 2210 pontiﬁces

2010 2237 2078 2292 ad
2127 2236 2537 2305 perennitatem
2593 2233 2903 2302 memoria,
2957 2235 3013 2286 et
3064 2229 3322 2285 historia
3375 2228 3563 2297 ﬁdem,
3608 2230 3662 2283 et

2010 2325 2415 2381 documentum
2462 2323 2706 2392 posteris
2756 2319 3262 2377 transmittendum
3312 2317 3510 2372 aterni
3563 2329 3662 2372 sa—

2013 2413 2256 2469 cerdotii
2286 2412 2517 2467 Christo
2561 2409 2755 2466 collati
2795 2422 2827 2464 a
2859 2410 3040 2470 Patre.
3072 2407 3144 2463 ab
3172 2420 3353 2476 eoque
3396 2418 3664 2461 commu-

2013 2502 2191 2558 nicati
2237 2502 2402 2556 Petro
2444 2506 2498 2555 et
2539 2498 2968 2555 successoribus
3013 2497 3166 2552 vices
3209 2508 3344 2551 suas
3388 2495 3448 2550 in
3489 2492 3662 2551 terris

2014 2589 2381 2660 obeuntibus,
2432 2589 2643 2644 ibidem
2688 2593 2900 2656 tropaa
2942 2585 3354 2656 apostolorum,
3387 2589 3444 2639 et
3475 2597 3675 2639 sacras

2015 2680 2184 2751 leges,
2230 2692 2293 2734 ac
2333 2676 2717 2736 successionis
2751 2677 2904 2746 jura,
2950 2681 3006 2730 et
3049 2673 3253 2730 seriem
3299 2673 3663 2742 spectandam

2015 2774 2436 2837 proposuerunt
2467 2778 2746 2821 marmore
2775 2769 2831 2819 et
2859 2777 2968 2818 are
2995 2763 3256 2831 incisam,
3293 2761 3392 2818 ubi
3426 2760 3498 2816 ab
3528 2761 3664 2817 ido—

2015 2853 2201 2911 lorum
2236 2856 2439 2926 mystis
2468 2855 2893 2922 diligentissima
2936 2853 3318 2922 superstitione
3360 2849 3663 2903 habebatur

2013 2945 2291 2999 collectum
2343 2944 2622 3013 quidquid
2665 2957 2898 3010 usquam
2946 2942 3134 3008 fuerat
3178 2939 3338 2992 vanis
3386 2937 3668 2991 erroribus

2014 3035 2328 3089 institutum
2355 3053 2372 3100 ;
2405 3031 2878 3105 quemadmodum
2909 3029 3173 3086 observat
3200 3029 3254 3083 S.
3289 3029 3396 3084 Leo
3428 3027 3670 3098 Magnus

2017 3137 2182 3186 serm.
2223 3121 2273 3192 i,
2306 3125 2376 3179 de
2403 3123 2494 3178 SS.
2528 3120 2807 3192 apostolis
2843 3121 3006 3175 Petro
3047 3123 3104 3173 et
3131 3115 3328 3172 Paulo.
3359 3118 3438 3172 Ita
3472 3126 3670 3184 nempe

2019 3227 2120 3284 par
2165 3217 2305 3282 erat,
2355 3217 2416 3268 ut
2459 3210 2615 3267 omni
2656 3223 2857 3282 genere
2907 3209 3380 3264 documentorum
3428 3204 3660 3260 evidens

2018 3302 2369 3370 redderetur,
2408 3299 2701 3355 Christum
2739 3301 2937 3367 Deum,
2976 3297 3204 3369 Regem,
3241 3298 3294 3348 ct
3330 3293 3669 3350 Sacerdotem

2017 3391 2315 3446 secundum
2343 3389 2587 3444 ordinem
2628 3387 3017 3443 Melchisedech
3060 3383 3339 3440 dominari
3366 3381 3538 3436 etiam
3573 3392 3672 3447 per

257 3471 570 3543 diligenter
599 3473 858 3529 curantis
888 3487 988 3544 per
1026 3474 1282 3539 notarios
1331 3475 1708 3546 regionarios,
1745 3476 1911 3532 intu—
1940 3485 1988 3548 ί]
2019 3493 2211 3535 servos
2254 3492 2391 3535 suos
2427 3480 2486 3531 in
2505 3478 2680 3530 medio
2716 3478 3058 3529 inimicorum
3096 3485 3315 3524 suorum
3351 3467 3521 3536 (Psal.
3555 3464 3668 3535 cx).

262 3558 396 3615 lisse
422 3561 677 3616 eamdem
699 3563 1171 3618 consuetudinem
1197 3563 1258 3617 in
1283 3563 1590 3619 Ecclesium
1613 3563 1907 3635 Nolanam,

263 3647 344 3703 vel
388 3653 559 3704 antea
599 3649 890 3706 inductam
936 3651 1319 3707 conﬁrmasse.
1364 3651 1622 3708 Alterum
1661 3653 1914 3708 corolla-

267 3737 413 3792 rium
449 3742 557 3805 est,
592 3742 754 3792 atate
792 3738 1018 3794 Paulini
1058 3743 1114 3798 et
1145 3739 1424 3809 proxima,
1467 3753 1667 3810 nempe
1703 3739 1913 3796 saculo

268 3831 492 3894 quarto,
549 3826 777 3894 quando
830 3826 1135 3898 Catalogus
1195 3827 1294 3884 ille
1353 3828 1511 3898 prior
1578 3829 1909 3898 pontiﬁcum

268 3913 647 3970 Romanorum
685 3914 796 3975 sub
823 3915 1054 3976 Liberio.
1079 3915 1568 3986 conscribebatur,
1591 3917 1913 3972 abundasse

269 4006 345 4058 tot
367 4002 733 4058 documentis
759 4003 1038 4074 genuinis
1056 4010 1112 4059 et
1139 4004 1390 4084 publicis
1412 4005 1715 4060 historiam
1739 4005 1913 4075 hujus

273 4091 537 4147 Ecclesia
581 4093 862 4163 Romana,
905 4098 972 4164 ut
997 4094 1122 4156 sola
1159 4107 1226 4162 ex
1258 4095 1612 4165 inspectione
1654 4095 1911 4150 brevium

272 4181 736 4250 inscriptionum,
770 4197 894 4253 qua
925 4183 1259 4254 legebantur
1287 4184 1344 4239 in
1371 4184 1716 4242 cameteriis
1738 4185 1916 4240 Chri—

266 4269 474 4325 stianis
503 4269 876 4342 chronologia
899 4272 1049 4332 satis.
1065 4271 1330 4332 absoluta
1355 4274 1738 4329 Romanorum
1766 4286 1917 4342 pon—

270 4357 489 4414 tiﬁcum
557 4359 988 4429 colligeretur;
1028 4365 1132 4430 aut
1179 4367 1336 4432 certe
1389 4361 1470 4430 ita
1521 4361 1716 4417 luxata
1767 4361 1917 4417 ratio

272 4453 589 4516 temporum
613 4448 1308 4520 pontiﬁciorumproferri
1326 4464 1682 4526 nequaquam
1707 4456 1913 4520 posset,

273 4535 439 4603 cujus
488 4536 812 4591 emendatio
870 4550 983 4594 non
1033 4543 1185 4602 esset
1235 4537 1429 4594 facilis
1473 4538 1623 4608 apud
1671 4551 1768 4594 eos
1815 4537 1915 4609 qui

274 4628 488 4679 attente
558 4624 922 4683 consulerent
981 4626 1188 4684 titulos
1251 4626 1601 4696 sepulcrales
1646 4613 1919 4683 'Romana

275 4712 559 4781 Ecclesia,
625 4713 942 4781 prasertim
988 4715 1040 4770 si
1087 4714 1500 4784 adhiberentur
1558 4716 1730 4771 etiam
1781 4715 1920 4772 Acta

2020 3569 2077 3624 Id
2110 3567 2328 3622 clarius
2359 3572 2423 3623 ut
2453 3563 2828 3635 percipiatur,
2862 3560 3012 3629 quod
3047 3555 3363 3625 plurimum
3397 3552 3569 3609 refert
3597 3551 3665 3608 ad

2018 3656 2378 3712 asserendam
2420 3653 2746 3708 ﬁrmitatem
2793 3646 3126 3702 historicam
3169 3657 3360 3698 rerum
3397 3643 3459 3698 in
3499 3641 3670 3698 Libro

2018 3741 2339 3800 Pontiﬁcali
2386 3741 2856 3812 memoratarum,
2899 3739 3130 3805 prastat
3171 3731 3490 3800 observare,
3529 3731 3670 3786 ubi-

2020 3845 2148 3888 nam
2187 3833 2408 3899 reperta
2440 3825 2657 3882 fuerint
2692 3824 2832 3880 Acta
2864 3823 2964 3879 illa
2996 3821 3168 3893 paulo
3197 3825 3330 3876 ante
3360 3823 3672 3876 memorata

2019 3917 2446 3991 cooptationum
2467 3914 2712 3971 ethnica
2736 3911 3109 3984 professionis
3125 3910 3504 3967 sacerdotum.
3527 3907 3673 3963 Fra—

2021 4015 2174 4065 trum
2204 4006 2518 4075 Arvalium,
2552 4009 2609 4059 et
2635 4003 2924 4059 cultorum
2965 4000 3158 4068 Isidis,
3201 3998 3437 4069 Attidis,
3471 3996 3672 4052 Matris

2021 4099 2254 4169 Magna,
2286 4095 2530 4163 Mithra,
2563 4097 2620 4148 et
2651 4091 2822 4161 Solis,
2861 4089 3077 4162 quibus
3118 4094 3331 4145 nostra
3369 4085 3672 4159 religionis

2021 4185 2316 4242 antistites
2339 4183 2457 4239 veri
2488 4181 2794 4238 sacerdotii
2822 4177 3145 4235 Christiani
3176 4178 3315 4248 Acta
3339 4189 3463 4232 esse
3487 4189 3674 4254 oppo-

2025 4274 2209 4330 nenda
2246 4275 2612 4328 censuerunt.

2093 4359 2184 4418 28.
2231 4359 2632 4430 C00ptationes
2677 4356 3045 4420 decuriarum
3093 4353 3258 4410 illius
3299 4351 3673 4408 sacerdotalis

2025 4449 2257 4521 collegii
2285 4448 2668 4515 ethnicorum,
2696 4445 2790 4502 cui
2823 4446 2978 4503 Nero.
2993 4444 3179 4504 Casar
3207 4442 3496 4511 ascriptus
3522 4439 3673 4510 legi-

2027 4545 2124 4596 tur
2152 4538 2258 4594 sub
2287 4537 2527 4604 Claudio
2559 4536 2920 4606 imperatore,
2955 4531 3201 4592 afﬁrmat
3228 4531 3513 4586 Gruterus
3542 4542 3668 4600 pag.

2026 4640 2133 4698 ccc,
2176 4634 2428 4698 repertas
2467 4624 2654 4692 fuisse
2693 4626 2879 4688 Roma
2906 4623 2971 4686 in.
3004 4621 3120 4684 ade
3155 4635 3296 4684 noua
3334 4619 3390 4674 S.
3429 4619 3577 4672 Petri
3614 4620 3672 4671 in

2034 4719 2299 4774 Vaticano
2359 4731 2504 4770 anno
2568 4711 2724 4781 4596,
2781 4727 2962 4767 mense
3009 4712 3192 4766 Iunio.
3244 4709 3385 4764 Acta
3430 4705 3669 4776 Collegii

279 4807 610 4872 martyrum,
633 4801 894 4857 versibus
926 4803 1147 4862 inclusa
1175 4818 1273 4888 per
1296 4805 1620 4874 Damasum,
1650 4809 1706 4860 et
1738 4805 1920 4862 incisa
1950 4841 2002 4901 ι)
2030 4809 2288 4862 Fratrum
2325 4804 2626 4864 Arvalium.
2663 4801 2771 4864 sub
2808 4801 3162 4869 Domitiano,
3201 4811 3326 4868 qua
3345 4796 3439 4901 lii";
3464 4796 3542 4901 (3ζ
3560 4795 3675 4901 Βαῖ-

279 4890 602 4945 eorumdem
655 4890 968 4958 memoriis,
1014 4904 1193 4980 eaque
1237 4891 1634 4948 conferrentur
1662 4907 1791 4950 cum
1825 4894 1922 4950 in—

277 4978 696 5048 scriptionibus
735 4979 1018 5054 Caesarum
1064 4978 1122 5037 et
1169 4983 1608 5054 magistratuum
1642 4996 1674 5038 a
1705 4983 1921 5054 quibus

279 5066 510 5167 publi-co
555 5067 792 5140 judiciq
838 5067 1069 5144 fuerant
1118 5071 1374 5144 designati
1428 5076 1484 5142 et
1537 5085 1638 5141 pro
1691 5071 1920 5128 Christo

276 5168 473 5211 OCCISI.

342 5241 436 5326 Ἣ.
478 5243 676 5301 Redeo
706 5259 862 5302 nunc
888 5247 972 5303 ιὰ
1010 5247 1397 5305 intermissam
1441 5247 1919 5318 comparationem

281 5332 559 5410 Actorum,
605 5348 740 5420 qua,
787 5349 1034 5416 corpora
1079 5337 1206 5412 sive,
1257 5337 1591 5413 φρειιίᾇᾶῐῶ
1644 5335 1741 5406 (uti
1787 5337 1922 5400 Cato

2029 4895 2250 4950 brettus
2312 4893 2584 4962 produxit
2648 4890 3102 4968 mseriptionum
3155 4899 3278 4964 pag.
3337 4879 3459 4968 443,
3508 4881 3674 4968 docet

2029 4981 2308 5039 asservari
2347 4980 2407 5034 in
2443 4979 2680 5044 archivo
2720 4966 2976 5043 basilica
3014 4973 3318 5040 Vaticana,
3361 4967 3462 5025 ubi
3497 4966 3668 5024 etiam

2029 5068 2461 5128 custodiebatur
2505 5065 2883 5136 fragmentum
2929 5061 3073 5118 illud
3119 5063 3283 5116 atate
3326 5071 3429 5115 sua
3474 5069 3672 5128 reper-

2032 5165 2174 5227 tum,
2208 5157 2357 5229 quod
2397 5153 2664 5211 exhibuit
2701 5151 2800 5209 fol.
2835 5148 2957 5207 49L
3001 5149 3366 5207 Initiationes
3403 5145 3675 5204 sacerdo-

2031 5253 2152 5305 tum
2183 5247 2406 5303 Mithra
2425 5242 2705 5300 criobolio
2731 5240 3170 5313 taurobolioque
3201 5236 3445 5309 perfecto
3470 5235 3529 5290 in
3553 5232 3673 5290 aris

2031 5336 2300 5409 pluribus
2326 5333 2644 5403 insculpta,
2667 5330 2885 5388 additis
2903 5329 3317 5397 consulibusmt
3337 5321 3676 5388 diededica-

282 5421 528 5490 appellat
567 5415 720 5493 ap'ud
770 5411 1034 5483 Tullium
1073 5426 1143 5482 de
1193 5411 1508 5500 Senectute)
1563 5424 1932 5483 ethnicorum
2032 5423 2452 5492 tianisetfossa
2473 5428 2610 5487 suos
2634 5421 3037 5493 propeﬁexum
3057 5416 3208 5488 circi
3227 5411 3508 5481 Υαῐίωιὶς
3534 5411 3669 5474 dum

286 5512 583 5568 numinum
611 5512 796 5568 cultui
832 5514 891 5569 in
923 5515 1069 5571 Urbe
1098 5516 1385 5586 ascripta,
1417 5517 1680 5586 Pratrum
1701 5514 1926 5578 scilicet
2035 5502 3672 5583 fundamentajacerenturmeridionalislatettistransvcl‘r
