4050 6184
794 436 897 493 T0.
939 441 1098 497 DIIS.
1137 437 1626 500 OMNIPOTENTI

784 510 938 564 BVS.
973 513 1046 566 M.
1074 515 1142 568 D.
1176 515 1286 568 ET.
1314 513 1493 569 ATTI

785 582 1016 636 ARAM.
1052 585 1222 639 DICA
1236 586 1361 639 VIT

785 651 999 708 NONIS
1022 653 1313 709 APRILIB
1324 657 1409 712 VS

795 725 893 778 FL.
921 725 1214 779 MEROBA
1230 728 1372 780 VDE

789 796 857 848 V.
886 800 941 849 (2.
971 798 1255 853 ITERVM

781 867 893 919 ET.
923 868 1032 920 EL.
1061 867 1477 925 SATVRNINO

791 939 857 994 V.
891 939 945 994 ο.
995 937 1227 996 σοΝδε.
1256 937 1330 1010 (a)

1118 1025 1154 1080 8

490 1113 848 1188 agmine
859 1117 965 1171 VM
991 1115 1095 1169 MA
1103 1068 1305 1172 olims
1329 1117 1556 1188 IDEAE
1573 1115 1652 1188 (δ)

491 1185 814 1242 SVMMAE
859 1188 1176 1245 PARENTI
1201 1187 1510 1243 HERMAE

1822 317 2200 378 PREFATIO.

2005 448 2063 508 A

2006 1273 2042 1330 9

2269 446 2366 500 ET
2388 443 2636 502 ATTIDI
2673 446 2872 504 MENO
2903 446 3237 506 TYRANNO

2265 518 2348 573 IN
2352 516 2556 573 νιοΤο
2580 517 2878 574 CLODIVS
2921 518 3392 576 HERMOGENIA

2262 590 2314 645 N
2322 589 2406 643 VS
2433 588 2783 644 CESARIVS
2813 591 2878 652 V,
2928 591 2992 646 C.
3026 589 3331 649 PROCONS

2258 658 2588 714 AFRICAE.
2618 662 2954 717 PRAEFEC.
2997 662 3200 716 VRBIS

2258 731 2524 784 ROMAE.
2550 733 2669 786 XV.
2704 733 2846 791 VIR.
2869 732 2930 785 S'.
2960 733 3020 785 F.
3049 733 3496 790 TAVROBOLIO

2257 800 2797 869 CRIOBOLAOQAE
2835 803 3193 858 PERCEPTO

2253 871 2430 925 XIIII.
2457 873 2628 926 KAL.
2680 873 2853 928 AVG.
2888 876 3041 930 DIIS.
3091 873 3380 930 ANIMAE

2255 942 2294 996 S
2306 944 2468 997 VAE.
2491 944 2903 1009 MENTISQVE
2924 944 2962 999 C
2970 944 3057 1000 VS
3064 946 3268 1000 TODIB
3277 946 3366 1003 VS

2258 1015 2486 1068 ABAM.
2522 1016 2828 1071 DICAVIT

2257 1086 2322 1137 D.
2357 1086 2421 1142 N.
2460 1084 2821 1143 GRATIANO
2877 1085 3051 1142 AVG.
3089 1089 3226 1144 TER

2267 1155 2356 1209 ET
2425 1197 2444 1220 ,
2523 1197 2535 1209 .
2615 1198 2627 1213 .
2706 1154 3057 1224 AEQVITIo
3085 1157 3317 1217 CONSS.
3343 1158 3417 1231 (ο)

919 1445 1026 1500 EIC
1072 1444 1501 1502 ΔΕΚΑΠΕΝΤΕ
1559 1445 1870 1516 ΑΕΔΡιωΝῨ
1907 1443 1984 1516 (d)
2023 1444 2286 1501 ΦΟΙΒΟΥ
2329 1446 2880 1511 αΤΕΦΑΝΕΦοΡοα
2912 1456 3118 1515 ΙΡΕΥο

919 1517 1238 1572 KPHCHNC
1278 1515 1695 1572 HI‘A®EOCTE
1741 1515 2031 1571 ΛΕΟΝΤΙ(

2074 1516 2095 1571 3
2147 1516 2451 1574 ΕΝΟΟΦΟΙ
2501 1521 2771 1578 ΑΝΔΡΕΟ

1027 1586 1113 1642 0C
1178 1590 1327 1643 ΜΕΝ
1392 1587 1524 1642 ΑΠ’
1575 1586 1932 1642 ANTOAIHC
1997 1586 2082 1642 OC
2141 1586 2448 1646 A’AP’AH’
2499 1593 2830 1652 ECHEPHIC

918 1657 1127 1714 ΟΡΓΙΑ
1181 1659 1650 1714 ΟΥΝΡΕΞΑΝΤΕ
1695 1658 1866 1713 ΘΕΑΙ
1925 1657 2342 1715 ΠΑΜΜΗΤΟΡΙ
2407 1663 2584 1718 PEIHI

915 1729 1315 1786 ΚΡΙΟΒΟΔΟΥ
1387 1730 1706 1784 TEAETHC
1769 1729 1890 1783 ΚΑΙ
1944 1727 2416 1786 ΤΑΥΡΟΒΟλΟΙΟ
2473 1733 2805 1794 ΦΕΡΙΟΤΗΟ

1023 1801 1268 1857 AIMACI
1319 1800 1800 1858 ΜΥΟΤΙΗΟΛΟΙΟ
1848 1798 2085 1855 ΒωΜΟΝ
2139 1799 2642 1862 ΥΠΕΡΤΙΘΕΟΑΝ

1236 1916 1638 1987 Interpretatio
1659 1920 1849 1972 autem
1881 1917 2089 1972 Graeca:
2117 1915 2519 1988 inscriptionis
2551 1921 2688 1978 talis
2707 1927 2792 1980 est

1840 2027 2010 2071 MATRI
2042 2028 2189 2072 DEUM

820 2103 939 2159 XV.
980 2106 1068 2158 uir
1095 2105 1312 2160 Phoebi.
1355 2108 1638 2159 coronatus
1669 2103 1941 2158 sacerdos.

812 2173 1081 2229 Crescens.
1102 2176 1444 2244 diuinusque.
1474 2177 1731 2230 Leontius
1757 2177 2031 2243 sapientes
2059 2177 2170 2228 uiri

805 2245 981 2300 Alter.

1012 2248 1241 2316 qvidem.
1270 2248 1356 2301 ab.
1390 2247 1622 2301 Oriente.
1655 2247 1796 2300 alter
1819 2260 1964 2299 uero.
2007 2247 2076 2298 ab
2104 2245 2386 2303 Occidente

803 2317 973 2388 Ritus.
990 2319 1169 2372 simul.
1189 2323 1532 2388 peragentes.
1554 2320 1714 2372 Deae.
1737 2317 2096 2384 omnipotenti
2119 2317 2294 2372 Rheae

808 2387 1064 2443 Criobolii
1114 2387 1386 2443 uictimae.
1411 2394 1461 2444 et
1488 2389 1816 2443 Taurobolii.
1845 2389 2080 2456 optimae

804 2459 1189 2527 Sanguinibus.
1223 2463 1416 2515 sacris.
1447 2476 1619 2514 aram.
1659 2473 1874 2514 erexere

376 2593 403 2623 α
444 2572 526 2628 Ex
559 2573 675 2642 bis,
719 2573 918 2630 subdit
947 2575 1221 2646 Ugonius,
1261 2578 1378 2633 duo
1404 2590 1605 2632 versus
1629 2578 1765 2631 sunt
1797 2574 1963 2628 hexa-
1989 2573 2039 2633 B
2078 2585 2356 2644 reversus,
2384 2589 2514 2631 cum
2564 2575 2712 2632 liber
2738 2576 3021 2634 Grimaldi
3057 2577 3202 2634 mihi
3243 2577 3470 2635 oblatus
3495 2576 3723 2650 fuisset,

298 2661 578 2730 metri,et
617 2663 736 2719 duo
766 2665 1127 2734 pentametri.
1174 2666 1423 2721 Habebat
1461 2679 1492 2721 a
1521 2663 1800 2720 lateribus
1845 2664 1962 2733 Cy-
2071 2675 2388 2718 memorans
2433 2665 2835 2735 inscriptionis
2859 2666 2976 2736 jam
3008 2667 3214 2723 relatas
3260 2668 3462 2723 Matris
3486 2669 3718 2740 Magnas,

298 2749 486 2805 belem
515 2765 643 2806 cum
703 2752 906 2808 arbore
954 2754 1099 2825 pini,
1141 2760 1198 2810 et
1224 2755 1475 2810 Attidem
1507 2768 1635 2810 cum
1669 2752 1960 2823 capitibus

302 2838 542 2894 bouum.
569 2840 894 2897 Mirandum
929 2843 1093 2899 valde
1123 2849 1209 2899 est
1259 2845 1540 2915 quomodo
1591 2843 1827 2899 humani
1855 2855 1960 2913 ge—

301 2927 464 2983 neris
495 2927 856 2999 hostisjuxta
885 2931 1226 2987 sanctiorem
1261 2934 1442 2988 totius
1472 2932 1632 2988 orbis
1656 2930 1956 2987 basilicam

299 3030 367 3072 se
408 3017 725 3089 ingesserat
750 3021 820 3075 ad
854 3025 1066 3076 tantam
1116 3021 1601 3078 abominationem
1632 3021 1959 3077 sacriﬁcio-

300 3120 436 3162 rum
470 3106 810 3164 idololatriae
859 3109 1253 3166 celebrandam
1286 3111 1638 3181 temporibus
1665 3109 1959 3166 Christia-

299 3208 512 3251 norum
535 3197 816 3254 Caesarum
840 3218 855 3270 ;
875 3212 978 3255 nec
998 3199 1316 3255 mirandam
1349 3199 1399 3255 si
1423 3198 1494 3254 ab
1515 3200 1713 3270 aliquo
1739 3199 1956 3268 optimo

298 3284 429 3339 viro
477 3285 678 3342 malleo
717 3300 829 3342 arae
882 3288 1020 3359 ipsa)
1059 3287 1252 3344 fracta:
1282 3292 1339 3344 et
1385 3288 1691 3344 acervatim
1720 3287 1957 3358 sepultae

298 3379 542 3443 reperta:
577 3375 714 3431 sint.
754 3396 780 3425 ι)

373 3462 474 3519 29.
504 3465 628 3520 Haec
649 3470 929 3535 postrema
955 3467 1162 3538 Ugonii
1184 3467 1532 3538 conjectura,
1557 3470 1641 3523 tot
1661 3465 1956 3536 lapidibus

299 3552 659 3623 conﬁrmata,
735 3569 858 3625 quae
921 3555 1197 3611 suadebat
1243 3556 1494 3627 opinari,
1551 3569 1711 3612 sacra
1755 3555 1956 3611 Matris

301 3643 521 3710 Magna:
570 3648 625 3698 et
668 3643 827 3699 Idaeae
882 3644 1075 3715 peragi
1129 3646 1492 3700 consuevisse
1546 3645 1607 3700 in
1661 3644 1952 3714 Vaticano,

302 3734 473 3784 aetate
504 3735 694 3787 nostra
736 3732 852 3786 vim
891 3733 1404 3789 demonstrationis
1446 3732 1704 3789 obtinuit
1743 3746 1811 3788 ex
1840 3732 1957 3787 alia

306 3816 675 3874 celeberrima
729 3819 1130 3890 inscriptione,
1171 3829 1391 3890 reperta
1443 3822 1502 3876 in
1538 3835 1759 3876 summo
1813 3821 1958 3876 colle

2068 2755 2124 2806 et
2166 2753 2522 2826 Taurobolii,
2574 2760 2746 2825 atque
2791 2755 3068 2812 Criobolii
3117 2757 3387 2828 percepti,
3422 2757 3723 2828 locumque

2067 2839 2393 2898 eti‘ossionis
2426 2843 2734 2915 designans
2788 2845 2848 2900 in
2879 2845 3173 2917 Vaticano,
3218 2845 3321 2902 hac
3348 2859 3458 2901 una
3487 2846 3724 2917 Lugdu-

2068 2931 2232 2986 nensi
2269 2945 2367 2987 ara
2403 2938 2735 2989 czeterarum
2790 2949 2957 2990 usum
2999 2935 3386 2991 demonstrari
3441 2933 3720 3005 intellexi,

2067 3019 2217 3089 apud
2255 3020 2585 3076 Vaticanam
2639 3021 2939 3078 basilicam
2968 3030 3338 3093 repertarum.
3372 3022 3523 3092 Quin
3549 3023 3720 3077 etiam

2069 3108 2188 3164 haec
2236 3111 2639 3181 Lugdunensis
2671 3113 2947 3183 ostendit,
3003 3125 3123 3167 eam
3151 3112 3623 3168 consuetudinem
3653 3110 3723 3166 de

2067 3213 2180 3269 qua
2224 3199 2506 3270 loquitur,
2550 3199 2935 3257 transferendi
2986 3202 3452 3272 superstitiosum
3501 3201 3721 3257 cultum

2066 3288 2222 3343 Idaeae
2251 3289 2470 3359 Matris,
2521 3290 2877 3362 Taurobolii,
2907 3295 2961 3346 et
3011 3291 3290 3348 Criobolii
3342 3305 3411 3347 ex
3453 3291 3724 3347 Vaticano

2064 3377 2209 3433 colle
2261 3379 2643 3434 Romanorum
2667 3379 2735 3435 ab
2763 3379 3030 3436 Colonias
3057 3381 3313 3451 viguisse
3337 3379 3445 3435 sub
3473 3379 3723 3434 Antoni-

2066 3465 2177 3522 nis.
2220 3467 2418 3522 VIRES
2469 3468 2696 3538 TAVRI,
2734 3468 2838 3523 hoc
2865 3475 2950 3523 est
2977 3468 3063 3538 (ut
3092 3482 3220 3522 cum
3270 3467 3547 3521 Salmasio
3578 3467 3721 3520 scite

2065 3557 2300 3626 exponit
2325 3557 2383 3610 P.
2431 3556 2685 3627 Colonia)
2717 3569 2932 3610 cornua
2979 3556 3105 3622 ejus
3133 3553 3465 3623 animantis,
3496 3567 3596 3609 seu
3627 3553 3723 3608 vi-

2068 3645 2254 3700 ctimae
2301 3648 2555 3699 mactatae
2586 3644 2645 3697 in
2674 3640 3019 3696 Taurobolio
3058 3641 3208 3711 apud
3247 3640 3448 3697 collem
3487 3643 3722 3699 Vatica-

2069 3747 2206 3789 num
2253 3733 2462 3799 Romm,
2509 3728 3001 3786 transferebantur
3029 3744 3160 3785 cum
3190 3730 3331 3786 ARA
3376 3735 3432 3785 et
3462 3731 3719 3787 BUCRA—

2068 3823 2186 3877 NIO
2213 3822 2270 3876 in
2309 3819 2623 3888 Coloniam,
2661 3819 2760 3875 ubi
2789 3819 3080 3875 decretum
3126 3817 3312 3875 fuerat
3341 3832 3502 3875 sacra
3523 3821 3722 3877 Matris

305 3907 706 3977 Lugdunensis
745 3909 996 3964 Coloniae
1027 3910 1087 3964 in
1123 3909 1329 3965 Gallia.
1382 3910 1648 3966 Eamdem
1680 3909 1954 3980 vulgavit,
1989 3911 2243 3985 CDeum
2303 3907 2516 3980 Magna:
2560 3909 2718 3964 Idzeae
2745 3921 3010 3979 peragere
3051 3907 3168 3964 ritu
3197 3908 3448 3964 Romano
3481 3922 3578 3978 per
3622 3923 3722 3965 sa-

299 3999 360 4049 et
385 3996 722 4066 lectissima,
751 4013 865 4067 qua
897 3997 1090 4068 pollet,
1130 3999 1460 4054 eruditione
1490 3998 1757 4069 exposuit
1803 4000 1955 4055 adm.

300 4097 420 4138 rev.
447 4085 614 4139 Pater
633 4085 969 4142 Dominicus
991 4086 1062 4142 de
1083 4086 1318 4142 Colonia
1341 4101 1456 4143 soc.
1484 4087 1615 4142 Jesu
1635 4087 1955 4158 theologus,

301 4171 518 4226 multis
542 4173 687 4227 mihi
710 4175 1042 4230 nominibus
1062 4176 1541 4247 spectatissimus,
1567 4180 1622 4232 et
1643 4177 1959 4248 singularis

299 4261 718 4317 benevolentiae
763 4277 920 4334 reque
950 4277 1017 4320 ac
1072 4265 1351 4321 doctrinm
1398 4279 1571 4322 causa
1602 4279 1960 4336 summopere

299 4349 608 4405 colendus.
657 4351 801 4408 Ante
841 4354 1304 4424 quinquennium
1334 4369 1464 4411 cum
1495 4357 1775 4412 Romanas
1799 4356 1960 4411 anti-

301 4438 561 4509 quitates
583 4453 773 4495 secum
797 4440 1097 4498 lustrarem
1118 4443 1380 4514 Lugduni
1409 4456 1522 4499 non
1546 4441 1958 4518 infrequentes,

301 4528 561 4583 ostendit
590 4542 746 4585 aram
789 4530 1121 4587 Taurobolii
1172 4532 1359 4603 signis
1408 4532 1669 4604 incisam,
1697 4533 1957 4590 effossam

307 4617 371 4671 in
397 4630 463 4674 eo
489 4617 653 4688 colle,
684 4623 742 4674 et
769 4621 1245 4677 commentarium
1275 4621 1379 4677 abs
1405 4635 1464 4677 se
1486 4621 1556 4676 de
1588 4622 1689 4678 illa
1712 4623 1954 4695 editum,

307 4705 728 4775 hospitalitatis
753 4714 961 4764 nostra:
974 4715 1243 4765 tesseram
1267 4710 1741 4780 pretiosissimam
1757 4712 1959 4785 largiri

306 4793 528 4849 voluit:
565 4801 684 4851 tum
717 4811 831 4866 prae
847 4797 1070 4853 ueteris
1091 4798 1503 4855 observandum
1530 4799 1868 4872 insinuavit,
1900 4800 1958 4857 in

311 4880 479 4937 illius
506 4896 620 4938 ara:
665 4885 1043 4956 inscriptione
1096 4888 1212 4942 haec
1249 4887 1420 4944 verba
1459 4889 1757 4958 perspicue
1807 4890 1954 4962 legi:

311 4971 484 5027 Vini-:5
519 4986 765 5046 EXCEPIT,
822 4989 886 5030 ar
925 4990 961 5031 Α
999 4976 1268 5033 VATICANO
1304 4992 1682 5051 TRANSTULIT;
1717 4979 1773 5034 id
1807 4980 1959 5035 enim

303 5059 381 5114 de
421 5062 693 5118 Vaticano
739 5064 886 5120 colle
931 5065 1105 5122 Urbis
1153 5068 1342 5124 Romae
1396 5067 1645 5139 intelligi
1701 5074 1961 5138 oportere

303 5150 526 5205 diserte
566 5153 758 5222 tradit,
818 5169 948 5210 cum
986 5157 1044 5211 in
1077 5157 1314 5213 Colonia
1361 5158 1728 5230 Lugdunensi
1763 5159 1960 5215 nullus

2070 3998 2325 4055 cerdotes
2356 4002 2659 4054 exornatos
2700 3996 2908 4052 occabo
2961 4003 3017 4052 et
3047 4010 3258 4052 corona
3281 4011 3314 4052 a
3345 3997 3722 4068 quindecem—

2067 4089 2213 4145 viris
2255 4087 2439 4143 sacris
2469 4085 2777 4142 faciundis.
2827 4086 3060 4141 Praestat
3089 4085 3524 4156 inscriptionem
3556 4085 3722 4140 illius

2068 4191 2179 4232 arte
2231 4175 2634 4247 Lugdunensis
2681 4187 2811 4230 cum
2867 4177 3166 4244 prototypo
3228 4187 3261 4228 a
3308 4187 3395 4229 me
3466 4176 3720 4244 inspecto

2068 4270 2262 4323 exacte
2290 4268 2695 4336 congruentem
2725 4276 2794 4319 ex
2837 4261 2986 4318 libro
3013 4261 3243 4319 laudato
3285 4261 3343 4317 P.
3376 4261 3447 4318 de
3483 4262 3720 4318 Colonia

2070 4354 2345 4413 mutuari.

2479 4472 2815 4516 TAVROBOLIO
2852 4471 3053 4513 MATIUS
3085 4471 3118 4512 D
3147 4471 3187 4512 Μ
3225 4471 3243 4513 I
3270 4470 3304 4512 Β

2317 4545 2451 4596 QVOD
2480 4544 2689 4587 FAC’I‘VM
2719 4544 2814 4586 EST
2844 4544 2915 4585 EX
2949 4543 3175 4586 IMPERIO
3203 4542 3409 4586 MATRIS
3434 4542 3468 4585 D

2827 4615 2975 4656 DEVM

2317 4689 2420 4732 PRO
2463 4687 2664 4730 SALVTE
2701 4685 3069 4729 IMPERATORIS
3112 4684 3242 4728 CAES
3263 4684 3316 4742 Τ,
3345 4685 3467 4730 Αῖιι

2425 4759 2688 4802 HADRIANI
2725 4758 2985 4800 ANTONINI
3014 4757 3136 4798 AVG.
3172 4757 3247 4799 PII
3299 4756 3363 4800 PP

2600 4829 3017 4877 LIBERORVMQVE
3063 4829 3190 4870 EIVS

2458 4902 2524 4942 ET
2551 4902 2743 4944 STATVS
2795 4900 3055 4943 COLONIAE
3081 4897 3328 4940 LVGVDVN

2246 4974 2295 5015 L.
2325 4971 2587 5013 AEMILIVS
2622 4973 2826 5013 CARPVS
2857 4971 2989 5012 IIIIII
3031 4970 3148 5012 VIR.
3175 4968 3296 5009 AVG.
3329 4965 3462 5010 ῙΤΕΜ

2686 5040 3116 5083 DENDROPHORVS

2140 5157 2244 5214 Hic
2280 5155 2492 5214 visitur
2541 5152 2892 5223 insculptum
2920 5152 3102 5222 Caput
3130 5152 3325 5227 Tauri,
3357 5166 3460 5211 seu
3484 5154 3703 5212 Bucra-

304 5244 577 5295 occurrat
607 5241 766 5298 locus
790 5245 1075 5314 ejusmodi
1106 5247 1337 5304 nomine
1361 5248 1630 5305 donatus.
1667 5249 1728 5304 In
1755 5248 1959 5306 Urbem
1993 5249 2046 5311 D
2072 5247 2234 5306 nium
2277 5249 2631 5303 coronatum.
2666 5241 2879 5300 Subtus
2924 5241 3138 5314 legitur
3164 5261 3177 5298 :

479 5365 697 5421 Christi
728 5365 849 5425 383.

473 5437 773 5517 Fabrettus
803 5439 897 5496 fol.
927 5439 1053 5512 666,
1089 5440 1431 5517 n._522,ﬂita
1479 5446 1756 5517 exprimit
1785 5448 1858 5502 M.
1887 5449 1956 5503 D.

382 5362 455 5507 ξεὲ

2138 5373 2202 5446 (c)
2227 5371 2557 5429 Grimaldus
2591 5370 2656 5446 _in
2684 5368 2940 5446 margine
2983 5368 3341 5446 haac_ad_dit:
3375 5387 3411 5446 «_
3433 5369 3586 5446 Hanc
3617 5370 3636 5425 i
3677 5398 3715 5411 —

2067 5439 2440 5516 scri'ptionem
2490 5443 2668 5516 multo
2699 5439 2892 5516 labore
2941 5439 3220 5510 exscripsi
3255 5444 3484 5511 propter
3505 5441 3717 5499 chara—

516 5509 621 5594 ‘ubi
651 5511 826 5594 etiam
873 5504 1070 5594 versus
1093 5504 1302 5594 aliter;
1295 5504 1628 5594 distinguit,
1660 5523 1716 5576 et
1741 5518 1957 5594 aptius,
2067 5504 2266 5594 cteros
2270 5517 2388 5594 jam
2432 5528 2605 5594 p_r0pe
2631 5513 3039 5594 d_eperditos._g

308 5583 382 5634 ut
405 5577 649 5638 videtur.
682 5612 752 5624 —
785 5582 948 5641 Anno
972 5586 1190 5644 Christi
1232 5584 1357 5646 374.

2140 5588 2216 5662 (ἁ)
2245 5578 2345 5660 lia,
2377 5578 2475 5645 se'd
2516 5578 2800 5659 mendose,
2829 5598 2931 5658 pro
2959 5578 3286 5640 ΑΝΔΡωΝ.
