4034 6196
441 351 511 413 67
1182 348 1276 405 AD
1332 347 1774 407 ANASTASIUM
1832 340 2343 407 PROLEGOMENA
2398 351 2575 406 EDIT.
2623 350 3053 410 ROM.-VATIC.

2077 550 2082 554 1
2111 471 2169 531 Α
2205 472 2479 530 inimicus
2509 469 2770 532 veritatis
2798 479 2852 532 et
2877 474 3198 547 religienis,
3227 492 3297 534 ex
3316 478 3532 537 vicinia
3562 481 3716 538 Petri
3748 498 3872 540 ca-

718 488 883 531 vmus
935 477 1162 530 EXCEPIT
1207 485 1281 529 ex
1320 480 1583 530 unum
1627 481 1806 529 unus

859 559 1019 600 TULIT
1072 559 1181 600 ΔΒΑ
1228 559 1292 600 ΕΤ
1345 551 1668 610 ΒΥΕΗΑΝΝΜ¹

863 629 962 671 svo
995 621 1252 672 [NPENDIO
1298 624 1663 671 CONSECRAVIT

1107 700 1206 742 SAR
1215 700 1419 742 EBDOTE

787 773 836 819 Ο.
870 771 1076 813 SANNIO
1122 771 1360 812 SECVNDO
1385 771 1452 812 ΑΒ
1479 773 1553 813 XV
1584 770 1739 813 VIRIS

820 841 1017 885 OGGABO
1070 843 1132 882 ΕΤ
1169 841 1375 884 CORONA
1415 843 1700 884 EXORNATO

716 913 798 955 CVI
849 912 1234 956 SANCTISSIMVS
1261 913 1402 955 ORDO
1449 913 1810 955 LVGVDVNENS

718 985 1164 1026 PERPETVITATEM
1210 984 1499 1027 SACERDOTI
1527 985 1798 1026 DEGREVIT

642 1056 762 1096 ΑΡΡ.
791 1056 959 1097 ANNIO
996 1056 1178 1097 ATILIO
1209 1056 1423 1097 BRADVA
1451 1058 1504 1097 Τ.
1531 1057 1682 1097 CLOD.
1715 1053 1866 1097 VIBIO

1135 1127 1277 1168 VARO
1302 1127 1396 1168 COS

505 1202 565 1256 In
597 1200 838 1257 sinistro
872 1201 1046 1257 latere
1066 1202 1318 1270 ejusdem
1345 1215 1456 1256 ara
1480 1200 1833 1270 insculptum
1855 1202 1942 1255 est
1963 1199 2095 1254 Cra-

436 1288 597 1345 nium
623 1289 839 1346 Arietis
871 1291 1152 1346 indicium
1183 1290 1484 1346 Criobolii.
2069 1314 2074 1318 ν

495 1380 702 1434 Dextro
746 1384 938 1436 autem
970 1379 1031 1435 in
1062 1379 1237 1435 latere
1285 1379 1456 1435 cultri
1493 1377 1676 1450 ﬁgura
1722 1376 1934 1434 vtsitur
1953 1387 2086 1432 cum

437 1464 651 1522 litteris
678 1485 690 1521 :

962 1567 1122 1610 CVlVS
1180 1567 1560 1610 MESONYCTIVH

929 1656 1136 1699 FACTVM
1172 1657 1266 1698 EST
1297 1657 1348 1698 ν.
1382 1657 1460 1699 ID.
1491 1655 1590 1698 DEC

501 1728 645 1800 Apte
670 1730 930 1787 observat
950 1733 1154 1787 doctus
1185 1732 1467 1802 interpres
1506 1731 1682 1800 hujus
1712 1727 2087 1800 monumenti,

436 1830 504 1872 ex
532 1818 906 1888 Tertulliano,
933 1819 1260 1888 Ambrosio,
1293 1820 1543 1875 Firmico
1562 1823 1812 1874 Materno
1839 1817 2094 1887 aliisque

432 1905 816 1974 scriptoribus
845 1907 1128 1976 antiquis,
1179 1924 1214 1960 a
1261 1907 1499 1973 diabolo,
1547 1907 1707 1974 cujus
1730 1910 1861 1960 sunt
1905 1910 2092 1975 partes

430 1993 738 2046 in-vertendi
763 1995 1062 2056 ueritatem,
1096 1993 1428 2049 institutum
1461 1992 1658 2057 fuisse,
1683 1997 1744 2048 ut
1771 1995 1920 2063 ipsas
1946 2008 2092 2062 quo-

433 2095 534 2149 que
563 2096 648 2134 res
668 2085 1127 2135 sacramentorum
1164 2081 1475 2135 divinorum
1503 2080 1711 2151 (verbis
1742 2082 1933 2138 utitur
1964 2082 2092 2135 Ter-

434 2169 688 2239 tulliani)
739 2172 799 2222 in
845 2170 1114 2224 idolorum
1150 2162 1422 2237 mysteriis
1468 2172 1774 2225 aemuletur.
1827 2171 2012 2237 Tingit
2039 2171 2089 2223 et

432 2257 546 2325 ipse
575 2258 765 2324 utique
815 2257 1087 2311 credentes
1139 2263 1189 2311 et
1214 2259 1398 2327 ﬁdeles
1426 2260 1572 2322 suos,
1622 2261 1985 2328 expiationem
2023 2257 2089 2310 de

433 2344 648 2397 lavacro
675 2345 1025 2414 reproml-itit.
1063 2345 1295 2400 Firmici
1329 2360 1555 2416 quoque
1584 2347 1776 2400 verbis
1815 2345 2085 2423 ostendit,

435 2432 584 2487 inter
609 2446 833 2489 errores
873 2432 1239 2502 profanarum
1263 2433 1606 2504 religionum
1638 2448 1670 2488 a
1701 2434 1916 2502 spiritu
1943 2446 2090 2487 men-

430 2521 584 2577 dacii
603 2521 841 2578 subdole
863 2522 1155 2578 inductam
1168 2522 1565 2578 credulitatem
1591 2522 2087 2593 expurgandorum

432 2609 742 2666 criminum
775 2625 875 2680 per
914 2611 1250 2682 sanguinem
1282 2611 1550 2680 victima,
1579 2617 1711 2667 ante
1738 2624 1868 2667 aras
1896 2610 2090 2667 idolo—

433 2712 557 2754 rum
604 2696 926 2768 profusum,
959 2703 1015 2754 et
1060 2699 1181 2754 ritu
1206 2699 1495 2769 descripto
1539 2713 1639 2769 per
1678 2698 1996 2754 Ausonium
2026 2699 2084 2754 in

427 2786 770 2844 Taurobolio
789 2787 1152 2844 etCriobolio
1176 2788 1256 2843 ita
1276 2802 1669 2859 conspersum,
1692 2794 1756 2846 ut
1774 2802 1839 2844 eo
1859 2801 2082 2859 cruore,

429 2877 594 2948 quasi
639 2891 766 2933 rore
815 2876 1138 2950 depluente,
1202 2876 1682 2948 perfunderentur
1734 2878 1984 2934 membra
2021 2891 2087 2932 ac

424 2971 608 3022 vestes
654 2966 971 3022 sacerdotis
1022 2966 1296 3022 initiandi
1329 2966 1437 3023 sub
1463 2966 1661 3022 scrobe
1701 2965 1951 3023 latentis.
1985 2965 2086 3021 His

427 3067 627 3124 nempe
665 3053 1065 3125 sycophantiis
1093 3054 1409 3112 conabatur
1449 3055 1766 3125 impietatis
1817 3055 2088 3126 magister

424 3147 480 3199 et
510 3122 621 3198 Deo
648 3122 880 3199 rebellis
904 3143 1152 3214 spiritus
1185 3143 1428 3200 illudere
1460 3122 1849 3200 sanctioribus
1872 3122 2090 3215 m'yste-
2117 3122 2164 3183 (ἶ

425 3230 535 3288 riis
586 3231 895 3302 utriusque
948 3233 1316 3302 Testamenti,
1366 3233 1671 3289 traducens
1726 3233 1795 3288 ad
1841 3233 2084 3291 abusum

423 3321 859 3390 superstitionis
888 3323 1349 3392 conspersionem
1373 3323 1677 3391 sanguinis
1697 3323 1897 3378 divino
1919 3322 2089 3392 jussu

421 3421 457 3464 a
484 3410 671 3478 Moyse
693 3408 1014 3466 adhibitam
1048 3410 1106 3466 in
1130 3411 1558 3466 consecratione
1590 3411 1882 3482 pontiﬁcis
1921 3411 2090 3466 Aaro.

425 3496 516 3552 nis
540 3498 779 3568 ejusque
801 3497 1055 3554 ﬁliorum
1082 3517 1096 3568 ;
1129 3504 1183 3554 et
1208 3499 1487 3570 sacrilego
1513 3512 1660 3555 ausu
1683 3505 1909 3556 tentans
1939 3499 2086 3555 fada

426 3584 527 3641 illa
546 3584 855 3642 simulacra
879 3584 1117 3642 lotionis
1166 3600 1450 3657 Opponere
1477 3588 1845 3660 dogmatibus
1877 3589 1998 3658 spei
2021 3601 2086 3645 ac

424 3673 555 3729 ﬁdei
583 3681 809 3743 nostra,
833 3673 1113 3744 docentis,
1140 3688 1238 3744 per
1264 3676 1484 3732 Christi
1512 3678 1849 3749 sanguinem
1879 3678 2088 3747 pretio.

423 3773 549 3814 sum
577 3761 810 3830 purgari
845 3773 966 3827 nos,
999 3764 1055 3814 et
1082 3761 1405 3815 consecrari
1440 3761 1592 3816 ﬁlios
1625 3765 1683 3818 in
1709 3765 1950 3822 salutari
1993 3765 2085 3821 la—

422 3859 589 3902 vacro
620 3846 927 3916 baptismi;
975 3846 1298 3902 sacerdotes
1336 3862 1466 3903 vero
1510 3849 1764 3904 dedicari
1795 3853 1854 3905 in
1883 3851 2080 3906 eodem

421 3935 701 4006 sanguine
729 3949 827 4004 per
851 3933 1180 3989 unctionem
1214 3934 1441 3990 ordinis
1469 3939 1524 3990 et
1564 3936 1717 4006 signi
1766 3936 1836 3991 ab
1867 3921 2077 3994 aterno

423 4023 689 4094 pontiﬁce
712 4022 989 4078 instituti.
1022 4021 1126 4079 Sed
1170 4022 1452 4092 inspectio
1478 4036 1825 4080 marmorum
1859 4038 2079 4080 memo—

423 4116 674 4166 ratorum
703 4111 956 4168 declarat
985 4111 1219 4183 longius
1247 4117 1539 4181 provectas
1569 4118 1739 4181 artes,
1771 4113 1907 4169 licet
1932 4113 2079 4169 irri-

421 4206 526 4268 tas,
558 4199 912 4257 etinvidiam
937 4200 1173 4271 maligni
1201 4199 1466 4268 spiritus.
1489 4202 1566 4256 Eo
1596 4201 1747 4256 enim
1777 4202 2076 4257 dementia

429 4290 722 4360 processit,
765 4296 829 4345 ut
853 4288 1190 4360 cogitaverit
1217 4290 1286 4345 de
1325 4288 1700 4345 subvertenda
1749 4291 2076 4350 hierarchia

427 4376 708 4447 Ecclesia,
744 4377 916 4448 idque
945 4378 1260 4446 speraverit
1286 4391 1344 4432 se
1369 4383 1791 4450 assecuturum,
1825 4381 1873 4435 si
1901 4387 2076 4437 secta-

3783 361 3877 420 68

2203 561 2415 618 thedra
2445 577 2580 618 suos
2633 555 2964 621 hierarchas
3002 565 3264 637 ablegare
3321 568 3380 623 in
3423 570 3752 639 provincias
3803 578 3873 628 et

2201 651 2459 708 colonias
2499 653 2736 708 Romani
2781 654 3053 711 nominis.
3089 656 3146 710 In
3203 657 3493 726 Vaticano,
3546 673 3753 730 nempe
3796 662 3866 716 in

2200 741 2495 809 crepidine
2523 743 2658 797 solii
2691 743 2860 812 Petri,
2897 757 3025 800 aras
3072 745 3318 816 Mithrae,
3339 747 3533 815 Isidis,
3559 753 3617 803 et
3644 749 3870 806 Matris

2202 830 2432 900 Magna,
2460 831 2821 887 Taurobolia.
2845 832 3156 903 Criobolia,
3184 840 3240 889 et
3268 836 3549 904 ejusmodi
3589 843 3864 906 portenta

2203 917 2505 973 numinum
2531 932 2597 974 ac
2625 922 3025 990 mysteriorum
3051 922 3131 978 ita
3150 921 3390 979 fundare
3409 938 3716 996 aggressus
3741 931 3860 997 est,

2202 1010 2267 1060 ut
2285 1006 2416 1062 inde
2443 1006 2694 1077 proferre
2718 1011 2960 1078 impium
2982 1011 3199 1066 cultum
3225 1013 3532 1084 utrobique
3555 1021 3765 1084 posset,
3795 1015 3866 1071 in

2199 1093 2487 1151 Orientem
2507 1103 2561 1152 et
2582 1097 2980 1166 Occidentem;
3007 1101 3157 1170 quod
3185 1101 3444 1157 insinuat
3469 1116 3581 1158 non
3608 1103 3872 1159 obscure

2201 1181 2506 1253 inscriptio
2537 1186 2731 1242 Graca
2778 1202 2909 1257 sup.
2956 1202 3020 1244 ll.
3050 1187 3138 1243 28.
3190 1191 3382 1260 Neque
3419 1191 3591 1246 aliter
3631 1193 3866 1246 sentire

2201 1271 2402 1327 suadet
2427 1274 2640 1342 epocha
2667 1275 3067 1333 translationis
3088 1291 3376 1333 sacrorum
3403 1279 3461 1334 in
3477 1281 3859 1350 Lugdunensi

2202 1371 2481 1417 marmore
2497 1363 2852 1435 consignata.
2875 1364 3148 1421 Observat
3171 1367 3323 1422 enim
3345 1372 3664 1437 opportune
3684 1370 3748 1426 P.
3783 1370 3866 1425 de

2196 1444 2453 1521 Colonia,
2489 1464 2618 1507 cum
2651 1450 2922 1523 pluribus
2949 1455 3219 1524 eruditis,
3252 1463 3382 1511 ante
3408 1457 3710 1526 imperium
3745 1459 3867 1513 An-

2198 1539 2386 1594 tonini
2413 1539 2498 1594 Pii
2540 1555 2648 1596 non
2678 1543 2918 1612 reperiri
2970 1543 3151 1599 ullum
3183 1542 3613 1613 Taurobolium,
3655 1547 3863 1614 ejusve

2199 1626 2377 1684 ritum
2433 1627 2608 1685 Roma
2653 1629 2990 1686 translatum
3021 1650 3037 1703 ;
3091 1632 3186 1688 sed
3223 1646 3403 1704 neque
3434 1633 3619 1689 ullum
3657 1634 3862 1690 Roma

2199 1722 2298 1772 aut
2330 1717 2385 1772 in
2422 1718 2738 1787 provinciis
2770 1725 3082 1789 peractum,
3114 1725 3215 1777 aut
3237 1727 3561 1791 perceptum
3587 1722 3862 1793 antiquis

2122 1788 2173 1848 Β
2203 1806 2262 1860 ἱη
2298 1809 2702 1887 monumentis,
2726 1788 2828 1864 aut
2853 1788 3152 1865 historicis
3183 1788 3506 1866 memorari.
3535 1788 3858 1879 Quarecol-

2200 1893 2378 1965 ligere
2399 1909 2705 1965 possumus
2732 1898 2885 1953 circa
2911 1911 3032 1953 eam
3068 1903 3309 1969 atatem,
3357 1912 3470 1968 qua
3507 1899 3860 1955 ordinandis

2201 1983 2431 2053 imperii
2457 1986 2773 2054 provinciis
2788 1986 3079 2043 Adrianus
3092 1992 3148 2042 et
3163 1987 3861 2058 Antoninusoccupaban-

2199 2078 2314 2141 tur,
2347 2079 2403 2128 et
2433 2087 2543 2143 qua
2573 2075 2990 2144 episcopalium
3016 2076 3240 2131 sedium
3265 2077 3714 2132 ordinandarum
3747 2089 3859 2146 par

2197 2175 2338 2217 cura
2355 2162 2650 2218 detinebat
2673 2163 2824 2218 Petri
2847 2177 3222 2234 successores,
3251 2166 3387 2220 dum
3419 2164 3514 2220 isti
3539 2165 3607 2220 ad
3629 2170 3859 2234 aposto-

2197 2249 2384 2306 lorum
2413 2257 2623 2320 trOpaa
2656 2252 2828 2321 paulo
2856 2259 2988 2308 ante
3016 2257 3348 2309 constructa
3375 2269 3474 2324 per
3498 2255 3853 2325 Evaristum,

2201 2338 2260 2394 in
2298 2338 2666 2396 Confessione
2700 2341 2757 2394 B.
2792 2341 2940 2396 Petri
2972 2343 3188 2397 clerum
3219 2343 3574 2414 colligentes,
3602 2348 3657 2398 et
3685 2343 3858 2412 epis-

2199 2441 2391 2499 copos,
2416 2428 2796 2498 presbyteros.
2821 2431 3096 2486 diaconos
3122 2431 3387 2488 initiatos
3409 2433 3591 2488 sacris
3611 2433 3856 2488 ordini—

2197 2516 2305 2573 bus
2325 2517 2458 2572 hinc
2474 2517 2798 2589 ablegantes
2818 2521 2886 2574 ad
2922 2520 3249 2576 Christiana
3280 2535 3462 2591 sacra,
3482 2536 3592 2592 qua
3627 2523 3686 2577 in
3719 2521 3857 2578 sub-

2198 2605 2511 2662 urbicariis
2540 2606 2794 2679 sedibus,
2837 2621 2950 2679 qua
2990 2607 3050 2664 in
3094 2609 3288 2664 titulis
3319 2609 3577 2679 urbanis,
3624 2624 3734 2680 qua
3786 2611 3851 2665 in

2198 2693 2513 2764 provinciis
2542 2696 2873 2763 exercenda,
2903 2697 3076 2752 etiam
3100 2697 3164 2768 in
3187 2701 3308 2752 toto
3335 2697 3545 2753 divisis
3566 2699 3700 2753 orbe
3730 2698 3856 2754 Bri-

2197 2784 2409 2853 tannis,
2447 2797 2533 2854 ea,
2581 2783 2837 2856 inquam,
2884 2790 3068 2858 atate,
3122 2800 3232 2857 qua
3287 2790 3495 2842 nostra
3545 2786 3854 2858 religionis

2197 2874 2488 2929 antistites
2537 2874 2746 2930 summi
2796 2875 2875 2930 ita
2925 2875 3307 2944 procurabant
3356 2889 3580 2931 sacrum
3625 2875 3845 2932 Christi

2197 2962 2607 3033 principatum,
2640 2967 2696 3017 et
2726 2963 3136 3028 sacerdotium,
3167 2963 3622 3032 quindecemviri
3667 2966 3854 3020 sacris

2197 3047 2507 3121 faciundis,
2555 3050 2774 3121 aliique
2803 3051 3123 3107 damonum
3157 3058 3349 3122 mysta
3404 3051 3622 3108 idolum
3653 3054 3846 3124 Dagon

2197 3144 2393 3194 contra
2418 3153 2607 3194 arcam
2630 3139 2858 3194 Domini
2887 3140 3196 3211 erigentes,
3227 3140 3295 3195 ad
3339 3141 3562 3196 radices
3583 3141 3844 3197 Vaticani

2197 3227 2366 3282 collis
2411 3227 2793 3284 instituerunt
2828 3227 3172 3284 Taurobolia
3213 3235 3268 3284 et
3315 3226 3607 3284 Criobolia
3645 3229 3845 3284 Matris

2197 3317 2429 3388 Magna,
2471 3319 2528 3370 et
2556 3316 2763 3372 occabo
2810 3323 3042 3372 ornatos
3090 3323 3146 3372 et
3175 3322 3477 3373 coronatos
3521 3317 3843 3374 sacerdotes

2198 3420 2319 3458 cum
2348 3420 2469 3468 ara,
2501 3409 2551 3458 et
2573 3405 2784 3468 viribus
2815 3409 2866 3459 et
2887 3406 3147 3460 bucranio
3181 3405 3313 3461 inde
3347 3407 3629 3476 perceptis
3660 3406 3843 3462 mise—

2198 3497 2333 3548 runt
2367 3493 2425 3548 in
2451 3493 2709 3549 colonias
2761 3493 2830 3550 ad
2869 3495 3199 3566 contagium
3248 3495 3684 3565 superstitionis
3725 3509 3839 3552 sua-

2195 3582 2513 3651 provinciis
2539 3581 2918 3638 inferendum.
3386 3584 3395 3593 '

2264 3668 2352 3727 30.
2385 3673 2591 3727 Verum
2626 3672 2749 3742 pari
2782 3679 2934 3727 sorte
2976 3685 3042 3727 ac
3080 3671 3220 3727 olim
3278 3673 3470 3744 Dagon
3505 3676 3744 3727 truncus
3775 3671 3831 3727 in

2192 3756 2406 3816 frustra
2432 3761 2700 3816 concisus
2719 3773 2784 3816 ac
2799 3761 3056 3830 dejectus
3076 3767 3207 3816 ante
3227 3773 3414 3814 arcam
3441 3760 3668 3815 Domini
3694 3764 3836 3816 stan-

2190 3853 2300 3902 tem
2355 3854 2614 3916 repertus
2662 3846 2866 3916 fuerat,
2911 3849 3084 3902 etiam
3128 3859 3192 3901 ea
3234 3851 3597 3903 monumenta
3639 3847 3835 3903 Matris

2185 3935 2385 4004 Deum,
2409 3935 2634 3988 Mithra
2654 3933 2895 3989 fratrum
2918 3933 3209 3989 Arvalium
3233 3940 3289 3990 et
3307 3935 3828 4004 quindecemvirum

2185 4021 2472 4078 confracta
2531 4027 2752 4091 reperta
2804 4028 2938 4076 sunt
2982 4035 3048 4078 ac
3092 4021 3472 4079 tumultuarie
3524 4024 3761 4095 disjecta
3801 4038 3832 4080 a

2183 4109 2552 4180 Christianis,
2585 4113 2640 4166 et
2663 4111 2915 4182 projecta
2938 4110 2997 4165 in
3019 4110 3329 4167 scabellum
3351 4113 3553 4181 pedum
3576 4113 3833 4168 Piscato—

2186 4203 2302 4257 ris:
2325 4206 2454 4256 ante
2479 4201 2652 4270 hujus
2679 4199 2978 4256 basilicam
2999 4201 3135 4256 dum
3158 4202 3431 4273 jacerent,
3457 4201 3652 4257 futura
3673 4202 3831 4258 indi-

2185 4290 2275 4346 cia
2295 4290 2549 4346 victoria
2577 4303 2675 4360 per
2689 4289 2855 4346 ﬁdem
2879 4295 3128 4346 nostram
3150 4291 3220 4346 de
3241 4291 3507 4362 gentibus
3522 4304 3831 4362 earumque

2185 4378 2701 4450 superstitionibus
2725 4383 3042 4449 reportata.
3077 4379 3324 4450 Apparet
3346 4378 3410 4434 in
3438 4379 3531 4434 his
3556 4377 3829 4451 fragmen-

423 4464 647 4520 toribus
701 4465 825 4522 suis
873 4465 1202 4535 inspiraret,
1244 4471 1310 4521 ut
1355 4479 1386 4521 e
1431 4467 1722 4538 Vaticano,
1767 4467 1866 4524 ubi
1898 4470 2152 4534 Chri-D
2187 4468 3829 4534 tisvanaamulatiodecidentisidololatria,aTertulliano

422 4553 622 4609 stiana
649 4553 1075 4610 communionis
1091 4559 1348 4610 centrum
1367 4553 1566 4611 ﬁxerat
1594 4557 1812 4627 Petrus,
1841 4563 2073 4615 auctore

418 4642 669 4712 Christo,
697 4641 1045 4702 diﬁ'underet
1071 4641 1170 4698 ille
1203 4645 1470 4713 mysteria
1499 4645 1698 4700 Matris
1717 4647 1893 4701 Deum
1919 4647 2074 4702 ldaa

419 4729 754 4787 auctoribus
799 4730 1286 4800 quindecemviris
1347 4732 1407 4786 in
1473 4732 1665 4788 orbem
1739 4735 2067 4791 Romanum.

423 4819 658 4878 Videbat
678 4819 862 4876 hostis
884 4819 1120 4876 humani
1140 4819 1385 4892 generis,
1408 4834 1440 4877 a
1460 4824 1894 4880 successoribus
1921 4826 2070 4881 Petri

421 4914 545 4979 post
592 4911 719 4979 ejus
773 4909 995 4966 obitum
1051 4909 1352 4980 episcopos
1394 4909 1670 4984 ablegari,
1719 4914 1954 4983 perinde
2005 4927 2070 4970 ac

421 4999 618 5051 Petrus
641 4985 1030 5069 consueverat,
1056 5010 1152 5067 per
1177 4997 1368 5055 orbem
1393 5000 1727 5057 universum
1757 5021 1769 5056 :
1802 5008 1856 5058 et
1878 5003 2071 5058 unita-

418 5091 527 5140 tem
556 5084 819 5139 Ecclesia
851 5089 1062 5143 servari
1097 5101 1194 5158 per
1250 5102 1453 5145 nexum
1489 5090 1794 5145 sacerdotii
1830 5091 2065 5146 maximi

415 5171 702 5228 divinitus
723 5172 1084 5245 institutum;
1107 5191 1235 5232 cum
1261 5185 1403 5233 nutu
1423 5178 1705 5246 principis
1725 5179 2069 5250 episcopalis

417 5260 641 5315 ordinis
669 5262 862 5316 omnia
894 5261 1142 5316 membra
1166 5264 1363 5337 colligi
1398 5265 1457 5319 in
1489 5265 1776 5334 conciliis,
1804 5271 1860 5321 et
1883 5269 2061 5341 dirigi

417 5346 641 5419 legibus
668 5351 960 5418 cernenet;
1004 5348 1328 5409 moderante
1351 5352 1880 5410 rem'Christianam
1921 5357 2063 5412 uni-

414 5449 630 5494 versam
654 5450 720 5493 eo
751 5438 854 5509 qui
886 5437 946 5494 in
965 5435 1118 5492 Petri
1149 5437 1418 5496 cathedra
1443 5455 1737 5498 successor
1765 5449 1820 5499 et
1850 5439 2059 5502 navar-

411 5527 556 5585 chus
575 5527 793 5584 sederet
817 5528 983 5600 quasi
1012 5527 1084 5586 ad
1107 5526 1329 5586 clavum
1351 5530 1686 5601 reipublicae
1713 5533 1930 5592 Christi
1960 5536 2056 5594 vi-

2185 4557 2436 4614 indlcata
2467 4558 2527 4614 in
2561 4557 2845 4615 idolorum
2893 4557 3198 4628 mysteriis,
3231 4562 3294 4613 ut
3323 4561 3474 4628 ipsas
3498 4573 3710 4627 quoque
3739 4573 3825 4612 res

2181 4650 2640 4702 sacramentorum
2669 4647 2976 4702 traduceret
3004 4647 3079 4700 ad
3116 4647 3349 4700 abusum
3379 4648 3783 4716 superstitionis
3807 4666 3823 4710 ;

2181 4735 2316 4793 dum
2334 4737 2662 4806 aspersione
2694 4734 3018 4806 sanguinis,
3047 4733 3444 4791 observatione
3483 4735 3818 4805 mesonyctii

2181 4823 2519 4895 delectuque
2547 4838 2691 4882 area
2735 4822 3017 4879 Vaticana
3042 4829 3097 4878 et
3131 4822 3341 4878 mensis
3369 4823 3694 4879 Decembris
3722 4836 3825 4879 co-

2183 4918 2352 4969 natur
2369 4922 2682 4982 pervertere
2696 4911 3220 4982 nostrareligionis
3235 4913 3501 4968 instituta
3513 4913 3816 4968 sanctiora.

2179 5007 2234 5056 et
2265 5001 2323 5056 in
2371 5002 2510 5072 aris,
2564 4999 2879 5070 laterculis,
2913 5000 3248 5055 marmoreis
3292 5000 3582 5070 aneisque
3607 4999 3818 5056 tabulis

2178 5087 2414 5160 profana
2445 5104 2548 5146 sua
2571 5088 2838 5160 mysteria
2859 5089 2928 5144 ad
2954 5094 3208 5158 posteros
3224 5088 3502 5145 derivare.
3537 5089 3612 5145 At
3634 5090 3810 5154 nostri

2178 5180 2449 5249 prasules
2480 5179 2631 5233 inter
2672 5175 2874 5232 ruinas
2912 5183 3209 5246 prostrata
3238 5178 3625 5246 superstionis
3650 5181 3815 5232 stan-

2174 5273 2282 5324 tem
2310 5281 2497 5324 arcam
2528 5267 2650 5336 Dei,
2679 5271 2734 5322 et
2755 5279 3046 5338 nunquam
3080 5266 3514 5324 subvertendam
3555 5265 3811 5326 inferna-

2171 5354 2297 5414 ru'ln
2330 5361 2671 5428 potestatum
2697 5354 2922 5411 viribus
2953 5363 3166 5424 petram
3214 5357 3594 5428 ostendentes,
3638 5371 3808 5428 supra

2169 5461 2281 5518 qua
2307 5462 2335 5501 η
2353 5443 2605 5502 Ecclesia
2626 5448 2954 5500 constructa
2973 5449 3078 5514 est,
3098 5451 3426 5502 constanter
3448 5454 3802 5516 perseverant

2166 5550 2270 5609 per
2305 5548 2485 5592 annos
2527 5531 2692 5590 mme-
2739 5539 3034 5592 sexcentos
3075 5540 3132 5592 et
3176 5537 3324 5609 quod
3371 5535 3631 5593 excurrit
3675 5547 3798 5593 cum

409 5617 605 5676 carius
649 5616 955 5690 episcopus
999 5617 1305 5678 Romanus.
1335 5619 1699 5681 Commentus
1747 5625 1942 5699 itaque
1965 5635 2050 5686 est
2151 5633 2333 5693 Leone
2359 5628 2580 5701 Magno,
2603 5626 2841 5699 ejusque
2863 5626 3265 5687 decessoribus
3285 5630 3340 5684 et
3367 5611 3802 5685 Successoribus
