4034 6196
231 321 314 380 69
1755 313 2138 379 Ατια
3579 323 3654 384 70

225 448 470 513 quarta.
495 446 545 502 et
563 444 724 506 sm
745 443 895 510 feria
911 455 1066 506 more
1081 441 1374 510 latim.
1390 437 1613 508 jejunis
1635 436 1893 500 indicere.

2007 433 2296 508 hortantur,
2321 441 2388 504 et;
2402 442 2558 511 gesta
2579 443 2890 511 martyrum
2913 441 3346 508 celebrarentur
3357 449 3654 508 carmini-

227 537 286 588 εἰ
321 533 561 588 Sabba-to
589 531 744 601 apud
775 532 990 592 beatum
1013 534 1231 594 Petrum
1256 529 1475 597 vigilias
1505 527 1771 582 celebrare
1793 544 1810 590 ;
1833 525 1894 580 in

233 621 478 692 quibus,
542 619 882 690 praesertim,
935 635 1116 674 mense
1155 617 1449 681 Decembri,
1499 614 1894 672 ordinationes

233 710 648 766 ministrorum
691 708 1167 777 sacerdotumque
1199 707 1483 763 minorum
1519 718 1585 760 ac
1616 704 1892 772 majorum

236 797 563 867 perﬁciant.
591 799 699 852 Nec
721 796 973 867 segniori
995 809 1131 865 cura
1157 794 1439 864 platonias
1460 792 1714 848 basilicae
1740 792 1899 846 inci—

229 886 454 941 derunt
501 885 892 941 monumentis
936 895 1227 953 nunquam
1270 882 1550 938 desituris
1588 879 1894 936 sacerdotii

229 974 561 1029 Christiani
591 991 604 1027 :
645 974 794 1029 unde
820 971 1170 1042 pontiﬁcalis
1201 970 1447 1026 historia
1476 967 1896 1040 colligipotuit

227 1068 288 1117 et
306 1062 646 1118 conﬁrmari
674 1062 732 1116 in
757 1061 1016 1116 texendis
1033 1059 1323 1130 Catalegis
1340 1058 1448 1114 sub
1471 1057 1694 1113 Liberio
1715 1062 1770 1112 et
1785 1056 1894 1114 sub

228 1150 425 1205 Felice
457 1154 684 1220 quarto,
715 1153 774 1204 et
799 1150 859 1206 in
886 1148 1034 1202 Vitis
1061 1146 1396 1218 pontiﬁcum
1421 1145 1766 1218 colligendis
1787 1143 1894 1200 sub

226 1237 536 1309 Gregoriis
577 1238 831 1294 secundo
861 1245 914 1294 et
946 1237 1114 1294 tertio

303 1376 394 1436 3i.
416 1381 751 1436 iucundum
778 1379 891 1434 erit
917 1379 1200 1449 inspicere
1222 1382 1432 1450 quanta
1453 1381 1775 1448 superesset
1797 1391 1896 1448 per

225 1483 352 1525 eam
385 1475 619 1525 aetatem
650 1469 814 1539 capia
840 1468 1333 1539 documentorum,
1368 1481 1478 1524 non
1508 1467 1673 1523 modo
1702 1467 1760 1521 in
1791 1482 1895 1523 co—

227 1558 471 1614 dicibus
496 1557 721 1613 archivi
744 1557 1070 1626 apostolici,
1096 1558 1190 1613 sed
1217 1557 1388 1612 etiam
1419 1557 1477 1611 in
1501 1556 1819 1626 parietibus
1839 1563 1894 1612 et

233 1646 630 1704 marmoribus
676 1658 966 1701 sacrarum
1014 1645 1244 1715 mdium,
1292 1659 1417 1714 qum
1462 1658 1550 1700 res
1595 1644 1893 1715 plerasque

231 1734 682 1837 comprobarent
721 1735 781 1789 in
815 1733 926 1837 hoc
968 1732 1290 1837 Fontiﬁcali
1332 1733 1501 1837 Libro
1541 1733 1886 1837 enuntiatas.
1923 1763 1975 1826 Β
2000 1775 2067 1819 ac
2095 1732 2402 1837 ponimcii,

227 1824 362 1879 Tria
396 1823 579 1878 ferme
603 1823 672 1880 ad
704 1823 892 1892 capita
919 1822 1115 1878 reduci
1150 1827 1389 1892 possunt
1413 1836 1477 1877 ea
1508 1837 1633 1892 qua:
1662 1822 1721 1876 in
1745 1823 1893 1878 Vitis

230 1911 579 1989 pontiﬁcum
596 1917 899 1968 occurrent
913 1912 1216 1966 Anastasio
1237 1910 1492 1966 tributis.
1522 1911 1770 1966 Primum
1790 1925 1894 1966 ca-

231 2006 335 2070 put
357 2007 450 2056 est
475 1999 972 2072 chronologicum,
1003 2000 1267 2055 indicans
1289 2009 1512 2069 tempus
1532 1999 1809 2054 sessionis
1833 2000 1891 2054 in

230 2090 382 2144 Petri
417 2089 715 2160 cathedra,
748 2093 806 2143 et
834 2088 1098 2144 consules
1137 2087 1350 2158 quibus
1384 2088 1685 2157 respondet
1717 2087 1894 2142 unius

232 2178 521 2248 cujusque
543 2176 916 2246 pontificatus
938 2176 1174 2232 initium
1194 2189 1258 2229 ac
1281 2177 1582 2230 terminus.
1605 2176 1785 2244 Caput
1801 2175 1893 2230 al—

153 2310 164 2321 .
231 2271 418 2320 terum
448 2271 676 2320 constat
695 2264 942 2320 decretis
966 2270 1022 2319 et
1041 2263 1512 2319 ordinationibus
1536 2263 1893 2319 sacerdotum

230 2367 294 2407 ac
320 2354 755 2409 ministrorum.
787 2354 1042 2408 Tertium
1067 2352 1318 2422 denique
1346 2351 1595 2407 includit
1623 2352 1896 2408 donatio—

233 2455 332 2498 nes
359 2441 704 2513 fundorum,
730 2448 1054 2498 structuras
1081 2441 1453 2497 basilicorum
1480 2455 1545 2496 ac
1568 2441 1892 2512 titulorum,

230 2537 575 2586 ornamenta
595 2537 652 2586 et
672 2531 1084 2600 supellectilem
1113 2531 1418 2600 pretiosam
1443 2529 1708 2584 Ecclesiae
1729 2529 1897 2584 obla—

231 2625 347 2674 tam
385 2633 422 2674 a
461 2619 837 2689 pontiﬁcibus
875 2619 1165 2691 Romanis,
1217 2617 1662 2689 imperatoribus
1692 2617 1896 2673 aliisve

229 2708 631 2779 principibus.
664 2710 1010 2765 Documenta
1037 2722 1225 2765 rerum
1258 2707 1476 2778 triplici
1512 2708 1680 2763 hocce
1711 2707 1896 2777 capite

229 2798 677 2853 enuntiatarum
718 2797 797 2853 ita
839 2803 1000 2853 erant
1033 2798 1089 2852 in
1135 2797 1436 2867 propatulo
1474 2797 1583 2852 sub
1620 2796 1895 2868 Gregorio

230 2888 435 2955 tertio,
486 2888 716 2958 quando
762 2887 929 2943 Liber
973 2887 1080 2942 iste
1112 2886 1463 2942 Pontiﬁcalis
1503 2887 1561 2941 in
1598 2885 1890 2957 publicum

232 2975 520 3046 prodivit,
565 2981 628 3031 ut
656 2975 952 3046 complura
995 2975 1106 3046 legi
1149 2979 1378 3045 possent
1411 2975 1470 3030 in
1513 2973 1894 3030 marmoribus

231 3064 534 3136 genuinis.
570 3065 726 3120 Licet
757 3065 1039 3120 indicium
1071 3065 1367 3119 desumere
1397 3063 1677 3121 ubertatis
1706 3064 1894 3120 docu-

233 3158 565 3208 mentorum
591 3166 660 3208 ex
688 3153 763 3208 iis
786 3167 910 3224 quae
943 3157 1070 3223 post
1100 3165 1281 3208 annos
1307 3152 1464 3208 mille
1489 3153 1605 3222 jam
1635 3153 1893 3207 evolutos

231 3254 263 3295 a
291 3241 569 3312 Gregorii
604 3241 761 3296 tertii
793 3246 957 3296 aetate
986 3240 1052 3295 ad
1101 3245 1352 3295 nostram
1393 3241 1581 3296 adhuc
1623 3240 1894 3296 visuntur

232 3343 541 3400 superesse
569 3330 628 3385 in
652 3329 848 3386 titulis
876 3328 1140 3400 Urbanis,
1168 3329 1532 3400 cmmeteriis,
1556 3327 1818 3385 basilicis
1837 3332 1894 3383 et

233 3420 514 3475 archivis.

301 3541 396 3600 32.
433 3541 596 3610 Quod
629 3543 879 3613 pertinet
904 3541 973 3598 ad
1008 3542 1259 3612 primum
1305 3545 1476 3612 caput
1506 3540 1892 3614 chronologiaa

239 3631 598 3704 pontiﬁcalis
630 3644 731 3702 per
758 3629 1024 3688 consules
1054 3630 1166 3686 rite
1193 3629 1593 3704 comprobata,
1627 3629 1893 3685 ostendi—

240 3735 383 3790 mus,
421 3721 485 3776 in
530 3720 691 3776 Actis
721 3725 1051 3791 martyrum,
1101 3719 1158 3775 in
1191 3718 1465 3790 platoniis
1489 3732 1520 3774 a
1565 3719 1621 3773 B.
1650 3719 1891 3775 Damaso

243 3808 471 3879 incisis,
507 3808 568 3862 in
588 3809 929 3864 cmmeteriis
953 3807 1277 3878 loculisque
1301 3806 1652 3863 Christianis
1677 3812 1762 3862 tot
1785 3821 1895 3863 su-

244 3912 465 3971 peresse
505 3897 849 3956 documenta
897 3896 1338 3955 consuetudinis
1382 3896 1549 3952 illius
1586 3896 1794 3966 aetatis,
1828 3899 1893 3952 ut

241 3995 445 4060 quarto
489 3992 766 4058 sextoque
811 3986 1018 4046 saeculo
1063 3985 1284 4041 Christi
1329 3985 1557 4042 abunde
1601 3984 1894 4055 potuerint

243 4076 371 4132 inde
437 4075 640 4148 colligi
704 4076 973 4146 indiculi,
1037 4074 1305 4147 catalogi,
1367 4074 1660 4146 diptycha,
1735 4087 1894 4130 mar—

241 4165 544 4240 tyrologia.
571 4165 801 4222 Teritur
828 4165 1084 4222 omnium
1117 4164 1382 4221 manibus
1406 4164 1554 4220 liber
1580 4164 1894 4233 impressus

242 4254 428 4310 Romae
456 4267 610 4310 anno
638 4251 796 4326 4654,
828 4255 1157 4325 complexus
1187 4253 1598 4323 Inscriptiones
1622 4253 1893 4324 antiquas

238 4343 584 4416 superstites
611 4343 670 4398 in
697 4341 938 4398 basilica
958 4343 1014 4398 S.
1041 4342 1227 4412 Pauli,
1250 4343 1346 4397 via
1369 4340 1642 4398 Ostiensi.
1669 4341 1892 4397 Placuit

2006 523 2114 578 bus
2145 525 2352 584 incisis
2377 526 2434 584 in
2469 528 2764 601 platoniis,
2791 530 2938 587 Urbe
2963 533 3213 592 nondum
3236 538 3654 603 captaetdire—

2007 617 2103 682 pta
2127 626 2159 668 a
2189 614 2413 677 Gothis,
2447 617 2718 674 Vandalis
2746 624 2802 674 et
2829 620 3054 675 Hunnis
3075 620 3102 674 ?
3125 620 3187 676 Si
3215 622 3452 692 gentilis
3475 624 3653 680 Deiﬁ-

2006 701 2142 758 nius
2167 703 2449 760 Romanos
2470 703 2647 762 fastos
2673 721 2706 762 a
2734 708 2904 764 Bruto
2936 713 2992 764 et
3028 709 3313 766 Collatino
3341 711 3410 766 ad
3435 711 3650 767 Julium

2004 790 2274 848 Caesarem
2295 794 2602 859 ordinavit,
2625 795 2884 851 collectis
2907 799 3292 855 marmoribus
3308 800 3655 869 Capitolinis

2005 892 2070 934 ex
2103 878 2213 936 fori
2241 882 2473 937 Romani
2509 883 2796 953 reliquiis,
2821 894 2993 956 atque
3021 900 3328 956 paucarum
3360 888 3534 944 Urbis
3555 902 3655 944 ec-

2004 967 2334 1037 clesiarum,
2367 984 2480 1040 quo
2511 976 2717 1028 temere
2747 973 3024 1030 translata
3055 973 3281 1033 fuerant
3313 975 3652 1048 fragmenta,

2005 1059 2479 1127 quemadmodum
2501 1061 2814 1117 Panvinius
2838 1068 3126 1130 memorat,
3155 1071 3282 1133 post
3297 1078 3478 1122 annos
3496 1065 3656 1121 mille

2007 1146 2351 1216 quingentos
2373 1162 2540 1218 quam
2567 1147 2796 1205 fuerant
2822 1150 2881 1205 in
2903 1148 3026 1206 foro
3049 1152 3222 1220 positi
3248 1170 3263 1221 ς
3287 1158 3428 1223 quot
3447 1153 3657 1223 praesi-

2002 1234 2121 1290 diis
2151 1235 2536 1308 chronologize
2565 1237 2832 1294 suifultos
2864 1237 3044 1295 fuisse
3073 1240 3363 1299 credimus
3390 1245 3653 1298 auctores

2002 1322 2398 1394 Catalogorum
2432 1325 2850 1394 pontiﬁcalium
2881 1327 2990 1382 sub
3022 1327 3250 1384 Liberio
3279 1333 3336 1383 et
3364 1328 3654 1386 Damaso?

2005 1413 2318 1482 prmsertim
2340 1427 2469 1468 cum
2499 1414 2600 1469 illa
2625 1420 2790 1472 aetate
2817 1421 2943 1486 post
2961 1417 3288 1478 Chronicon
3311 1417 3384 1474 ab
3405 1417 3654 1474 Eusebio

2001 1499 2287 1571 digestum
2313 1514 2409 1571 per
2429 1503 2693 1558 consules
2709 1516 2777 1558 ex
2800 1503 2960 1559 Actis
2983 1505 3440 1576 publicis,qu
3463 1504 3653 1576 Magni

1999 1587 2360 1644 Constantini
2384 1589 2454 1645 ab
2475 1591 2745 1648 omnibus
2767 1591 2997 1662 imperii
3023 1593 3339 1664 provinciis
3358 1593 3656 1649 submini-

2002 1676 2222 1743 stratis,
2265 1690 2378 1733 non
2420 1683 2533 1733 tam
2567 1680 2875 1738 recudendi
2915 1686 3104 1738 essent
3137 1681 3292 1740 Fasti
3323 1681 3656 1742 consulares

2436 1781 2606 1838 quam
2651 1767 2982 1824 conferendi
3014 1783 3144 1826 cum
3175 1769 3397 1830 tabulis
3433 1770 3655 1827 Latinis

2003 1853 2380 1923 notariorum,
2393 1857 2868 1928 cmmeteriorum,
2885 1857 3144 1918 indicum
3156 1858 3281 1914 etdi
3291 1857 3650 1928 ptychorum,

2004 1941 2218 2012 quibus
2237 1942 2490 2014 Catalogi
2515 1944 2961 2001 admovebantur
2989 1945 3167 2002 veluti
3194 1945 3262 2001 ad
3293 1946 3534 2016 Lydium
3562 1945 3655 2002 1a-

2005 2030 2212 2101 pidem.
2232 2031 2561 2102 Anonymus
2577 2032 2848 2088 collector
2859 2034 3153 2090 Fastorum
3173 2033 3282 2090 sub
3295 2034 3652 2104 Constantio,

2005 2133 2170 2189 quem
2199 2120 2589 2189 Cuspinianus
2625 2122 2872 2190 primum
2909 2127 3132 2189 nactus,
3179 2135 3306 2177 mox
3334 2121 3508 2182 etiam.
3535 2123 3654 2178 Bu-

2003 2208 2255 2280 cherius,
2298 2210 2520 2282 mquior
2566 2209 2883 2268 mstimator
2924 2209 3179 2278 praeclari
3234 2209 3398 2265 illius
3441 2223 3654 2266 monu-

2006 2298 2204 2364 menti,
2230 2297 2637 2353 felicioricurm
2661 2297 2978 2353 cardinalis
2998 2297 3214 2354 Norisii
3243 2297 3650 2353 illustrandum

2007 2385 2386 2455 reliquerunt,
2418 2398 2757 2456 anonymus,
2791 2386 3046 2455 inquam,
3083 2385 3182 2442 ille
3211 2385 3355 2444 satis
3379 2386 3650 2456 ostendit,

2005 2474 2177 2529 etiam
2203 2474 2348 2528 citra
2371 2487 2531 2542 opem
2554 2473 2823 2530 Chronici
2847 2473 3180 2544 Eusebiani,
3206 2480 3345 2544 quot
3364 2475 3648 2544 adjumen-

2006 2563 2083 2620 tis
2133 2561 2569 2618 suﬁ'ulcirentur
2606 2563 2832 2633 epochaa
2870 2563 3201 2620 consulares
3233 2563 3292 2618 in
3323 2563 3650 2637 Occidente,

2006 2651 2220 2722 quibus
2253 2651 2558 2721 pontiﬁcis:
2603 2649 2772 2707 facile
2799 2651 3208 2722 alligabantur.
3239 2651 3430 2707 Minus
3462 2653 3655 2723 itaque

2006 2742 2390 2798 necessarium
2424 2741 2572 2798 duco
2601 2742 2817 2798 versari
2857 2741 3088 2798 diutius
3119 2741 3179 2796 in
3209 2741 3447 2811 hujusce
3477 2742 3650 2812 primi

2002 2833 2214 2902 capitis
2253 2830 2625 2900 ﬁrmamento,
2671 2844 2800 2886 cum
2839 2824 3224 2901 chron'ologiaa
3263 2830 3570 2900 pontiﬁcis:
3599 2835 3656 2886 et

2002 2921 2328 2978 consularis
2364 2934 2500 2990 opes
2532 2925 2722 2976 essent
2755 2920 2814 2974 in
2845 2925 3142 2976 numerato
3182 2920 3258 2976 iis
3288 2920 3390 2991 qui
3429 2919 3654 2975 medio-

2002 3023 2154 3066 crem
2198 3022 2394 3065 curam
2435 3008 2777 3064 adhiberent
2819 3012 3024 3079 quarto
3072 3007 3290 3064 Christi
3334 3007 3544 3064 saeculo
3591 3007 3650 3063 in

1915 3084 1970 3155 (ἶ
2003 3098 2374 3155 observandis
2435 3097 2820 3154 monumentis
2879 3097 3170 3166 Romanis,
3234 3097 3486 3154 nondum
3555 3109 3654 3168 per

2001 3187 2219 3244 Gothos
2245 3192 2302 3243 et
2327 3186 2608 3243 Vandalos
2646 3185 2988 3242 deturbatis.
3032 3186 3248 3254 Quinto
3279 3200 3410 3242 vero
3441 3183 3652 3241 smculo

2000 3277 2215 3333 Christi
2244 3276 2496 3345 ineunte,
2530 3275 2666 3330 licet
2684 3275 2961 3332 colluvies
2982 3274 3356 3331 barbarorum
3379 3275 3519 3330 Urbi
3545 3289 3655 3332 su-

2003 3365 2232 3439 perfusa
2261 3364 2430 3422 bonis
2454 3363 2682 3420 artibus
2709 3363 2921 3420 bellum
2951 3364 3250 3434 indiceret,
3274 3369 3330 3419 et
3355 3363 3651 3432 complura

2002 3459 2332 3512 ornamenta
2372 3453 2604 3523 deleret,
2655 3452 2960 3508 maximam
2993 3457 3178 3506 tamen
3221 3458 3434 3520 partem
3465 3451 3655 3506 docu-

2003 3549 2321 3600 mentorum
2351 3543 2579 3598 abolere
2611 3553 2967 3610 nequaquam
3008 3538 3216 3606 potuit,
3248 3549 3432 3607 neque
3461 3537 3652 3594 desti-

2002 3636 2159 3686 tutos
2188 3631 2512 3700 relinquere
2543 3626 2895 3682 testimoniis
2926 3629 3243 3693 temporum
3274 3631 3330 3678 et
3359 3630 3650 3696 gestorum

2000 3718 2380 3791 chronologos
2415 3723 2471 3771 et
2512 3713 2840 3770 historicos.
2877 3712 2950 3766 Ut
2983 3712 3136 3768 enim
3165 3716 3297 3768 ante
3332 3711 3648 3770 Gothorum

2003 3806 2384 3878 irruptionem
2424 3801 2658 3859 Eusebii
2690 3802 2889 3858 Fastos
2917 3804 2976 3856 et
3000 3801 3324 3859 Chronicon
3366 3801 3654 3874 Hierony-

2003 3909 2149 3964 mus,
2193 3892 2522 3962 Hieronymi
2571 3893 2812 3962 Prosper
2855 3889 3125 3960 perduxit
3167 3889 3238 3944 ad
3287 3889 3650 3947 consulatum

2000 3983 2256 4041 Valentis
2284 3987 2505 4043 sextum
2545 3985 2603 4036 et
2631 3979 3022 4036 Valentiniani
3055 3978 3391 4047 secundum,
3432 3977 3649 4035 Christi

2001 4086 2131 4129 vero
2150 4084 2365 4128 annum
2385 4066 2509 4140 378,
2536 4068 2617 4124 ita
2633 4081 2746 4124 non
2762 4067 2990 4123 destitit
3009 4066 3214 4137 quinto
3237 4066 3446 4123 saeculo
3467 4065 3657 4124 Victo-

2003 4162 2127 4218 rius
2168 4160 2493 4232 Aquitanus
2532 4158 2812 4214 Canonem
2863 4155 3209 4224 Paschalem,
3251 4160 3307 4210 et
3349 4155 3650 4211 Periodum

2001 4262 2280 4306 annorum
2310 4260 2510 4306 Dxxxn
2534 4245 2802 4304 ordinare
2828 4258 2926 4315 per
2945 4243 3210 4300 consules
3230 4256 3262 4299 a
3283 4243 3512 4299 duobus
3535 4243 3654 4301 Ge—

2002 4339 2198 4408 minis,
2224 4337 2441 4394 Christi
2467 4333 2558 4405 28,
2585 4335 2655 4391 ad
2681 4333 3120 4392 Constantinum
3142 4337 3201 4390 et
3219 4331 3454 4402 Rufum,
3475 4331 3654 4414 Chrif

238 4431 617 4501 experimenti
634 4445 805 4488 causa
823 4444 1122 4489 numerare
1137 4430 1750 4502 quotconsulatusillae
1765 4442 1891 4486 con-
1920 4429 1971 4506 ip
1999 4429 2075 4486 sti
2103 4426 2204 4485 457
2233 4447 2247 4500 ;
2281 4441 2449 4500 quem
2481 4425 2730 4483 laborem
2759 4437 3077 4494 anonymus
3107 4421 3254 4478 sexti
3282 4420 3480 4478 saeculi
3514 4435 3655 4494 pro-

241 4520 479 4576 tineant.
496 4521 630 4592 Legi
642 4521 789 4578 duos
807 4534 982 4594 supra
1002 4522 1295 4594 octOginta
1313 4521 1373 4576 in
1391 4521 1468 4576 iis
1481 4534 1604 4592 qua:
1619 4519 1895 4576 Christia-

239 4621 442 4666 norum
460 4613 622 4680 sunt,
644 4615 699 4664 et
713 4610 1050 4681 pertingant
1066 4610 1136 4666 ad
1156 4623 1456 4666 numerum
1475 4606 1596 4666 436.
1617 4609 1896 4680 Complu~

241 4709 329 4752 res
359 4704 635 4767 praeterea
663 4705 801 4754 sunt
829 4698 1261 4771 inscriptiones,
1303 4712 1546 4770 quarum
1576 4695 1891 4769 fragmenta

238 4799 366 4840 cum
390 4800 503 4842 non
533 4786 819 4843 retineant
841 4792 924 4843 tot
948 4787 1222 4844 elementa
1252 4787 1574 4844 dictionum
1604 4786 1669 4841 in
1696 4785 1892 4842 nomi-

241 4873 410 4929 nibus
435 4875 741 4935 consulum
771 4875 1064 4947 indicatis,
1092 4882 1156 4931 ut
1178 4875 1426 4946 intelligi
1450 4875 1633 4944 possit
1653 4875 1721 4930 ad
1751 4887 1892 4946 quos

237 4964 503 5020 consules
553 4964 894 5036 referantur,
939 4965 1320 5022 excludendas
1364 4964 1558 5034 putavi
1599 4977 1631 5018 a
1672 4976 1893 5019 summa

237 5055 532 5123 praedicta.
577 5051 717 5110 Cum
764 5054 946 5126 igitur
979 5054 1148 5111 unica
1179 5054 1238 5110 in
1283 5054 1402 5109 mde
1441 5065 1602 5108 sacra
1643 5053 1892 5108 Romana

237 5143 533 5212 supersint
559 5149 684 5212 post
707 5157 888 5199 annos
915 5143 1073 5199 mille
1093 5156 1125 5199 a
1149 5143 1484 5202 collectione
1508 5141 1666 5203 Libri
1690 5141 1893 5197 Ponti-

238 5224 421 5287 ﬁcalis
441 5237 526 5287 tot
549 5231 711 5302 paria
731 5231 1054 5303 consulum,
1081 5237 1141 5288 ut
1156 5233 1454 5302 septimam
1479 5229 1654 5286 ferme
1677 5236 1891 5299 partem

239 5320 533 5378 Fastorum
561 5321 956 5378 consularium
989 5321 1225 5392 implere
1256 5321 1480 5389 possint
1509 5333 1542 5376 a
1565 5319 1795 5376 Tiberio
1820 5319 1888 5376 ad

237 5409 652 5480 Iustinianum,
688 5409 806 5466 sive
843 5410 914 5468 ab
944 5423 1094 5466 anno
1140 5410 1425 5480 passionis
1469 5409 1783 5465 Dominicae
1820 5409 1888 5466 ad

239 5498 479 5556 Felicem
510 5503 833 5570 quartum;
867 5506 1007 5572 quot
1035 5505 1312 5570 putamus
1347 5497 1603 5572 patuisse
1632 5497 1889 5558 omnium

240 5586 426 5646 oculis
444 5587 555 5654 sub
579 5587 811 5656 Liberio
836 5594 892 5648 et
910 5589 1171 5660 Damaso,
1193 5589 1331 5658 dum
1355 5587 1600 5674 catalogi
1627 5586 1893 5650 conscri-

1999 4518 2170 4574 duxit
2197 4517 2266 4573 ad
2301 4517 2467 4574 ﬁnem
2497 4512 2724 4570 Periodi
2757 4511 3100 4570 Victoriana:
3133 4514 3260 4580 post
3287 4509 3652 4566 consulatum

1999 4606 2198 4667 Basilii
2222 4618 2389 4674 xvtu,
2419 4603 2636 4660 Christi
2665 4598 2792 4671 559,
2815 4606 2871 4656 et
2894 4600 3084 4658 adhuc
3113 4598 3329 4670 legitur
3357 4599 3512 4668 apud
3533 4599 3654 4653 Bu-

1999 4696 2279 4752 cherium.
2335 4693 2488 4762 Quin
2526 4692 2700 4749 etiam
2749 4689 2902 4746 Fasti
2948 4689 3250 4748 marmorei
3293 4687 3353 4742 in
3393 4687 3653 4743 Coioniis

2000 4784 2231 4856 reperti,
2258 4795 2499 4854 quorum
2532 4779 2846 4852 fragmenta
2877 4777 3061 4834 edidit
3085 4778 3367 4832 Gruterus
3395 4773 3493 4831 fol.
3518 4787 3647 4843 ccxc,

1999 4879 2055 4930 et
2083 4872 2384 4928 Fahrettus
2413 4871 2859 4939 inscriptionum
2892 4865 2989 4923 fol.
3021 4862 3143 4934 485,
3181 4867 3385 4933 praeter
3411 4862 3525 4916 alia
3552 4863 3652 4915 in-

2001 4961 2155 5019 edita
2186 4972 2311 5030 qua
2341 4971 2448 5014 suo
2483 4962 2734 5025 tempore
2763 4955 2956 5012 daturi
3004 4965 3222 5018 sumus,
3253 4951 3389 5004 dum
3424 4949 3652 5020 pariant

2000 5049 2265 5106 consules
2302 5045 2649 5112 ordinarios,
2692 5045 2878 5098 Romae
2906 5037 3270 5110 procedentes
3299 5051 3432 5092 cum
3461 5037 3652 5110 magi—

2003 5138 2281 5196 stratibus
2305 5137 2430 5206 ejus
2454 5132 2694 5190 colonia:
2723 5135 2823 5186 aut
2853 5116 3070 5184 ηιυήἱοί
3081 5125 3185 5196 pii,
3219 5127 3532 5184 ostendunt
3557 5140 3649 5182 ne-

1999 5231 2138 5286 dum
2161 5228 2367 5296 Romae,
2391 5224 2486 5282 sed
2508 5225 2680 5280 etiam
2702 5220 2761 5278 in
2787 5215 3100 5290 provinciis
3126 5217 3368 5286 spectari
3395 5216 3651 5285 potuisse

2000 5320 2338 5376 documenta
2363 5326 2598 5384 operum
2628 5311 2990 5382 publicorum
3016 5305 3075 5366 in
3111 5306 3325 5376 quibus
3343 5303 3646 5361 consulum

2000 5409 2382 5465 Romanorum
2413 5403 2589 5462 series
2619 5393 3076 5473 cognosceretur.
3119 5394 3277 5465 Quod
3312 5392 3495 5463 igitur
3523 5393 3654 5448 atti-

2001 5503 2096 5559 net
2114 5496 2184 5555 ad
2209 5497 2460 5572 primum
2482 5495 2654 5562 caput
2673 5488 3060 5561 chronologiae
3081 5481 3404 5572 consularis
3425 5494 3651 5572 aequan-

2003 5587 2088 5644 da:
2113 5570 2243 5643 cum
2283 5582 2599 5658 pontiﬁcia,
2627 5582 2772 5639 satis
2796 5581 3058 5642 constare
3085 5571 3338 5651 arbitror
3365 5571 3436 5628 de
3463 5570 3652 5628 docu-
