4050 6184
411 315 476 374 74
1163 315 1259 372 ΑΙ)
1311 313 1751 372 ANASTASIUM
1802 308 2316 372 PROLEGOMENA
2371 315 2547 372 EDIT.
2607 316 3038 380 nom-varie.
3751 318 3828 379 72

415 444 623 502 mentis
640 445 843 514 quarto
864 443 922 497 et
937 443 1096 497 sexto
1115 438 1324 496 saculo
1349 438 1705 510 praservatis
1725 436 2062 494 auctoribus
2087 435 2148 496 A
2249 437 2312 492 In
2343 436 2594 496 laudatis
2622 437 2839 496 litteris
2867 440 3118 498 Cornelii
3152 455 3305 512 papa
3331 441 3400 499 ad
3432 440 3670 499 Fabium
3700 441 3826 499 An-

412 534 807 604 Catalogorum
841 529 949 587 sub
980 530 1207 586 Liberio
1236 533 1292 585 et
1320 529 1430 586 sub
1461 529 1644 584 Felice
1669 532 1892 600 quarto.

483 620 571 678 33.
616 623 702 676 Me
733 620 927 690 itaque
958 617 1246 675 conferam
1276 619 1344 674 ad
1377 618 1620 674 alterum
1663 624 1836 687 caput
1873 630 2063 672 rerum

415 711 846 768 enuntiatarum
867 709 924 764 in
946 709 1100 764 hisce
1117 709 1264 763 Vitis
1282 707 1637 778 pontiﬁcum,
1657 706 1806 777 quod
1825 705 2066 775 comple-

414 803 596 857 ctitur
623 800 952 858 eorumdem
983 799 1207 854 decreta
1238 797 1534 867 nonnulla,
1567 803 1623 852 et
1653 809 1953 852 numerum
1981 809 2064 850 sa-

415 905 641 947 crarum
660 889 1088 946 ordinationum
1106 900 1248 958 quas
1258 887 1475 958 singuli
1497 891 1851 957 peregerunt.
1871 887 2064 940 Decre-

415 984 472 1036 ta
491 986 555 1036 ut
575 979 887 1049 plurimum
907 975 1296 1033 referebantur
1312 976 1379 1030 ad
1399 974 1792 1044 disciplinam,
1806 975 1875 1030 ad
1897 973 2064 1028 litur-

415 1070 522 1141 gia
538 1068 878 1137 ministeria,
892 1066 962 1122 ad
978 1067 1153 1122 ritum
1168 1070 1672 1120 sacramentorum.
1686 1065 1825 1118 Nam
1837 1063 2062 1133 dagma-

415 1165 470 1214 ta
498 1158 628 1213 ﬁdei
652 1161 880 1225 nostra,
905 1155 956 1210 si
981 1167 1090 1226 qua
1116 1153 1261 1210 forte
1282 1152 1596 1209 convellere
1619 1151 1871 1208 haretici
1899 1164 2062 1206 cona-

417 1251 631 1314 rentur,
667 1245 738 1302 ab
785 1245 1026 1301 istorum
1066 1243 1306 1298 audacia
1347 1241 1725 1297 defendebant
1763 1239 2062 1310 pontiﬁces

415 1335 738 1392 redditione
765 1331 1016 1404 Symboli
1048 1331 1374 1401 apostolici,
1417 1330 1694 1400 Majorum
1736 1327 2062 1384 traditioni-

414 1424 523 1482 bus
533 1430 588 1481 et
606 1423 1010 1480 interdictione
1026 1435 1337 1479 sacrorum.
1358 1421 1483 1475 Hac
1498 1425 1686 1476 autem
1708 1419 2061 1475 munimenta

414 1513 568 1584 ﬁdei,
610 1512 746 1568 licet
764 1513 957 1569 arcani
984 1510 1298 1581 disciplina
1338 1509 1674 1580 plerumque
1713 1509 2056 1578 contegeret,

413 1615 596 1672 neque
622 1609 918 1672 propterea
947 1598 1134 1656 forent
1160 1599 1218 1654 in
1241 1597 1542 1668 propatulo
1570 1595 1953 1652 marmoribus
1979 1594 2062 1649 in-

412 1691 653 1747 cidenda
681 1705 779 1761 per
807 1705 929 1746 eam
954 1693 1362 1759 tempestatem,
1392 1687 1487 1742 sed
1513 1687 1570 1741 in
1596 1685 1850 1742 archivis
1879 1683 2062 1739 Eccle-

2178 525 2529 600 tiochenum,
2558 529 2712 586 circa
2740 543 2955 588 annum
2985 531 3203 587 Christi
3230 529 3355 602 255,
3383 531 3520 588 dum
3554 537 3826 588 narratur

2173 629 2205 670 a
2229 617 2442 673 Novato
2465 619 2790 690 presbytero
2812 620 3153 678 subornatos
3180 620 3360 677 fuisse
3378 627 3435 677 et
3458 621 3672 677 accitos
3692 621 3826 690 epi-

2173 718 2374 774 sc0pos
2406 712 2537 777 tres,
2573 714 2639 764 ut
2669 722 2938 766 manuum
2985 710 3357 779 impositione
3387 710 3500 765 sibi
3535 711 3826 766 traderent

2171 795 2582 867 episcopatum,
2619 797 2860 854 miriﬁce
2899 799 3302 868 comprobatur
3331 799 3402 854 ab
3431 799 3822 870 apostolorum

2171 889 2333 939 atate
2366 885 2518 941 hunc
2544 887 2722 943 ritum
2753 901 2875 944 esse
2907 885 3295 959 repetendum,
3329 902 3496 960 quem
3530 889 3588 944 in
3627 889 3822 943 Graca

2171 972 2342 1028 etiam
2382 974 2639 1031 Ecclesia
2663 977 3021 1032 observatum
3064 976 3245 1034 fuisse
3273 982 3405 1032 ante
3441 990 3624 1032 annos
3662 975 3823 1031 mille

2171 1061 2514 1132 quingentos
2529 1063 2757 1136 colligit
2771 1066 3029 1122 Morinus
3047 1064 3358 1137 (sacrarum
3376 1065 3822 1122 Ordinationum

2172 1161 2290 1218 par.
2326 1163 2389 1215 ιι,
2430 1165 2552 1223 pag.
2593 1151 2680 1226 24)
2704 1166 2773 1208 ex
2805 1155 3009 1210 ordine
3037 1168 3069 1210 a
3092 1155 3376 1210 Clemente
3413 1154 3666 1209 Romano
3694 1153 3826 1223 pri-

2172 1251 2326 1294 mum
2353 1240 2604 1312 vulgato,
2646 1243 2947 1299 mandante
2979 1243 3140 1300 beato
3185 1245 3370 1314 Petro,
3401 1257 3529 1299 mox
3559 1255 3591 1297 a
3624 1247 3825 1312 poste-

2173 1327 2428 1384 rioribus
2465 1331 2733 1387 atatibus
2776 1337 2963 1388 aucto.
2998 1333 3156 1388 Unde
3185 1331 3248 1388 ﬁt
3279 1332 3536 1388 Vitarum
3579 1332 3822 1387 istarum

2169 1421 2461 1473 auctorem
2495 1432 2678 1490 neque
2709 1420 3001 1476 inutiliter
3031 1435 3212 1492 neque
3244 1421 3390 1476 citra
3417 1422 3823 1476 auctoritatem

2169 1508 2487 1562 asseruisse
2529 1507 2588 1562 in
2633 1509 2760 1564 Vita
2802 1509 3149 1566 Clementis:
3181 1509 3309 1564 Ideo
3346 1511 3515 1564 Linus
3554 1518 3603 1564 et
3641 1509 3824 1564 Cletus

2169 1599 2296 1648 ante
2322 1610 2440 1650 eum
2460 1597 2896 1661 conscribuntur,
2924 1614 2981 1652 eo
3008 1598 3154 1667 quod
3177 1598 3245 1652 ab
3270 1600 3387 1668 ipso
3404 1599 3656 1668 principe
3681 1613 3826 1667 apo-

2170 1682 2430 1740 stolorum
2456 1685 2531 1739 ad
2553 1687 2920 1740 ministerium
2943 1686 3276 1742 sacerdotale
3306 1687 3668 1741 exhibendum
3693 1691 3826 1741 sunt

411 1780 512 1836 sia
533 1779 875 1836 asservanda
897 1793 1027 1834 cum
1052 1777 1271 1834 divinis
1298 1754 1530 1847 litteris,
1555 1779 1762 1831 etcum
1791 1773 2060 1844 genuinis
2085 1754 2142 1819 Β
2173 1773 2410 1842 episcopi
2441 1775 2708 1829 ordinati.
2751 1775 3023 1845 Princeps
3057 1775 3209 1831 enim
3243 1775 3654 1845 apostolorum,
3689 1788 3823 1830 cum

411 1868 642 1924 Patrum
675 1867 965 1938 operibus,
999 1867 1270 1922 visuntur
1299 1869 1487 1920 tamen
1515 1862 1767 1918 indicata
1795 1861 2062 1918 ﬁdelibus

413 1955 473 2011 in
499 1969 780 2011 marmore
805 1953 1092 2024 Hippolyti
1119 1953 1375 2023 episcopi
1398 1957 1454 2007 et
1482 1951 1769 2022 martyris,
1795 1950 1895 2006 ubi
1917 1955 2066 2006 cata-

411 2044 578 2116 logus
603 2045 729 2114 ejus
756 2043 1222 2100 lucubrationum
1257 2041 1475 2096 indicat
1501 2041 1616 2110 jam
1644 2046 1763 2096 tum
1795 2039 2064 2096 collectas

412 2131 594 2190 fuisse
608 2132 952 2203 apostolicas
971 2131 1330 2200 traditiones,
1358 2144 1456 2201 per
1469 2143 1533 2185 ea
1547 2128 1741 2184 verba:
1760 2127 2064 2184 AIIOCTO-

409 2223 579 2279 ΛΙοΗ
600 2220 1012 2289 IIAPAAOCIC,
1037 2225 1092 2276 et
1112 2219 1401 2290 Opuscula
1421 2219 1744 2290 dogmatica
1765 2217 1933 2272 ΠΕΡΙ
1956 2215 2062 2270 ΘΥ

412 2313 532 2368 ΚΑΙ
542 2310 814 2369 CAPXOC
830 2309 1144 2365 ANACTAC
1151 2307 1303 2378 EQC,
1319 2307 1385 2362 de
1395 2310 1524 2370 Deo,
1540 2312 1590 2361 et
1601 2307 1783 2360 carnis
1796 2321 1880 2359 res
1886 2320 2062 2359 urrec-

411 2405 574 2466 tione,
603 2401 772 2456 IIEPI
795 2397 1160 2454 ΤἈΓΑΘΟΥ
1186 2397 1304 2452 ΚΑΙ
1327 2394 1576 2452 ΠΟΘΕΝ
1599 2395 1688 2450 ΤΟ
1707 2394 1966 2464 ΚΑΚΟΝ,
1997 2394 2062 2448 de

411 2493 566 2556 bono,
581 2495 631 2546 et
643 2491 787 2545 unde
797 2490 1021 2543 malum.
1037 2486 1384 2542 Necessitate
1398 2491 1582 2542 autem
1608 2488 1872 2555 poscente
1887 2489 1950 2538 ut
1965 2495 2063 2552 per

410 2580 658 2638 concilia
679 2577 829 2648 apud
851 2576 1038 2633 sedem
1054 2575 1427 2646 apostolicam
1447 2574 1738 2646 graviores
1758 2586 1944 2629 causa
1956 2572 2062 2640 ju-

410 2671 764 2738 dicarentur,
791 2671 848 2723 et
869 2666 1164 2722 sententia
1188 2666 1419 2720 Patrum
1449 2663 1928 2720 conﬁrmarentur
1950 2674 2064 2716 au-

411 2759 678 2816 ctoritate
708 2755 999 2827 pontiﬁcis
1024 2754 1302 2824 ,Romani,
1347 2754 1522 2822 hujus
1549 2751 1807 2822 epistola
1837 2756 1894 2806 et
1920 2750 2060 2805 Acta

409 2848 646 2905 concilii
671 2843 1207 2902 transmittebantur
1231 2843 1300 2898 ad
1323 2843 1605 2897 Ecclesias
1635 2841 1972 2911 pracipuas,
1997 2843 2062 2893 ut

413 2939 473 2994 in
499 2950 668 2992 causa
699 2935 899 2991 Novati
923 2933 1141 2989 celebre
1168 2931 1489 3000 exemplum
1516 2930 1730 3002 legitur
1758 2929 1907 2999 apud
1939 2930 2062 2984 Eu-

409 3026 632 3083 sebium
680 3024 947 3080 Historia
993 3022 1093 3077 lib.
1137 3035 1216 3088 v1,
1257 3034 1380 3089 cap.
1432 3016 1544 3075 43:
1581 3021 1818 3073 Exstant
1856 3018 2057 3080 adhuc,

2173 1874 2426 1917 normam
2455 1862 2784 1919 institueret
2806 1863 2910 1919 hac
2937 1863 2998 1919 in
3019 1863 3270 1920 Ecclesia
3296 1864 3647 1935 reliquarum
3669 1863 3828 1919 ordi-

2174 1951 2490 2008 nandarum
2535 1966 2600 2007 ac
2645 1953 3038 2025 regendarum,
3101 1967 3213 2010 non
3272 1954 3471 2010 omisit
3518 1954 3824 2024 designare

2170 2041 2316 2096 duos
2350 2041 2650 2111 episcopos
2694 2042 2857 2097 lateri
2900 2057 3005 2098 suo
3042 2043 3394 2116 adhasuros,
3429 2057 3558 2098 cum
3606 2043 3823 2114 quibus

2174 2141 2376 2184 manus
2400 2129 2714 2199 imponeret
2738 2131 3026 2202 episcopis
3061 2146 3160 2202 per
3187 2133 3412 2188 diversa
3439 2131 3561 2186 loca
3587 2131 3647 2186 in
3673 2130 3824 2186 Urbe

2172 2219 2532 2289 ordinandis,
2569 2233 2766 2288 nempe
2803 2221 2872 2274 ad
2911 2221 3294 2275 exhibendum
3331 2221 3388 2276 id
3431 2221 3820 2276 ministerium

2172 2308 2480 2364 sacerdotii
2514 2308 2766 2378 majoris,
2801 2309 2949 2378 quod
2984 2315 3098 2363 tres
3127 2309 3426 2380 episcopos
3468 2309 3820 2380 requirebat.

2171 2396 2314 2450 Hinc
2356 2395 2505 2451 inter
2542 2409 2787 2452 canones
2827 2409 2969 2466 quos
3007 2403 3210 2452 vocant
3247 2399 3649 2467 Apostolorum,
3690 2411 3825 2453 om-

2173 2483 2333 2540 nium
2364 2484 2606 2540 habetur
2631 2485 2873 2554 primus,
2904 2485 3004 2555 qui
3033 2486 3258 2556 statuit,
3289 2487 3614 2543 ministerio
3640 2486 3820 2542 trium

2171 2572 2570 2642 episcoporum
2602 2573 2934 2643 episcopum
2965 2573 3246 2628 ordinari.

2242 2663 2303 2716 In
2333 2662 2525 2716 eadem
2551 2662 2793 2732 epistola
2822 2662 3074 2718 Cornelii
3105 2664 3308 2719 merito
3338 2663 3606 2734 culpatur
3630 2664 3826 2719 Nova-

2172 2753 2285 2821 tus,
2307 2749 2455 2822 quod
2482 2757 2846 2821 posteaquam
2871 2751 3062 2808 morbo
3080 2753 3392 2822 convaluit,
3415 2753 3475 2807 in
3495 2766 3606 2822 quo
3623 2751 3827 2822 bapti—

2172 2853 2354 2895 smum
2394 2846 2741 2911 susceperat,
2781 2841 2992 2909 reliqua
3014 2857 3121 2895 non
3153 2843 3471 2912 pepercerit,
3497 2857 3618 2910 qua
3648 2841 3822 2909 juata

2171 2930 2584 2984 ecclesiasticam
2621 2930 2865 2997 regulam
2890 2932 3104 3000 percipi
3137 2931 3349 2994 debent,
3383 2946 3556 2999 neque
3592 2931 3662 2984 ab
3697 2931 3822 2999 cpi-

2169 3033 2324 3088 scopo
2344 3021 2416 3073 sit
2436 3020 2805 3086 consignatus.
2828 3019 2970 3088 Quis
2992 3033 3103 3075 non
3126 3019 3315 3074 videat
3336 3019 3472 3074 hinc
3498 3008 3824 3075 luculenter

413 3116 625 3187 inquit,
654 3115 894 3184 epiotola
919 3112 1153 3168 Cornelii
1181 3088 1547 3166 Romanorum
1581 3109 1816 3178 episcopi
1843 3108 1918 3161 ad
1946 3108 2062 3160 Fa-
2091 3088 2143 3156 (ἶ
2171 3106 2401 3176 probari
2432 3107 2856 3163 ecclesiasticas
2888 3108 3114 3179 regulas
3143 3108 3490 3164 constitutas
3520 3114 3650 3164 ante
3677 3108 3826 3164 Cor—

411 3205 558 3259 bium
575 3203 955 3258 Antiochensis
978 3200 1231 3254 Ecclesia
1243 3197 1532 3268 praesulem
1553 3199 1751 3260 missa,
1774 3199 1834 3250 in
1864 3196 2060 3266 quibus

408 3298 457 3348 et
486 3297 740 3350 Romana
777 3290 974 3359 synodi
1013 3291 1185 3356 gesta,
1225 3293 1276 3342 et
1312 3289 1552 3342 omn-ium
1592 3301 1694 3356 per
1735 3287 1978 3352 Italiam,
2011 3287 2062 3339 et

410 3382 682 3450 Africam,
714 3381 1054 3448 aliorumque
1083 3377 1320 3432 locorum
1357 3377 1579 3430 illorum
1601 3376 1916 3445 provincias
1946 3389 2062 3428 sen-

408 3474 587 3526 tentia
617 3471 988 3526 declarantur.
1023 3466 1292 3537 Epistola
1319 3479 1452 3521 vero
1483 3479 1628 3536 quas
1657 3465 1806 3520 Petri
1840 3476 2064 3519 succes-

408 3574 565 3618 sores
606 3560 901 3616 dedissent
938 3558 1008 3614 ad
1053 3557 1354 3626 Ecclesias,
1385 3561 1542 3611 tanta
1576 3554 1852 3626 religione
1881 3553 2063 3608 susci-

408 3649 731 3720 piebantur,
767 3653 1037 3715 tantoque
1068 3646 1126 3699 in
1156 3646 1340 3712 pretio
1369 3644 1742 3714 habebantur,
1773 3648 1835 3699 ut
1864 3642 2059 3698 eadem

406 3737 658 3792 Historia
697 3733 930 3789 Eusebii
964 3746 1066 3788 nos
1103 3733 1321 3801 doceat,
1366 3735 1545 3801 illam,
1594 3746 1762 3804 quam
1803 3732 2061 3787 Clemens

409 3824 640 3880 nomine
679 3823 944 3877 Romana
970 3819 1236 3875 Ecclesia
1267 3820 1576 3889 scripserat
1604 3821 1674 3874 ad
1704 3820 2056 3889 Corinthios,

404 3917 464 3968 in
483 3914 760 3984 plerisque
788 3909 1044 3964 Ecclesiis
1069 3922 1191 3970 sua,
1225 3910 1276 3961 et
1299 3907 1570 3975 superiori
1596 3911 1852 3961 memoria
1870 3908 2062 3977 palam

403 4003 630 4058 recitari
661 4000 998 4054 consuevisse
1035 3995 1292 4068 (Euseb,
1332 3997 1475 4051 Hist.
1511 3995 1614 4050 lib.
1649 4008 1738 4064 ιιι,
1770 4009 1892 4065 cap.
1932 3994 2059 4066 46);

407 4096 464 4148 et
492 4092 572 4146 ita
603 4089 921 4160 proximam
962 4086 1143 4144 fuisse
1176 4085 1429 4142 habitam
1463 4085 1766 4141 sententiis
1790 4084 2062 4154 Epistola

408 4179 570 4236 Pauli
611 4179 681 4236 ad
720 4179 1004 4249 Hebraos,
1046 4182 1105 4232 ut
1143 4192 1264 4231 cum
1297 4177 1524 4245 reliquis
1558 4174 1808 4243 Apostoli
1844 4175 2061 4243 scriptis

407 4286 515 4326 non
543 4273 661 4326 sine
685 4283 853 4324 causa
882 4267 1069 4322 eadem
1098 4267 1364 4321 recenseri
1386 4265 1640 4319 videatur
1667 4264 1849 4334 (ibid,
1877 4278 1927 4320 c.
1951 4261 2057 4337 38).

409 4361 634 4428 Verum,
673 4359 759 4415 uti
799 4355 1185 4427 observabam,
1231 4355 1290 4410 in
1327 4354 1486 4410 hisce
1532 4354 1680 4410 Vitis
1725 4354 2059 4424 pontiﬁcum

2173 3195 2387 3252 nelium
2409 3196 2564 3252 circa
2587 3197 2736 3251 ritus
2759 3196 3031 3266 baptismi
3054 3196 3435 3253 observandos
3457 3197 3628 3252 etiam
3651 3196 3721 3252 ab
3745 3197 3826 3252 iis

2171 3285 2272 3356 qui
2305 3285 2641 3340 necessitate
2674 3290 2910 3356 urgente
2939 3286 3432 3355 compendiariam
3477 3285 3820 3342 beneﬁcium

2170 3373 2510 3428 sacramenti
2554 3372 2940 3428 obtinuissent
2975 3374 3139 3442 juxta
3176 3375 3569 3431 deﬁnitionem
3607 3375 3822 3432 decreti

2169 3462 2418 3518 Victoris
2459 3476 2639 3532 papa,
2679 3468 2810 3516 ante
2852 3475 3032 3518 annos
3075 3465 3370 3534 sexaginta
3413 3465 3630 3521 conditi
3677 3471 3731 3520 et
3763 3466 3825 3521 in

2169 3551 2422 3621 ejusdem
2464 3551 2589 3607 Vita
2627 3551 2708 3606 ita
2743 3552 2998 3620 expressi
3026 3551 3053 3606 ‘I
3075 3552 3369 3607 Constituit
3397 3558 3479 3617 ut,
3508 3555 3826 3608 necessitate

2166 3643 2422 3709 faciente,
2450 3640 2546 3703 ibi,
2575 3641 2670 3694 ubi
2698 3641 2950 3695 inventus
2977 3643 3196 3709 fuisset,
3223 3644 3334 3696 sive
3363 3646 3423 3698 in
3447 3646 3686 3711 ﬂumine,
3710 3644 3824 3697 sive

2168 3731 2228 3783 in
2256 3731 2418 3792 mari,
2459 3732 2569 3784 sive
2598 3730 2659 3784 in
2686 3729 2953 3798 fontibus,
2995 3735 3209 3784 tantum
3251 3731 3566 3786 Christiana
3604 3733 3825 3798 confes—

2169 3821 2317 3873 sione
2345 3820 2686 3875 credulitatis
2730 3820 3052 3889 clariﬁcata,
3099 3821 3407 3889 quicunque
3449 3821 3723 3874 hominum
3755 3835 3824 3874 ea

2168 3909 2472 3975 gentilitate
2492 3911 2710 3962 veniens
2732 3913 2793 3962 ut
2816 3909 3203 3976 baptizaretur.
3231 3909 3374 3976 Quis
3396 3921 3505 3963 non
3531 3907 3823 3981 intelligat

2171 3995 2306 4051 hinc
2338 3997 2552 4066 percipi
2579 3997 2949 4066 disciplinam
2971 3997 3341 4067 apostolicam
3371 3997 3724 4067 chrismatis,
3749 3999 3822 4055 ab

2169 4085 2458 4155 episc0po,
2517 4097 2627 4140 non
2677 4097 2808 4140 vero
2861 4099 2893 4141 a
2945 4085 3204 4156 simplici
3260 4085 3586 4156 presbytero
3637 4087 3824 4142 mini—

2173 4173 2412 4244 strandi,
2443 4187 2610 4244 quam
2631 4187 2663 4230 a
2689 4176 2899 4230 Novato
2924 4175 3305 4246 posthabitam
3331 4175 3427 4231 hic
3455 4176 3658 4232 merito
3683 4176 3823 4233 cul-

2173 4268 2268 4332 pat
2293 4262 2594 4318 Cornelius
2619 4263 2646 4316 ‘I
2672 4265 2892 4319 Rursus
2926 4265 2985 4320 in
3016 4266 3305 4336 episcopis
3345 4264 3584 4321 subdole
3611 4265 3820 4323 accitis

2173 4365 2272 4421 per
2289 4352 2486 4407 Novati
2517 4350 2766 4409 fautores
2786 4353 2855 4409 ad
2886 4355 3140 4425 ejusdem
3167 4354 3650 4410 consecrationem
3676 4368 3822 4412 cen-

405 4450 630 4506 decreta
649 4447 984 4518 plerumque
1002 4445 1289 4516 pertinent
1303 4443 1371 4500 ad
1388 4442 1780 4516 disciplinam,
1801 4449 1854 4499 et
1871 4443 2060 4513 potior
2083 4435 2140 4501 D
2171 4454 2362 4496 suram
2387 4446 2608 4497 exercet
2631 4442 2949 4514 Cornelius,
2979 4444 3289 4514 objurgans
3317 4456 3412 4498 eos
3443 4441 3622 4500 fuisse
3648 4444 3820 4502 clan—

411 4551 540 4609 pars
562 4536 808 4594 refertur
827 4535 895 4591 ad
921 4535 1240 4606 liturgiam.
1273 4535 1398 4588 Hac
1428 4533 1623 4602 itaque
1646 4544 1778 4600 pars
1801 4531 2059 4588 historia

410 4626 758 4698 pontiﬁcalis
796 4623 1088 4680 nitebatur
1126 4621 1458 4678 testimonio
1503 4619 1829 4690 quotidiani
1877 4621 2060 4677 mini-

407 4716 595 4783 sterii,
625 4713 954 4784 apostolica
979 4711 1135 4768 sedis
1165 4711 1285 4767 ritu
1327 4707 1694 4779 frequentati,
1728 4715 1785 4766 et
1814 4710 2059 4767 subinde

405 4805 615 4878 digesti
641 4804 702 4858 in
721 4802 983 4858 Codicem
1008 4799 1396 4867 Gelasianum,
1421 4797 1540 4853 sive
1563 4797 1833 4855 Ordinem
1863 4799 2060 4856 Roma-

409 4907 544 4950 num
573 4905 738 4964 quem
765 4894 998 4948 vocant:
1045 4888 1125 4943 ita
1171 4894 1234 4944 ut
1259 4899 1369 4942 are
1393 4887 1702 4957 perennius
1735 4903 2058 4948 monumen-

409 4987 530 5036 tum
563 4981 845 5050 ejusmodi
883 4980 1102 5036 rituum
1136 4991 1202 5033 ac
1225 4977 1583 5035 decretorum
1623 4979 1951 5037 dedicatum
1977 4983 2057 5038 sit

411 5068 469 5122 in
503 5069 666 5136 praxi
698 5070 1036 5136 quotidiana
1065 5067 1332 5124 Ecclesia
1361 5069 1642 5124 Romana.

479 5151 568 5210 44.
595 5154 745 5223 Quin
767 5157 937 5210 etiam
965 5157 1024 5210 in
1050 5158 1314 5227 epistolis
1345 5156 1610 5212 Romana
1635 5156 1902 5212 Ecclesia
1925 5171 2056 5227 pon-

408 5244 650 5312 tiﬁcum,
699 5254 840 5313 quas
881 5243 1050 5309 paulo
1080 5251 1210 5302 ante
1249 5243 1552 5299 memoravi
1603 5246 1971 5306 transmissas
2001 5251 2056 5302 et

407 5333 717 5404 diligenter
757 5328 1077 5386 custoditas
1108 5331 1164 5386 in
1209 5331 1464 5388 archivis
1493 5330 1714 5386 sedium
1749 5334 2057 5404 praecipua-

411 5434 558 5491 rum,
589 5421 776 5477 elucet
817 5418 1014 5491 praxis
1045 5417 1373 5488 disciplina
1406 5425 1887 5477 sacramentorum
1918 5423 2062 5479 alio-

411 5523 652 5581 rumque
681 5510 922 5580 rituum,
958 5521 1084 5580 qua
1113 5507 1444 5579 comprobat
1472 5515 1644 5580 atque
1689 5509 1946 5570 illustrat
1970 5514 2062 5572 de-

409 5604 564 5658 creta
590 5611 625 5658 a
651 5598 1056 5658 decessoribus
1084 5597 1257 5658 edita.

2169 4530 2363 4587 culum
2384 4538 2772 4602 congregatos.
2794 4533 2906 4587 Hoc
2925 4544 3122 4601 nempe
3141 4531 3550 4588 adversabatur
3567 4533 3820 4592 decretis

2166 4621 2313 4677 Sixti
2340 4633 2406 4676 ac
2433 4621 2758 4692 Zephyrini,
2791 4621 3092 4677 recensitis
3131 4621 3236 4677 hoc
3277 4621 3338 4676 in
3369 4621 3540 4678 Libro
3568 4623 3819 4679 Pontiﬁ-

2167 4710 2277 4768 cali
2302 4711 2366 4764 de
2379 4713 2628 4778 formatis
2649 4727 2683 4765 a
2699 4711 3019 4780 patriarcha
3038 4711 3415 4782 impetrandis,
3435 4715 3495 4766 ut
3512 4714 3815 4782 episcopus,

2166 4803 2357 4857 relicta
2385 4803 2507 4857 sede
2535 4817 2656 4864 sua,
2685 4802 2906 4855 Romam
2934 4802 3153 4856 veniens
3190 4800 3461 4856 redeundi
3492 4806 3819 4871 potestatem

2166 4892 2402 4947 haberet.
2444 4894 2558 4946 Imo
2597 4896 2647 4946 et
2679 4891 3092 4961 συγκλεισθέντας,
3132 4891 3427 4953 conclusos,
3460 4891 3569 4960 ὡρᾷ
3610 4889 3813 4958 δεκάτη,

2167 4982 2300 5036 hora
2344 4982 2571 5046 decima,
2622 4981 2883 5052 μεθύοντας
2919 5001 2998 5034 χαι
3046 4979 3426 5052 κραιπαλόντας,
3473 4981 3816 5045 temulentos,

2165 5075 2214 5125 et
2233 5071 2461 5140 crapula
2481 5085 2782 5140 Oppressos,
2809 5069 3032 5126 irritam
3049 5074 3106 5124 et
3125 5068 3486 5124 umbratilem
3507 5082 3823 5126 consecra-

2165 5159 2376 5216 tionem
2401 5158 2652 5214 declarat
2681 5159 2734 5212 ei
2760 5158 3107 5214 contulisse:
3140 5155 3355 5228 quibus
3383 5157 3545 5213 vitiis
3567 5158 3820 5214 ordina-

2167 5247 2346 5304 tionis
2377 5260 2487 5303 non
2519 5245 2759 5301 obscure
2793 5246 3122 5302 indicantur
3150 5246 3401 5315 oppositi
3429 5260 3673 5302 canones
3703 5247 3819 5302 de-

2166 5351 2454 5394 cessorum
2495 5336 2758 5391 Romana
2798 5335 2952 5390 sedis
2989 5335 3322 5391 antistitum
3356 5353 3370 5407 ;
3406 5348 3604 5405 nempe
3645 5335 3820 5390 Tele-

2166 5427 2385 5498 sphori,
2417 5424 2604 5481 missa
2628 5422 3063 5479 celebrationem
3089 5425 3342 5494 aptantis
3366 5438 3433 5479 ex
3457 5425 3595 5480 hora
3618 5424 3810 5499 tertia,

2167 5533 2280 5591 qua
2308 5514 2588 5572 Dominus
2619 5517 2811 5569 noster
2846 5512 3104 5570 ascendit
3145 5514 3204 5570 in
3228 5526 3477 5582 crucem,
3509 5513 3579 5570 ad
3611 5515 3812 5571 horam
3915 5590 3920 5593 _

2169 5617 2395 5676 nonam,
2450 5614 2564 5674 qua
2617 5601 2679 5658 in
2714 5614 2884 5659 cruce
2913 5602 3228 5674 exspiravit
3265 5599 3348 5674 (ut
3396 5599 3548 5660 infra
3581 5603 3640 5659 in
3679 5602 3811 5673 ejus
