4034 6196
177 315 249 374 73
1698 311 2073 372 passam.
3533 334 3606 396 π

180 447 301 502 Vita
335 446 549 502 diserte
582 442 1300 535 legitur,)geaceptanocte
1344 440 1676 535 Nativitatis
1721 440 1826 495 Do-
1855 439 1916 501 A
1945 456 2072 535 esse
2115 449 2354 535 oportere
2399 449 2460 502 in
2495 449 2737 507 Ecclesia
2782 456 3063 516 catholica.
3118 465 3186 517 In
3233 482 3344 535 qua
3415 475 3595 530 tamen

177 537 444 607 minica;
471 540 528 590 et
546 533 878 605 Zephyrini,
904 533 1166 604 jubentis
1190 539 1251 587 ut
1292 535 1350 586 in
1377 532 1671 602 praesentia
1712 544 1836 584 om-

176 629 328 681 nium
379 627 698 680 clericorum
762 628 814 679 et
865 625 1129 678 laicorum
1177 623 1442 693 ﬁdelium,
1491 624 1601 677 sive
1649 622 1830 684 levita,

176 719 285 771 sive
339 715 595 770 sacerdos
644 711 1280 784 ordinaretur}(Euseb.,
1334 726 1459 783 pag.
1508 709 1636 782 245,
1688 712 1832 766 Hist.

178 803 276 858 lib.
315 803 436 873 vr);
478 803 631 873 quod
682 803 858 860 etiam
902 801 1089 858 elucet
1129 801 1248 857 alio
1279 801 1338 856 in
1382 800 1638 872 epistola
1688 799 1830 868 loco,

178 892 274 948 ubi
315 893 542 948 dicitur
569 894 824 948 Novatus
874 889 1214 961 presbyterii
1268 890 1482 946 honore
1517 889 1834 961 insignitus

173 979 243 1035 ab
286 981 583 1050 episcopo,
620 980 1020 1052 indulgentius
1051 992 1180 1034 cum
1228 977 1331 1035 illo
1374 983 1592 1049 agente,
1621 978 1835 1033 etiamsi

172 1071 347 1124 clerus
382 1072 694 1133 universus,
735 1071 1001 1138 multique
1046 1084 1112 1122 ea:
1142 1069 1348 1138 populo
1393 1070 1830 1135 refragarentur,

172 1177 226 1214 eo
271 1160 426 1230 quod
467 1176 574 1213 non
602 1161 784 1214 liceret
818 1159 1124 1228 quempiam
1167 1174 1234 1212 ea:
1273 1159 1340 1212 iis
1372 1159 1486 1227 qui,
1525 1161 1749 1225 urgente
1777 1157 1833 1209 vi

170 1249 366 1318 morbi,
398 1251 458 1302 in
504 1249 697 1303 lectulo
739 1249 969 1318 perinde
1006 1264 1071 1302 ac
1098 1247 1192 1301 ille
1214 1247 1436 1317 perfusi
1483 1246 1742 1313 fuissent,
1770 1247 1828 1300 in

169 1341 378 1394 clerum
403 1341 630 1392 assumi.
661 1338 968 1394 Confirmat
1008 1337 1125 1393 hac
1171 1337 1564 1393 Tertullianus
1589 1335 1646 1390 in
1681 1334 1830 1391 libro

169 1429 235 1484 de
268 1428 506 1496 Jejunio
555 1428 833 1484 adversus
868 1426 1188 1497 Psycbicos,
1231 1425 1355 1495 ubi,
1388 1423 1525 1481 licet
1558 1423 1831 1496 suggillet

171 1517 397 1587 praxim
454 1516 728 1571 Ecclesia
795 1517 1078 1577 Romana,
1127 1519 1374 1571 attamen
1439 1514 1690 1570 eamdem
1752 1513 1832 1568 il—

170 1605 408 1675 lustrat,
457 1605 786 1676 ostendens,
831 1605 1118 1674 jejunium
1165 1605 1503 1675 perductum
1541 1603 1616 1657 ad
1644 1603 1832 1656 horam

172 1712 374 1751 nonam
404 1709 522 1766 qua
558 1696 840 1751 Dominus
869 1695 1202 1765 exspiravit,
1236 1693 1566 1750 refectionis
1603 1692 1829 1749 modum

1943 532 2145 629 sciebat
2172 533 2462 629 {quomodo
2505 541 2649 595 enim
2687 541 2831 598 illud
2870 550 3075 603 nescire
3112 532 3449 628 potuisset?)
3469 577 3596 629 pre-

1943 620 2200 718 sbi/teras
2214 626 2431 718 quidem
2462 644 2574 684 esse
2594 637 2831 700 quatuor
2860 640 2911 690 et
2932 620 3345 712 quadraginta;
3392 620 3590 718 septem

1943 714 2123 804 autem
2163 715 2418 771 diaconos
2484 719 2814 790 totidemque
2881 726 3273 787 subdiaconos:
3321 714 3593 804 acolgthos

1943 799 2079 855 duos
2107 806 2157 855 et
2186 804 2581 874 quadraginta,
2609 813 2905 867 exorcistas
2934 820 2983 869 et
3024 817 3243 875 lectores
3275 837 3396 877 cum
3431 799 3594 881 ostia-

1940 890 2040 944 riis
2058 892 2462 982 quinquaginta
2484 897 2617 952 duos
2642 916 2653 952 :
2680 900 2737 954 In
2764 899 2891 957 Vita
2909 904 3114 975 Hygini
3141 907 3219 964 ita
3243 913 3594 982 reperiemus

1945 980 2361 1050 perscriptum:
2419 986 2523 1040 Hic
2567 987 2768 1042 clerum
2802 997 3098 1062 composuit
3139 1002 3190 1051 et
3219 980 3505 1058 distribuit
3532 1007 3593 1059 in

1941 1068 2164 1161 gradus.
2216 1071 2436 1141 Septem
2489 1074 2862 1134 diaconorum
2915 1093 3212 1141 numerum
3267 1089 3591 1161 assignasse

1943 1157 2192 1250 traditur
2214 1161 2526 1250 livaristus.
2554 1164 2947 1226 Subdiaconos
2966 1173 3200 1230 totidem
3231 1176 3325 1232 hic
3343 1157 3589 1250 legimus

1943 1244 2293 1319 institutosIa
2325 1252 2584 1320 proximo
2609 1253 2861 1311 Cornelii
2884 1258 3178 1318 decessore
3198 1244 3462 1324 Fabiano.
3493 1269 3599 1332 0r.

1939 1333 2291 1430 diuationem
2350 1339 2690 1430 clericorum
2751 1354 3024 1415 prasente
3070 1350 3220 1408 clero
3273 1359 3330 1410 et
3378 1359 3588 1430 populo

1938 1423 2330 1482 celebrandam
2362 1429 2679 1488 didicimus
2711 1433 2769 1489 in
2800 1435 3134 1508 Zephyrino.
3165 1439 3350 1509 Quare
3379 1423 3586 1505 merito

1938 1515 2238 1571 Cornelius
2296 1517 2559 1589 miratur,
2605 1535 2636 1577 a
2684 1523 2898 1581 Novato
2944 1528 3272 1601 presbytero
3320 1535 3588 1594 Ecclesiae

1942 1604 2224 1685 Romana,
2253 1606 2490 1677 ejusque
2517 1609 2909 1682 episcopatum
2932 1617 3240 1693 ambienle,
3266 1635 3376 1680 non
3405 1627 3587 1683 teneri

1944 1705 2239 1786 numerum
2273 1696 2689 1755 ordinatorum.
2717 1703 2834 1759 Imo
2867 1705 3180 1780 interrogat
3206 1712 3305 1781 qui
3332 1713 3454 1770 fieri
3487 1699 3586 1786 po-

174 1795 306 1842 tunc
359 1786 718 1856 permisisse.
757 1785 941 1854 Quare
967 1786 1096 1854 jure
1125 1784 1320 1855 culpat
1355 1783 1657 1840 Cornelius
1689 1796 1830 1853 papa
1862 1776 1916 1838 B
1942 1783 2118 1838 tuerit
2140 1789 2205 1840 ut
2235 1799 2347 1840 rem
2375 1787 2513 1843 adeo
2543 1793 2729 1846 notam
2759 1792 2918 1850 solus
2944 1776 3249 1866 ignoraret.
3273 1801 3433 1858 Certe
3459 1776 3587 1860 cum

171 1889 266 1931 eos
293 1875 606 1946 episcopos
636 1888 747 1931 non
767 1875 1016 1945 jejunos,
1058 1874 1156 1929 sed
1190 1874 1417 1944 crapula
1446 1875 1677 1943 vinoque
1707 1873 1832 1926 dis-

173 1971 344 2020 tentos
375 1965 517 2019 hora
545 1965 756 2019 decima
798 1977 997 2020 manus
1025 1964 1450 2034 impositionem
1482 1963 1830 2020 exercuisse.

172 2057 410 2111 Demum
456 2057 519 2110 in
553 2054 800 2110 Elencbo
839 2054 1181 2110 delictorum
1231 2053 1454 2124 Novati,
1494 2053 1633 2108 dum
1685 2052 1830 2108 illud

177 2144 586 2216 gravissimum
623 2144 900 2198 recitatur
941 2143 1009 2199 de
1059 2143 1338 2214 sacrilego
1377 2143 1724 2211 juramento,
1763 2139 1834 2196 ab

179 2234 253 2288 iis
279 2238 484 2288 exacto
517 2233 732 2304 quibus
771 2232 1134 2288 Dominicum
1175 2245 1385 2302 corpus
1417 2231 1831 2301 impertiretur,

177 2323 422 2378 resultat
469 2322 762 2378 contraria
823 2321 1155 2392 disciplina,
1223 2321 1526 2392 Zephyrini
1590 2320 1836 2376 decretis

178 2413 507 2482 proscripta
568 2412 675 2468 hoc
721 2413 778 2468 in
811 2411 978 2467 Libro
1017 2411 1359 2467 Pontificali.
1420 2412 1566 2464 Fecit
1621 2410 1837 2480 (inquit

174 2508 381 2559 auctor
403 2503 464 2557 in
501 2501 631 2557 Vita
651 2501 978 2573 Zephyrini)
1007 2503 1359 2555 constitutum
1397 2499 1462 2554 de
1482 2500 1743 2562 Ecclesia,
1777 2503 1837 2553 ut

173 2598 406 2663 patenas
440 2594 648 2646 vit-reas
683 2597 811 2646 ante
840 2591 1142 2646 sacerdotes
1180 2592 1239 2644 in
1278 2589 1553 2644 ecclesiam
1595 2589 1839 2643 ministri

171 2687 488 2753 portarent,
531 2682 698 2736 donec
719 2684 999 2752 episcOpus
1037 2682 1234 2735 missas
1273 2680 1585 2742 celebraret,
1628 2683 1754 2733 ante
1779 2693 1834 2733 se

175 2773 561 2828 sacerdotibus
600 2772 930 2833 astantibus,
972 2775 1021 2825 et
1053 2771 1132 2824 sic
1181 2771 1358 2824 missa
1392 2768 1837 2824 celebrarentur:

178 2867 400 2932 excepto
428 2861 583 2930 quod
609 2861 709 2929 jus
738 2860 975 2930 episcOpi
994 2861 1293 2922 interesset,
1325 2862 1387 2912 ut
1421 2861 1636 2912 tantum
1666 2857 1840 2910 clerus

1941 1872 2208 1929 ordinum
2243 1877 2684 1933 exercendorum
2718 1886 2967 1951 tempora
2998 1892 3187 1942 essent
3231 1902 3330 1959 per
3360 1893 3587 1962 regulas

1941 1962 2196 2034 deﬁnita,
2223 1977 2350 2020 cum
2376 1962 2627 2022 formata
2647 1968 2993 2029 abeuntibus
3013 1974 3084 2028 ab
3105 1977 3371 2048 episcopo
3387 1981 3588 2038 danda

1943 2050 2147 2123 forent,
2180 2054 2438 2123 oportuit
2465 2055 2754 2114 indiculos
2785 2065 2840 2115 et
2861 2061 3128 2133 diptycba
3145 2067 3403 2124 omnium
3425 2069 3591 2127 cleri-

1944 2155 2138 2197 corum
2170 2156 2480 2215 eorumque
2513 2147 2900 2205 ordinationis
2929 2153 3198 2220 epocham
3229 2155 3300 2210 ab
3329 2157 3593 2215 admini-
3687 2188 3694 2195 ι

1945 2231 2084 2286 stris
2111 2232 2444 2301 pontificum
2475 2237 2531 2290 et
2561 2236 2809 2292 notariis
2853 2239 3118 2296 Romana
3145 2243 3414 2300 Ecclesia
3438 2245 3590 2302 dili-

1945 2325 2140 2390 genter
2158 2322 2444 2377 conscribi
2467 2329 2522 2377 et
2550 2327 2851 2381 asservari.
2883 2328 3068 2397 Quare
3098 2332 3409 2402 scripturis
3433 2335 3593 2392 Vitas

1947 2408 2280 2477 pontificum
2330 2410 2525 2466 deesse
2592 2412 2828 2470 minime
2882 2423 3140 2486 poterant
3189 2421 3304 2478 hac
3360 2423 3590 2493 publica

1944 2497 2282 2553 documenta
2307 2511 2375 2554 ex
2409 2500 2663 2559 archivis
2688 2503 2952 2561 Ecclesia
2994 2507 3063 2562 ad
3098 2522 3239 2566 usus
3269 2509 3595 2583 frequentes

1948 2585 2259 2642 identidem
2283 2588 2662 2656 producenda.

2018 2675 2501 2734 Ordinationibus
2550 2680 2893 2739 clericorum
2948 2684 3135 2744 aﬂinis
3191 2694 3279 2746 est
3322 2693 3596 2751 memoria

1949 2766 2440 2823 consecrationum
2469 2769 2652 2840 tituli,
2684 2769 2880 2836 fontis,
2903 2774 3128 2842 altaris,
3168 2785 3223 2834 et
3248 2779 3465 2838 oblatio
3485 2783 3597 2839 do-

1953 2867 2178 2926 norum,
2237 2871 2360 2927 qua
2419 2857 2522 2914 hac
2577 2862 2876 2918 occasione
2934 2867 3239 2938 episcopus
3304 2871 3590 2942 erOgabat.

179 2955 481 3007 sustineret
503 2951 752 3005 omnibus
771 2949 1134 3019 prasentibus
1166 2964 1234 3002 ea:
1266 2964 1328 3003 ea
1358 2947 1755 3001 consecratione
1776 2945 1842 3000 de
1950 2943 2328 3001 Delibandum
2356 2945 2557 3004 leviter
2581 2953 2668 3005 est
2708 2955 2764 3006 et
2788 2951 3057 3011 indicand
3069 2971 3158 3012 um
3192 2965 3405 3028 quanta
3425 2960 3598 3019 docu-

181 3057 350 3095 manu
384 3039 771 3110 episcopiﬂlm
795 3054 1045 3093 coronam
1081 3042 1466 3106 consecratam,
1500 3040 1549 3089 έι
1578 3037 1844 3105 acciperet
1879 3113 1920 3123 Α
1955 3037 2272 3123 mentorum
2315 3036 2480 3106 copia
2533 3045 2728 3108 parata
2775 3049 2923 3098 esset
2983 3045 3140 3114 operi
3198 3047 3598 3123 Anastasiano,

178 3131 473 3199 presbyter
504 3129 831 3184 tradendam
845 3129 1064 3199 populo.
1099 3129 1225 3183 Hac
1258 3125 1572 3197 disciplina
1603 3124 1780 3181 fuerit
1812 3137 1840 3179 a

1957 3120 2081 3176 illis
2137 3125 2451 3192 prasertim
2498 3128 2766 3186 atatibus
2814 3113 3036 3202 quibus,
3073 3135 3326 3209 Catalogi
3376 3144 3432 3194 et
3459 3113 3604 3196 Vita

183 3219 510 3289 Zephyrino
545 3219 878 3275 constituta.
911 3217 1060 3288 Quid
1092 3221 1289 3274 contra
1338 3230 1458 3272 eam
1502 3215 1740 3271 molitus
1770 3215 1847 3270 sit

185 3309 441 3365 Novatus
466 3310 561 3377 {ex
606 3307 857 3364 Cornelii
905 3321 1061 3378 papa
1116 3305 1362 3377 epistola
1418 3304 1842 3377 cognoscimus.

187 3396 501 3467 Oblatione,
531 3397 746 3470 inquit,
778 3400 951 3467 facta,
972 3399 1280 3467 portionem
1308 3395 1544 3464 singulis
1567 3394 1843 3464 dividens,

185 3484 311 3540 dum
333 3502 460 3540 eam
507 3486 701 3548 tradit,
746 3489 968 3541 miseros
1007 3486 1246 3540 homines
1302 3483 1688 3538 benedictionis
1735 3483 1843 3536 loco

180 3577 377 3644 jurare
406 3579 572 3644 cogit,
621 3591 816 3630 manus
842 3576 980 3645 ejus,
1014 3577 1112 3645 qui
1141 3575 1446 3644 portionem
1475 3575 1672 3642 accipit
1719 3588 1847 3627 am—

193 3665 360 3720 babus
387 3668 510 3720 suis
535 3667 792 3720 manibus
815 3665 1226 3734 comprehensas
1265 3665 1526 3729 retinens,
1568 3678 1664 3716 nec
1687 3662 1844 3731 prius

193 3755 477 3810 dimittens
505 3770 675 3823 quam
701 3755 882 3822 jurati
907 3757 1016 3808 ista
1060 3754 1304 3808 diaerint
1329 3770 1346 3806 :
1375 3754 1509 3822 ipsis
1547 3752 1690 3805 enim
1719 3755 1846 3804 utar

189 3844 339 3898 illius
393 3844 620 3898 verbis:
672 3845 807 3897 Iura
856 3843 990 3897 mihi
1029 3859 1132 3913 per
1165 3858 1378 3912 corpus,
1429 3847 1480 3896 et
1525 3842 1849 3908 sanguinem

191 3934 409 3987 Domini
429 3933 610 3987 nostri
636 3934 764 3987 Iesu
801 3931 1022 3994 Christi,
1063 3935 1113 3986 te
1158 3946 1443 4000 nunquam
1487 3944 1633 3984 meas
1663 3930 1849 3998 partes

189 4021 560 4084 deserturum,
604 4037 700 4076 nec
738 4021 815 4075 ad
844 4020 1151 4076 Cornelium
1199 4036 1312 4075 esse
1351 4019 1724 4074 redditurum.
1763 4017 1851 4071 Ita

185 4114 354 4166 miser
383 4112 482 4166 ille
502 4128 613 4166 non
644 4113 808 4182 prius
852 4116 1071 4179 gustare
1099 4112 1324 4172 sinitur,
1370 4125 1535 4179 quam
1587 4109 1694 4162 sibi
1735 4109 1850 4178 ipse

186 4203 397 4256 malum
422 4204 752 4270 imprecatus
781 4203 871 4255 sit.
907 4202 976 4255 Et
1014 4215 1135 4254 cum
1154 4215 1358 4270 panem
1384 4199 1543 4252 illum
1577 4199 1850 4267 accipiens

187 4290 373 4344 dicere
399 4291 676 4344 debuisset
711 4289 908 4360 Amen,
949 4290 1067 4358 ejus
1108 4290 1219 4345 loco
1254 4288 1414 4343 dicit:
1447 4289 1571 4344 Non
1608 4291 1852 4341 revertar

185 4380 449 4448 deinceps
480 4379 555 4433 ad
597 4378 920 4434 Cornelium.

254 4467 356 4525 35.
408 4468 620 4524 Mirum
667 4469 831 4524 dictu
868 4473 953 4524 est
995 4472 1134 4538 quot
1180 4467 1533 4523 firmamenta
1587 4467 1847 4522 historia
1874 4485 1928 4546 D

184 4557 552 4630 pontiﬁcalis
578 4558 817 4627 hujusce
834 4558 988 4613 Libri
1012 4557 1418 4614 contineantur
1443 4556 1503 4611 in
1526 4555 1681 4612 brevi
1703 4555 1854 4628 frag-

183 4651 389 4703 mento
427 4647 607 4703 unius
635 4661 702 4703 ex
746 4647 1011 4717 epistolis
1038 4647 1090 4702 S.
1145 4645 1398 4703 Cornelii
1450 4659 1626 4716 papa,
1682 4646 1851 4702 nobis

182 4741 544 4807 praservato
587 4751 683 4806 per
727 4737 1066 4794 Eusebium.
1099 4736 1248 4805 Quot
1298 4736 1479 4808 igitur
1521 4735 1851 4804 adjumenta

179 4831 538 4896 supererant
594 4827 838 4883 notariis
898 4827 1162 4883 Ecclesia
1211 4827 1476 4882 Romana
1530 4824 1852 4895 aequalibus

181 4915 468 4985 Eusebio,
505 4915 642 4971 dum
673 4915 1010 4989 colligerent
1038 4916 1175 4971 Acta
1219 4915 1486 4986 Vitasque
1515 4913 1848 4983 pontificum

181 5018 253 5060 ex
282 5003 605 5059 tabulariis
635 5005 897 5061 Ecclesia
929 5004 1292 5077 singulorum
1323 5004 1601 5072 rescripta
1632 5015 1856 5058 servan-

185 5092 405 5149 tibus?
436 5093 630 5149 Lieeat
661 5108 838 5150 unum
868 5095 1056 5151 adhuc
1095 5094 1455 5150 observatum
1488 5096 1739 5162 repetere
1785 5105 1853 5149 ex

183 5183 393 5239 eodem
426 5181 744 5254 fragmento
779 5184 1037 5254 epistola
1065 5183 1436 5254 Corneliana,
1486 5181 1636 5254 quod
1689 5182 1853 5237 miri-

187 5272 296 5328 tice
333 5272 660 5328 illustrabit
678 5275 1016 5331 documenta
1033 5275 1389 5331 decretorum
1417 5273 1592 5329 simul
1617 5278 1672 5329 et
1701 5271 1854 5328 ordi-

185 5362 502 5418 nationum
548 5361 610 5417 in
652 5362 866 5419 eisdem
911 5364 1060 5421 Vitis
1091 5363 1173 5420 ita
1219 5363 1528 5435 diligenter
1567 5374 1852 5418 memora-

183 5457 422 5508 tarum:
956 5494 960 5498 .

259 5541 351 5597 De
377 5541 579 5597 Novati
613 5541 956 5612 stupiditate
987 5542 1067 5598 ita
1097 5541 1303 5598 scribit
1331 5541 1632 5597 Cornelius
1672 5552 1846 5611 papa:

1955 3211 2482 3270 conscribebantur.
2520 3217 2784 3274 Fidenter
2802 3220 2988 3276 dicam
3009 3236 3121 3278 non
3150 3226 3314 3282 modo
3345 3226 3407 3283 in
3437 3241 3606 3286 mem-

1956 3297 2154 3355 branis
2200 3307 2257 3357 et
2286 3303 2535 3374 phyliris
2565 3307 2808 3379 archivi,
2840 3311 2934 3367 sed
2985 3313 3158 3369 etiam
3202 3315 3258 3369 in
3293 3318 3606 3374 marmori-

1958 3385 2084 3456 bus,
2131 3391 2378 3532 ;uetallis
2428 3397 2484 3450 et
2534 3397 2886 3454 ornamentis
2936 3400 3204 3456 Ecclesia
3261 3404 3602 3473 quamplura

1958 3491 2128 3532 suner
2159 3480 2331 3532 uisse.

1957 3480 2331 3548 superfuisse.

2025 3565 2517 3624 Consecrationem
2532 3569 2690 3625 tituli
2707 3575 2910 3641 quarto
2921 3573 3128 3629 saculo
3143 3573 3383 3632 incisam
3399 3576 3609 3636 tabula

1958 3666 2284 3711 marmorea
2305 3670 2403 3726 per
2419 3663 2678 3712 sanctum
2701 3659 3004 3716 Damasum
3023 3663 3284 3720 videmus
3303 3667 3492 3723 adhuc
3514 3684 3608 3726 su-

1959 3742 2250 3813 perstitem
2275 3745 2425 3800 inter
2452 3745 2750 3815 praclaras
2771 3746 2902 3805 illas
2920 3749 3329 3823 inscriptiones
3353 3769 3386 3812 a
3407 3757 3608 3816 Fulvio

1961 3833 2167 3888 Ursino
2223 3833 2362 3888 olim
2413 3834 2700 3903 collectas,
2749 3843 2875 3906 post
2913 3839 3039 3909 ejus
3095 3855 3225 3898 vero
3275 3843 3499 3902 obitum
3538 3848 3610 3903 ab

1963 3921 2206 3977 interitu
2229 3922 2549 3979 vindicatus
2579 3923 2925 3983 liberalitate
2954 3928 3260 3986 Alexandri
3294 3933 3611 3992 cardinalis

1963 4011 2256 4067 Farnesii:
2311 4026 2454 4083 quas
2487 4013 2596 4070 iste
2623 4015 2682 4070 in
2724 4015 2938 4086 palatio
2980 4019 3364 4077 serenissima
3406 4024 3611 4082 domus

1964 4115 2081 4157 sua
2111 4101 2178 4156 ad
2205 4101 2474 4171 Campum
2517 4102 2696 4158 Flora
2727 4105 3020 4162 tutissimo
3060 4107 3187 4165 loco
3214 4112 3513 4181 repositas,
3557 4119 3615 4170 et

1962 4188 2164 4246 ferreis
2185 4190 2432 4246 verubus
2461 4196 2648 4261 septas
2679 4199 3033 4263 posterorum
3055 4210 3208 4252 cura
3227 4198 3614 4269 disponendas

1963 4279 2218 4350 reliquit.
2253 4278 2404 4348 Illas,
2431 4279 2568 4336 dum
2594 4280 2942 4353 hac‘scribo,
2967 4286 3374 4347 serenissimus
3400 4289 3610 4346 Parma

1959 4373 2016 4422 et
2042 4368 2342 4425 Placentia
2370 4369 2488 4424 dux
2526 4370 2885 4441 Franciscus,
2942 4374 3151 4430 vindex
3200 4377 3364 4434 avita
3410 4377 3609 4450 gloria

1961 4457 2223 4530 bonoque
2243 4459 2592 4530 Reipublica
2611 4467 2667 4517 et
2701 4460 3023 4520 litterarum
3046 4464 3395 4524 incremento
3417 4473 3587 4525 natus

1964 4561 2062 4618 pro
2119 4527 2400 4620 singulari
2457 4549 2653 4606 studio
2713 4565 2827 4622 quo
2876 4553 3161 4611 eruditam
3203 4527 3616 4628 antiquitateni

1962 4638 2352 4708 prosequitur,
2387 4638 2533 4695 fovet
2585 4653 2652 4696 ac
2682 4643 2949 4713 protegit,
3002 4643 3061 4698 in
3109 4645 3362 4714 ejusdem
3395 4646 3610 4716 palatio

1962 4727 2085 4784 loco
2109 4727 2422 4786 illustriori
2439 4728 2591 4801 afﬁgi
2609 4730 2982 4803 omniumque
2997 4733 3186 4790 oculis
3199 4736 3438 4805 pr0poni
3459 4749 3614 4791 man-

1960 4816 2138 4872 davit.
2194 4817 2423 4874 Tabella
2476 4833 2646 4890 quam
2703 4834 2951 4878 memoro
3006 4821 3342 4879 brevissima
3383 4828 3488 4890 est,
3541 4829 3608 4879 ut

1962 4904 2135 4961 titulo
2161 4904 2327 4975 plane
2362 4908 2716 4978 respondeat,
2753 4923 2822 4965 ex
2854 4923 3166 4968 marmorea
3198 4917 3391 4968 crusta
3423 4914 3606 4969 semi-

1963 4993 2203 5066 palmari
2229 4999 2286 5050 et
2315 4994 2472 5051 hisce
2502 4995 2717 5054 litteris
2745 4999 3034 5070 insculpta

2254 5144 2312 5199 T.
2355 5143 2400 5196 Ι.
2444 5143 2507 5196 X.
2547 5142 2614 5199 N.
2658 5140 2797 5198 EGO
2836 5141 3120 5199 DAMASI

2251 5231 2361 5288 VS.
2406 5232 2544 5288 VRB
2579 5229 2778 5287 ROME
2824 5231 2956 5287 EPS
3003 5233 3113 5290 ΑΝ

2243 5320 2283 5376 C
2321 5321 2543 5378 DOMV.
2585 5320 2986 5379 COSECRAVI

2252 5452 2265 5465 .
2343 5453 2356 5466 .
2396 5412 2466 5468 N.
2508 5414 2571 5468 R.
2617 5411 2680 5478 Ω.
2721 5411 2779 5467 S.
2817 5413 2894 5468 Μ.
2939 5412 2996 5468 S.
3037 5414 3152 5472 PA.
3194 5416 3350 5472 S.PE

1963 5550 2205 5610 quarum
2253 5537 2536 5594 sententia
2582 5537 2722 5594 talis
2749 5537 3012 5596 videtur:
3067 5541 3263 5595 Titutis
3299 5543 3362 5597 in
3404 5541 3608 5600 Christi

183 5632 347 5700 Ergo
372 5630 468 5686 ille
495 5631 788 5700 Evangelii
814 5631 1020 5687 vindea:
1036 5631 1331 5701 ignorabat
1349 5646 1520 5687 unum
1549 5633 1860 5702 episcopum
1951 5630 2184 5688 nomine.
2212 5628 2325 5696 Ego
2359 5629 2649 5685 Damasius
2674 5625 2779 5700 (ita
2805 5628 2959 5686 enim
2976 5629 3301 5702 promiscue
3324 5633 3603 5704 scriptum

564 5743 798 5800 PATROL.
839 5742 1109 5800 CXXVII.

3291 5736 3326 5795 3
