4034 6196
500 347 573 410 75
1311 357 1404 412 AD
1441 356 1876 412 ANASTASIUM
1918 353 2430 412 PROLEGOMENA
2468 355 2643 409 EDIT.
2685 353 3094 410 ROM.-VATIC
3848 350 3926 408 76

503 477 831 534 Damasium
869 480 926 534 et
952 477 1257 535 Damasum
1290 479 1512 550 reperio
1559 479 1619 535 in
1664 478 1928 550 antiquis
1959 476 2156 534 moni-
2179 473 2240 535 A
2263 473 2595 532 collectores
2612 475 2850 533 Rituum
2875 488 3189 545 sacrorum,
3209 479 3265 530 et
3292 475 3576 546 pracipue
3593 475 3739 532 adm.
3768 474 3839 530 Β.
3862 479 3921 532 Ρ.

509 565 734 638 mentis)
779 567 933 621 urbis
957 570 1135 624 Roma
1181 570 1464 639 episcopus
1510 569 1652 624 hanc
1699 569 1915 623 domum
1963 582 2157 621 conse—

504 658 672 709 oravi.
713 654 999 728 Siglarum
1044 658 1410 728 sequentium
1441 672 1670 714 sensum
1713 671 1825 712 non
1857 670 2149 727 assequor,

504 743 618 799 nisi
646 742 791 800 forte
815 751 1228 815 postremarum
1256 747 1310 801 S.
1350 747 1436 801 PA
1461 747 1514 802 S.
1551 747 1653 802 PE.
1686 760 1829 817 quas
1854 746 1911 800 S.
1947 746 2154 799 Paulus

501 831 556 887 S.
584 835 794 896 Petrus,
819 833 995 890 veluti
1020 834 1382 904 signaculum
1404 835 1578 905 hujus
1599 835 1864 891 Ecclesia
1890 835 2154 890 Romana

503 920 822 992 proprium,
846 927 901 977 et
922 935 953 977 a
971 921 1404 979 successoribus
1424 923 1780 979 custoditum
1817 923 1875 978 in
1903 922 2153 993 publicis

503 1007 862 1066 documentis
909 1011 1265 1067 decretorum
1298 1016 1353 1067 et
1397 1012 1746 1083 litterarum,
1792 1012 2152 1082 exponendas

500 1111 623 1154 esse
658 1098 901 1155 libenter
937 1100 1181 1156 credam.
1228 1102 1288 1156 In
1329 1114 1524 1157 aversa
1577 1107 1734 1173 parte
1772 1101 2025 1171 ejusdem
2059 1109 2152 1156 ta—

500 1186 664 1242 bella
693 1187 964 1260 leguntur
993 1190 1223 1245 nomina
1255 1197 1580 1247 sanctorum
1610 1205 1854 1261 quorum
1889 1190 2150 1260 reliquia

499 1275 609 1333 sub
638 1290 704 1332 eo
729 1277 1026 1347 signaculo
1052 1278 1211 1334 tituli
1239 1291 1304 1334 ac
1332 1278 1718 1335 dedicationis
1740 1279 2146 1335 concludeban-

501 1367 617 1436 tur,
652 1364 772 1422 ritu
801 1367 870 1422 ad
910 1373 1102 1422 nostra
1132 1367 1303 1424 etiam
1345 1373 1598 1437 tempora
1627 1367 1914 1425 derivato:

784 1455 870 1510 hic
897 1473 955 1510 re
984 1455 1318 1522 QVIESCIT
1344 1456 1586 1514 CAPVT

782 1545 895 1600 SCI
939 1545 1409 1606 CRESCENTINI.
1453 1548 1515 1602 M

783 1635 881 1690 ET
907 1635 1263 1701 RELIQVIE.
1305 1637 1362 1692 S.
1404 1635 1542 1692 SVP
1578 1637 1730 1696 ANT

1569 1749 1586 1790 Ι

2265 563 2602 621 Edmundus
2645 566 2894 621 Martene
2925 568 3076 619 torno
3117 564 3289 619 tertio
3317 563 3677 620 celeberrimi
3713 565 3929 635 Operis

2263 653 2332 708 de
2360 651 2634 725 Antiquis
2652 655 2916 710 Ecclesia
2939 652 3191 723 Ritibus,
3223 653 3324 708 lib.
3352 667 3413 724 ιι,
3444 668 3566 724 cap.
3599 651 3684 725 42,
3709 660 3832 710 tum
3861 656 3919 710 in

2264 741 2518 814 Oriente,
2567 748 2686 799 tum
2734 744 2794 798 in
2842 743 3165 812 Occidente,
3220 757 3287 798 ex
3339 748 3502 798 atate
3547 744 3922 800 Constantini

2264 832 2451 902 Magni
2483 833 2552 887 ad
2580 841 2989 903 consequentes
3021 832 3079 887 in
3115 846 3267 887 more
3290 833 3564 902 positum,
3600 839 3662 888 ut
3692 833 3926 888 dedica-

2263 919 2450 976 tiones
2486 922 2855 978 ecclesiarum
2905 927 2960 976 et
3007 920 3277 977 altarium
3327 922 3663 992 plerumque
3714 921 3926 977 ﬁerent

2266 1009 2324 1064 in
2356 1017 2634 1066 conventu
2667 1011 3088 1080 episcoporum,
3123 1010 3222 1080 qui
3265 1024 3326 1065 ea
3357 1010 3427 1066 de
3467 1024 3638 1066 causa
3674 1010 3919 1066 invitari

2262 1104 2695 1155 consueverant.
2724 1101 3041 1170 Supersunt
3063 1100 3374 1154 etiamnum
3405 1099 3461 1154 in
3490 1098 3650 1154 Actis
3674 1101 3918 1156 concilii

2260 1188 2552 1258 Tyriensis
2569 1189 2718 1258 apud
2749 1189 3058 1244 Eusebium
3089 1188 3189 1243 lib.
3216 1202 3268 1242 IV
3285 1188 3354 1243 de
3378 1189 3503 1244 Vita
3525 1188 3916 1260 Constantini,

2259 1290 2383 1346 cap.
2417 1274 2504 1345 43,
2553 1277 3194 1347 Constantinopolitani,
3235 1277 3337 1332 lib.
3375 1291 3438 1347 II,
3488 1291 3609 1346 cap.
3638 1275 3727 1347 39,
3760 1278 3912 1348 apud

2258 1366 2576 1437 Socratem;
2637 1365 2974 1422 Arausicani
3029 1379 3178 1421 anno
3219 1363 3340 1436 444,
3393 1380 3515 1435 cap.
3576 1363 3920 1436 40;Arela—

2259 1454 2439 1510 tensis
2466 1469 2528 1525 ιι,
2552 1469 2602 1510 c.
2631 1452 2718 1526 3‘7,
2753 1460 2808 1511 et
2830 1455 2887 1511 in
2915 1455 3180 1526 epistolis
3207 1457 3262 1510 Β.
3289 1455 3600 1526 Ambrosii,
3625 1455 3790 1525 epist.
3817 1454 3912 1513 22,

2258 1543 2326 1599 ad
2351 1543 2768 1616 Marcellinum,
2821 1544 3073 1615 aliisque
3119 1543 3537 1614 compluribus,
3571 1544 3913 1601 documenta

2257 1632 2374 1688 diei
2416 1633 2483 1688 ad
2533 1633 2915 1690 dedicandum
2945 1632 3213 1688 delecta:
3273 1633 3349 1688 ita
3383 1637 3446 1688 ut
3473 1632 3634 1688 Actis
3674 1647 3782 1689 non
3812 1647 3917 1688 so-

2260 1720 2378 1777 lum
2400 1721 2673 1791 publicis,
2707 1722 2801 1777 sed
2834 1722 3006 1777 etiam
3034 1721 3408 1792 synodalibus
3432 1721 3661 1776 inserta
3689 1721 3918 1776 dedica-

565 1810 685 1868 Una
706 1826 833 1868 cum
859 1812 1030 1869 titulo
1058 1813 1135 1869 ita
1159 1813 1449 1884 insculpto
1467 1815 1680 1871 visitur
1705 1813 1880 1870 facies
1895 1813 2150 1869 anterior
2179 1805 2231 1867 B
2260 1809 2481 1866 tionum
2513 1812 2739 1881 epocha
2783 1815 3102 1867 teneantur.
3126 1810 3277 1880 Quin
3325 1811 3498 1866 etiam
3523 1810 3804 1882 colligunt
3843 1824 3916 1866 ex

493 1899 828 1972 sarcophagi
854 1901 1192 1969 Christiani,
1223 1902 1280 1957 in
1315 1917 1427 1972 quo
1457 1904 1808 1973 insculptum
1843 1908 1929 1958 est
1960 1915 2154 1959 mono-

497 2002 749 2060 gramma
777 1989 1030 2044 nominis
1052 1990 1271 2046 Christi
1298 1991 1529 2046 Domini
1555 1992 1708 2047 intra
1729 2005 1996 2048 coronam
2019 2005 2148 2048 cum

419 2133 421 2135 .
493 2077 808 2146 lemniscis,
831 2091 984 2133 more
996 2077 1273 2134 familiari
1293 2080 1480 2135 atatis
1493 2080 1641 2136 beati
1669 2081 1912 2136 Damasi.
1930 2082 2051 2136 Non
2065 2085 2150 2136 est

495 2166 1003 2238 dissimilistlgura
1021 2171 1120 2223 aut
1137 2169 1711 2239 magnitudinealteri
1734 2169 1960 2240 tabula,
1978 2183 2147 2241 quam

497 2254 651 2310 card.
683 2255 1023 2311 Franciscus
1053 2256 1400 2313 Barberinus
1425 2258 1476 2313 S.
1512 2259 1574 2312 R.
1608 2260 1669 2314 Ε.
1700 2259 2153 2314 vice-cancella-

2258 1897 2499 1967 epistola
2528 1897 2562 1954 9
2585 1899 2799 1955 Gelasii
2835 1899 3028 1969 primi,
3058 1914 3178 1970 cap.
3206 1896 3238 1953 4
3267 1905 3322 1954 et
3345 1897 3435 1969 2‘5,
3479 1905 3534 1955 et
3563 1900 3615 1954 S.
3645 1899 3910 1971 Gregorii

2257 1988 2445 2058 Magni
2497 1987 2596 2042 lib.
2628 2004 2678 2052 v,
2735 2002 2824 2058 ep.
2862 1985 2949 2056 45,
2984 1979 3150 2043 ’θάεο
3184 1987 3402 2043 celebre
3440 1987 3697 2044 habitum
3731 1987 3912 2044 fuisse

2260 2075 2648 2133 ministerium
2683 2077 2936 2132 ecclesia
2965 2077 3313 2144 dedicanda,
3341 2081 3403 2132 ut
3432 2078 3488 2131 in
3517 2077 3680 2133 Italia
3713 2077 3767 2132 id
3793 2092 3904 2133 non

2261 2172 2666 2234 prasumerent
2693 2180 2954 2222 exercere
2997 2167 3250 2236 episcopi
3283 2167 3590 2222 dimcesani
3625 2174 3827 2238 quarto
3854 2174 3912 2222 et

2259 2254 2464 2324 quinto
2486 2255 2714 2326 sacu-lo,
2740 2258 2852 2310 nisi
2875 2257 3166 2324 impetrata
3192 2258 3346 2324 prius
3373 2273 3406 2309 a
3435 2272 3637 2310 summo
3652 2259 3910 2326 pontiﬁce

498 2343 625 2400 rius
657 2345 715 2399 in
733 2357 830 2399 ara
853 2345 1098 2400 maxima
1124 2346 1282 2400 tituli
1313 2347 1477 2401 suis.
1507 2348 1798 2402 Laurentii
1831 2349 1888 2402 in
1910 2349 2149 2403 Damaso
2251 2347 2536 2412 potestate.
2569 2344 2844 2400 Caeterum
2899 2344 3070 2400 etiam
3128 2345 3186 2400 in
3238 2345 3554 2414 provinciis
3615 2350 3904 2414 receptum

493 2446 563 2490 ex
591 2445 872 2488 marmore
903 2432 1190 2489 nobiliore
1217 2434 1543 2505 substituit,
1591 2439 1854 2505 veterem,
1891 2441 1954 2490 ut
1983 2435 2146 2491 arbi—

491 2525 633 2592 tror,
662 2522 866 2578 altaris
896 2520 1139 2578 frontem
1174 2523 1435 2579 imitatus
1467 2542 1480 2578 :
1512 2538 1637 2595 qua
1662 2523 1720 2578 in
1747 2524 1896 2579 ades
1929 2523 2150 2579 Farne—

490 2611 685 2666 sianas
743 2611 1020 2666 translata
1078 2611 1319 2668 fortasse
1367 2611 1500 2683 fuit,
1559 2613 1786 2683 quando
1835 2611 2146 2668 cardinalis

485 2697 795 2755 Farnesius
816 2699 1052 2754 titulum
1085 2700 1344 2755 eumdem
1367 2705 1422 2755 et
1448 2714 1603 2756 aram
1634 2701 1938 2755 maximam
1966 2701 2144 2756 variis

490 2788 842 2844 ornamentis
871 2789 1184 2860 decoravit,
1208 2795 1272 2844 ut
1293 2789 1587 2860 gentilitia
1605 2790 1858 2859 ejusdem
1890 2790 2144 2861 insignia

483 2883 768 2934 testantur
792 2879 848 2933 in
874 2878 1130 2949 laqueari
1158 2884 1212 2934 et
1239 2879 1560 2948 parietibus
1581 2893 1723 2936 auro
1762 2884 1818 2934 et
1846 2878 2141 2936 coloribus

481 2981 742 3037 expressa
787 2982 885 3038 per
936 2968 1278 3024 Thaddaum
1319 2969 1690 3041 Zuccherum,
1745 2982 1776 3024 a
1819 2983 1931 3040 quo
1962 2970 2136 3024 etiam

481 3062 635 3129 gesta
657 3057 799 3113 Vita
820 3062 874 3112 et
897 3058 1158 3128 martyrii
1183 3057 1333 3111 beati
1355 3058 1650 3113 Laurentii
1671 3058 1958 3130 eleganter
1978 3059 2135 3131 pingi

2257 2431 2437 2488 fuisse
2469 2447 2678 2488 morem
2713 2433 2979 2503 Signandi
3005 2435 3276 2504 epocham
3313 2435 3575 2503 primarii
3606 2434 3818 2515 lapidis
3843 2434 3902 2490 in

2257 2520 2626 2578 fundamento
2655 2522 3025 2578 ecclesiarum
3045 2523 3310 2592 jaciendo
3335 2523 3502 2578 docet
3523 2537 3623 2578 nos
3656 2522 3908 2578 marmor

2255 2611 2610 2667 Massiliense
2660 2611 2879 2668 editum
2939 2627 2970 2667 a
3028 2613 3089 2667 V.
3144 2612 3202 2667 C.
3237 2612 3519 2682 Stephano
3565 2612 3792 2668 Baluzio
3834 2614 3906 2668 de

2253 2700 2647 2770 Scriptoribus
2670 2701 3092 2756 Eoclesiasticis
3115 2701 3172 2755 in
3191 2701 3401 2756 Comm.
3427 2701 3494 2756 ad
3523 2701 3899 2772 Lactantium,

2253 2795 2308 2845 et
2355 2790 2424 2845 ab
2471 2789 2803 2846 illustribus
2832 2790 3102 2846 Massilia
3157 2789 3453 2845 historicis
3485 2788 3659 2845 Rutﬁs
3707 2789 3806 2844 lib.
3843 2806 3903 2862 x,

2253 2895 2307 2950 p.
2332 2877 2420 2950 46,
2451 2880 2509 2934 ἱη
2543 2894 2654 2950 quo
2686 2880 3134 2951 legiturjactum
3162 2878 3343 2934 fuisse
3374 2879 3714 2948 primarium
3747 2879 3903 2949 lapi-

2248 2969 2372 3024 dem
2393 2969 2867 3024 illiusecclesiaa
2895 2967 3285 3023 fundamentis
3298 2969 3578 3024 restituta
3595 2967 3898 3024 consulatu

2249 3064 2406 3115 sexto
2427 3056 3096 3128 ValentinianiAugusti,
3123 3057 3344 3112 scilicet
3365 3071 3513 3113 anno
3534 3056 3748 3112 Christi
3773 3053 3899 3129 445,

483 3145 724 3202 curavit.
755 3145 1023 3202 Ecclesia
1064 3147 1327 3202 Romana
1348 3145 1505 3202 Libri
1539 3146 1795 3203 Rituales
1825 3154 1881 3203 et
1910 3148 2143 3204 Pontiﬂ-
2170 3150 2217 3212 C
2250 3163 2352 3204 xm
2385 3147 2504 3202 Kal.
2535 3146 2860 3202 Decembris
2888 3160 3036 3202 anno
3068 3146 3614 3215 xvnuepiscopatus
3631 3144 3853 3202 Rustici
3881 3165 3894 3213 ;

481 3233 633 3291 cales
649 3247 716 3290 ex
735 3234 976 3305 antiqua
997 3235 1414 3304 consuetudine
1436 3235 1779 3304 praecipiunt
1805 3237 1860 3291 in
1887 3237 2139 3293 ecclesia

478 3328 536 3381 et
585 3324 789 3380 altaris
840 3324 1222 3393 dedicatione,
1282 3330 1344 3380 ut
1401 3325 1615 3396 epocha
1685 3328 2140 3384 consecrationis

479 3414 693 3484 scripto
707 3414 1040 3486 consignata
1058 3418 1366 3484 reponatur
1377 3429 1504 3470 cum
1525 3414 1793 3484 reliquiis
1809 3421 2135 3473 sanctorum

477 3503 546 3559 ad
578 3516 876 3572 perennem
905 3503 985 3557 rei
1018 3503 1350 3558 memoriam
1379 3502 1450 3559 ab
1473 3504 1740 3572 episcopo
1768 3511 2137 3562 consecrante

479 3591 588 3649 sub
612 3605 804 3648 mensa
840 3590 1065 3647 altaris.
1098 3590 1412 3646 Observant
1456 3605 1683 3663 quoque
1727 3592 1808 3663 pii
1836 3598 1890 3648 et
1919 3595 2134 3651 eruditi

2254 3238 2344 3292 ubi
2375 3237 2543 3292 etiam
2567 3237 2981 3308 consignantur
2999 3236 3227 3290 nomina
3245 3237 3667 3305 episcoporum,
3701 3235 3902 3290 subsi—

2249 3329 2343 3382 (lia
2384 3326 2813 3397 corrOgantium
2842 3325 3426 3381 ad‘constructionem
3461 3325 3607 3380 sacri
3642 3325 3897 3395 adiﬁcii,

2253 3420 2544 3473 numerata
2575 3427 2796 3470 summa
2835 3413 3152 3470 solidorum
3193 3427 3359 3484 quam
3413 3414 3659 3484 quisque
3690 3419 3900 3470 contu—

2251 3507 2409 3562 lerat.
2440 3502 2901 3573 Compendiariis
2923 3508 3112 3557 autem
3141 3503 3354 3558 litteris
3382 3502 3461 3558 ita
3491 3507 3761 3572 concepta
3789 3510 3895 3572 est,

2250 3607 2359 3650 non
2383 3607 2546 3649 secus
2571 3605 2636 3646 ac
2673 3591 2899 3646 Damasi
2945 3585 3249 3667 inscriptio
3282 3591 3451 3660 paulo
3479 3597 3610 3647 ante
3633 3591 3895 3662 (recitata.

833 3719 895 3780 >Χ4
931 3717 1034 3770 DO.
1067 3717 1162 3768 ET
1186 3717 1321 3770 XPO
1346 3717 1781 3775 MISERANTE.
1834 3721 1981 3775 LIM.
2016 3719 2171 3774 HOC.
2212 3719 2269 3773 C.
2303 3719 2362 3770 L.
2391 3719 2458 3771 K.
2499 3718 2558 3770 T.
2602 3718 2664 3770 E.
2702 3718 2902 3774 ANNO
2925 3720 3050 3772 IIII.
3085 3718 3142 3772 C.
3174 3718 3230 3772 S.
3266 3719 3536 3775 VALEN-

836 3787 1148 3843 ΤΙΝΙΑΝΟ.
1181 3786 1356 3842 AVG.
1398 3788 1490 3841 VI.
1534 3791 1641 3842 III.
1702 3792 1820 3843 KL.
1857 3793 1923 3845 D.
1975 3792 2196 3846 XVIIII.
2241 3790 2437 3846 ANNO
2463 3788 2693 3844 EPTVS
2737 3788 2975 3844 RVSTI.
3058 3830 3070 3842 .
3150 3830 3162 3842 .
3245 3829 3258 3842 .
3338 3830 3350 3842 .
3433 3829 3447 3842 .
3527 3829 3539 3842 .

551 3903 680 3974 Deo,
711 3899 992 3974 et‘Chr-isto
1039 3901 1332 3974 miserante
1353 3901 1517 3974 limen
1560 3901 1656 3956 hoc
1695 3904 2034 3958 conlokatum
2073 3910 2150 3959 est
2183 3921 2328 3960 anno
2375 3909 2570 3974 quarto
2616 3904 2842 3960 Consule
2880 3905 3269 3959 Valentiniano
3311 3904 3564 3972 Augusto
3621 3904 3708 3958 V1.
3740 3905 3899 3958 tertio

551 3971 836 4027 Kalendas
861 3971 1162 4026 Decembris
1192 3973 1372 4026 apii-ii.
1408 3987 1554 4026 anno
1589 3975 1948 4043 Episcopatus
1992 3978 2224 4031 Rustici.

555 4089 616 4144 lu
655 4087 830 4143 veteri
869 4086 1090 4142 musivo
1142 4087 1396 4143 ecclesia
1452 4088 1506 4143 S.
1561 4088 1783 4144 Sabina
1838 4090 1897 4145 in
1949 4097 2138 4147 monte

484 4176 764 4234 Aventino
786 4176 1038 4246 ejusdem
1067 4176 1224 4232 tituli
1255 4177 1452 4233 clerici
1486 4178 1564 4233 ita
1590 4187 1993 4248 expresserunt
2013 4195 2140 4250 epo-

2249 4093 2612 4146 constructos
2652 4089 3280 4146 memorabantvetusta
3311 4091 3717 4162 epigrammata
3755 4090 3902 4148 Gru-

2250 4181 2468 4235 teriano
2500 4179 2558 4234 in
2585 4193 2753 4248 opere
2775 4179 3052 4248 impressa
3085 4194 3135 4248 p.
3165 4176 3321 4250 4463,
3347 4194 3505 4236 num.
3537 4176 3594 4234 44
3622 4185 3706 4250 ;et
3737 4177 3895 4250 4464,

485 4267 649 4323 cham
684 4265 1053 4337 pontificatus
1096 4267 1278 4322 sancti
1309 4267 1622 4335 Calestini,
1670 4283 1782 4340 quo
1824 4269 2134 4326 Ecclesiam
2166 4272 2219 4332 D
2248 4281 2402 4324 num.
2438 4266 2472 4323 2
2500 4273 2555 4323 et
2579 4265 2629 4323 4.
2680 4268 2976 4339 Elegantes
3005 4282 3206 4324 versus
3236 4282 3266 4324 a
3296 4270 3456 4324 Sixto
3506 4271 3577 4325 ΙΙΙ
3624 4269 3793 4324 incisi
3840 4271 3899 4325 in

492 4361 719 4428 regente
770 4355 918 4411 ades
974 4354 1075 4411 illa
1117 4368 1276 4412 sacra
1348 4357 1815 4428 magniﬁcentius
1865 4357 2138 4417 fundaba-

488 4450 606 4502 tur.

601 4571 662 4636 ᾧ
697 4566 912 4618 Culmen
939 4568 1279 4630 apostolicum
1311 4583 1428 4619 cum
1459 4569 1775 4620 Caelestinui
1813 4571 2028 4623 haberet

683 4639 890 4705 Erimus
924 4642 973 4688 et
1015 4641 1068 4688 in
1093 4643 1201 4705 toto
1225 4640 1481 4705 fulgerent
1513 4643 1790 4705 episcopus
1833 4645 1955 4695 orbe

684 4701 824 4768 Quae
847 4716 978 4768 quae
995 4703 1443 4768 mirarisfundavit
1462 4701 1728 4768 presbyter
1752 4707 1894 4756 urbis

687 4763 884 4828 Illyrica
910 4766 973 4815 de
995 4769 1148 4827 gente
1179 4766 1376 4827 Petrus,
1414 4763 1514 4815 etc.

567 4889 755 4948 Facile
780 4889 962 4962 igitur
986 4890 1369 4963 intelligimus
1391 4906 1517 4962 qua
1535 4898 1901 4950 monumenta
1923 4895 2146 4951 dedica-

495 4980 718 5035 tionum
749 4992 1041 5035 sacrarum
1068 4979 1278 5036 adium
1311 4986 1428 5036 tum
1450 4983 1727 5053 temporis
1759 4989 2139 5054 superessent,

499 5067 559 5122 in
589 5071 672 5122 tot
701 5069 1083 5126 marmoribus
1107 5075 1163 5126 et
1194 5070 1454 5140 musivis,
1491 5072 1551 5126 in
1571 5071 1838 5141 epistolis
1863 5072 2145 5128 dedican-

499 5156 645 5213 tium
685 5160 740 5211 et
782 5159 1235 5231 concedentium,
1293 5160 1352 5214 in
1401 5159 1561 5214 Actis
1644 5160 2035 5230 synodalibus,
2084 5162 2143 5217 in

493 5242 789 5317 diptychis
817 5248 874 5298 et
902 5245 1264 5302 Kalendariis
1294 5247 1686 5318 ecclesiarum,
1725 5250 2035 5318 quotannis
2066 5264 2146 5306 re-

496 5333 811 5393 colentium
842 5332 994 5388 diem
1018 5333 1422 5392 dedicationis.
1507 5396 1513 5401 _

569 5422 657 5481 36.
733 5422 936 5479 Sacros
1000 5419 1186 5478 fontes
1255 5426 1506 5497 Damasi,
1575 5423 1783 5496 Hilari,
1837 5425 2139 5501 Bonifacii,

497 5511 790 5571 Calestini
833 5516 890 5571 et
938 5510 1174 5568 Jaannis
1221 5526 1576 5571 summorum
1607 5515 1943 5585 pontiﬁcum
2003 5532 2142 5575 cura

2246 4355 2586 4428 baptisterio
2627 4359 2991 4414 Lateranensi
3035 4358 3332 4429 octastylo,
3362 4358 3526 4414 relati
3559 4373 3591 4414 a
3622 4359 3903 4415 Panvinio

2248 4450 2308 4505 in
2342 4447 2490 4502 libro
2514 4448 2584 4502 de
2631 4452 2839 4517 septem
2887 4447 3056 4503 Urbis
3097 4446 3392 4519 Ecclesiis,
3439 4451 3496 4503 et
3532 4462 3565 4504 a
3597 4448 3750 4504 card.
3781 4450 3905 4504 Ra—

2249 4550 2427 4608 spono
2457 4537 2526 4592 de
2553 4536 2796 4592 Basilica
2824 4537 3184 4592 Lateranensi
3205 4536 3305 4592 lib.
3343 4550 3430 4606 Ill,
3462 4550 3585 4607 cap.
3622 4535 3671 4608 4,
3691 4552 3906 4607 super—

2252 4627 2417 4684 stites
2438 4627 2626 4683 adhuc
2652 4627 2921 4698 leguntur
2961 4625 3022 4681 in
3047 4625 3337 4696 epistyliis
3364 4627 3899 4683 Consiantinianis:

2253 4716 2726 4787 quemadmodum
2749 4713 3034 4770 Ambrosii
3063 4729 3260 4771 versus
3291 4715 3625 4786 legebantur
3655 4717 3714 4772 in
3747 4715 3906 4773 fonte

2252 4804 2506 4861 ecclesia
2535 4807 2592 4859 B.
2626 4802 2844 4858 Thecla
2871 4803 3124 4872 ejusdem
3151 4803 3349 4874 ﬁgura
3380 4811 3670 4876 octogona
3709 4807 3906 4875 (cujus

2254 4896 2586 4964 mysterium
2619 4893 2698 4949 ibi
2742 4891 2996 4948 declarat
3021 4899 3253 4950 sanctus
3281 4893 3602 4966 episcOpus)
3637 4896 3776 4951 editi
3804 4911 3909 4965 per

2252 4984 2560 5040 Gruterum
2587 4997 2654 5038 ex
2688 4981 2864 5037 veteri
2894 4996 2997 5038 ms.
3033 4997 3158 5055 pag.
3186 4981 3342 5053 4468,
3376 4999 3532 5039 num.
3565 4983 3621 5055 8,
3649 4999 3778 5041 cum
3807 4999 3909 5042 re-

2254 5072 2436 5144 liquis
2465 5071 2977 5143 epigrammatibus
3017 5072 3166 5128 beati
3198 5073 3470 5144 doctoris,
3508 5074 3910 5133 indicantibus

2252 5163 2642 5219 dedicationes
2688 5161 2759 5217 ab
2810 5163 2934 5232 ipso
2963 5167 3238 5232 peractas,
3267 5167 3323 5218 et
3361 5164 3630 5235 mysteria
3681 5166 3907 5222 rituum

2255 5252 2353 5324 qui
2401 5253 2458 5307 in
2511 5251 2634 5306 illis
2676 5251 3044 5309 adhibentur.
3101 5251 3216 5308 Sub
3251 5251 3463 5310 Siricio
3504 5267 3646 5324 papa
3690 5256 3910 5325 aquali

2254 5346 2448 5398 sancto
2471 5340 2772 5398 Ambrosio
2797 5342 3036 5398 incisam
3064 5342 3324 5400 videmus
3345 5343 3615 5414 epocham
3641 5346 3908 5402 restituti

2253 5429 2590 5501 presbyterii
2648 5431 2708 5486 in
2757 5431 3006 5501 platonia
3050 5431 3107 5489 S.
3157 5434 3544 5504 Pudentiana,
3592 5447 3694 5492 seu
3738 5435 3908 5494 tituli

2251 5521 2531 5577 Pastoris:

973 5618 1192 5678 SALVO
1227 5619 1475 5679 SIRICIO
1509 5623 1837 5682 EPISCOPO
1885 5626 2239 5697 FELICIQVE
2277 5626 2640 5687 LEOPARDO
2677 5628 3041 5688 ECCLESIAE
3076 5629 3417 5688 SANCTAE:
