4034 6196
495 347 575 408 79
1294 346 1390 402 AD
1425 344 1858 402 ANASTASIUM
1898 342 2410 402 PROLEGOMENA
2451 344 2628 400 EDIT.
2668 343 3098 401 ROM.-VATIC.

3835 340 3913 400 80

526 488 537 518 -‘
568 466 840 538 Constant
880 464 1076 551 itaque
1113 479 1478 534 monumenta
1520 490 1633 534 non
1682 489 1863 549 pauca
1904 464 2229 536 marmo-‘A
2254 470 2462 528 littera
2490 471 2598 529 sub
2627 471 2873 543 Pippino
2901 474 2958 528 et
2984 470 3188 528 Carolo
3217 471 3420 542 Magno
3465 469 3908 540 reviviscerent,

448 608 457 617 -
500 558 627 628 rum
653 572 1007 626 vetustorum
1050 567 1108 622 in
1138 566 1394 623 Ecclesia
1423 568 1675 623 Romana
1708 566 1780 622 ab
1804 568 1968 621 atate
1995 564 2144 635 Hip-

497 658 677 731 polyti
733 657 1002 728 martyris
1048 657 1119 713 ad
1171 655 1511 728 Gregorium
1559 655 1815 723 tertium,
1871 653 1980 710 sub
2027 665 2141 724 quo

493 749 638 806 Vita
685 746 861 817 hujus
902 745 1264 802 collectionis
1308 749 1441 801 ante
1481 744 1850 813 Anastasium
1894 740 2145 799 conscri-

495 837 813 894 bebantur:
850 849 975 906 qua
1002 834 1170 892 nobis
1206 833 1480 890 exhibent
1516 833 1857 891 documenta
1892 831 2142 903 genuina

492 931 549 982 et
575 924 806 997 publica
846 924 1104 995 plurium
1148 927 1437 995 gestorum
1471 922 1532 979 in
1565 921 1835 979 conciliis
1866 920 2017 991 apud
2044 933 2142 976 se—

489 1015 617 1070 dem
652 1012 1025 1083 apostolicam
1059 1010 1382 1083 celebratis,
1414 1024 1481 1067 ac
1514 1010 1741 1067 decreta
1784 1020 2137 1067 summorum

490 1102 825 1175 pontiﬁcum
858 1096 1148 1171 ’legesque
1206 1098 1402 1157 latas:
1460 1104 1517 1156 et
1573 1102 1911 1156 enumerant
1963 1097 2139 1166 hujus

490 1191 760 1248 Ecclesia
808 1188 1167 1260 presbyteros
1205 1193 1261 1246 et
1293 1189 1588 1258 diaconos,
1630 1189 1732 1259 qui
1777 1187 2013 1259 synodis
2060 1186 2142 1240 in-

493 1279 852 1339 terfuerunt:
886 1284 953 1336 ut
978 1277 1145 1349 plane
1174 1283 1437 1335 constare
1463 1277 1648 1348 possit
1692 1278 1962 1348 pleraque
1991 1274 2138 1331 facta

492 1369 794 1428 enuntiata
820 1369 881 1425 in
908 1368 1018 1424 hoc
1039 1366 1211 1424 Libro
1236 1366 1559 1424 Pontificali
1592 1366 1849 1437 potuisse
1869 1367 1985 1436 jam
2013 1368 2135 1422 tum

490 1458 768 1516 falsitatis
799 1452 1069 1530 redargui
1102 1455 1337 1528 publico
1363 1456 1715 1526 testimonio,
1749 1459 1800 1512 si
1830 1458 2028 1511 contra
2060 1455 2137 1511 fi-

488 1548 616 1605 dem
657 1546 986 1605 eorumdem
1032 1549 1531 1605 monumentorum
1571 1546 1897 1616 conscripta
1925 1542 2131 1602 forent.

554 1634 643 1694 39.
679 1637 870 1692 Liceat
908 1635 1004 1691 hic
1049 1634 1239 1692 obiter
1267 1634 1524 1691 indicare
1554 1638 1830 1706 quantum
1861 1637 2135 1690 auctora-

487 1726 663 1783 menti
716 1724 1032 1783 concilient
1080 1724 1341 1781 historia
1406 1722 1565 1779 Libri
1614 1722 1971 1779 Pontiﬁcalis
2015 1722 2133 1779 hac

485 1818 872 1878 monumenta,
917 1827 1045 1885 qua
1069 1812 1205 1885 styli
1232 1811 1554 1869 barbariem
1593 1810 1969 1883 praseferunt
2009 1824 2132 1881 pro-
2160 1810 2214 1872 B

484 1904 668 1975 priam
701 1902 868 1958 illius
894 1902 1104 1973 atatis,
1135 1914 1248 1972 qua
1277 1901 1386 1958 sub
1406 1901 1706 1972 Gregoriis
1733 1902 1777 1956 II
1804 1905 1860 1957 et
1888 1902 1961 1956 III
1989 1900 2131 1958 Vita

483 1991 819 2064 pontificum
866 1990 1290 2062 colligebantur
1327 2003 1396 2046 ex
1420 1990 1701 2062 catalogis
1728 1996 1785 2045 et
1822 1988 2131 2045 tabulariis

481 2088 801 2152 temporum
829 2080 1217 2150 superiorum.
1250 2078 1372 2135 Una
1405 2078 1730 2149 inscriptio,
1761 2092 1935 2149 quam
1963 2077 2128 2135 modo

484 2169 811 2238 retulimus,
841 2169 923 2223 ita
947 2168 1302 2239 negligenter
1324 2174 1523 2224 curata
1545 2169 1618 2224 ab
1641 2168 1743 2225 illo
1766 2169 1866 2240 qui
1893 2171 2131 2245 praerat

366 2292 373 2295 -
487 2257 784 2327 ineisioni,
817 2257 938 2313 sive
980 2256 1245 2312 notarius
1283 2255 1481 2329 fuerit,
1513 2258 1633 2314 sive
1663 2258 2006 2327 prapositus
2036 2255 2132 2311 fa-

484 2348 679 2418 brica,
705 2347 824 2403 sive
849 2344 1003 2401 alius
1028 2345 1376 2401 administer
1401 2345 1677 2416 basilica,
1703 2346 1840 2401 dum
1874 2359 1972 2416 per
2000 2346 2130 2402 sin-

484 2436 651 2511 gulos
675 2434 850 2492 ferme
877 2448 1078 2490 versus
1106 2434 1164 2489 in
1192 2432 1421 2505 regulas
1447 2434 1846 2505 grammatices
1871 2432 2130 2504 frequen-

482 2532 569 2582 ter
623 2529 681 2581 et
732 2523 982 2596 graviter
1038 2528 1252 2594 peccat,
1308 2522 1500 2578 vivum
1557 2521 1803 2578 colorem
1855 2522 2129 2592 exprimit

482 2613 739 2670 infelicis
782 2612 949 2669 illius
995 2612 1218 2668 atatis:
1273 2624 1443 2681 quam
1498 2610 1855 2683 Langobardi
1899 2611 2128 2668 duobus

480 2702 656 2760 ferme
693 2702 923 2759 saculis
964 2701 1382 2758 dominationis
1432 2702 1492 2757 in
1539 2700 1707 2757 Italia
1752 2700 1996 2771 expletis
2046 2701 2126 2759 ita

479 2793 761 2865 hospitem
791 2792 1093 2849 etiecerant
1126 2791 1342 2847 Latina
1372 2782 1707 2863 locutionis,
1750 2796 1814 2847 ut
1852 2791 2123 2848 Actorum

477 2883 841 2956 publicorum
880 2885 1227 2951 exceptores,
1273 2886 1337 2937 ut
1378 2894 1573 2952 regum
1623 2881 1878 2951 ipsorum
1908 2881 2122 2937 notarii
2235 2922 2250 2956 ._

475 2987 542 3031 ac
568 2972 949 3043 diplomatum
973 2969 1236 3042 magistri
1263 2970 1451 3026 nihilo
1477 2970 1795 3028 correctius
1813 2970 2118 3026 dictarent.

472 3060 806 3131 Exemplum
825 3059 974 3116 dabo
1000 3072 1068 3115 ex
1094 3058 1384 3116 tabulario
1411 3060 1751 3116 monasterii
1774 3059 1913 3116 olim
1938 3060 2122 3117 Salva-

473 3152 618 3210 toris
642 3149 835 3221 titulo,
867 3162 1021 3206 nunc
1059 3148 1122 3205 S.
1154 3147 1321 3205 Julia
1348 3149 1690 3220 nuncupati,
1728 3149 1938 3205 Brixia
1976 3148 2119 3206 fun-

465 3243 600 3299 dato
627 3254 726 3312 per
747 3240 957 3296 Ansam
990 3239 1266 3311 reginam,
1296 3239 1448 3311 regis
1472 3227 1758 3296 Desiderii
1785 3241 2106 3315 coniugem,

466 3337 524 3388 et
543 3329 817 3388 Adelchis
839 3328 960 3386 sive
985 3327 1244 3400 Adelgisi
1279 3333 1532 3384 matrem.

512 3416 626 3477 «40.
657 3420 738 3474 Ex
762 3416 1137 3489 autographis
1159 3417 1439 3488 exscripsi
1470 3417 1706 3474 exordia
1730 3423 1786 3474 et
1810 3418 2107 3491 subsigna-

463 3509 676 3567 tionem
697 3507 946 3564 duorum
965 3506 1025 3561 di
1033 3505 1367 3577 plomatum,
1392 3520 1519 3576 qua
1542 3506 1622 3562 ita
1644 3507 2104 3577 perscribuntur.

467 3600 723 3655 Primum
748 3599 968 3666 spectat
989 3594 1060 3649 ad
1087 3607 1304 3652 annum
1332 3608 1460 3651 ara
1483 3595 1701 3652 Christi
1730 3592 1857 3652 771.

465 3765 477 3779 .
563 3760 578 3776 .
656 3761 670 3775 .
751 3761 764 3775 .
840 3722 960 3774 rius
979 3717 1091 3792 (ΡΙ,
1132 3718 1603 3792 Desiderius)vir
1631 3722 1815 3777 emcell.
1849 3737 1966 3777 rem.
2004 3724 2115 3778 Mo-

464 3794 705 3849 nasterio
733 3792 844 3845 Dni
880 3795 931 3844 et
971 3789 1343 3859 Redemptoris
1379 3789 1556 3844 nostri
1583 3795 1687 3846 sito
1715 3796 1868 3846 intra
1897 3795 2117 3850 civitate

464 3869 653 3921 nostra
685 3863 964 3931 bririana,
998 3875 1165 3929 quam
1206 3875 1304 3914 nos
1337 3862 1451 3929 Xpo
1469 3862 1704 3928 juvante
1737 3879 1851 3917 una
1877 3879 1997 3918 cum
2019 3881 2118 3919 re-

465 3935 842 3992 uerentissima
863 3930 1090 3999 conjuge
1114 3934 1303 3985 nostra
1322 3945 1459 3984 ansa
1483 3935 1677 3999 regina
1696 3934 1773 3986 ad
1790 3936 2120 4001 fundamen-

466 4010 536 4062 tis
575 4005 978 4060 construaimus
1008 4006 1059 4057 et
1097 4007 1307 4063 sacrate
1335 4003 1536 4056 damna
1578 4004 1895 4074 anselperge
1937 4006 2120 4060 abba-

469 4080 596 4133 tisse
638 4076 847 4130 dilecta
890 4075 1019 4144 ﬁlia
1064 4078 1263 4128 nostra
1309 4074 1575 4146 detulisti,
1606 4076 1916 4131 eacellentie
1963 4080 2122 4146 regni

464 4152 648 4205 nostro
677 4162 735 4201 eo
766 4147 915 4216 quod
943 4145 1425 4201 excellentissimus
1449 4145 1693 4200 adelchis
1722 4163 1822 4202 rem
1848 4149 1998 4217 ﬁlius
2027 4145 2120 4203 no-

465 4224 577 4276 sier
600 4233 892 4288 germanus
923 4220 1050 4271 tuus
1079 4221 1243 4285 atque
1273 4217 1512 4284 gloriosa
1536 4218 1741 4286 conjua:
1765 4225 1954 4274 nostra
1979 4236 2118 4275 ansa

467 4293 660 4360 regina
686 4290 929 4358 genitri‘a:
958 4292 1055 4360 tua
1083 4288 1401 4342 contulisset
1418 4304 1524 4358 per
1541 4296 1828 4359 preceptas
1859 4292 2119 4346 domina-

467 4359 631 4419 tionis
659 4362 894 4428 singulis
924 4359 1086 4433 rebus
1108 4360 1171 4433 in
1193 4362 1311 4430 ipso
1341 4363 1528 4433 sancto
1552 4365 1882 4417 monasterio
1911 4366 1970 4417 in
1998 4366 2120 4433 ﬁni-

469 4435 567 4489 bus
592 4434 794 4486 nostris
823 4432 1029 4485 austrie
1057 4431 1143 4485 vel
1169 4433 1410 4486 neustrie
1435 4431 1639 4501 Spoleti
1668 4438 1719 4487 et
1747 4436 1916 4490 tuscie
1941 4431 2118 4490 curtes

467 4520 588 4560 cum
632 4504 978 4565 massaritias
1021 4508 1120 4557 etc.
1167 4504 1375 4572 Scripsi
1416 4519 1511 4571 ego
1555 4508 1707 4573 petra
1753 4508 1969 4561 notario
1999 4511 2118 4562 acto

469 4576 659 4631 breaia
685 4575 774 4629 die
797 4576 999 4629 mensis
1018 4574 1159 4642 julii
1182 4589 1330 4629 anno
1357 4575 1649 4644 ﬁlicissimi
1675 4590 1829 4645 regn.
1910 4619 1923 4632 .
2004 4620 2016 4632 .
2099 4620 2112 4633 .

461 4662 564 4719 per
590 4646 784 4701 indici.
812 4647 936 4700 viiii
965 4646 1063 4713 fel.

538 4753 815 4827 Sequitur
863 4751 1109 4810 alterum
1153 4750 1411 4823 diploma
1456 4750 1752 4824 pertinens
1785 4754 1853 4811 ad
1901 4768 2116 4815 annum

468 4953 691 5007 Flavius
720 4948 963 5006 adelchis
989 4951 1078 5005 vir
1104 4949 1290 5005 eacell.
1324 4965 1425 5005 rea:
1465 4951 1794 5006 Monasterio
1836 4956 1946 5008 Dni
1984 4953 2118 5010 Sal-

468 5025 674 5095 pateris
719 5025 825 5077 sito
854 5024 913 5077 in
943 5023 1163 5077 civitate
1203 5022 1463 5076 brimiana
1492 5023 1639 5092 quod
1668 5024 1867 5078 damna
1903 5027 2117 5095 precel-

473 5094 772 5148 lentissima
813 5109 952 5148 ansa
992 5096 1186 5162 regina
1226 5095 1468 5163 genitria
1513 5098 1700 5147 nostra
1731 5099 1783 5148 et
1828 5094 2005 5151 dicate
2049 5097 2118 5152 d6

471 5163 793 5232 anselperga
841 5164 1115 5219 abbatisse
1160 5166 1353 5218 dilecte
1388 5180 1655 5231 germane
1681 5169 1863 5220 nostre
1904 5172 2001 5222 etc.
2053 5184 2120 5223 ea:

475 5235 618 5290 dicto
639 5234 825 5288 damni
842 5236 984 5299 regis
1002 5250 1105 5305 pro
1126 5235 1365 5289 advaldo
1387 5237 1609 5288 notariu
1630 5249 1698 5288 ea:
1717 5238 1893 5305 ipsius
1914 5240 2117 5295 dictata

476 5308 672 5372 scripsi
695 5319 789 5371 ego
808 5304 1079 5358 ermoalde
1100 5308 1316 5359 notario
1337 5306 1432 5372 fel.
1460 5310 1579 5359 acto
1609 5307 1905 5362 civitatein
1929 5311 2117 5366 bremia

475 5374 764 5451 undecima
787 5374 875 5429 die
902 5377 1099 5451 mensis
1142 5377 1420 5451 novembri
1459 5391 1616 5451 anno
1632 5377 1938 5451 felicissimi
1961 5385 2119 5451 regni

476 5450 652 5503 nostri
689 5449 750 5502 in
778 5447 993 5517 nomine
1023 5446 1423 5515 quartodecimo
1446 5463 1489 5517 p
1516 5448 1687 5502 indic.
1717 5451 1887 5504 mima.

549 5550 639 5611 il.
669 5554 731 5609 In
773 5551 958 5609 Gallis
997 5550 1195 5608 eodem
1238 5551 1448 5609 saeculo
1479 5561 1535 5609 et
1582 5555 1870 5625 superiori
1919 5573 2117 5634 regum

477 5643 791 5718 diplomata
807 5641 1101 5714 complura
1113 5640 1302 5700 nihilo
1318 5641 1777 5705 feliciusdictata
1791 5647 1945 5721 leges
1963 5653 2116 5724 apud

480 5737 546 5793 Β.
572 5734 630 5791 P.
665 5730 1063 5792 Mabillonium
1086 5732 1158 5791 de
1185 5733 1265 5790 Re
1290 5732 1664 5806 diplomatica
1694 5736 1797 5795 lib.
1828 5752 1907 5813 VI,
1937 5740 2117 5802 donec

2254 576 2382 633 qua
2430 563 2753 642 irruptione
2781 563 3193 619 Saracenorum
3223 561 3397 616 etiam
3445 560 3528 616 ibi
3567 558 3911 617 deformata

2252 663 2318 706 ac
2361 650 2537 708 ferme
2578 652 2777 709 deleta
2817 650 3067 720 fuerant,
3097 654 3165 707 ut
3194 649 3346 706 infra
3389 650 3542 722 leges
3569 650 3626 705 in
3663 651 3797 706 Vita
3843 650 3903 705 S.

2251 739 2539 813 Gregorii,
2575 755 2731 799 num.
2778 738 2899 807 482,
2932 746 2990 797 et
3033 740 3512 812 quemadmodum
3545 740 3605 795 in
3643 740 3910 796 Historia

2251 830 2598 887 Massiliensi
2621 830 2882 901 deplorat
2906 829 3109 887 Rullus
3134 829 3234 885 lib.
3267 844 3349 899 x1,
3373 842 3497 899 cap.
3529 827 3578 900 l,
3605 827 3909 899 proferens

2251 918 2609 989 epitaphium
2630 920 2889 977 Eusebia
2915 919 3377 977 sanctimonialis
3401 920 3457 974 S.
3486 918 3734 989 Cyriaci,
3767 931 3901 989 pag.

2254 1003 2373 1073 428,
2398 1022 2568 1079 quam
2594 1008 2878 1080 virginem
2909 1022 3033 1080 pag.
3062 1006 3132 1064 58
3156 1021 3221 1063 ex
3245 1007 3510 1078 antiquis
3531 1007 3906 1064 documentis

2251 1096 2453 1167 probat
2480 1111 2609 1154 cum
2640 1098 2779 1154 aliis
2809 1098 3076 1154 undecim
3107 1098 3289 1153 sacris
3319 1095 3649 1168 virginibus
3679 1096 3903 1167 quibus

2251 1190 2489 1256 praerat
2508 1200 2568 1242 se
2590 1185 2939 1244 deformasse
2961 1187 3188 1247 narium
3213 1186 3588 1255 abscissione,
3614 1198 3684 1241 ne
3703 1199 3734 1241 a
3755 1185 3904 1241 bar-

2248 1271 2407 1329 baris
2429 1274 2763 1347 violaretur,
2799 1276 2899 1347 qui
2933 1276 3086 1331 circa
3112 1288 3295 1331 annos
3315 1271 3423 1329 725
3445 1279 3502 1329 et
3529 1270 3660 1343 730,
3694 1286 3902 1344 nempe

2246 1367 2408 1419 atate
2436 1363 2491 1419 S.
2524 1364 2791 1436 Gregorii
2839 1366 2887 1419 II
2925 1369 2981 1420 et
3021 1366 3114 1435 ΙΙΙ,
3164 1363 3520 1420 Provinciam
3571 1361 3899 1419 vastabant.

2244 1451 2616 1523 Epitaphium
2650 1452 2840 1509 nihilo
2883 1453 3223 1511 melioribus
3252 1451 3638 1526 grammatica
3668 1451 3903 1523 legibus

2245 1539 2326 1597 ita
2368 1540 2583 1614 legitur
2614 1542 2884 1599 incisum.

2348 1680 2399 1722 P.
2431 1680 2521 1723 HIC
2545 1680 2863 1730 REQVIESCIT
2889 1682 2947 1724 IN
2976 1680 3140 1725 PASSE
3168 1680 3399 1725 EVSEBIA
3428 1679 3714 1725 RELIGIOSA

2347 1768 2530 1813 “(ENA
2552 1770 2796 1814 ANCELLA
2820 1771 2917 1814 DN!

2346 1859 2436 1908 QVI
2463 1860 2522 1902 IN
2548 1858 2763 1903 δεσυιο
2790 1860 2859 1903 ΑΒ
2884 1860 3173 1904 HENEVNTE
3197 1859 3366 1904 ΕΤΔΤΕ
3396 1860 3497 1903 SVA
3520 1859 3676 1903 VIXIT

2348 1947 2652 1992 SECOLARES
2673 1949 2855 1992 ANNUS
2875 1950 3008 1992 XIII.
3037 1949 3101 1992 ΕΤ
3126 1948 3216 1992 VBI
3247 1950 3283 1991 Λ
3304 1949 3408 1991 DNO

2344 2037 2545 2081 ELECTA
2567 2038 2663 2081 EST
2690 2039 2747 2081 IN
2777 2038 3118 2082 IONASTERIO
3143 2037 3462 2081 SANCTORVM
3491 2036 3669 2081 CYRICI

2344 2126 2612 2170 SERVIVET
2640 2127 2822 2170 ANNVS
2849 2128 3267 2177 QVINQVAGENTA
3303 2127 3569 2171 RECESSET
3605 2126 3704 2169 SVB

2343 2214 2435 2258 DIE
2458 2216 2645 2259 PBIDIE
2668 2218 2827 2261 ΚΛΜ).
2856 2217 3115 2262 OCTOBRIS
3150 2215 3459 2260 INDICTIONE
3485 2216 3660 2260 SEXTA

2237 2308 2422 2365 Aliam
2451 2324 2679 2382 quoque
2708 2310 2925 2382 profert
2949 2325 3074 2384 pag.
3108 2310 3179 2369 55
3208 2312 3464 2382 ejusdem
3491 2311 3651 2382 styli.

2306 2398 2457 2468 Quin
2496 2400 2668 2457 etiam
2715 2401 2775 2456 in
2808 2401 2965 2474 regia
2998 2402 3123 2472 ipsa
3170 2401 3521 2458 Francorum
3571 2400 3886 2471 diplomata

2238 2487 2392 2559 regis
2403 2487 2684 2545 Chlotarii
2702 2490 3544 2563 secundiautographa,cortici
3561 2504 3659 2547 seu
3673 2504 3888 2561 papyro

2236 2576 2592 2650 consignata,
2620 2578 2894 2651 leguntur
2918 2581 3074 2636 edita
3104 2580 3176 2636 ab
3200 2581 3351 2636 adm.
3388 2594 3502 2637 rev.
3537 2581 3700 2637 Patre
3728 2580 3888 2635 Feli-

2235 2664 2368 2722 bien
2418 2667 2479 2723 in
2519 2669 2776 2725 Historia
2815 2668 3060 2726 abbatia
3107 2670 3162 2726 S.
3215 2670 3502 2743 Dionysii,
3551 2669 3632 2726 ita
3668 2669 3885 2726 dictata

2234 2754 2389 2813 circa
2416 2769 2630 2814 annum
2660 2758 2878 2814 Christi
2909 2756 3037 2815 620.

2332 2921 2347 2937 .
2428 2922 2440 2937 .
2524 2922 2537 2936 .
2613 2884 2749 2937 uiris
2823 2884 3151 2939 inlustribus
3230 2882 3599 2952 Chrodegario
3676 2924 3690 2937 .
3768 2924 3781 2937 .
3864 2925 3877 2939 .

2229 2954 2372 3007 iente
2391 2969 2494 3023 per
2521 2953 2863 3027 baselecabus
2893 2955 2958 3010 de
2977 2958 3090 3011 suis
3111 2956 3356 3027 propriis
3381 2954 3747 3024 facoltatebus
3770 2971 3877 3025 per

2231 3026 2538 3080 testamenti
2552 3028 2819 3096 paginam
2845 3028 3078 3081 voluerit
3107 3026 3356 3096 legaliter
3385 3027 3628 3095 delegari
3649 3042 3750 3097 per
3772 3043 3881 3080 no-

2227 3097 2359 3149 stris
2393 3097 2834 3153 authoretatebus
2879 3104 3256 3153 testamentum
3335 3138 3348 3152 .
3430 3140 3438 3149 .
3519 3104 3702 3152 noster
3728 3098 3881 3152 Dedo

2224 3166 2385 3221 Abba
2407 3168 2474 3222 de
2495 3170 2776 3223 Baselecas
2805 3172 3000 3226 Domni
3019 3171 3297 3229 Dioninsii
3328 3169 3621 3224 Martheris
3638 3170 3883 3239 peculia-

2223 3253 2308 3292 -es
2327 3242 2555 3309 patroni
2582 3242 2760 3294 nostri
2786 3246 2883 3295 etc.
2919 3240 3299 3296 Chlotacarius
3332 3243 3407 3295 im
3438 3241 3641 3300 Christi
3663 3242 3885 3296 nomine

2252 3324 2320 3364 ea:
2342 3311 2482 3366 hanc
2499 3313 2920 3382 praceptionem
2945 3313 3266 3383 subscripsi.

2313 3417 2370 3473 Si
2402 3416 2537 3488 quis
2566 3430 2698 3474 vero
2726 3418 2925 3489 cupiat
2953 3418 3275 3475 barbariem
3303 3418 3629 3475 earumdem
3653 3424 3881 3477 atatum

2232 3507 2611 3577 contemplari
2642 3507 2814 3564 etiam
2840 3509 2899 3571 in
2927 3508 3197 3565 brevibus
3224 3509 3730 3582 inscriptionibus,
3759 3515 3881 3566 tum

2220 3595 2496 3665 temporis
2518 3596 2727 3666 positis
2758 3597 2910 3654 intra
2936 3597 3076 3654 lines
3100 3597 3299 3669 Italia,
3331 3596 3614 3669 proferam
3637 3612 3704 3654 ex
3734 3599 3875 3654 Pan-

2224 3684 2384 3741 vinio
2413 3683 2699 3756 Antiquit.
2748 3687 3163 3742 Veronensium
3196 3686 3298 3742 lib.
3332 3701 3385 3757 v,
3434 3700 3556 3756 cap.
3597 3684 3680 3757 ll,
3721 3690 3777 3742 et
3807 3700 3876 3742 ex

2227 3785 2374 3829 com.
2408 3773 2703 3831 Moscardo
2731 3774 3000 3832 Historia
3028 3775 3374 3831 Veronensis
3400 3775 3503 3830 lib.
3527 3788 3606 3845 vr,
3638 3789 3761 3847 pag.
3784 3771 3879 3843 70,

2226 3860 2595 3933 epigraphen,
2628 3862 2872 3919 incisam
2903 3863 3241 3936 columella,
3276 3863 3415 3920 olim
3443 3863 3552 3920 sub
3582 3877 3681 3920 ara
3705 3866 3881 3920 maxi-

2228 3963 2338 4019 ma,
2374 3962 2526 4005 nunc
2549 3950 2609 4005 in
2631 3963 2728 4006 ara
2758 3950 2981 4007 laterali
3007 3951 3264 4008 ecclesia
3287 3952 3341 4007 S.
3377 3953 3609 4024 Georgii
3638 3952 3698 4007 in
3724 3951 3883 4007 Valle

2229 4038 2522 4094 Pollicella
2552 4040 2622 4096 ad
2655 4040 3055 4097 sustinendam
3088 4041 3294 4098 altaris
3325 4056 3574 4099 mensam
3602 4056 3733 4098 cum
3763 4041 3883 4096 tri-

2230 4125 2337 4182 bus
2360 4126 2657 4197 similibus
2676 4129 2988 4187 collocata.
3010 4131 3295 4201 Epocham
3321 4131 3629 4187 incisionis
3653 4135 3709 4186 et
3733 4136 3884 4187 stru-

2229 4220 2407 4272 ctura
2456 4216 2625 4273 nobis
2654 4218 2887 4276 exhibet
2930 4219 3037 4276 sub
3070 4233 3199 4291 rege
3228 4221 3607 4292 Luitprando,
3658 4220 3763 4276 hoc
3795 4226 3884 4276 est

2231 4306 2403 4377 paulo
2433 4312 2564 4364 ante
2592 4321 2806 4365 annum
2834 4310 3053 4367 Christi
3085 4306 3209 4367 743.

2298 4399 2421 4453 Non
2446 4397 2722 4469 gravabor
2744 4399 2890 4457 hanc
2909 4401 3371 4472 inscriptionem,
3393 4400 3528 4458 licet
3546 4414 3579 4457 a
3602 4399 3883 4458 Panvinio

2145 4484 2196 4546 D
2229 4492 2286 4544 et
2309 4502 2341 4544 a
2362 4490 2656 4547 Moscardo
2685 4490 2918 4562 editam,
2950 4491 3158 4547 iterum
3185 4492 3337 4563 typis
3356 4491 3512 4558 dare,
3537 4505 3669 4548 cum
3690 4491 3878 4548 videri

2227 4578 2411 4649 possit
2442 4579 2674 4636 illorum
2717 4581 2908 4636 neutri
2954 4586 3225 4651 spectata,
3274 4582 3368 4637 sed
3412 4580 3663 4637 aliorum
3706 4594 3883 4650 opera

2228 4666 2704 4740 minusdiligenti
2726 4668 3089 4738 transcripta.
3110 4670 3253 4725 Mihi
3273 4683 3403 4726 vero
3420 4684 3547 4726 cum
3569 4669 3885 4741 contigerit

2226 4768 2371 4813 com.
2405 4756 2726 4813 Ottolinum
2772 4755 3015 4812 Ottolini
3064 4759 3279 4832 optime
3309 4758 3380 4813 de
3409 4759 3625 4815 studiis
3655 4758 3879 4813 nostris

2229 4846 2496 4902 meritum
2535 4859 2752 4919 rogare,
2788 4846 3076 4902 utcharta
3117 4847 3439 4904 humectata
3470 4848 3741 4904 marmori
3766 4859 3885 4917 ap—

2228 4933 2560 5004 plicaretur,
2584 4940 2641 4990 et
2658 4933 3052 4991 characterum
3071 4937 3283 4993 ductus
3300 4937 3518 5008 singuli
3540 4936 3886 4993 fidelissime

2227 5026 2719 5095 exprimerentur;
2755 5025 2806 5080 is
2838 5039 2940 5095 pro
2971 5026 3257 5097 singulari
3286 5040 3398 5097 qua
3430 5033 3661 5097 prastat
3685 5027 3887 5083 erudi-

2228 5114 2404 5186 tione,
2437 5121 2492 5170 et
2519 5126 2658 5169 cura
2686 5127 2854 5184 quam
2888 5114 3125 5171 adhibet
3152 5117 3211 5171 in
3242 5116 3574 5173 excolendis
3600 5118 3659 5172 in
3685 5117 3884 5187 patria

2227 5216 2330 5260 nos
2376 5201 2741 5275 gravioribus
2799 5204 3156 5277 disciplinis,
3230 5206 3605 5277 historiaque
3670 5206 3881 5265 ﬁrma—

2229 5292 2436 5347 mentis
2463 5290 2852 5363 illustrandis,
2885 5294 2944 5348 in
2973 5307 3031 5349 se
3059 5295 3273 5364 recepit
3295 5301 3359 5351 ut
3387 5295 3597 5351 editam
3628 5294 3700 5351 ab
3724 5302 3883 5354 utro-

2228 5395 2338 5451 que
2354 5368 2632 5435 historico
2650 5380 2998 5452 epigraphen
3013 5395 3081 5437 ex
3102 5383 3460 5456 autOgrapho
3480 5384 3561 5440 ita
3580 5393 3878 5456 exceptam

2225 5469 2294 5525 ad
2319 5482 2406 5525 me
2423 5469 2856 5542 transmitteret,
2876 5475 2932 5527 et
2950 5471 3269 5529 columella
3284 5473 3528 5529 alterius
3546 5474 3887 5547 inscriptio-

2227 5572 2353 5615 nem
2399 5558 2615 5628 pariter
2642 5559 2826 5632 daret,
2858 5562 3158 5635 Panvinio,
3184 5568 3241 5620 et
3269 5563 3564 5620 Moscardo
3608 5578 3721 5621 non
3766 5566 3888 5623 ob-

2227 5646 2525 5710 servatam.
2547 5650 2611 5705 In
2638 5654 2881 5722 utraque
2899 5653 3193 5710 attendere
3212 5656 3445 5723 praStat
3465 5653 3689 5711 litteras
3709 5668 3885 5714 com-

2227 5741 2422 5816 plures
2440 5738 2511 5798 ad
2530 5739 2718 5798 Graeci
2737 5739 3028 5813 alphabeti
3056 5741 3294 5801 formam
3323 5743 3559 5818 incisas,
3583 5745 3886 5819 pracipue
