4050 6184
204 282 274 342 84
443 327 454 334 κ
1462 341 1472 353 ,
1746 290 1831 346 PR

1963 289 2121 347 mo.
2607 263 2616 272 ’
3560 304 3633 364 82

199 408 266 463 D.
292 413 353 465 et
381 410 444 466 L.
478 411 640 468 Prior
672 411 870 483 itaque
893 411 1202 484 inscriptio
1226 425 1259 468 a
1281 411 1532 470 laudatis
1557 412 1871 484 scriptori—
1898 422 1952 482 A
1982 431 2151 488 quam
2195 419 2485 488 principes
2523 419 2878 492 Langobardi
2925 422 3321 493 possederunt,
3359 426 3627 497 Capuana

198 498 313 555 bus
341 501 586 574 vulgata
619 503 757 559 talis
786 508 874 558 est
903 522 915 558 :

532 595 572 662 αι-
604 596 678 648 IN
709 595 755 648 N
785 596 904 650 ΔΝΙ
935 594 1051 649 [HV
1081 594 1201 649 XPI
1230 593 1318 649 ΔΕ
1349 593 1552 650 AONIS

533 666 637 720 SCI
680 667 942 720 IVIIANN
951 669 1026 721 ES

533 736 884 792 BAPTESTE
918 739 1032 792 ΕΔΙ

532 809 816 864 FICATVS
849 809 969 863 EST
999 807 1178 864 HANC

530 880 848 936 CIVORIVS
891 881 1014 936 SVB
1049 877 1374 936 TEMPORE

533 951 804 1006 AOMINO
834 951 1103 1007 NOSTRO

531 1021 921 1078 AIOPRANDO
959 1024 1142 1078 REGE

531 1095 619 1148 ET
654 1095 739 1148 VB
768 1095 1088 1148 PATERNO

533 1165 846 1220 AOMNICO
887 1163 1226 1221 EPESCOPO

528 1237 616 1290 ET
645 1236 991 1291 COSTODES
1019 1238 1168 1292 EIVS

529 1307 622 1363 VV
651 1307 1022 1363 VIAAAIANO
1051 1309 1138 1362 ET

527 1378 806 1433 TANCOR
840 1380 922 1432 PR
933 1379 1078 1433 BIIIS

527 1450 617 1503 ET
647 1449 881 1504 REFOA
912 1450 1289 1506 GASTAAAIO

535 1520 909 1576 GONAEAME
939 1522 1263 1577 INDIGNVS

530 1591 920 1647 AIACONNVS
948 1593 1198 1648 SCRIPSI

523 1681 593 1734 In
623 1683 837 1734 nomine
866 1683 976 1734 Dm?
1009 1685 1129 1737 Iesu
1155 1683 1258 1737 Χυὶ
1286 1682 1352 1737 de
1382 1681 1540 1737 donis

528 1753 720 1806 Sancti
763 1753 1022 1807 Iohannis

523 1825 788 1891 Baptista
816 1824 958 1877 adi—

523 1898 744 1964 ﬁcatum
775 1900 851 1947 est
881 1895 978 1949 hoc

524 1968 575 2019 ei
582 1966 791 2019 borium
819 1967 918 2019 sub
948 1966 1227 2038 (tempore)

522 2039 751 2091 Domino
782 2043 965 2092 nostro

523 2109 867 2177 Luitprando
896 2111 1033 2176 Rege

516 2181 586 2232 Et
622 2181 934 2234 Venerabili
960 2182 1193 2236 Paterno

518 2253 778 2304 Domnico
809 2253 1069 2321 Episcopo

523 2327 572 2376 et
603 2323 919 2376 custodibus
952 2324 1070 2390 ejus

525 2394 944 2448 Venerabilibus
974 2396 1117 2449 Viris
1153 2395 1432 2452 Vitaliano
1462 2401 1513 2450 et

524 2467 734 2519 Tancor
767 2467 1101 2533 Presbytcrt's

517 2542 567 2590 et
596 2537 755 2602 Refol
784 2535 1087 2591 Gastaldio.

517 2607 807 2661 Gondelme
840 2609 1101 2675 indignus

517 2681 789 2733 Diaconus
815 2682 1026 2749 scripsi.

260 2767 322 2820 In
344 2765 463 2821 alia
491 2766 755 2823 columna
778 2781 846 2822 ex
869 2775 1116 2838 quatuor
1137 2771 1435 2826 memorati
1457 2769 1663 2826 altaris
1683 2783 1850 2826 men-

199 2868 308 2909 sam
344 2856 778 2913 sustinentibus
825 2857 1096 2929 leguntur
1136 2861 1366 2916 nomina
1396 2862 1523 2917 Ursi
1559 2859 1844 2932 magistri,

196 2945 431 3014 ejusque
473 2945 919 3016 discipulorum,
969 2962 1068 3017 per
1109 2963 1253 3020 quos
1298 2955 1593 3006 structura
1632 2949 1842 3006 ciborii

198 3035 591 3104 peragebatur.
640 3038 1006 3106 Properantis
1039 3039 1180 3108 preli
1228 3040 1538 3096 necessitas
1579 3039 1844 3110 prohibet

196 3135 254 3178 ne
277 3125 646 3195 singularum
671 3126 997 3183 litterarum
1021 3127 1316 3184 barbaram
1340 3127 1578 3185 formam
1601 3127 1750 3185 fusis
1769 3141 1801 3185 a

191 3213 524 3270 earumdem
556 3217 848 3286 exemplar
876 3217 1312 3275 characteribus
1345 3219 1659 3276 imitemur.

545 3307 760 3362 VIISVS
787 3307 1152 3364 MAGESTER

542 3377 685 3432 CVM
719 3379 854 3433 AISC
863 3379 1101 3436 EPOAIS

543 3448 689 3504 SVIS
721 3450 1091 3506 IVVENTINO

543 3520 630 3573 ET
664 3521 947 3575 IVVIANO
985 3523 1102 3578 ΕΔΙ

544 3591 832 3645 FICAVET
869 3593 1051 3648 HANC

539 3661 875 3717 CIVORIVM

544 3733 940 3789 VIRGONAVS

541 3804 857 3860 TEGOAAA

545 3875 807 3930 FOSCAR

515 3966 690 4019 Vrsus
724 3967 984 4033 magister

507 4051 628 4090 cum
666 4036 951 4106 discipulis

508 4108 624 4160 suis
661 4109 945 4162 Iuventino

507 4182 558 4230 et
588 4179 808 4231 Ioviano
837 4179 966 4234 adi-

506 4250 692 4316 ﬁcavit
725 4249 818 4303 hoc

503 4320 765 4373 cibarium

506 4391 852 4445 Verecundus

509 4463 744 4530 Tegodal
776 4464 884 4532 {vel
925 4464 1216 4535 Theobald)

505 4535 721 4597 Foscar,
756 4540 864 4590 etc.

247 4624 478 4678 Possem
497 4629 553 4678 et
567 4637 637 4678 ex
657 4624 1001 4682 Insubribus
1020 4626 1519 4699 Langobardorum
1541 4629 1830 4699 diploma-

179 4710 338 4766 tibus
369 4712 630 4767 eumdern
663 4714 874 4784 stylum
905 4717 1237 4773 ostendere:
1269 4731 1514 4789 quorum
1546 4720 1831 4789 specimen

180 4798 257 4852 sit
279 4798 520 4855 donatio
547 4801 872 4872 Theolierti,
910 4819 1007 4873 per
1037 4819 1207 4877 quam
1237 4806 1288 4862 is
1319 4806 1574 4863 basilica
1602 4808 1655 4864 S.
1689 4808 1833 4863 Am—

179 4887 365 4942 brosii
393 4891 583 4945 omnia
607 4890 753 4946 bona
776 4907 877 4948 sua
902 4894 1138 4950 mobilia
1159 4900 1214 4950 et
1239 4896 1559 4953 immobilia
1585 4897 1833 4968 largitur

175 4989 324 5032 anno
360 4979 661 5049 trigesimo
703 4982 1043 5052 Luitprandi
1077 4985 1251 5056 regis,
1286 4985 1610 5055 Ildeprandi
1641 4993 1830 5042 autem

176 5065 243 5121 ab
270 5068 402 5136 ipso
423 5057 713 5139 'assumpti
741 5071 798 5125 in
826 5073 1184 5129 consortium
1207 5076 1365 5146 regni
1388 5089 1536 5131 anno
1564 5076 1828 5148 septimo,

177 5157 281 5212 sub
318 5157 418 5211 die
449 5165 650 5214 octavo
691 5160 825 5215 ldus
854 5162 1053 5233 Maias,
1091 5164 1411 5220 indictione
1451 5178 1554 5220 xm
1595 5164 1827 5236 (Christi

174 5241 312 5317 7w),
361 5253 596 5318 rogante
635 5249 895 5306 Protasio
939 5252 1184 5308 notario.
1232 5255 1370 5322 Ejus
1408 5256 1827 5325 autographum

178 5333 232 5389 in
261 5335 457 5390 eadem
500 5335 746 5391 basilica
777 5345 1130 5397 asservatum
1173 5341 1392 5398 indicat
1427 5343 1584 5398 Joan.
1629 5345 1830 5401 Petrus

173 5423 487 5480 Paricellus
511 5424 568 5480 in
600 5427 992 5484 Monumentis
1014 5429 1407 5488 Ambrosiana
1433 5431 1688 5490 basilica
1707 5435 1830 5490 Me—

175 5512 545 5582 diolanensis,
582 5527 712 5586 pag.
749 5512 834 5570 40.

240 5599 324 5656 42.
349 5604 407 5656 ln
425 5602 543 5658 alia
560 5603 748 5660 Italia
766 5609 946 5676 parte,
967 5607 1133 5678 longe
1148 5608 1220 5664 ab
1237 5609 1579 5667 Insubribus
1595 5611 1823 5684 dissita,

1982 506 2206 564 scilicet
2238 509 2296 563 in
2327 509 2569 578 ditione,
2606 510 2772 580 plane
2810 511 3060 568 similem
3094 512 3384 569 scribendi
3417 515 3630 574 barba—

1983 598 2122 653 riem
2156 599 2367 654 notarii
2403 599 2764 670 reliquerunt
2796 615 2978 672 usque
3007 603 3076 659 ad
3110 603 3382 660 saculum
3411 605 3630 662 Christi

1981 688 2371 760 undecimum,
2402 690 2486 744 uti
2518 690 2774 745 ostendit
2813 696 3156 760 praceptum
3189 693 3512 764 Pandulphi
3538 696 3628 764 IV,

1981 777 2267 847 principis
2283 778 2507 850 Capua,
2529 780 2679 849 apud
2697 779 3004 836 Camillum
3022 782 3392 853 Peregrinum
3407 784 3466 839 in
3480 785 3625 840 Hist.

1982 866 2309 936 principum
2341 868 2609 939 Langob.,
2646 883 2770 940 pag.
2805 867 2932 940 229,
2964 883 3115 926 anno
3149 869 3302 927 4034.
3339 874 3532 944 Neque
3559 873 3631 932 ab

1981 955 2226 1010 istorum
2248 956 2526 1026 exemplis
2547 959 2912 1015 desciverunt
2930 965 3147 1015 catera
3168 961 3347 1016 Italia
3371 962 3632 1033 regiones

1978 1058 2104 1114 qua
2134 1045 2526 1116 Langobardis
2557 1052 2887 1117 paruerant,
2921 1049 3072 1119 quod
3106 1051 3174 1126 in,
3196 1050 3486 1118 Spoletani
3512 1052 3630 1108 du-

1974 1136 2138 1188 catus
2166 1135 2421 1191 Historia
2454 1150 2553 1205 per
2583 1138 2848 1193 comitem
2878 1138 3228 1207 Campellum
3255 1153 3324 1195 ex
3352 1140 3626 1211 genuinis

1976 1225 2362 1280 monumentis
2384 1231 2647 1282 contexta
2667 1227 3061 1283 demonstrant
3079 1233 3204 1282 acta
3231 1228 3462 1298 publica
3486 1243 3626 1298 pro-

1971 1311 2144 1368 ducta
2188 1312 2338 1368 libro
2382 1328 2477 1382 xv,
2522 1316 2630 1370 sub
2674 1316 2820 1372 duce
2866 1316 3274 1384 Hildebrando,
3322 1333 3446 1390 pag.
3497 1315 3621 1390 494,

1971 1401 2126 1457 circa
2155 1415 2369 1458 annum
2398 1400 2524 1471 779,
2559 1404 2664 1460 sub
2695 1406 2945 1461 Widone
2967 1407 3132 1477 duce,
3167 1420 3290 1479 pag.
3321 1405 3446 1477 496,
3473 1421 3623 1472 anno

1968 1486 2094 1554 849,
2138 1491 2389 1563 aliisque
2428 1493 2727 1550 similibus
2755 1496 2905 1564 apud
2938 1497 3198 1552 eumdem
3234 1497 3618 1567 requirendis.

2041 1580 2215 1635 Nemo
2246 1581 2439 1652 itaque
2464 1584 2596 1652 jure
2619 1583 2972 1640 dubitaverit
3000 1585 3143 1655 quin
3168 1590 3333 1641 atate
3355 1585 3622 1658 Gregorii

1969 1670 2470 1728 conscribentibus
2502 1673 2660 1728 Vitas
2691 1673 3027 1742 pontificum
3062 1679 3267 1743 prasto
3298 1673 3486 1732 forent
3511 1677 3625 1733 do—

1889 1769 1940 1831 B
1968 1765 2233 1815 cumenta
2265 1775 2454 1816 rerum
2482 1762 2914 1818 enuntiatarum
2939 1777 3050 1818 non
3078 1765 3243 1820 modo
3271 1765 3336 1828 in
3366 1765 3620 1830 archivis

1965 1852 2021 1903 et
2041 1847 2371 1918 tabulariis,
2404 1851 2501 1904 sed
2530 1851 2702 1905 etiam
2729 1852 2787 1905 in
2813 1852 3196 1908 marmoribus
3220 1853 3614 1923 ecclesiarum,

1964 1950 2095 1992 cum
2118 1937 2381 2007 legantur
2401 1938 2576 1998 etiam
2600 1945 2796 1994 nostro
2817 1939 3027 1996 saculo
3049 1941 3391 2009 superstites
3414 1940 3620 1996 inscr-i-

1966 2025 2192 2094 ptiones
2235 2040 2359 2096 qua
2402 2027 2776 2096 comprobant
2817 2033 2937 2083 tum
2978 2032 3154 2098 gesta,
3200 2032 3322 2085 tum
3363 2029 3614 2098 decreta,

1963 2117 2084 2168 tum
2116 2115 2288 2170 etiam
2320 2115 2531 2186 stylum
2553 2115 2740 2172 atatis
2761 2116 3060 2186 praprium
3086 2130 3200 2188 qua
3221 2117 3449 2174 decreta
3467 2130 3614 2183 con-

1847 2229 1854 2238 -
1961 2202 2383 2260 scribebantur.

2032 2291 2284 2348 Pertinet
2314 2293 2383 2349 ad
2431 2293 2584 2350 hunc
2616 2293 2825 2364 locum,
2874 2293 3102 2350 scilicet
3127 2295 3198 2351 ad
3245 2298 3613 2351 monumenta

1960 2377 2340 2451 oblationum,
2369 2380 2739 2451 electionum,
2766 2381 3200 2438 ordinationum
3223 2387 3280 2438 et
3297 2381 3613 2439 chronolo-

1960 2467 2068 2538 gia
2101 2467 2430 2540 pontiﬁcia,
2464 2483 2494 2524 e
2525 2469 2799 2526 Romanis
2844 2469 3143 2540 lapidibus
3171 2469 3440 2541 diligenti
3473 2484 3612 2526 cura

1959 2568 2024 2610 ac
2055 2555 2164 2611 ﬁde
2197 2558 2486 2613 translata
2517 2557 2576 2612 in
2607 2559 2906 2629 Catalogos
2949 2559 3222 2629 Vitasque
3251 2571 3606 2614 summorum

1958 2643 2228 2700 Ecclesia
2257 2646 2609 2718 antistitum,
2643 2647 2850 2702 tabella
2882 2647 2984 2703 illa
3017 2660 3351 2717 marmorea,
3386 2660 3608 2704 memo—

1959 2746 2094 2789 rans
2122 2735 2335 2790 donum
2366 2749 2400 2791 a
2428 2737 2630 2792 Severo
2669 2736 2996 2806 presbytero
3034 2736 3300 2794 Romana
3336 2736 3607 2793 Ecclesia

1959 2822 2118 2878 tituli
2151 2824 2204 2878 S.
2240 2825 2390 2879 Petri
2423 2825 2491 2880 ad
2533 2825 2776 2881 Vincula
2820 2824 3075 2882 oblatum
3123 2825 3231 2882 sub
3280 2825 3604 2897 patrocinio

1955 2912 2208 2981 ejusdem
2265 2915 2552 2984 principis
2613 2916 3028 2987 apostolorum,
3088 2919 3215 2986 post
3265 2915 3602 2984 electionem

1951 3002 2188 3058 Joannis
2207 3004 2333 3072 ejus
2356 3004 2610 3060 nominis
2632 3019 2788 3075 papa
2809 3005 3081 3062 secundi:
3106 3019 3275 3076 quam
3296 3006 3416 3060 Em.
3440 3003 3596 3060 card.

1803 3091 1841 3184 'd'
1873 3099 1921 3166 α
1951 3091 2232 3147 Baronius
2246 3097 2516 3163 tanquam
2535 3093 3180 3151 illustredocumentum
3196 3093 3602 3184 ecclesiastica

1953 3179 2212 3237 historia
2237 3181 2596 3238 inserendam
2617 3184 2843 3240 curavit
2865 3184 3175 3240 Annalium
3195 3189 3349 3241 tomo
3368 3183 3508 3253 VIII,
3528 3181 3597 3256 ad

1948 3281 2162 3325 annum
2186 3269 2404 3326 Christi
2431 3269 2556 3327 534.
2593 3272 2818 3328 Visitur
2843 3285 3092 3329 marmor
3118 3274 3178 3328 in
3204 3273 3399 3330 eodem
3424 3271 3600 3327 titulo

1947 3357 2242 3430 Eudoxia,
2275 3359 2394 3415 sive
2417 3360 2474 3416 S.
2501 3361 2651 3416 Petri
2683 3361 2752 3417 ad
2778 3361 3041 3432 Vincula,
3069 3365 3234 3417 atate
3265 3363 3459 3416 nostra
3488 3373 3600 3414 cu-

1948 3447 2225 3503 stoditum
2257 3453 2312 3504 et
2354 3448 2583 3505 aﬂixum
2626 3451 2833 3520 parieti
2874 3451 3036 3506 navis
3081 3449 3337 3504 lateralis
3374 3461 3406 3501 a
3437 3450 3598 3516 parte

1948 3533 2085 3591 lava
2109 3537 2487 3594 adorantibus
2507 3542 2637 3593 ante
2656 3537 2836 3592 altare
2860 3535 3217 3592 sanctissimi
3242 3533 3593 3592 Sacramenti

1949 3623 2031 3679 ita
2060 3623 2330 3680 incisum.

2021 3733 2185 3777 SALBO
2214 3735 2349 3776 ΡΑΡΑ
2380 3736 2416 3777 N
2447 3732 2688 3776 ΙΟΗΔΝΝΕ
2721 3732 2966 3776 ΩΟΕΝΟΠΒ

2015 3805 2080 3848 το
2111 3804 2388 3848 IERCURIO
2417 3806 2488 3848 EX
2518 3804 2613 3848 SCE
2643 3804 2766 3847 ECCL
2797 3803 2928 3847 ΗΘΜ.
2962 3803 3238 3849 PRESBYTI

2016 3876 2110 3920 RIS
2137 3876 2406 3919 ORDINATO
2435 3877 2508 3919 EX
2536 3879 2625 3919 TIT
2656 3877 2734 3919 SCI
2767 3876 3066 3920 CLEMENTIS
3093 3877 3164 3920 AD
3191 3877 3290 3920 GLO

2017 3948 2155 3990 RIAI
2193 3948 2586 3992 PONTIFICALEI
2625 3949 2872 4020 PROHQTO
2906 3949 3074 3991 ΒΕΑΤο
3113 3949 3284 3992 PETRO

2015 4018 2083 4062 AP
2107 4020 2351 4062 PATRONO
2385 4021 2485 4064 SVO
2508 4022 2543 4062 Α
2571 4018 2821 4063 vmcum‘s
2849 4021 2978 4062 EIVS
3009 4021 3254 4063 ssvznus
3285 4020 3352 4064 PB
3385 4019 3590 4064 OFFERT

2015 4091 2079 4132 ET
2111 4093 2181 4134 IT.
2216 4091 2278 4133 PC
2295 4091 2529 4135 ωυιΡΑω
2561 4091 2624 4134 ΒΤ
2655 4091 2880 4135 ORESTIS
2909 4092 2980 4132 νγ
3012 4085 3196 4136 ϐϐϐῐϐ.

1945 4183 2066 4240 Uno
2083 4198 2150 4240 ex
2162 4185 2354 4255 lapide
2371 4186 2728 4242 addiscimus
2741 4186 3078 4242 electionem
3093 4191 3151 4243 et
3166 4185 3590 4243 ordinationem

1945 4273 2260 4343 pontiﬁcis,
2293 4275 2636 4331 oblationem
2665 4276 2856 4332 Severi
2889 4276 3226 4347 presbyteri,
3253 4279 3310 4331 et
3333 4274 3590 4331 chrono-

1945 4362 2154 4435 logiam
2180 4365 2532 4434 pontiﬁciam
2557 4367 2818 4423 videmus
2836 4367 2992 4423 notis
3015 4365 3422 4424 consularibus
3442 4365 3591 4422 illu-

1859 4444 1914 4506 D
1943 4458 2180 4510 stratam
2211 4455 2554 4512 auctoritate
2586 4469 2930 4512 marmorum
2961 4456 3272 4527 aqualium
3303 4469 3488 4526 usque
3516 4455 3585 4511 ad

1944 4550 2260 4615 postremos
2288 4545 2556 4601 consules
2577 4546 2924 4602 Occidentis.
2952 4547 3118 4602 Juvat
3142 4546 3296 4601 enim
3317 4545 3588 4601 animad-

1941 4639 2177 4703 vertere,
2196 4639 2323 4703 post
2335 4639 2594 4690 exactum
2614 4633 2912 4691 biennium
2925 4647 2957 4689 a
2973 4638 3152 4691 morte
3169 4635 3344 4704 hujus
3353 4633 3589 4691 Joannis

1944 4736 2100 4794 papa
2127 4724 2173 4777 lI
2201 4735 2353 4778 anno
2379 4722 2596 4778 Christi
2628 4720 2752 4794 534,
2785 4724 3007 4795 signari
3035 4724 3231 4780 Faslos
3257 4724 3588 4780 Justiniano

1941 4813 2199 4883 Augusto
2225 4812 2294 4866 IV
2317 4816 2373 4866 et
2397 4812 2568 4867 Decio
2591 4812 2888 4870 Theodoro
2915 4814 3178 4881 Paulino,
3208 4826 3374 4882 quem
3400 4813 3589 4867 Chro-

1941 4900 2133 4971 nologi
2175 4899 2476 4955 observant
2517 4900 2698 4957 fuisse
2735 4915 3061 4958 posrasuuu
3105 4913 3386 4956 CONSULUI
3421 4901 3588 4956 Occt—

1941 4999 2270 5046 DENTALIUI.
2293 4988 2621 5044 Auctoritas
2649 4989 2843 5060 itaque
2869 4990 3026 5046 Libri
3050 4987 3407 5044 Pontiﬁcalis
3426 5002 3586 5060 aque

1940 5093 2004 5134 ac
2025 5078 2244 5133 laudati
2267 5076 2522 5149 Catalogi
2545 5077 2652 5132 sub
2673 5079 3000 5133 Justiniano
3020 5076 3266 5151 subnixa
3287 5083 3377 5134 est
3394 5078 3583 5135 solido

1940 5167 2270 5224 testimonio
2289 5166 2543 5236 lapidum
2569 5166 2798 5237 publice
2819 5167 3157 5236 positorum.
3177 5168 3282 5224 Sed
3304 5168 3422 5224 hac
3437 5167 3587 5224 dili—

1939 5257 2168 5329 gentius
2209 5256 2600 5326 expendentur
2643 5269 2750 5312 suo
2798 5255 2922 5312 loco
2968 5256 3028 5312 in
3079 5259 3233 5314 notis
3273 5257 3343 5314 ad
3395 5257 3580 5314 Vitam

1936 5346 2174 5402 Joannis
2201 5346 2456 5402 secundi.

2009 5433 2095 5491 43.
2129 5435 2346 5492 Accedo
2374 5437 2491 5505 jam
2520 5436 2588 5492 ad
2618 5440 2966 5506 postremum
2995 5440 3168 5508 caput
3203 5435 3582 5493 documento—

1941 5537 2088 5593 rum,
2151 5525 2443 5592 pertinens
2495 5526 2561 5580 ad
2621 5525 2986 5582 donationem
3049 5523 3357 5580 fundorum
3406 5529 3463 5581 et
3508 5526 3577 5581 ad

1939 5620 2269 5669 ornamenta
2303 5613 2564 5669 ecclesiis
2597 5615 2826 5683 collata,
2860 5620 2917 5670 et
2958 5614 3016 5668 in
3051 5613 3222 5668 Libro
3256 5614 3578 5671 Pontiﬁcali
