4034 6196
1327 306 1422 361 AD
1459 305 1895 363 ANASTASIUM
1935 302 2448 370 PROLEGOMENA
2484 313 2665 369 EDIT.
2706 311 3135 371 ROM.-VATIC.
3305 362 3310 367 .
3865 309 3954 367 84-

531 431 830 493 recensita.
848 431 1984 506 Cordatusquisquefacileintelligetnon
1997 431 2178 490 fuisse
2200 436 2260 498 A
2291 448 2412 507 cap.
2439 432 2474 492 7
2498 442 2555 494 et
2580 435 2636 510 8,
2663 441 2728 496 ut
2753 439 3122 510 Symmachus
3150 454 3293 512 papa
3318 441 3563 498 testatur
3591 439 3652 495 in
3683 435 3955 494 concilio

531 527 730 582 curata
751 522 1106 595 negligenter
1126 522 1186 579 in
1207 523 1461 580 archivis
1484 523 1856 580 basilicarum
1881 536 1948 578 ac
1966 522 2180 580 titulo-

533 627 659 672 rum
690 612 863 669 Urbis
889 612 1228 669 documenta
1259 613 1490 684 publica
1528 613 1855 684 principum
1887 627 1952 669 ac
1981 614 2181 684 priva—

533 707 745 773 torum,
767 700 984 773 quibus
1005 701 1153 772 prad
1163 702 1218 758 ia
1238 702 1357 759 sive
1379 702 1595 759 urbana
1617 703 1738 759 sive
1758 702 1973 759 rustica
1993 703 2182 759 dona-

531 791 762 862 bantur,
795 803 925 848 cum
957 791 1017 847 in
1047 796 1189 848 astu
1219 805 1448 864 quoque
1485 793 1904 864 persecutionis
1942 791 2180 848 mobilia

533 880 788 938 ecclesia
805 879 952 936 bona
962 880 1392 938 archidiaconis
1406 882 1898 952 contraderentur,
1916 879 2180 953 quemad-

538 968 764 1026 modum
793 968 849 1024 S.
882 968 1095 1024 Lucius
1137 981 1281 1040 papa
1319 982 1384 1025 ea
1412 970 1831 1026 commendavit
1871 969 2177 1040 Stephano,

533 1058 856 1130 Stephanus
883 1058 1084 1130 Xysto,
1116 1059 1336 1130 Xystus
1360 1059 1686 1130 Laurentio,
1716 1074 1842 1131 qua
1860 1063 2024 1115 erant
2047 1070 2182 1115 ero-

535 1148 718 1220 ganda
740 1147 800 1202 in
819 1147 1204 1219 eleemosynas
1223 1162 1535 1220 pauperum
1553 1153 1608 1205 et
1625 1149 1685 1204 in
1703 1164 1845 1206 usus
1865 1157 2176 1204 sacrorum.

534 1237 685 1294 Bona
712 1237 884 1293 etiam
913 1237 1236 1294 immobilia
1261 1239 1331 1294 ad
1363 1239 1674 1296 Ecclesiam
1701 1239 1817 1308 jam
1844 1234 1965 1294 tum
1996 1235 2183 1308 perti—

534 1326 752 1397 nuisse,
781 1341 1026 1398 quorum
1055 1340 1247 1385 annuo
1273 1328 1463 1385 reditu
1491 1341 1767 1400 pauperes
1791 1333 1891 1384 aut
1921 1325 2178 1383 ministri

532 1415 842 1488 alerentur,
870 1423 1021 1474 recte
1043 1417 1326 1490 colligunt
1350 1417 1564 1474 eruditi
1588 1432 1657 1474 ex
1678 1418 1799 1491 lege
1817 1417 2177 1474 Constantini

532 1507 682 1578 apud
705 1506 1014 1564 Eusebium
1038 1507 1098 1563 in
1118 1508 1245 1578 ejus
1262 1507 1390 1564 Vita
1413 1507 1514 1564 lib.
1543 1522 1605 1577 ιι,
1629 1521 1751 1579 cap.
1775 1505 1864 1578 39,
1891 1520 2001 1578 qua
2017 1506 2180 1576 jubet

531 1596 795 1654 ecclesiis
818 1596 1050 1653 restitui
1080 1596 1227 1652 bona
1253 1611 1378 1669 qua
1405 1597 1578 1654 ﬁscus
1602 1597 1920 1654 abstulerat
1951 1596 2009 1652 in
2044 1609 2180 1667 per-

532 1685 843 1743 secutione.
897 1686 1093 1742 Omnia
1144 1701 1268 1755 ergo
1314 1687 1418 1757 (ait
1461 1685 1893 1758 Constantinus)
1937 1701 2057 1755 qua
2103 1685 2180 1740 ad

2289 527 2558 600 Romano,
2585 531 2733 599 quod
2760 529 2934 586 Osius
2955 530 3224 602 Sylvestri
3252 531 3472 603 legatus
3492 529 3741 586 concilio
3764 528 3959 584 inter-

2289 615 2494 674 fuisset
2521 632 2672 675 anno
2702 616 2825 689 424,
2860 633 3016 676 num.
3049 617 3138 691 44,
3185 620 3521 677 observante
3558 618 3804 675 Baronio
3835 631 3955 674 nec

2289 721 2400 762 non
2422 708 2587 763 Binio
2604 709 2672 764 ad
2694 709 2841 764 idem
2863 709 3176 766 concilium
3200 709 3288 766 lit.
3312 711 3365 780 h,
3390 709 3633 780 aliaque
3652 707 3760 764 sub
3781 707 3955 764 Julio

2288 809 2432 867 papa
2472 811 2622 854 anno
2668 799 2794 868 ejus
2843 799 3069 870 quinto,
3120 799 3339 856 Christi
3390 795 3516 867 341,
3569 798 3629 853 in
3682 797 3950 853 concilio

2286 886 2640 943 Antiocheno
2687 887 2873 958 primo
2920 901 3046 944 can.
3091 885 3182 957 24,
3236 888 3336 944 ubi
3385 901 3454 943 ex
3497 885 3789 957 episcOpis
3835 887 3948 955 qui

2288 981 2664 1032 convenerant
2718 976 2853 1032 licet
2899 977 3223 1047 complures
3267 977 3338 1031 ab
3382 976 3617 1032 Arianis
3672 975 3952 1045 partibus

2289 1063 2531 1120 subdole
2588 1069 2806 1120 starent
2858 1065 2919 1121 in
2967 1079 3141 1122 causa
3190 1065 3513 1136 Athanasii,
3567 1069 3815 1120 attamen
3872 1062 3952 1118 de

2289 1151 2459 1208 rebus
2496 1153 2762 1209 Ecclesia
2793 1154 2870 1209 ita
2913 1155 3278 1210 statuendum
3321 1157 3636 1209 sanxerunt
3674 1166 3806 1208 cum
3838 1165 3954 1207 ca—

2289 1240 2546 1309 tholicis,
2575 1243 2820 1298 imitatis
2841 1243 3060 1299 Julium
3089 1243 3412 1313 pontiﬁcem
3437 1243 3495 1297 in
3523 1242 3648 1298 suis
3669 1240 3903 1312 legibus
3929 1260 3942 1294 :

2291 1348 2318 1381 α
2351 1330 2518 1385 Recte
2561 1331 2746 1402 habet,
2791 1337 2854 1387 ut
2894 1345 2979 1402 ea,
3026 1345 3152 1402 qua
3194 1335 3330 1387 sunt
3369 1330 3642 1400 ecclesia,
3683 1329 3950 1385 ecclesia

2289 1426 2588 1476 serventur
2630 1434 2759 1476 cum
2808 1421 2965 1476 omni
3016 1421 3163 1476 bona
3212 1419 3564 1476 conscientia
3611 1423 3667 1474 et
3722 1419 3832 1474 ﬁde
3885 1420 3946 1474 in

2287 1509 2544 1565 omnium
2595 1509 2893 1579 prasidem
2943 1513 2999 1566 et
3037 1510 3290 1580 judicem
3338 1511 3561 1564 Deum:
3599 1522 3725 1579 qua
3765 1508 3946 1564 etiam

2286 1598 2683 1654 administrari
2711 1599 2978 1655 convenit
3003 1612 3131 1654 cum
3158 1597 3384 1667 judicio
3414 1604 3470 1653 et
3501 1601 3778 1667 potestate
3807 1597 3950 1666 epi-

2287 1687 2470 1759 sc0pi,
2519 1687 2614 1743 cui
2661 1692 2747 1744 est
2789 1688 2977 1744 omnis
3023 1687 3270 1758 p0pulus
3313 1687 3592 1755 creditus,
3637 1693 3693 1742 et
3740 1699 3945 1742 eorum

529 1775 798 1830 Ecclesias
833 1779 974 1830 recte
1001 1777 1121 1830 uisa
1145 1778 1360 1844 fuerint
1391 1780 1690 1846 pertinere,
1723 1778 1834 1830 sive
1871 1776 2082 1837 domus,
2113 1789 2178 1828 ac
2210 1781 2260 1843 Β
2286 1778 2492 1832 anima
2536 1791 2662 1848 qua
2707 1777 2766 1832 in
2809 1777 3108 1833 ecclesiam
3151 1777 3520 1832 conveniunt.
3567 1776 3696 1832 Sint
3743 1781 3945 1831 autem

525 1865 789 1934 possessio
813 1865 906 1928 sit,
932 1866 1044 1920 sive
1071 1866 1217 1933 agri,
1248 1867 1360 1920 sive
1385 1866 1550 1928 horti,
1577 1880 1671 1919 seu
1697 1879 2035 1934 quacunque
2063 1865 2178 1918 alia

526 1953 709 2008 nusllo
727 1954 879 2022 jure,
911 1953 1059 2023 quod
1077 1953 1154 2007 ad
1180 1953 1488 2009 dominium
1500 1955 1760 2024 pertinet,
1790 1955 2098 2016 immunita,
2124 1967 2179 2007 se

526 2042 667 2097 alvis
685 2043 933 2097 omnibus
953 2047 1117 2112 atque
1135 2043 1366 2111 integris
1384 2044 1751 2106 manentibus,
1777 2044 1997 2098 restitui
2006 2042 2181 2112 jube-

525 2146 668 2186 mus.
697 2129 992 2187 Videndus
1018 2143 1083 2186 ea
1112 2130 1184 2186 de
1207 2144 1269 2187 re
1295 2131 1679 2189 Thomasinus
1707 2133 1778 2189 de
1807 2129 1994 2188 Benef.
2029 2136 2173 2202 part.

529 2230 616 2290 ιιι,
664 2217 767 2274 lib.
818 2231 860 2289 ι,
905 2231 1027 2289 cap.
1074 2216 1128 2290 3,
1179 2218 1274 2275 ubi
1318 2233 1389 2276 ex
1431 2221 1593 2277 Actis
1640 2223 1699 2276 B.
1749 2220 1980 2277 Abercii
2027 2219 2178 2290 apud

529 2306 835 2363 Baronium
866 2307 935 2362 ad
968 2319 1182 2362 annum
1216 2305 1337 2378 163,
1374 2309 1576 2378 probat
1613 2309 1786 2364 etiam
1829 2309 1900 2364 ab
1930 2307 2180 2364 ethnicis

530 2395 977 2467 imperatoribus
999 2396 1240 2452 donatas
1261 2394 1443 2452 fuisse
1469 2397 1696 2467 aliquot
1713 2397 1984 2453 ecclesias
2005 2396 2184 2452 Chri-

527 2486 748 2542 stianas
763 2484 975 2542 annuis
997 2485 1310 2557 reditibus;
1327 2500 1455 2542 cum
1473 2487 1545 2542 Μ.
1565 2485 1840 2543 Aurelius
1857 2485 2081 2558 legatur
2095 2490 2183 2541 ter

531 2575 793 2632 millibus
817 2573 1092 2632 frumenti
1121 2576 1333 2632 modiis
1357 2576 1599 2633 donasse
1636 2576 1946 2633 Ecclesiam
1976 2576 2184 2632 Hiera—

531 2664 866 2737 politanam,
915 2666 1082 2735 cujus
1120 2665 1426 2736 episcopus
1473 2665 1651 2722 ﬁliam
1701 2667 1826 2736 ejus
1855 2679 1888 2721 a
1928 2666 2182 2722 damone

530 2753 873 2826 exagitatam
913 2760 1256 2822 sauaverat;
1291 2768 1474 2826 neque
1518 2755 1664 2811 illud
1705 2755 1942 2825 donum,
1993 2754 2109 2810 nisi
2151 2766 2182 2808 a

527 2842 758 2901 Juliano
784 2843 1054 2914 Apostata
1090 2842 1272 2901 fuisse
1302 2848 1692 2900 retractatum.
1725 2845 1962 2900 Necesse
2002 2843 2184 2914 igitur

530 2936 655 2989 erat
675 2932 966 2989 indiculos
990 2933 1338 3004 pradiorum
1358 2932 1647 2990 conscribi
1676 2947 1774 3004 per
1795 2932 2051 2990 notarios
2070 2932 2184 2987 Ec-

531 3019 722 3078 clesia
745 3034 810 3078 ac
838 3019 1186 3092 defensores,
1223 3020 1538 3092 prasertim
1565 3021 1868 3077 cumidem
1891 3019 2184 3092 Augustus

2289 1863 2588 1921 manifesta
2611 1879 2735 1936 qua
2750 1866 2817 1921 ad
2837 1865 3135 1921 ecclesiam
3161 1865 3447 1935 pertinent
3463 1878 3593 1920 cum
3611 1863 3949 1936 cognitione

2289 1954 2747 2026 presbyterorum
2793 1961 2850 2010 et
2895 1954 3270 2011 diaconorum
3304 1955 3408 2025 qui
3436 1958 3574 2010 sunt
3601 1954 3756 2011 circa
3785 1967 3944 2024 eum,

2291 2048 2356 2101 ut
2403 2045 2590 2100 sciant
2634 2048 2691 2100 et
2733 2056 2848 2100 non
2896 2043 3178 2115 ignorent,
3223 2062 3249 2092 »
3292 2049 3401 2099 etc.
3446 2042 3550 2099 Sed
3595 2043 3948 2114 apostolicas

2286 2134 2427 2190 Julii
2459 2133 2610 2205 leges
2655 2132 2836 2190 multo
2875 2133 3246 2203 prastantius
3278 2132 3598 2188 illustravit
3625 2133 3947 2189 concilium

2287 2222 2743 2278 Chalcedonense
2768 2235 2918 2278 anno
2947 2218 3072 2290 454,
3105 2221 3214 2277 sub
3237 2223 3420 2277 Leone
3444 2222 3666 2294 Magno,
3699 2227 3810 2278 act.
3845 2236 3945 2294 xv,

2289 2325 2413 2367 can.
2467 2309 2592 2366 26:
2644 2330 2672 2363 α
2727 2311 2951 2366 Placuit
3002 2323 3224 2366 omnem
3281 2310 3580 2367 ecclesiam
3643 2311 3947 2368 habentem

2290 2401 2621 2470 episcopum
2649 2398 2854 2456 habere
2882 2412 3239 2456 aconomum
3264 2400 3336 2455 de
3365 2399 3517 2456 clero
3549 2401 3804 2470 proprio,
3839 2401 3945 2471 qui

2290 2489 2583 2560 dispenset
2631 2502 2719 2545 res
2767 2488 3189 2545 ecclesiasticas
3238 2489 3554 2545 secundum
3601 2490 3947 2545 sententiam

2290 2578 2545 2648 episcopi
2579 2577 2798 2648 proprii
2829 2577 2951 2648 ;ita
2976 2584 3039 2632 ut
3067 2577 3322 2634 ecclesia
3351 2579 3707 2649 dispensatio
3740 2584 3948 2648 prater

2293 2667 2686 2723 testimonium
2712 2681 2820 2723 non
2845 2667 2942 2738 sit,
2972 2671 3027 2723 et
3047 2680 3115 2722 ex
3135 2667 3240 2723 hoc
3261 2668 3670 2739 dispergantur
3689 2668 3949 2724 ecclesia

2294 2754 2596 2813 facultates
2643 2762 2699 2813 et
2745 2755 3067 2813 sacerdotio
3121 2756 3548 2814 maledictionis
3595 2758 3950 2814 contumelia

2295 2849 2655 2918 procuretur.
2691 2863 2717 2896 ››

2363 2937 2517 2992 Hanc
2572 2940 2761 2991 autem
2819 2934 3194 3003 disciplinam
3253 2935 3426 2990 etiam
3484 2940 3616 2992 ante
3673 2949 3947 2993 canonem

2292 3025 2529 3081 concilii
2577 3024 3057 3082 Chalcedonensis
3102 3024 3452 3095 pertinuisse
3499 3025 3568 3081 ad
3620 3026 3948 3082 universam

530 3110 942 3168 Constantinus
970 3110 1258 3166 sanxisset
1283 3114 1349 3166 ut
1374 3115 1684 3181 martyrum
1712 3115 1769 3167 et
1791 3108 2182 3166 confessorum
2215 3108 2265 3172 C
2294 3114 2603 3171 Ecclesiam
2629 3119 2753 3185 post
2771 3114 2912 3171 Julii
2932 3113 3405 3170 constitutionem
3427 3114 3682 3170 declarat
3702 3115 3949 3186 epistola

533 3199 680 3258 bona
722 3213 822 3271 per
861 3200 1059 3257 ﬁscum
1102 3204 1294 3270 erepta
1334 3199 1658 3256 haredibus
1697 3199 2180 3268 restituerentur;

533 3290 622 3347 vel
644 3290 694 3347 si
718 3290 969 3346 haredes
988 3289 1313 3361 deﬁcerent,
1338 3289 1449 3346 loci
1471 3289 1725 3346 ecclesia
1745 3289 2179 3346 addicerentur:

537 3379 618 3435 ita
664 3377 912 3435 Eusebio
960 3382 1202 3435 testante
1247 3391 1370 3449 cap.
1413 3376 1483 3434 36
1519 3382 1575 3435 et
1610 3375 1680 3434 37
1722 3379 1976 3447 ejusdem
2022 3376 2183 3434 libri.

535 3467 721 3538 Quare
753 3467 813 3522 in
842 3467 972 3524 Vita
999 3467 1274 3540 Sylvestri
1306 3467 1401 3523 hic
1432 3467 1600 3524 Liber
1629 3466 1982 3524 Pontiﬁcalis
2023 3479 2181 3524 num.

537 3553 606 3613 43
631 3554 804 3612 refert
821 3555 1258 3612 Constantinum
1284 3555 1540 3612 ecclesia
1563 3555 1617 3612 S.
1647 3554 1941 3612 Laurentii
1966 3555 2024 3611 in
2050 3568 2188 3627 agro

536 3648 756 3703 Verano
784 3658 817 3700 a
847 3659 908 3701 se
935 3649 1277 3700 constructa
1313 3645 1555 3701 donaria
1587 3644 1819 3714 publica
1846 3643 2185 3714 contulisse,

536 3739 593 3792 et
611 3735 760 3789 inter
779 3733 926 3788 bona
948 3732 1268 3788 immobilia
1289 3733 1471 3788 eidem
1492 3733 1788 3790 addixisse
1799 3735 2189 3802 possessionem

539 3823 831 3893 cujusdam
874 3822 1172 3890 Cyriacetis
1223 3820 1492 3888 religiosa
1535 3824 1773 3888 femina,
1821 3837 1987 3892 quam
2025 3824 2188 3890 ﬁscus

540 3915 897 3982 occupaverat
929 3915 1162 3980 tempore
1180 3911 1595 3980 persecutionis.

612 4001 720 4059 Vix
740 4003 863 4056 erat
883 3999 1146 4056 Ecclesia
1167 4011 1278 4070 pax
1298 3997 1541 4066 reddita,
1565 4001 1620 4054 et
1639 3997 1889 4056 fundata
1905 4013 1970 4056 ac
1985 4001 2192 4058 dotata

543 4090 800 4148 basilica
811 4088 1144 4146 visebantur
1159 4101 1256 4158 per
1269 4086 1708 4143 Constantinum
1721 4087 1829 4144 sub
1841 4088 2123 4159 Sylvestro
2136 4096 2194 4147 et

546 4179 754 4250 Marco,
786 4191 917 4234 cum
949 4176 1249 4248 proximus
1286 4176 1461 4232 Marci
1494 4189 1792 4233 successor
1827 4178 2019 4236 Julius
2049 4193 2191 4250 papa

544 4268 852 4327 constituit
877 4270 942 4323 ut
967 4265 1175 4322 notitia
1202 4279 1393 4322 rerum
1417 4268 1473 4321 et
1497 4263 1769 4322 Actorum
1790 4267 1860 4323 ad
1882 4267 2192 4325 Ecclesiam

2291 3204 2493 3276 Cyrilli
2507 3204 2901 3273 Alexandrini,
2920 3203 3326 3275 conquerentis
3340 3205 3490 3273 quod
3512 3217 3623 3260 non
3641 3218 3704 3260 ea
3724 3211 3948 3261 tantum

2293 3293 2660 3363 exigerentur
2699 3292 2770 3348 ab
2800 3293 3090 3363 episcopis
3119 3307 3246 3362 qua
3296 3293 3658 3361 providentia
3705 3292 3952 3348 laudata

2295 3381 2440 3453 legis
2471 3381 2691 3437 ﬁrmata
2719 3387 2882 3436 erant
2909 3383 2979 3437 ad
3013 3381 3463 3451 praservandam
3512 3381 3949 3436 indemnitatem

2297 3484 2487 3527 rerum
2502 3471 2614 3526 Deo
2630 3471 2970 3540 dicatarum,
2994 3471 3088 3526 sed
3104 3470 3274 3526 etiam
3293 3484 3469 3540 supra
3483 3469 3628 3542 legis
3650 3471 3948 3541 terminos,

2295 3563 2558 3615 etcontra
2570 3559 2968 3629 episcoporum
2985 3559 3329 3630 dignitatem
3343 3571 3407 3613 ac
3417 3559 3570 3629 jura,
3591 3558 3702 3628 ipsi
3721 3573 3950 3628 quoque

2297 3647 2550 3719 episcopi
2573 3647 2640 3702 ad
2671 3648 2984 3704 reddendas
3005 3648 3258 3703 rationes
3280 3652 3618 3704 vocarentur
3640 3647 3699 3702 in
3719 3648 3954 3717 dispen-

2298 3738 2519 3794 satione
2547 3737 3068 3793 ecclesiasticorum
3094 3743 3489 3806 proventuum.
3516 3737 3682 3792 Edita
3713 3743 3798 3792 est
3820 3739 3956 3807 epi-

2298 3826 2445 3882 stola
2486 3825 2687 3896 Cyrilli
2742 3823 2864 3896 (qui
2914 3825 3063 3882 obiit
3112 3839 3261 3881 anno
3307 3825 3525 3880 Christi
3578 3822 3698 3896 444,
3753 3840 3956 3896 nempe

2299 3915 2598 3985 septennio
2643 3918 2774 3970 ante
2817 3914 3127 3970 consilium
3167 3914 3642 3986 Chalcedonense)
3686 3921 3839 3970 tomo
3886 3918 3951 3984 ν,

2302 4009 2444 4074 part.
2480 4016 2543 4074 ιι,
2579 4016 2702 4074 pag.
2736 3999 2862 4073 2M,
2897 4002 2996 4057 ubi
3031 4003 3148 4058 hac
3181 4003 3492 4073 leguntur:
3527 4024 3553 4056 «
3586 4003 3729 4059 Male
3761 4004 3952 4076 habet,

2302 4105 2618 4165 magnaque
2645 4091 2890 4147 tristitia
2911 4090 3084 4147 aﬁicit
3109 4093 3510 4149 sanctissimos
3533 4093 3831 4163 episcOpos
3857 4097 3960 4163 qui

2303 4188 2432 4239 sunt
2457 4183 2656 4251 ubique
2682 4185 2976 4244 terrarum,
3005 4183 3155 4253 quod
3185 4187 3540 4253 sumptuum,
3566 4183 3664 4252 qui
3691 4183 3815 4239 illis
3834 4197 3960 4240 eve-

2307 4273 2498 4340 niunt,
2531 4270 2986 4341 dispensationis
3025 4271 3172 4327 ratio
3201 4271 3273 4327 ab
3301 4272 3386 4327 eis
3415 4273 3700 4344 exigatur,
3734 4273 3855 4328 sive
3886 4287 3960 4328 ex

549 4357 958 4430 pertinentium
983 4369 1081 4426 per
1102 4354 1358 4412 notarios
1378 4354 1746 4427 colligeretur
1764 4362 1821 4412 et
1839 4371 1969 4414 cum
1990 4362 2200 4415 aucto—-
2307 4359 2716 4418 ecclesiasticis
2742 4359 3046 4431 reditibus,
3080 4361 3200 4416 sive
3227 4374 3295 4416 ex
3326 4359 3520 4417 fructu
3551 4361 3785 4417 aliunde
3818 4374 3961 4432 per-

553 4449 724 4507 ritate
749 4444 1442 4517 primiceriinotariorum
1460 4446 2199 4504 etsanctasedisscrinarii
2229 4454 2492 4523 Dcepto.
2541 4448 2950 4521 Unusquisque
2998 4450 3151 4505 enim
3198 4455 3456 4505 nostrum
3511 4448 3674 4506 dabit
3717 4464 3958 4505 suorum

551 4537 999 4596 celebrarentur.
1051 4553 1078 4587 α
1121 4535 1225 4590 Hic
1269 4534 1649 4591 constitutum
1695 4533 1829 4591 fecit
1878 4536 1982 4607 (ait
2033 4537 2202 4595 Liber
2313 4539 2591 4596 malorum
2611 4539 2888 4596 rationem
2907 4538 3162 4594 omnium
3181 4537 3556 4594 Judici.Vasa
3574 4539 3727 4594 enim
3751 4540 3963 4609 pretio-

547 4624 905 4685 Pontiﬁcalis
946 4623 1008 4680 in
1048 4623 1224 4695 Julio,
1264 4637 1421 4681 num.
1457 4622 1572 4696 50),
1609 4628 1671 4679 ut
1713 4624 1912 4682 nullus
1949 4625 2199 4685 clericus
2309 4626 3189 4699 saetpossessionesimmobiles
3206 4628 3959 4696 oportetservariecclesiis.

550 4730 779 4776 causam
807 4713 1124 4786 quamlibet
1147 4713 1204 4769 in
1228 4712 1460 4783 publico
1480 4717 1690 4786 ageret,
1713 4713 1830 4770 nisi
1851 4713 1910 4769 in
1932 4715 2193 4787 ecclesia,

549 4813 608 4867 et
638 4807 866 4876 notitia,
914 4818 1042 4876 qua
1082 4803 1353 4860 omnibus
1383 4816 1486 4874 pro
1535 4802 1643 4859 ﬁde
1689 4803 2082 4863 ecclesiastica
2110 4812 2197 4864 est

551 4911 652 4971 per
681 4895 939 4955 notarios
979 4891 1368 4964 colligeretur,
1401 4896 1457 4948 et
1498 4892 1692 4950 omnia
1737 4901 2102 4952 monumenta
2136 4897 2194 4952 in

529 4987 859 5044 Ecclesiam
917 4997 1018 5056 per
1069 4982 1464 5055 primicerium
1523 4983 1882 5042 notariorum
1940 4983 2196 5042 confecta

549 5075 1016 5145 celebrarentur;
1049 5073 1170 5130 sive
1205 5071 1615 5143 causationem,
1660 5072 1745 5128 vel
1791 5073 2192 5146 instrumenta,

549 5162 638 5220 vel
667 5161 1028 5230 donationes,
1057 5161 1143 5218 vel
1181 5160 1679 5229 commutationes,
1713 5161 1799 5217 vel
1830 5161 2191 5232 traditiones,

549 5255 653 5310 aut
671 5255 1024 5318 testamenta,
1051 5249 1137 5306 vel
1159 5249 1555 5322 allegationes,
1586 5253 1688 5305 aut
1713 5250 2196 5309 manumissiones

549 5339 747 5399 clerici
805 5337 868 5394 in
912 5336 1167 5394 Ecclesia
1223 5351 1322 5408 per
1372 5337 1723 5394 scrinarium
1779 5342 1988 5395 sancta
2039 5340 2195 5399 sedis

549 5429 920 5487 celebrarent.
955 5443 982 5476 ι

622 5519 758 5575 Inde
796 5521 985 5575 autem
1029 5510 1294 5585 profecta
1324 5513 1476 5587 leges
1505 5527 1810 5588 canonum,
1849 5519 2194 5578 auctoritate

549 5607 862 5679 apostolica
883 5607 1009 5662 lata
1027 5603 1132 5661 sub
1148 5602 1430 5674 Sylvestro
1451 5605 1508 5660 in
1526 5604 1775 5663 concilio
1789 5608 2106 5680 Gangrensi
2124 5612 2188 5682 Il,

2307 4717 2607 4788 Episcopis
2632 4721 2840 4787 autem,
2877 4715 2976 4786 qui
3012 4720 3149 4771 tunc
3178 4715 3455 4785 temporis
3483 4717 3746 4774 divinum
3777 4731 3965 4775 sacer-

2305 4807 2530 4864 dotium
2541 4806 2608 4863 ad
2621 4805 2967 4874 ministrant,
2985 4803 3366 4863 incidentium
3380 4811 3716 4877 sumptuum
3729 4806 3966 4878 dispen-

2305 4895 2584 4953 sationem
2614 4906 2810 4951 secure
2837 4892 3014 4950 credi.
3050 4911 3077 4944 »

2378 4981 2463 5041 44.
2518 4985 2657 5040 Cum
2703 4981 2888 5053 igitur
2936 4995 3005 5038 ex
3053 4981 3277 5054 legibus
3321 4982 3652 5053 apostolica
3691 4984 3845 5040 sedis
3888 4987 3960 5042 ad

2304 5073 2616 5131 Ecclesiam
2674 5070 3000 5127 universam
3051 5071 3500 5142 pertinentibus,
3555 5079 3611 5130 et
3641 5086 3710 5128 ex
3737 5075 3966 5145 regulis

2305 5163 2683 5223 conciliorum
2713 5165 2771 5216 et
2814 5161 3044 5216 Patrum
3090 5166 3246 5217 tanta
3285 5161 3592 5234 diligentia
3635 5167 3966 5233 prastanda

2307 5253 2453 5312 foret
2483 5253 2542 5308 in
2585 5249 2753 5307 bonis
2802 5249 3116 5306 mobilibus
3159 5251 3391 5307 tuendis
3415 5257 3472 5308 et
3495 5253 3651 5309 vasis
3681 5253 3967 5323 pretiosis

2304 5353 2598 5401 sacrarum
2626 5339 2839 5397 adium
2879 5340 3177 5396 servandis
3214 5339 3322 5396 sub
3351 5342 3630 5398 aconomi
3665 5345 3963 5414 custodia,

2306 5444 2522 5489 necnon
2573 5429 2634 5486 in
2687 5428 3042 5499 procuranda
3087 5429 3517 5501 dispensatione
3563 5431 3855 5489 redituum
3910 5444 3970 5491 et

2304 5520 2682 5590 oblationum,
2710 5517 2956 5574 arbitrio
2983 5517 3213 5589 quidem
3241 5519 3520 5591 episcopi,
3545 5520 3640 5577 sed
3666 5521 3773 5578 sub
3800 5525 3969 5580 testi-

2306 5610 2498 5670 monio
2527 5608 2691 5681 cieri,
2721 5607 3105 5666 necessarium
3133 5607 3736 5669 fuitcommentarium
3765 5611 3967 5672 bono-
