4034 6196
198 229 274 289 35
1209 264 1221 273 .
1722 225 2096 284 PREFATIO.
3549 228 3623 291 86

200 369 320 414 rum
351 353 743 424 conscribere,
773 367 975 427 parare
999 354 1253 414 indicem
1292 360 1347 414 et
1368 356 1652 430 syllabum
1678 371 1857 415 sacrae
1881 362 1940 425 A
1964 361 2021 415 et
2049 356 2260 417 fundos
2280 359 2476 417 hortos
2497 372 2562 416 ac
2587 361 2836 417 terrulas
2856 360 2919 416 iu
2942 361 3282 418 donationes
3301 362 3617 420 recensitas

197 445 580 516 supellectilis
592 449 648 501 et
659 445 943 502 donorum
960 460 1087 517 quae
1103 445 1536 519 dedicabantur,
1553 462 1619 504 ac
1633 447 1857 505 tabulas

196 536 311 592 dati
325 535 616 606 etaccepti
628 534 701 591 ab
712 535 1317 593 oeconomisexhiberi.
1334 538 1543 595 Mirum
1559 543 1855 609 pr0pterea

197 640 304 683 non
323 631 411 681 est
426 626 479 680 si
500 624 750 681 minutis
766 625 906 681 adeo
925 625 1252 683 rationibus
1267 630 1471 683 auctor
1487 627 1645 683 Libri
1669 627 1857 683 Ponti-

196 715 376 772 ﬁcalis
388 722 647 771 recenset
664 728 731 770 ac
754 714 1086 771 dinumerat
1102 716 1430 772 antistitum
1445 720 1501 773 et
1523 716 1851 788 principum

194 804 335 862 dona
354 805 418 860 in
440 804 699 876 singulis
718 803 895 861 ferme
916 803 1181 862 basilicis
1200 818 1265 861 ac
1285 806 1498 862 titulis.
1513 808 1851 865 Nostrarum

193 902 276 952 est
305 898 563 965 partium
592 894 894 951 ostendere
926 909 1024 965 per
1051 894 1211 951 illam
1240 900 1461 953 aetatem
1493 895 1853 967 superfuisse

190 986 534 1043 documenta
565 982 799 1054 publica
827 998 939 1041 non
972 988 1194 1041 tantum
1224 985 1283 1041 in
1314 984 1570 1042 archivis
1593 990 1648 1042 et
1670 999 1854 1042 mem-

191 1074 410 1143 branis,
437 1074 535 1130 sed
569 1073 741 1129 etiam
772 1074 832 1129 in
861 1073 1181 1145 parietibus
1204 1080 1260 1131 et
1290 1075 1697 1146 marmoribus,
1725 1090 1852 1148 quae

188 1162 629 1232 comprobarent
660 1162 953 1237 indiculos
976 1176 1165 1219 rerum
1196 1163 1638 1234 descriptarum.

254 1248 343 1306 45.
371 1252 455 1305 De
480 1251 951 1321 possessionibus
970 1264 1035 1307 ac
1067 1250 1287 1321 fundis,
1324 1266 1639 1324 eorumque
1662 1265 1854 1309 annua

187 1339 585 1411 praestatione,
632 1340 682 1395 si
733 1340 830 1396 cui
878 1340 1122 1397 dubium
1172 1341 1558 1414 suboriretur,
1608 1338 1660 1397 is
1704 1345 1854 1398 esset

185 1428 723 1485 circumducendus
762 1443 860 1500 per
884 1429 1159 1486 basilicas
1188 1444 1254 1487 ac
1294 1432 1499 1488 titulos
1527 1431 1718 1503 Urbis,
1746 1430 1847 1488 ubi

186 1523 525 1588 spectantur
565 1519 755 1574 adhuc
791 1518 973 1575 incisa
1015 1533 1127 1575 non
1176 1524 1399 1576 tantum
1438 1521 1672 1576 nomina
1715 1533 1852 1591 pra:-

184 1607 417 1665 diorum
437 1614 496 1663 et
521 1614 852 1679 proventus,
872 1609 1154 1664 sedetiam
1171 1610 1526 1666 consuetudo
1543 1610 1845 1679 majorum,

1965 450 2032 505 de
2062 450 2308 505 brevibus
2332 452 2448 506 suis
2485 450 2663 506 delere
2709 450 2920 514 debeat,
2960 467 3024 506 ac
3053 453 3291 520 auferre,
3324 456 3375 508 et
3420 457 3616 511 cuncta

1964 540 2040 594 ad
2075 555 2266 595 nomen
2279 540 2558 611 praedictae
2576 540 2809 597 ecclesia
2826 542 2896 596 B.
2923 541 3089 596 Pauli
3117 541 3349 611 apostoli
3375 543 3611 599 tradere.

1962 628 2219 700 Denique
2243 629 2504 699 praecipit
2530 630 3023 702 utautographum
3042 630 3376 688 donationis
3390 634 3612 701 aposto-

1962 716 2077 773 lico
2107 717 2327 775 scrinio
2365 719 2726 775 restituatur.
2758 718 3079 776 VOLVMUS
3102 720 3190 775 VT
3215 718 3351 777 HOC
3392 718 3613 776 PRAE-

1959 805 2230 863 CEPTVM
2321 808 2392 862 IN
2464 807 2736 863 SCRINIO
2822 808 3190 865 ECCLESIAE
3293 807 3611 865 NOSTRAE

1960 896 2428 953 EXPERIEVTIA
2471 896 2608 954 TVA
2657 896 3054 955 RESTITUAT.
3098 898 3232 955 Tria
3280 897 3399 955 haec
3443 910 3613 955 man-

1961 984 2094 1041 data
2118 986 2234 1055 jam
2289 991 2427 1043 tunc
2464 987 2734 1042 marmori
2770 986 3058 1057 insculpta
3086 985 3254 1044 nobis
3282 987 3621 1059 exprimunt

1964 1074 2287 1131 universam
2317 1076 2712 1147 disciplinam,
2744 1082 2800 1132 et
2831 1076 3053 1146 praxim
3082 1076 3612 1133 administrationis

1961 1161 2239 1221 bonorum
2271 1165 2544 1236 ecclesiaa,
2575 1179 2698 1236 qua!
2718 1169 2855 1221 tunc
2873 1164 3132 1237 vigebat:
3161 1169 3218 1220 et
3241 1164 3612 1223 manifestam

1961 1251 2192 1322 publica
2244 1254 2605 1323 documenta,
2647 1267 2773 1325 qua:
2803 1259 2916 1309 tam
2949 1254 3010 1309 in
3050 1253 3289 1310 scriniis
3330 1266 3500 1325 quam
3547 1252 3608 1309 in

1961 1341 2346 1399 marmoribus
2392 1342 2603 1399 aedium
2634 1355 2929 1400 sacrarum
2976 1342 3316 1415 consignata
3356 1345 3518 1399 sexto
3541 1354 3608 1398 ac

1958 1431 2203 1500 septimo
2229 1431 2448 1487 Christi
2485 1432 2696 1490 saeculo
2722 1433 2888 1502 juxta
2919 1445 3132 1489 morem
3166 1432 3608 1503 praecedentium

1959 1524 2190 1575 aetatum
2220 1520 2447 1577 abunde
2479 1520 2891 1577 ministrabant
2920 1521 3307 1592 scriptoribus
3334 1520 3608 1578 Historiae

1957 1608 2312 1666 Pontiﬁcalis
2337 1609 2603 1666 definitus
2640 1609 2880 1666 notitias
2923 1610 3280 1668 minutarum
3322 1610 3609 1681 ejusmodi

188 1698 448 1753 Romano
467 1711 627 1753 more
645 1711 965 1768 proponens
981 1698 1169 1754 oculis
1188 1699 1406 1771 p0puli,
1427 1704 1492 1756 ut
1506 1699 1643 1755 olim
1660 1698 1851 1771 Augw
1876 1697 1928 1758 Β
1960 1713 2172 1772 rerum,
2211 1700 2496 1771 praesulis,
2529 1704 2587 1756 et
2626 1699 2882 1757 ministri
2933 1700 3225 1771 providam
3270 1714 3467 1758 curam
3508 1700 3613 1757 illa

182 1790 308 1844 stus
338 1787 731 1843 rationarium
763 1787 1016 1858 imperii,
1041 1788 1128 1843 sic
1152 1788 1276 1859 ipsa
1294 1803 1529 1845 censum
1557 1788 1843 1845 Ecclesiae.

252 1877 315 1930 In
350 1876 586 1945 porticu
615 1875 871 1932 basilicae
907 1877 1192 1933 Vaticanae
1223 1881 1483 1947 superest
1511 1890 1622 1934 una
1660 1891 1731 1934 ex
1755 1882 1853 1933 ta-

184 1964 343 2021 bulis
357 1964 702 2021 marmoreis
722 1972 933 2036 septem
950 1964 1052 2035 (tot
1069 1966 1219 2021 enim
1241 1966 1851 2037 uumeratCiampinus

183 2068 248 2111 ex
274 2054 634 2124 Alpharauo,
670 2055 771 2126 qui
798 2055 944 2111 duas
972 2055 1192 2112 viderat
1216 2069 1320 2113 suo
1344 2070 1462 2113 aevo
1489 2054 1850 2129 superstites)

186 2143 495 2214 inscriptis
509 2143 743 2199 nomine
756 2157 1067 2201 massarum
1080 2150 1137 2201 et
1153 2146 1300 2215 przrd
1311 2146 1497 2202 iorum
1510 2146 1579 2201 ad
1592 2146 1844 2201 eamdem

184 2233 491 2288 basilicam
516 2217 925 2303 pertinentium
946 2250 961 2300 ;
985 2248 1162 2304 eaque
1188 2234 1382 2291 tabula
1406 2248 1440 2290 a
1471 2235 1531 2289 B.
1564 2234 1842 2306 Gregorio

182 2321 386 2392 Magno
426 2321 509 2376 ita
540 2321 804 2392 insculpa
831 2320 944 2379 fuit
974 2320 1173 2379 fundis
1201 2336 1235 2379 a
1272 2337 1333 2380 se
1357 2322 1589 2380 donatis
1617 2324 1687 2380 ad
1718 2335 1849 2380 con-

182 2410 478 2466 cinnanda
511 2410 848 2468 luminaria.

253 2574 318 2637 ᾧ
345 2583 588 2627 DOUINIS
621 2583 846 2627 SANCI'IS
870 2583 936 2627 AC
963 2583 1304 2629 BEATISSIXIS
1351 2585 1523 2628 ΡΕἹἭΟ
1569 2585 1635 2628 ΕΤ
1672 2584 1845 2628 Ρηιο

181 2655 579 2700 υοςτοιοιινιί
613 2655 961 2699 PRINCIPIBVS
982 2656 1283 2700 GREGORIVS
1310 2656 1571 2700 INDIGNVS
1615 2656 1841 2700 SERVVS.

182 2727 457 2777 QVO‘I'IBNS
485 2727 650 2769 LAVDI
690 2728 955 2786 VESTRAE,
999 2721 1130 2785 θῐο.,
1173 2729 1372 2771 STATVO
1401 2728 1539 2771 ENIH
1563 2728 1627 2770 ΕΤ
1656 2728 1690 2770 Α
1716 2727 1847 2771 ΠΕΙδ

185 2798 622 2842 SV'CCESSORIBVS
647 2799 970 2842 SERVANDVI
1019 2800 1141 2842 SINE
1184 2800 1385 2849 ALIQVA
1436 2799 1844 2843 REFRAGATIONE

182 2870 485 2913 masrxrvo
545 2870 611 2912 V'I’
680 2870 810 2913 LOCA
873 2871 975 2913 VEL
1032 2871 1246 2915 PREDIA
1307 2871 1414 2913 CVM
1455 2870 1702 2914 OLIBETIS
1752 2871 1844 2920 QVI

184 2942 454 2985 INFERIVS
480 2941 896 2985 DESCRIBVN‘I'VR
921 2942 1058 2991 QVOS
1086 2944 1191 2986 PRO
1220 2943 1648 2986 CONCINNATIONE
1674 2942 1845 2985 LVII-

186 3013 411 3089 Μιξινη
454 3012 785 3089 VESTBORVI
813 3015 849 3055 Δ
890 3014 1145 3089 DIVERSIS
1194 3015 1393 3063 QVIBVS
1428 3013 1844 3089 DETINEBAISTIlR
1878 3026 1928 3089 C

185 3084 563 3127 RECOLLIGENS
601 3086 810 3128 VESTRA
855 3085 1015 3127 VOBIS
1055 3084 1233 3128 DICAVI
1262 3086 1599 3130 ιιωντιιΑτΑ
1638 3085 1841 3128 ΡΕΒκΑα

186 3156 327 3199 xm
379 3156 543 3199 IDES’I‘
592 3157 651 3199 IN
688 3156 1022 3199 PATRIIONIO
1061 3158 1236 3200 ΔΡΡῙΒ
1286 3158 1444 3200 ωδε.
1496 3157 1849 3200 νισῐοιιιοιΑε

185 3226 416 3270 οιιΒι-ῖτν
460 3227 520 3270 IN
564 3227 732 3270 ΠΜ).
767 3228 1117 3271 ΒυυειιιΛΝο
1152 3229 1208 3272 IN
1257 3229 1488 3272 INTEGRO
1512 3227 1739 3272 OLIBE'I‘V
1786 3229 1845 3271 IN

188 3298 488 3341 OCI'ABIANO
536 3298 595 3341 IN
643 3298 875 3342 INTEGBO
923 3299 1076 3342 MASS.
1127 3300 1468 3344 ΤΒΔΒΔΤΙΔΝΔ
1517 3299 1729 3343 OLIBET.
1786 3299 1845 3343 IN

192 3368 345 3412 ΠΜ).
393 3370 713 3413 BVBREIANO
736 3371 807 3413 VT
832 3371 948 3413 SVP.
986 3371 1195 3415 OLIBET.
1242 3372 1301 3415 IN
1326 3373 1485 3415 FVND.
1514 3371 1747 3415 APPIANO
1774 3371 1844 3415 VT

193 3439 379 3500 svras,
415 3435 523 3485 etc.

196 3588 526 3660 Sequuntur
553 3588 671 3646 alia
691 3591 941 3660 quatuor
978 3593 1035 3645 et
1060 3589 1443 3662 quadraginta
1471 3590 1704 3645 nomina
1725 3586 1845 3644 oli-

195 3686 445 3733 vetorum
487 3682 548 3733 et
579 3691 892 3733 massarum
918 3678 1054 3734 huic
1079 3678 1378 3734 donationi
1426 3678 1684 3734 inclusa:
1718 3690 1845 3747 qua:

197 3764 301 3836 legi
329 3770 581 3835 possunt
625 3766 772 3836 apud
825 3767 1062 3822 Paulum
1087 3767 1158 3822 de
1187 3766 1422 3839 Angelis
1468 3766 1528 3821 in
1558 3765 1838 3834 Descript.

196 3852 447 3911 basilicae
464 3856 772 3926 Vaticana,
803 3853 1034 3929 pag.'81,
1057 3857 1209 3927 apud
1230 3856 1593 3925 Ciampinum
1622 3855 1694 3910 de
1716 3854 1841 3910 Sac.

196 3942 356 3998 .Edif.
389 3957 424 3999 a
449 3946 656 4014 Magno
695 3945 1075 4001 Constantino
1103 3946 1480 4015 constructis,
1534 3958 1659 4017 pag.
1691 3940 1754 3998 3i
1788 3948 1845 3998 et
1888 3986 1895 3991 .

194 4027 277 4099 82,
329 4037 388 4087 et
421 4033 482 4087 in
542 4033 798 4089 editione
846 4034 1160 4089 Parisiensi
1192 4032 1442 4104 Operum
1487 4033 1541 4089 S.
1576 4031 1838 4105 Gregorii

194 4120 403 4189 Magni,
445 4120 710 4192 aliosque
734 4123 885 4192 apud
926 4127 1221 4178 auctores:

260 4205 345 4264 46.
376 4211 442 4264 In
474 4209 718 4266 basilica
747 4211 803 4266 S‘.
834 4211 1018 4283 Pauli,
1052 4211 1144 4266 via
1163 4211 1437 4280 Ostiensi,
1470 4210 1685 4283 legitur
1711 4214 1843 4266 aute

193 4298 406 4368 gradus
429 4298 774 4368 presbyterii
788 4300 1113 4371 antiquitus
1131 4300 1418 4371 insculpta
1436 4299 1704 4356 marmori
1726 4300 1842 4370 epi-

193 4353 333 4443 stola
384 4353 643 4458 ejusdem
674 4353 989 4459 milia;
1000 4353 1007 4354 ί
1027 4353 1545 4462 ausaausa;
1561 4353 1749 4446 "ait.
1762 4353 1838 4446 3‘.
1866 4353 1922 4416 Ι)

191 4478 434 4533 Felicem
450 4478 872 4535 subdiaconum
896 4485 952 4535 et
964 4484 1238 4535 rectorem
1259 4479 1832 4550 PatrimoniiAppiaz:

189 4580 359 4636 quam
390 4567 676 4637 integram
702 4567 840 4623 dare
879 4572 1128 4638 prastat,
1169 4581 1300 4624 cum
1327 4566 1449 4623 sola
1481 4568 1665 4637 possit
1693 4566 1845 4624 suﬂ‘i-

185 4668 309 4711 cere
344 4655 418 4711 ad
471 4656 898 4726 comprobanda
946 4656 1288 4714 documenta
1339 4670 1463 4728 quae
1516 4657 1575 4712 in
1625 4657 1842 4713 scrinio

182 4740 510 4816 apostolico
555 4746 932 4803 servabantur
973 4751 1094 4803 tum
1143 4747 1517 4805 donationum
1557 4747 1838 4817 ejusmodi

187 4836 609 4905 pertinentium
643 4837 713 4893 ad
762 4836 966 4893 titulos
1006 4841 1063 4892 et
1103 4836 1377 4894 basilicas
1411 4835 1681 4893 Ecclesiae
1722 4837 1842 4894 Ro—

187 4939 387 4999 manae,
401 4920 528 4983 tu‘m
544 4926 1073 4983 administrationis
1091 4925 1369 4984 bonorum
1390 4939 1487 4997 per
1508 4927 1843 4997 praepositos

185 5015 508 5073 instructos
525 5014 799 5073 brevibus
813 5016 935 5072 sive
947 5015 1242 5074 indicibus
1253 5030 1445 5073 rerum
1459 5020 1515 5072 et
1532 5014 1839 5073 fundorum

185 5118 280 5173 per
308 5106 475 5175 ipsos
506 5104 925 5162 curandorum.
961 5104 1129 5161 lubet
1156 5104 1442 5176 siquidem
1472 5101 1728 5175 pontifex
1777 5108 1842 5161 ut

185 5207 280 5264 per
301 5193 619 5249 antedictis
646 5193 918 5250 Ecclesiae
948 5194 1303 5265 praepositos,
1332 5193 1432 5265 qui
1466 5206 1565 5262 per
1589 5197 1841 5263 tempora

184 5282 489 5341 fueriutab
510 5296 625 5340 mra
642 5284 999 5355 donationis,
1016 5283 1072 5340 id
1088 5283 1471 5352 estaseptima
1499 5283 1838 5353 indictione,

186 5373 418 5447 imperii
464 5374 671 5430 Phocaa
715 5386 867 5430 anno
925 5374 1197 5443 secundo,
1253 5377 1310 5428 et
1351 5372 1691 5429 consulatus
1718 5372 1844 5442 ejus

186 5465 373 5532 primo
397 5462 630 5521 scilicet
656 5476 728 5520 ex
762 5476 915 5520 anno
940 5461 1159 5520 Christi
1206 5457 1332 5532 604,
1373 5461 1734 5533 ordinentur,
1763 5461 1843 5517 ita

189 5557 249 5608 ut
276 5553 663 5623 imposterum
710 5552 826 5623 ipsi
875 5552 1129 5610 rationes
1160 5553 1391 5621 ponant.
1424 5550 1651 5606 Mandat
1689 5549 1842 5606 enim

189 5650 248 5697 ut
259 5642 421 5699 Felix
432 5642 836 5700 subdiaconus
846 5638 1590 5710 rectorPatrimoniiAppiae
1604 5652 1843 5695 massam

1957 1789 2130 1845 etiam
2157 1794 2321 1845 aetate
2351 1802 2462 1846 non
2501 1787 2923 1860 eti'ugientium.
2951 1789 3108 1845 Talis
3139 1789 3323 1861 igitur
3348 1793 3435 1845 est
3462 1790 3611 1846 Gre-

1958 1877 2109 1948 gorii
2153 1878 2342 1951 Magni
2387 1878 2652 1949 epistola,
2694 1890 2864 1947 quam
2914 1877 3157 1934 incisam
3201 1877 3411 1935 tabulae
3451 1890 3610 1934 mar-

1960 1980 2163 2024 morea:
2211 1965 2473 2023 videmus
2516 1965 2575 2021 in
2613 1964 2857 2022 basilica
2898 1965 3162 2022 Doctoris
3211 1965 3470 2038 gentium
3515 1964 3610 2022 via

1955 2055 2230 2113 Ostiensi.

2029 2152 2092 2215 μμ
2150 2144 2543 2203 GREGORIVS
2599 2143 2805 2215 EPISC.
2856 2142 3120 2215 suuvvs
3166 2143 3540 2215 suuvouvu

2029 2213 2103 2274 ΠΙ
2138 2217 2357 2274 FELICI
2393 2214 2697 2274 SVBDIAC.
2741 2216 2826 2271 ET
2872 2213 3169 2271 RECTORI
3213 2213 3542 2270 PATRIMO-

2031 2291 2126 2345 NII
2165 2288 2431 2344 ΑΡΡΙΑΕ.
2475 2289 2622 2342 Licet
2669 2288 2872 2348 omnia,
2920 2300 3044 2355 quae
3088 2287 3199 2341 haec
3237 2287 3541 2356 apostolica

2027 2361 2189 2415 habet
2235 2360 2461 2414 ecclesia
2488 2359 2553 2412 B.
2580 2358 2730 2412 Petri
2764 2362 2815 2412 et
2840 2358 3025 2420 Pauli,
3059 2371 3292 2426 quorum
3319 2357 3538 2422 honore,

2029 2437 2079 2486 et
2116 2432 2383 2501 beneﬁciis
2408 2430 2685 2499 acquisita
2709 2432 2858 2501 sunt,
2889 2429 2996 2483 Deo
3021 2429 3135 2501 sint
3161 2433 3380 2484 auctore
3408 2444 3542 2484 com-

2026 2500 2252 2565 munia,
2299 2516 2411 2557 esse
2486 2505 2669 2555 tamen
2731 2500 2885 2555 debet
2942 2502 3004 2554 in
3057 2500 3537 2555 administratione

2026 2575 2303 2656 actionum
2325 2573 2616 2656 diversitas
2640 2586 3021 2656 personarum,
3049 2573 3194 2656 utin
3223 2572 3535 2656 adsignatis

2025 2647 2221 2715 cuique
2275 2645 2437 2699 rebus
2503 2659 2638 2699 cura
2692 2642 2945 2698 adhiberi
2981 2644 3158 2712 possit
3216 2644 3531 2713 impensior.

2024 2716 2158 2771 Cum
2185 2717 2357 2784 igitur
2379 2731 2481 2785 pro
2510 2715 2731 2770 ecclesia
2762 2715 2826 2769 B.
2869 2715 3035 2768 Pauli
3060 2714 3346 2784 apostolici
3376 2714 3542 2769 solli-

2024 2788 2208 2843 citudo
2271 2802 2368 2842 nos
2413 2787 2596 2841 debita
2633 2790 3003 2855 commoneret,
3064 2800 3132 2840 ne
3177 2787 3359 2840 minus
3422 2786 3540 2842 illic

2023 2860 2220 2915 habere
2271 2859 2570 2913 luminaria
2611 2858 2787 2912 isdem
2822 2871 2998 2926 praco
3041 2857 3171 2926 ﬁdei
3207 2861 3535 2921 cerneretur,

2025 2932 2123 3000 qui
2181 2933 2353 2985 totum
2401 2930 2669 2984 mundum
2728 2929 2932 2982 lumine
2972 2943 3085 2982 suae
3122 2927 3537 3000 praedicationis

2023 2999 2288 3071 implevit,
2330 3004 2381 3055 et
2416 3000 2576 3056 valde
2626 3003 3006 3070 incongruum,
3052 3015 3117 3054 ac
3144 3014 3257 3054 esse
3294 2999 3540 3055 durissi-

2024 3089 2171 3129 mum
2225 3072 2523 3135 uideretur,
2568 3075 2630 3127 ut
2681 3071 2800 3125 ulla
2842 3073 2892 3126 ei
2928 3071 3237 3140 specialiter
3267 3072 3537 3140 possessio

2023 3160 2135 3199 non
2180 3145 2427 3209 serviret,
2474 3144 2536 3197 in
2582 3158 2695 3212 qua
2736 3143 2984 3213 palmam
3024 3156 3242 3196 sumens
3277 3143 3538 3211 martyrii

2026 3217 2202 3286 capite
2222 3219 2301 3270 est
2315 3218 2599 3269 truncatus
2630 3217 2692 3268 ut
2715 3216 2918 3286 uiueret
2939 3230 2955 3286 :_
2985 3214 3121 3268 utile
3131 3213 3532 3281 judicauimus,

2026 3284 2265 3342 eamdem
2289 3300 2545 3348 massam,
2568 3301 2689 3356 qua:
2705 3284 2899 3355 Aquas
2927 3284 3145 3340 Salvius
3159 3290 3531 3355 nuncupatur,

2023 3374 2147 3413 cum
2197 3358 2443 3412 omnibus
2480 3357 2675 3424 fundis
2729 3358 2867 3419 suis,
2899 3356 2959 3410 id
2998 3361 3078 3411 est
3125 3356 3276 3411 Cella
3310 3357 3534 3410 vinaria

2024 3430 2369 3491 Antoniana,
2424 3429 2575 3485 Villa
2627 3433 2875 3497 portusa,
2912 3427 3138 3497 Bifurco
3164 3426 3527 3497 Priminiano,

2023 3500 2288 3557 Cassiano
2324 3500 2547 3562 Silonis,
2582 3494 2820 3554 Cornelii
2864 3496 3158 3562 tessellata,
3190 3499 3353 3563 atque
3387 3494 3531 3549 Cor-

2025 3572 2263 3638 neliana,
2294 3586 2417 3626 cum
2444 3572 2589 3624 omni
2599 3570 2732 3637 jure
2753 3569 3040 3627 instructo,
3060 3566 3530 3690 instrumentogue

2025 3657 2143 3690 suo-
2185 3646 2235 3690 et
2263 3641 2513 3690 omnibus
2542 3638 2870 3690 aeneraliter
2887 3635 2963 3690 ad
2982 3650 3099 3690 rem
3125 3637 3425 3690 pertinenti
3462 3651 3528 3690 us

2024 3657 2143 3706 suo,
2185 3646 2235 3697 et
2250 3635 2513 3696 omnibus
2541 3635 2870 3707 generaliter
2887 3635 2963 3690 ad
2982 3650 3103 3707 rem,
3122 3635 3528 3707 pertinentibus

2024 3714 2142 3782 ejus
2185 3728 2305 3767 cum
2349 3706 2553 3766 Christi
2590 3709 2781 3782 gratia
2822 3706 3187 3782 luminaribus
3226 3706 3522 3782 deputare:

2023 3777 2343 3853 adjicientes
2369 3784 2532 3836 etiam
2556 3780 2729 3835 eidem
2747 3779 2975 3853 cessioni
3007 3779 3188 3853 hortos
3213 3777 3350 3833 duos
3362 3780 3527 3853 posi-

2022 3849 2106 3910 tos
2149 3857 2293 3909 inter
2338 3853 2595 3920 Tiberim,
2653 3854 2705 3906 et
2760 3851 3009 3920 porticus
3063 3849 3239 3919 ipsius
3294 3849 3526 3906 ecclesiae

2021 3927 2275 3981 euntibus
2312 3941 2347 3979 a
2389 3928 2556 3994 porta
2605 3923 2843 3994 civitatis
2876 3925 3035 3994 parte
3090 3921 3336 3984 deatera,
3390 3936 3526 3990 quos

2022 3997 2223 4052 dividit
2282 3992 2482 4064 ﬂuvius
2537 3996 2682 4049 inter
2734 3993 2944 4063 adﬁnes
2991 3992 3137 4047 horti
3203 3994 3526 4049 monasterii

2019 4070 2198 4125 sancti
2213 4068 2493 4138 Stephani,
2520 4065 2668 4135 quod
2693 4069 2772 4120 est
2800 4065 3130 4138 ancillarum
3144 4065 3262 4138 Dei,
3285 4065 3529 4138 positum

2019 4141 2094 4195 ad
2120 4136 2370 4196 sanctum
2394 4137 2651 4199 Paulum,
2681 4141 2733 4191 et
2756 4136 2832 4191 ad
2848 4138 2983 4206 ﬁnes
2995 4137 3355 4206 possessionis
3373 4137 3529 4192 Pisi-

2018 4213 2209 4266 niani:
2269 4209 2434 4265 simul
2479 4213 2532 4264 et
2593 4208 2830 4263 terrulas
2890 4222 3013 4276 quae
3063 4211 3329 4262 vocantur
3371 4209 3526 4275 fossa

2021 4284 2251 4338 latronis
2268 4282 2481 4351 positas
2498 4281 2579 4334 ibi
2587 4280 2758 4349 juxta
2777 4278 3019 4335 eamdem
3034 4279 3307 4351 porticum
3338 4280 3527 4351 eunti-

2023 4355 2122 4409 bus
2160 4350 2411 4409 similiter
2461 4368 2498 4406 a
2542 4356 2705 4421 parte
2749 4352 2997 4413 sinistra,
3029 4350 3125 4404 ubi
3168 4365 3316 4406 nunc
3342 4350 3526 4406 Vineae

2020 4428 2180 4494 factae
2205 4429 2355 4485 sunt,
2406 4437 2529 4492 quae
2557 4422 2776 4478 terrulae
2812 4422 3092 4494 cohwrent
3122 4421 3193 4494 ab
3220 4437 3330 4494 uno
3356 4422 3524 4494 latere

2013 4492 2344 4568 possessioni
2377 4496 2663 4563 Eugenitis
2690 4493 2970 4568 quondam
3005 4492 3342 4568 Scholastici,
3376 4497 3426 4547 et
3453 4493 3524 4548 ab

2022 4564 2138 4623 alia
2163 4571 2320 4638 parte
2365 4567 2697 4637 possessioni
2719 4565 3038 4638 monasterii
3064 4565 3119 4619 S.
3155 4564 3339 4619 Aristi
3362 4578 3521 4638 :_quae

2022 4635 2206 4695 omnia
2249 4635 2507 4709 quoniam
2566 4641 2671 4694 Deo
2717 4636 3020 4705 adiuuante
3072 4650 3177 4706 per
3231 4635 3521 4709 antedictis

2020 4708 2276 4766 Ecclesia?
2318 4710 2633 4780 praepositos
2654 4779 2665 4780 ί
2690 4709 2787 4777 qui
2824 4722 2925 4778 per
2963 4711 3203 4780 tempora
3240 4708 3459 4780 fuerint
3485 4722 3523 4780 a

2015 4784 2275 4853 praesenti
2311 4777 2541 4853 septima
2569 4777 2865 4853 indictione
2883 4777 3431 4853 polumusordinari,
3468 4779 3521 4830 et

2022 4848 2302 4923 quidquid
2337 4848 2533 4907 eainde
2560 4850 2844 4923 accesserit
2879 4849 3248 4923 luminaribus
3266 4848 3385 4923 ejus
3407 4848 3523 4923 im-

2017 4916 2205 4998 pendi,
2231 4927 2397 4998 atque
2419 4924 2564 4998 ipsos
2593 4920 2791 4998 exinde
2806 4935 3005 4990 ponere
3031 4920 3291 4998 rationes,
3319 4916 3523 4998 idcirco

2020 4990 2365 5067 caperientiae
2408 4990 2533 5067 tuae
2564 4992 2933 5067 praecipimus,
2984 4995 3049 5045 ut
3087 4990 3521 5067 suprascriptum

2020 5060 2256 5121 massam
2284 5069 2476 5134 Aquas
2500 5060 2863 5134 Salvias’cum
2884 5060 3301 5131 prznominatis
3333 5061 3520 5134 omni-

2025 5139 2123 5193 bus
2158 5131 2365 5205 fundis
2402 5136 2538 5197 suis,
2588 5146 2796 5188 necnon
2823 5132 3033 5205 hortus,
3054 5136 3220 5205 atque
3261 5131 3518 5205 terrulas,

2024 5202 2425 5280 quse‘superius
2462 5207 2809 5262 continentur
2827 5204 2894 5259 de
2922 5204 3175 5259 breuibus
3199 5205 3316 5259 suis
3344 5202 3523 5286 delere

2024 5282 2217 5338 debeat
2252 5295 2317 5334 ac
2345 5281 2588 5347 auferre,
2614 5281 2664 5333 et
2705 5280 2900 5333 cuncta
2926 5276 3004 5332 ad
3029 5290 3222 5332 nomen
3239 5274 3521 5347 pradicas

2571 5320 2588 5347 9

2022 5353 2274 5408 Ecclesiae
2305 5351 2447 5407 beati
2473 5350 2638 5406 Pauli
2672 5348 2924 5419 Apostoli
2955 5348 3173 5403 tradere
3193 5366 3211 5402 :
3251 5350 3523 5418 quatenus

2023 5425 2311 5480 servientes
2352 5424 2460 5478 sibi
2498 5420 2809 5493 praepositi
2831 5421 2979 5493 omni
2998 5424 3125 5493 post
3152 5419 3247 5493 hoc
3279 5422 3523 5473 carentes

2026 5499 2370 5551 excusatione
2413 5495 2479 5549 de
2499 5491 2891 5547 fluminaribus
2920 5492 3039 5561 ejus
3082 5492 3163 5545 ita
3191 5491 3308 5561 sine
3334 5493 3526 5544 nostra

2023 5568 2283 5622 studeant
2329 5565 2699 5620 sollicitudine
2760 5565 3017 5631 cogitare,
3065 5566 3126 5615 ut
3169 5560 3358 5614 nullus
3406 5561 3524 5614 illic

2023 5653 2268 5708 unquam
2324 5638 2593 5705 neglectus
2662 5637 2837 5706 possit
2894 5635 3141 5689 eaistere.
3185 5632 3354 5687 Facta
3400 5646 3525 5687 vero
