4050 6184
386 260 458 319 95
1187 258 1279 316 AD
1315 241 1748 314 ANASTASIUM
1785 251 2298 310 PROLEGOMENA
2334 252 2511 308 EDIT.
2552 250 2766 310 ROM.-—
2779 250 3006 308 VATIC.
3709 247 3783 306 96

382 391 664 447 Fauentin
695 393 830 446 terr.
856 388 1173 445 constituto
1193 392 1364 460 atque
1393 383 1852 460 fundumicontul
1890 385 2022 438 terr.
2069 381 2292 460 reiacen

602 469 710 518 tem
745 460 1034 531 simulque
1067 453 1302 532 argento
1321 459 1650 532 quaterdeni
1675 457 1926 527 pundera
1949 455 2223 509 mundum
2252 454 2398 524 quod
2434 453 2546 509 sibi
2577 453 2832 525 legitime

387 533 709 605 genitorum
732 533 981 606 contulit
1015 533 1150 606 iura;
1166 531 1313 601 quod
1344 531 1432 606 sit
1453 531 1763 606 inliuatam
1797 541 1897 606 nec
1927 531 2228 606 reuocetur
2251 539 2500 606 unquam
2661 595 2673 606 .

648 606 752 660 uod
786 604 923 660 uhic
952 597 1197 673 collegio
1218 601 1621 657 monachorum
1652 599 1969 673 stipendias
1996 598 2064 651 ad
2092 599 2275 673 uicem
2302 597 2474 652 cessit
2494 610 2560 652 ex
2582 597 2752 673 cuius

390 668 733 733 Redditibus
760 668 1168 745 praeparentur
1196 673 1456 728 atl'auiles
1484 675 1657 741 dapes
1689 673 1892 745 hisque
1925 670 2018 725 ius
2048 669 2268 723 nomini
2291 681 2496 724 annua
2517 668 2647 725 colu

597 743 773 817 eriut,
799 743 910 816 quo
934 747 1097 801 iussu
1123 745 1476 801 dominantis
1499 743 1834 817 migrauerit

383 817 466 873 Ad
489 809 948 889 caelestia'régna
973 818 1076 889 hoc
1107 830 1339 889 quoram
1374 809 1622 871 concilio
1644 814 1868 889 stat_ui_t,_
1894 816 2064 881 atque
2096 809 2352 865 ﬁrmauit
2377 814 2439 865 ut
2469 811 2518 866 si
2552 812 2686 882 quis

597 883 898 945 Successor
930 888 1082 944 sedis
1107 883 1457 957 ecclesieque
1487 896 1644 942 actor
1669 885 1757 940 uel
1783 883 1943 957 abba.

391 961 750 1031 praepositus
778 961 953 1016 huius
979 960 1334 1015 uenerauilis
1370 951 1578 1031 templi
1599 956 1956 1031 preuominat
1984 951 2224 1007 fundum
2255 951 2508 1007 miliaria

599 1046 665 1087 ex
689 1037 923 1102 partem,
953 1031 1044 1087 uel
1069 1037 1250 1087 totum
1282 1045 1378 1100 per
1408 1024 1618 1099 quouis
1645 1027 1875 1102 ingenio
1904 1024 1975 1078 ab
2003 1037 2168 1102 usum
2204 1037 2502 1102 seruorum
2532 1025 2641 1081 Dni

390 1101 485 1158 hic
513 1097 962 1159 deseruientium
995 1103 1246 1176 alienare
1274 1097 1739 1176 praesumpserit,
1774 1097 1862 1153 uel
1893 1099 2368 1176 commutareaut

601 1188 801 1243 perene
830 1181 953 1229 acta
987 1191 1040 1230 u.
1073 1167 1332 1228 chartula
1358 1167 1565 1241 largire
1585 1177 1868 1243 aeternam
1901 1167 2427 1243 condemnationem

385 1235 670 1300 sustineat
695 1260 821 1301 cum
851 1245 1129 1300 traditore
1144 1245 1284 1314 juda
1306 1250 1359 1299 et
1385 1235 1478 1298 his
1500 1243 1598 1312 qui
1635 1240 1882 1310 petierit,
1902 1242 1955 1291 et
1983 1237 2088 1314 qui
2116 1235 2326 1307 largire
2357 1238 2720 1308 temptaverit
2741 1236 3096 1294 constrictus
3123 1249 3232 1292 ana

386 1315 621 1372 themati
651 1316 874 1372 vinculs
900 1330 1096 1372 corum
1127 1310 1699 1371 t‘recentordecetocto
1727 1316 2012 1382 patruum.
2040 1310 2102 1373 ἧς

453 1492 540 1548 54.
576 1497 636 1549 In
668 1495 936 1550 omnibus
962 1495 1121 1551 hisce
1146 1494 1532 1552 monumentis
1559 1507 1590 1548 a
1623 1505 1709 1547 me
1733 1487 2028 1561 productis
2053 1483 2110 1543 A
2145 1501 2312 1559 quam
2351 1492 2415 1544 ut
2440 1488 2826 1544 iudicaremus
2853 1487 3099 1558 genuina
3127 1485 3487 1554 documenta,
3519 1499 3642 1556 qua
3667 1485 3788 1541 sola

382 1585 598 1639 attendi
631 1584 821 1654 velim,
855 1599 918 1640 ea
945 1583 1144 1640 referri
1177 1586 1243 1641 ad
1273 1590 1490 1639 atatem
1521 1583 1669 1637 inter
1689 1579 2026 1650 Gregorium

383 1673 694 1728 secundum
721 1679 775 1728 et
798 1681 1084 1743 quartum,
1120 1687 1230 1743 qua
1253 1673 1473 1728 scilicet
1499 1673 1638 1727 Vita
1662 1669 1818 1724 Libri
1842 1665 2030 1722 Ponti-

385 1761 568 1815 ﬁcalis
599 1761 1142 1829 conscribebantur;
1185 1767 1247 1816 ut
1271 1762 1401 1815 inde
1432 1765 1692 1815 constare
1723 1755 1906 1826 possit
1925 1768 2029 1809 cur

381 1853 643 1904 auctores
671 1849 767 1904 isti
792 1862 1018 1919 operam
1043 1855 1155 1904 tam
1183 1849 1436 1904 sedulam
1476 1853 1532 1902 et
1562 1846 1821 1913 nimiam,
1852 1848 1919 1899 ut
1948 1843 2026 1898 ita

381 1937 591 2007 dicam,
621 1937 1013 2007 impenderent
1039 1938 1097 1992 in
1123 1937 1529 1993 enumerandis
1562 1934 1895 2005 pontificum
1918 1933 2029 1987 do—

382 2027 494 2096 nis,
519 2041 645 2097 qua
676 2041 773 2097 per
804 2028 959 2097 ipsos
1005 2027 1388 2084 offerebantur
1424 2029 1539 2083 Deo
1571 2027 1631 2082 in
1672 2025 1855 2081 sacris
1883 2021 2028 2077 adi—

305 2183 310 2188 _
383 2115 510 2185 bus,
556 2116 744 2172 Roma
802 2117 1115 2186 prasertim
1167 2117 1520 2177 constitutis.
1575 2116 1929 2186 Quocunque
1972 2125 2032 2168 se

383 2210 665 2260 verterent
694 2205 777 2275 pii
808 2206 1135 2276 scriptores,
1176 2207 1545 2262 incurrebant
1573 2208 1633 2262 in
1664 2220 1859 2264 eorum
1887 2225 2034 2267 ocu-

383 2291 470 2349 los
494 2294 833 2365 epigraphes
860 2295 1258 2366 donationum,
1293 2296 1517 2352 iudices
1566 2296 1898 2370 fundorum,
1934 2300 2033 2355 in-

384 2382 600 2452 scripta
642 2384 900 2453 donaria,
955 2388 1009 2438 et
1065 2399 1205 2440 usus
1260 2385 1445 2439 atatis
1477 2392 1762 2456 occupata
1820 2389 1879 2442 in
1940 2389 2033 2444 his

383 2471 804 2540 percensendis.
846 2471 993 2540 Quid
1041 2485 1174 2543 ergo
1202 2472 1474 2528 haberent
1515 2474 1711 2542 potius
1758 2489 1926 2545 quam
1973 2476 2028 2531 id

381 2559 682 2616 scribendo
705 2564 990 2630 prastare,
1016 2561 1166 2631 quod
1193 2561 1514 2631 aqualibus
1544 2577 1778 2619 suorum
1808 2569 2032 2634 tempo-

383 2664 507 2706 rum
542 2651 760 2718 placere
791 2650 1156 2719 potissimum
1182 2651 1643 2723 cognoscebant?
1672 2652 1819 2720 Quid
1857 2655 2030 2710 etiam

383 2739 449 2795 ad
480 2737 643 2792 ﬁdem
691 2738 947 2794 historia
974 2753 1089 2795 sua
1137 2740 1637 2796 commendandam
1686 2743 2029 2814 diligentius

2141 1577 2493 1646 inspectione
2526 1577 2831 1633 tuebantur
2857 1577 3021 1632 fidem
3045 1575 3301 1630 historia
3328 1589 3427 1644 per
3452 1587 3514 1629 ea
3539 1580 3788 1644 tempora

2139 1666 2352 1736 quibus
2382 1669 2466 1722 ha
2486 1669 2628 1723 Vita
2654 1666 3181 1723 conscribebantur.

2207 1757 2504 1811 Numisma
2547 1760 2632 1812 est
2658 1757 2848 1826 Crispi
2895 1756 3135 1811 Caesaris
3179 1768 3248 1810 ex
3277 1767 3387 1809 are
3433 1753 3702 1822 maximo,
3738 1760 3792 1807 et

2139 1841 2335 1900 haberi
2370 1850 2554 1914 potest
2572 1846 2828 1902 omnium
2857 1845 3269 1914 clarissimum,
3293 1857 3419 1914 qua
3438 1843 3612 1902 Roma
3632 1842 3771 1897 Chri

2138 1935 2324 1990 stiana
2351 1935 2680 2006 antiquitus
2711 1935 3058 2005 procuderit.
3089 1935 3244 1990 Licet
3274 1946 3403 1988 vero
3433 1932 3790 1988 illustratum

2141 2024 2383 2080 miriﬁce
2409 2023 2584 2081 fuerit
2609 2025 2819 2081 saeculo
2844 2025 3133 2094 superiori
3163 2024 3222 2078 in
3263 2028 3506 2094 utraque
3531 2023 3791 2078 editione

2141 2128 2377 2170 suorum
2405 2114 2715 2170 Annalium
2741 2128 2772 2170 a
2793 2114 3076 2170 cardinali
3104 2115 3366 2182 Baronio,
3400 2117 3646 2168 attamen
3679 2125 3793 2167 no-

2141 2203 2258 2258 bile
2280 2203 2621 2272 archetypon
2661 2217 2770 2258 non
2812 2209 3220 2273 spectaremus,
3263 2201 3377 2257 nisi
3409 2202 3598 2257 Roma
3640 2215 3794 2270 pra—

2141 2298 2426 2347 servatum
2481 2289 2686 2346 fuisset
2715 2292 2988 2347 beneficio
3031 2291 3219 2348 Fulvii
3270 2291 3465 2347 Ursini
3512 2290 3786 2361 primum,

2140 2381 2347 2437 deinde
2403 2381 2898 2437 excellentissima
2955 2380 3282 2452 Burghesia
3334 2380 3577 2436 domus:
3622 2381 3793 2449 cujus

2143 2470 2293 2525 inter
2317 2469 2546 2524 cimelia
2577 2470 2812 2526 lectiora
2835 2471 3058 2540 jamdiu
3106 2472 3475 2536 asservatum,
3508 2473 3562 2524 et
3612 2483 3794 2539 pecu-

2143 2558 2274 2614 liari
2302 2558 2704 2628 conceptaculo
2754 2559 3065 2629 inclusum,
3104 2573 3216 2615 una
3255 2571 3384 2614 cum
3413 2558 3528 2614 alio
3569 2558 3789 2628 insigni

2141 2649 2486 2704 numismate
2514 2647 2875 2704 Constantini
2903 2649 3090 2720 Magni
3123 2649 3211 2718 Ill,
3266 2652 3320 2703 et
3358 2661 3478 2703 exc.
3523 2648 3793 2717 princeps

2140 2737 2365 2793 Marcus
2384 2736 2670 2793 Antonius
2702 2751 2884 2808 nuper
2910 2737 3182 2808 ostendit,
3211 2737 3346 2792 dum
3381 2749 3482 2806 pro
3503 2736 3790 2807 singulari

382 2832 866 2895 consectarentur,
912 2841 1080 2897 quam
1124 2834 1185 2883 ut
1211 2841 1273 2883 ea
1312 2829 1648 2901 colligerent
1697 2805 1831 2901 quae
1866 2845 2025 2886 com-
2057 2805 2111 2866 Β
2141 2826 2291 2896 quod
2320 2825 2533 2894 hausit,
2565 2839 2676 2881 una
2699 2805 2826 2881 cum
2856 2827 3132 2894 majorum
3155 2805 3450 2895 sanguine,
3487 2805 3793 2893 religionis

384 2915 611 2986 probari
646 2921 729 2970 tot
760 2915 1011 2984 publicis
1047 2917 1408 2973 documentis
1456 2932 1618 2974 nemo
1652 2933 1764 2975 non
1797 2920 2029 2976 videat?

380 3004 656 3060 Auctores
685 3005 1080 3076 Catalogorum
1129 3019 1196 3061 ex
1242 3007 1454 3077 quarti,
1507 3009 1720 3078 quinti,
1773 3023 1837 3064 ac
1879 3010 2024 3064 sexti

380 3093 575 3148 saculi
629 3095 1014 3150 monumentis
1043 3094 1496 3168 chronologiam,
1537 3098 1930 3153 successiones
1972 3102 2027 3152 et

382 3195 572 3238 sacras
597 3182 990 3238 ordinationes
1014 3185 1390 3256 digesserant.
1431 3187 1662 3241 Decreta
1695 3199 1805 3242 non
1847 3187 2026 3243 multa

382 3271 768 3340 protulerunt,
803 3287 927 3342 qua
957 3274 1023 3328 ad
1056 3287 1223 3329 usum
1247 3273 1500 3346 Catalogi
1528 3275 1623 3330 vix
1646 3275 2025 3345 pertinebant.

379 3359 457 3414 Ea
479 3364 664 3414 tamen
687 3360 958 3431 colligere
993 3366 1300 3431 potuerunt
1331 3363 1640 3432 scriptores
1685 3365 1931 3434 proximi
1961 3378 2030 3419 ex

378 3446 539 3503 Actis
577 3448 981 3518 conciliorum,
1025 3463 1092 3504 ex
1123 3449 1377 3505 archivis
1407 3451 1644 3506 Romani
1691 3452 2029 3522 patriarchii

379 3541 434 3592 et
475 3538 770 3607 pontificia
824 3539 1192 3596 bibliotheca.
1253 3541 1379 3596 Hac
1409 3541 1561 3597 enim
1615 3542 1737 3598 loca
1778 3542 2032 3612 patuisse

380 3626 763 3696 scriptoribus
789 3628 968 3683 octavi
994 3641 1057 3683 ac
1088 3630 1224 3685 noni
1251 3631 1471 3702 saculi,
1509 3631 1609 3702 qui
1637 3631 2030 3687 collectionem

380 3715 526 3770 hanc
574 3716 872 3786 claudunt,
927 3717 1225 3774 manifesta
1269 3722 1596 3788 conjectura
1626 3722 1933 3778 deducitur
1963 3735 2030 3776 ex

378 3801 570 3857 verbis
594 3804 919 3858 eorumdem
946 3818 978 3858 a
1004 3807 1152 3861 Luca
1168 3807 1460 3863 Holstenio
1490 3815 1546 3862 et
1574 3809 1645 3864 ab
1665 3810 2029 3865 Emmanuele

377 3890 781 3948 Schelestratio
812 3894 1128 3965 perpensis,
1169 3897 1644 3966 quemadmodum
1665 3910 1732 3952 ex
1768 3899 2031 3954 minuto—

381 3995 506 4037 rum
538 3982 819 4038 donorum
852 3983 1183 4040 recensione
1206 3986 1572 4054 perspicuum
1597 3986 1659 4040 fit
1696 3986 1840 4041 hanc
1862 3986 2031 4042 nobis

382 4069 562 4126 fuisse
583 4070 653 4126 ab
677 4069 752 4125 iis
775 4077 1164 4141 praservatam
1191 4086 1259 4128 ex
1290 4073 1513 4130 oculata
1547 4074 1901 4144 inspectione
1936 4088 2033 4131 re—

383 4172 508 4214 rum
563 4139 898 4232 plerumque
949 4161 1358 4232 inscriptarum
1410 4139 1681 4218 memoria
1724 4163 2026 4234 donantis;
2061 4139 2109 4203 Ο·

382 4251 504 4302 tum
524 4249 696 4304 etiam
727 4262 793 4304 ex
819 4251 1114 4307 indicibus
1140 4265 1326 4308 rerum
1355 4251 1658 4308 mobilium
1679 4258 1735 4308 et
1757 4253 2034 4309 immobi-

379 4335 522 4390 lium
550 4343 667 4391 tum
686 4341 961 4408 temporis
984 4342 1312 4409 custoditis,
1339 4347 1395 4399 et
1417 4343 1471 4397 in
1499 4341 1728 4411 publica
1753 4356 2031 4398 marmora

380 4439 528 4494 sape
557 4427 883 4482 translatis:
921 4430 1006 4484 uti
1031 4431 1350 4488 luculenter
1381 4433 1677 4503 probatum
1703 4432 1882 4488 fuisse
1907 4445 2035 4488 con-

384 4513 495 4569 ﬁdo
525 4519 610 4570 tot
659 4530 726 4570 ex
753 4521 1156 4591 monumentis,
1189 4527 1316 4591 post
1345 4522 1569 4593 longam
1603 4523 1808 4577 seriem
1838 4521 2027 4577 decem

382 4604 723 4660 saculorum
745 4607 896 4662 atati
931 4613 1138 4664 nostra
1165 4609 1412 4666 feliciter
1439 4611 1812 4679 praservatis.

452 4693 578 4748 Hac
606 4693 787 4765 igitur
811 4697 1004 4753 omnia
1031 4698 1173 4753 satis
1202 4701 1616 4769 commendant,
1652 4705 1715 4755 ut
1749 4714 1850 4770 ego
1881 4700 2029 4755 arbi-

383 4784 523 4852 tror,
555 4784 952 4840 auctoritatem
983 4785 1221 4855 hujusce
1251 4786 1407 4841 Libri
1427 4787 1797 4858 Pontificalis,
1818 4801 1881 4843 ea
1907 4803 2028 4858 pro-

381 4871 646 4928 ducentis
683 4887 780 4942 per
813 4873 1074 4945 singulas
1113 4880 1323 4946 aetates,
1361 4891 1485 4947 qua
1509 4878 1672 4946 juxta
1709 4882 2026 4948 temporum

384 4960 615 5016 illorum
672 4976 837 5018 usum
867 4977 932 5019 ac
962 4964 1302 5020 documenta
1343 4964 1414 5020 ab
1455 4966 1720 5022 Ecclesia
1761 4967 2024 5037 notariis,

386 5047 650 5103 historiis
677 5056 733 5104 et
772 5051 1232 5110 bibliothecariis
1259 5055 1318 5110 in
1362 5056 1587 5112 litteras
1615 5055 2020 5110 referebantur.

452 5133 541 5191 53.
583 5135 910 5194 Prafationi
961 5144 1190 5199 modum
1232 5145 1539 5214 imponam,
1577 5145 1689 5199 imo
1727 5152 1782 5199 et
1825 5147 2029 5216 signa—

383 5225 575 5281 culum
597 5239 875 5295 appouam
905 5228 974 5296 (si
1026 5230 1111 5285 fas
1139 5240 1224 5287 est
1262 5233 1472 5301 dicere)
1503 5232 1895 5290 observatione
1921 5251 2026 5291 nu-

387 5313 690 5384 mismatis,
722 5315 870 5384 quod
910 5316 1034 5384 ejus
1065 5317 1238 5374 fronti
1283 5321 1353 5376 de
1401 5321 1690 5376 industria
1736 5323 2027 5390 pratixum

385 5399 534 5470 fuit;
569 5416 680 5458 non
711 5413 823 5458 tam
858 5408 921 5459 ut
965 5404 1324 5462 imitaremur
1357 5408 1666 5464 editionem
1695 5409 1967 5482 Fabrotti,
1999 5427 2031 5468 a

2139 2915 2333 2971 studio
2353 2921 2409 2970 et
2435 2915 2733 2982 doctrina,
2767 2915 2881 2970 sibi
2909 2915 3244 2970 simillimos
3280 2913 3494 2970 liberos
3532 2914 3790 2983 exemplo

2136 3005 2319 3074 docet,
2367 3010 2430 3060 ut
2476 3018 2544 3060 ex
2589 3006 2854 3062 universa
2893 3012 2946 3061 et
2980 3005 3144 3076 plane
3175 3004 3330 3076 regia
3370 3017 3602 3060 avorum
3654 3017 3788 3074 gaza

2139 3095 2297 3150 illam
2317 3093 2618 3164 praferaut
2640 3101 2873 3166 partem,
2908 3110 3034 3166 qua
3054 3096 3273 3152 cultum
3291 3094 3470 3151 animi
3501 3100 3793 3164 promovet

2140 3184 2198 3239 in
2233 3188 2475 3254 utraque
2509 3199 2573 3241 ea
2619 3185 2955 3256 disciplina.
3002 3184 3333 3255 Opportune
3366 3197 3496 3238 vero
3543 3183 3795 3254 contigit

2141 3275 2304 3346 quasi
2337 3279 2658 3331 reservatus
2690 3275 2827 3331 huic
2853 3280 3060 3331 nostra
3090 3273 3334 3330 editioni
3378 3273 3618 3328 iteratus
3644 3285 3791 3327 con-

2139 3367 2368 3432 spectas
2407 3365 2647 3432 nummi,
2680 3370 2741 3420 ut
2786 3365 2844 3420 in
2885 3378 2950 3420 eo
2978 3363 3393 3435 quodammodo
3425 3362 3794 3417 intuerentur

2141 3451 2382 3508 lectores
2411 3451 2514 3508 avi
2541 3452 3002 3508 Constantiniani
3035 3453 3253 3523 aquale
3283 3451 3700 3519 testimonium,
3735 3454 3794 3505 et

2143 3541 2427 3597 vindicias
2457 3555 2646 3598 rerum
2668 3557 2736 3598 ex
2768 3542 3023 3613 publicis
3046 3541 3407 3597 documentis
3444 3540 3639 3596 eodem
3675 3553 3794 3594 sa—

2139 3631 2272 3687 culo
2303 3631 2362 3686 in
2383 3631 2670 3701 catalogos
2689 3632 3065 3703 digestarum,
3094 3635 3156 3686 ut
3181 3644 3250 3686 ex
3275 3629 3551 3700 catalogis
3589 3627 3792 3683 Eccle-

2139 3719 2239 3776 sia
2263 3720 2322 3775 in
2353 3721 2513 3776 Vitas
2545 3720 2876 3790 pontiﬁcum
2909 3720 3156 3776 subinde
3181 3717 3650 3775 transferrentur.
3676 3718 3793 3771 Nu-

2140 3809 2425 3865 mismatis
2456 3809 2637 3882 ﬁgura
2660 3814 2964 3879 repetatur.

2208 3900 2269 3952 lu
2295 3899 2484 3954 antica
2516 3905 2674 3968 parte
2696 3897 2913 3954 nummi
2930 3898 3167 3969 Crispus
3184 3897 3370 3953 Caesar
3396 3899 3793 3966 pectoretenus

2138 3987 2504 4057 exprimitur,
2564 3987 2857 4043 laureatus
2894 3985 3047 4056 (licet
3096 3987 3247 4041 lauri
3293 3985 3439 4041 folia
3493 3998 3604 4040 non
3645 3984 3792 4040 satis

2140 4076 2483 4144 expresserit
2505 4075 2825 4131 delineator
2851 4089 2885 4130 a
2915 4075 3156 4130 Baronio
3182 4072 3498 4145 adhibitus)
3532 4087 3598 4128 ac
3621 4078 3793 4142 taga—

2141 4169 2254 4234 tus,
2279 4165 2592 4235 scipionem
2613 4165 2922 4222 eburneum
2946 4164 3187 4220 sinistra
3219 4169 3436 4234 tenens,
3469 4163 3564 4218 cui
3590 4162 3793 4232 aquila

2137 4254 2208 4310 de
2241 4267 2393 4310 more
2442 4254 2683 4320 insistit,
2737 4254 3024 4309 dexteram
3074 4266 3206 4309 vero
3234 4259 3486 4322 apertam
3539 4250 3790 4319 elevans,

2141 4350 2408 4414 tanquam
2444 4349 2672 4413 pacator
2708 4351 2764 4400 et
2816 4343 3222 4414 triumphator.
3275 4341 3439 4396 Circa
3493 4347 3790 4411 protomen

2141 4435 2412 4507 leguntur
2432 4433 2638 4489 littera
2654 4442 2937 4491 consueta
2963 4433 3238 4489 CRISPUS
3267 4431 3507 4487 NOBilis
3530 4431 3789 4486 CAESar.

2142 4526 2278 4580 Pars
2307 4524 2541 4580 adversa
2577 4526 2755 4582 multo
2802 4531 2888 4581 est
2928 4527 3319 4594 prastautior:
3355 4523 3587 4580 exhibet
3633 4521 3791 4577 enim

2137 4614 2644 4687 virum_barbatum
2671 4616 2952 4670 sedentem
2978 4615 3128 4670 inter
3144 4617 3176 4670 d
3190 4631 3292 4672 uos
3306 4616 3554 4671 Casares
3573 4617 3794 4668 stantes

2137 4710 2193 4760 et
2217 4711 2447 4760 ornatos
2480 4704 2678 4760 habitu
2706 4701 2945 4758 militari
2973 4717 3102 4758 cum
3139 4705 3321 4759 hastis
3345 4705 3526 4773 puris.
3552 4702 3674 4757 Viri
3707 4715 3794 4756 se-

2136 4795 2327 4850 dentis
2361 4807 2517 4848 coma
2561 4794 2796 4848 detonsa
2832 4799 2920 4846 est
2947 4793 3016 4847 ad
3057 4806 3257 4863 aures;
3293 4792 3469 4848 barba
3507 4805 3616 4847 non
3646 4790 3791 4862 qui—

2136 4882 2260 4937 dem
2295 4882 2534 4951 prolixa,
2569 4882 2664 4935 sed
2694 4881 2933 4950 plenior,
2966 4886 3022 4936 et
3046 4881 3251 4952 crispa
3277 4881 3552 4949 similior,
3595 4880 3789 4950 qualis

2137 4971 2395 5027 cernitur
2423 4971 2481 5025 in
2520 4969 2760 5025 vetustis
2798 4970 2850 5024 S.
2887 4971 3036 5025 Petri
3081 4970 3434 5042 imaginibus
3467 4971 3784 5041 prasertim

2138 5061 2400 5129 musivis,
2433 5065 2489 5115 et
2517 5059 2575 5114 in
2616 5060 2982 5130 sarcophagis
3012 5060 3276 5129 vasisque
3324 5061 3506 5115 saeris
3531 5059 3786 5129 ejusdem

2138 5150 2326 5220 quarti
2351 5149 2567 5205 saculi.
2599 5150 2837 5203 Dextera
2871 5162 3070 5202 manus
3099 5148 3272 5215 hujus
3314 5149 3509 5220 ﬁgura
3529 5151 3596 5205 ad
3627 5148 3790 5203 bene-

2136 5239 2440 5295 dicendum
2457 5238 2729 5307 elevatur,
2752 5237 2981 5291 inﬂexis
2997 5235 3277 5306 tantisper
3304 5239 3572 5294 articulis
3591 5238 3784 5308 quarti

2138 5334 2194 5384 et
2223 5329 2413 5399 quinti
2444 5327 2615 5398 digiti
2647 5340 2799 5381 more
2824 5325 3089 5380 Ecclesia
3108 5327 3351 5383 Latina:
3384 5328 3623 5384 sinistra
3652 5341 3787 5384 vero

2141 5419 2356 5475 hastam
2391 5421 2559 5483 tenet,
2587 5415 2682 5471 cui
2710 5414 3031 5470 venerabile
3067 5417 3259 5472 crucis
3284 5418 3512 5489 signum
3539 5431 3786 5487 superne

386 5489 728 5546 numismate
776 5506 938 5549 sacro
969 5495 1251 5564 auspicati
1301 5499 1563 5566 paginam
1617 5499 1877 5571 primam,
1930 5503 2027 5562 ubi
2051 5500 2098 5559 ἶ)
2140 5501 2942 5578 intigitur.Circumfunditur
2969 5505 3144 5574 capiti
3188 5507 3420 5561 nimbus
3452 5507 3780 5570 circularis,

384 5578 580 5635 vultus
624 5583 905 5650 expressit
950 5583 1043 5638 SS.
1098 5584 1484 5654 apostolorum
1549 5589 1697 5644 Petri
1737 5597 1792 5646 et
1840 5593 2023 5667 Pauli,

2135 5595 2361 5666 corpori
2403 5607 2532 5651 vero
2583 5592 2777 5650 tunica
2818 5600 2874 5648 et
2920 5593 3178 5664 pallium.
3235 5594 3546 5650 Salvatoris
3597 5597 3777 5650 nostri
