4034 6196
271 296 337 354 97
1805 292 2184 351 PREFATIO.
3611 302 3683 360 98
3703 317 3706 320 ~

270 416 576 487 imaginem
610 429 788 472 unam
821 421 922 472 aut
957 415 1195 472 alteram
1227 416 1322 473 hic
1353 413 1746 486 repraesentari
1779 416 1990 475 cen-A
2027 414 2340 496 diligenter
2370 414 2625 486 inspecto
2666 415 3033 488 numismate,
3066 431 3246 490 eoque
3275 422 3414 478 totis
3459 423 3678 496 ingenii

268 511 353 562 set
385 507 670 562 Baronius
696 520 765 561 ex
791 506 1017 562 duabus
1043 520 1186 577 quas
1211 520 1277 561 ex
1323 511 1556 577 argento
1599 503 1921 560 eﬁ‘ormatas

270 595 454 665 pondo
485 595 770 650 librarum
807 592 908 650 420
946 600 1001 650 et
1035 592 1155 664 MO,
1200 595 1510 650 altitudine
1539 608 1671 650 vero
1716 594 1920 663 pedum

270 685 548 756 quinque,
607 684 818 740 statuit
847 676 1516 754 niagnusConstantinus
1575 684 1632 738 in
1681 681 1923 738 basilica

269 774 662 843 Lateranensi,
717 773 1193 844 quemadmodum
1225 774 1282 828 in
1330 774 1459 829 Vita
1488 772 1749 828 Silvestri
1802 784 1925 826 me-

269 868 451 917 morat
483 862 580 917 hic
611 861 782 917 Liber
808 862 1158 918 Pontiﬁcalis
1184 876 1340 917 num.
1373 860 1476 917 36:
1511 881 1536 913 α
1569 862 1750 930 Hujus
1777 865 1927 916 tem-

266 951 510 1021 poribus
543 950 681 1006 fecit
703 951 1115 1008 Constantinus
1138 952 1434 1022 Augustus
1459 951 1730 1007 basilicas
1762 950 1922 1018 istas,

269 1055 412 1112 quas
463 1047 524 1096 et
553 1042 803 1096 ornavit.
856 1041 1156 1096 Basilicam
1205 1041 1756 1108 Constantinianam,
1823 1039 1922 1095 ubi

265 1130 462 1198 posuit
512 1131 625 1185 ista
671 1129 843 1184 dona.
901 1130 1212 1202 Fastigium
1263 1137 1592 1202 argenteum
1633 1129 1919 1193 baltutile,

265 1218 414 1288 quod
441 1217 617 1273 habet
643 1218 703 1273 in
736 1217 921 1274 fronte
957 1219 1301 1274 Salvatorem
1347 1220 1631 1274 sedentem
1681 1219 1737 1272 in
1785 1218 1924 1273 sella

265 1301 321 1362 in
355 1306 608 1377 pedibus
637 1305 690 1376 5,
726 1321 882 1378 pens.
913 1307 1094 1362 libras
1131 1305 1250 1364 420.
1285 1308 1591 1363 Duodecim
1637 1308 1926 1376 apostolos

266 1397 322 1452 in
362 1398 571 1467 quinis
617 1397 880 1468 pedibus,
926 1398 1024 1468 qui
1061 1401 1439 1468 pensaverunt
1482 1397 1701 1468 singuli
1744 1397 1922 1454 libras

265 1500 596 1558 nonagenas
645 1501 775 1544 cum
829 1487 1058 1543 coronis
1114 1487 1335 1559 argenti
1411 1486 1730 1557 purissimi.
1784 1487 1918 1542 ltem

263 1588 294 1629 a
331 1580 495 1646 tergo
543 1577 862 1646 respiciens
904 1577 961 1631 in
1005 1576 1206 1632 absida
1247 1576 1589 1632 Salvatorem
1633 1575 1917 1631 sedentem

267 1663 323 1718 in
343 1664 554 1720 throno
571 1665 630 1719 in
653 1665 893 1734 pedibus
910 1665 1110 1736 quinis
1125 1678 1194 1720 ex
1206 1669 1440 1736 argento
1464 1665 1797 1736 purissimo,
1815 1665 1916 1736 qui

266 1758 460 1823 pensat
494 1753 602 1808 lib.
640 1751 760 1809 440.
793 1773 819 1804 ιο

328 1840 418 1898 54.
439 1845 504 1898 In
526 1843 713 1912 prima
728 1843 1033 1898 Annalium
1051 1843 1306 1900 editione
1321 1843 1457 1899 anni
1480 1841 1635 1913 4592,
1662 1848 1798 1899 tom.
1823 1846 1913 1914 Ill,

265 1946 385 2004 pag.
417 1931 552 2003 245,
585 1933 902 1988 cardinalis
928 1935 1226 2004 Baronius,
1265 1935 1556 1989 disserens
1594 1935 1663 1990 de
1694 1933 1919 2004 profes—

265 2024 421 2078 sione
474 2022 824 2078 Christianae
871 2023 1173 2094 religionis
1213 2037 1244 2079 a
1287 2024 1488 2093 Crispo
1536 2029 1811 2093 suscepta:
1859 2023 1917 2077 in

265 2111 627 2181 baptismate,
655 2112 882 2168 illustre
905 2113 1308 2180 documentum
1333 2114 1586 2182 ejusdem
1605 2127 1664 2168 se
1691 2121 1917 2168 nactum

265 2200 441 2257 fuisse
472 2200 779 2257 aﬁirmavit
817 2202 922 2258 hoc
946 2201 1003 2256 in
1039 2203 1414 2258 numismate:
1452 2202 1600 2272 quod
1628 2201 1918 2272 plerisque

262 2289 622 2360 antiquariis
642 2290 830 2345 aetatis
847 2304 963 2346 suae
993 2291 1294 2346 videbatur
1310 2291 1542 2361 quidem
1568 2291 1873 2360 antiquum
1899 2307 1914 2358 ;

261 2379 352 2434 sed
393 2393 529 2434 cum
559 2379 860 2435 nonnullis
889 2385 1215 2449 suspectum
1260 2379 1424 2448 foret,
1456 2379 1527 2434 ab
1551 2380 1744 2435 eodem
1780 2394 1918 2449 pro-

260 2469 522 2524 ducendo
550 2469 842 2525 abstinere
869 2476 1002 2525 tunc
1028 2470 1252 2538 maluit,
1277 2483 1343 2524 ne
1367 2470 1425 2524 in
1447 2470 1572 2524 suis
1595 2469 1917 2525 Annalibus

261 2558 582 2627 quidquam
633 2558 976 2614 obbruderet
1024 2558 1174 2628 quod
1246 2558 1529 2614 laboraret
1585 2558 1916 2628 suspicione

263 2647 570 2701 mendacii.
600 2647 874 2702 Triennio
895 2652 1079 2702 autem
1115 2653 1259 2717 post,
1287 2661 1416 2703 cum
1438 2647 1742 2703 adornaret
1765 2647 1916 2702 alte-

262 2749 374 2790 ram
420 2736 620 2804 operis
666 2736 1000 2805 editionem,
1036 2743 1188 2792 tomo
1230 2737 1400 2792 tertio
1453 2737 1598 2791 idem
1628 2737 1916 2792 numisma

261 2825 615 2895 produxitet
639 2825 974 2894 illustravit,
1000 2832 1270 2896 tanquam
1292 2826 1644 2882 vindicatum
1667 2825 1739 2880 ab
1759 2827 1915 2882 omni

255 2913 520 2984 periculo
557 2921 613 2968 et
658 2914 989 2984 suspicione
1024 2912 1246 2969 fraudis
1291 2915 1632 2970 auctoritate
1660 2915 1918 2971 omnium

253 3003 754 3074 antiquariorum,
778 3009 958 3073 etprae
979 3005 1219 3074 caeteris,
1239 3004 1425 3059 Fulvii
1448 3004 1661 3072 Ursini,
1687 3004 1921 3060 illorum

2031 488 2274 573 Viribus,
2306 503 2461 559 omni
2487 503 2750 560 adhibito
2787 488 3194 575 experimento,
3245 488 3592 584 percOgnitb,
3623 510 3680 563 et

2030 591 2322 660 explorato
2346 594 2723 662 praesentibus
2745 594 2868 650 illis
2891 595 3084 665 etiam,
3119 610 3262 665 quos
3280 597 3350 652 ob
3375 599 3683 670 singulari-

2032 684 2202 734 tatem
2262 683 2630 738 numismatis
2685 683 2950 738 nonnihil
2991 684 3061 738 de
3110 684 3427 754 impostura
3459 688 3676 756 pulsari

2032 769 2224 824 animo
2255 776 2527 834 senserat,
2555 771 2769 828 nullam
2795 787 3029 842 prorsus
3056 773 3197 829 ineo
3219 772 3472 830 fraudem
3496 777 3681 834 inesse

2033 855 2377 914 aﬁirmavit:
2431 861 2525 916 sed
2559 861 2711 916 sicut
2755 861 2826 918 ab
2875 861 3031 917 omni
3080 876 3316 932 prorsus
3348 864 3679 934 imposturae

2035 946 2364 1016 suspicione
2419 955 2710 1006 ostensum
2764 951 3051 1006 numisma
3098 951 3264 1008 scitis
3313 953 3682 1026 probatisque

2037 1033 2362 1092 rationibus
2381 1038 2714 1109 vindicavit,
2733 1041 2810 1095 ita
2823 1041 3336 1097 contradicentium
3355 1044 3679 1101 animorum

2036 1123 2280 1181 latebras
2303 1127 2485 1196 palam
2513 1127 2669 1200 fecit,
2701 1143 2764 1185 ea
2808 1131 3085 1186 nimirum
3117 1144 3184 1185 ex
3213 1145 3385 1188 causa
3431 1134 3574 1189 illud
3603 1135 3675 1190 ab

2037 1211 2182 1281 ipsis
2212 1215 2617 1289 improbatum,
2654 1224 2718 1274 ut
2749 1225 2977 1289 possent
3003 1219 3198 1274 viliori
3231 1233 3414 1276 emere
3455 1224 3675 1292 pretio:

2033 1303 2183 1371 quod
2219 1305 2340 1374 ipse
2367 1307 2538 1376 probe
2580 1311 2896 1380 cognitum,
2927 1309 3333 1381 examinatum,
3380 1313 3677 1380 probatum

2032 1393 2303 1463 omnique
2329 1410 2397 1450 ex
2425 1402 2581 1466 parte
2605 1398 2982 1468 approbatum
3014 1398 3084 1453 ab
3112 1397 3434 1456 haeredibus
3467 1416 3681 1472 posses-

2031 1481 2200 1551 soris,
2225 1492 2453 1554 erogato
2490 1487 2640 1555 quod
2672 1488 2959 1557 petierunt
2993 1487 3196 1557 pretio,
3243 1489 3382 1544 emit
3412 1495 3583 1562 atque
3611 1505 3678 1548 ex

2028 1584 2093 1626 eo
2124 1586 2291 1628 suum
2321 1574 2705 1632 nobilissimis
2754 1576 3139 1634 monumentis
3183 1578 3676 1639 confertissimum

2031 1674 2287 1717 muscum
2319 1666 2707 1721 exornandum
2743 1670 2981 1737 putavit.
3014 1690 3040 1720 ››

1945 1759 1996 1819 Β
2100 1752 2471 1822 Prosequitur
2520 1755 2727 1810 deinde
2771 1757 3051 1816 Baronius
3097 1775 3384 1833 exponens
3431 1763 3678 1818 adversae

2029 1839 2204 1910 hujus
2230 1843 2409 1910 partis
2435 1844 2785 1914 epigraphen
2811 1866 2823 1900 :
2850 1848 3034 1912 Salus,
3054 1856 3102 1904 et
3139 1867 3259 1920 spes
3280 1852 3525 1906 Christus
3558 1852 3682 1905 Rei-

2018 1931 2274 2001 publicae
2311 1931 2520 1986 SALVS
2551 1934 2633 1986 ET
2684 1935 2844 1989 SPES
2888 1938 2960 1991 X.
3015 1939 3496 2007 REIPVBLICAE;
3549 1951 3674 2009 qua:

2025 2020 2468 2091 Christii‘nomen
2482 2022 2881 2090 compendiose
2895 2026 3189 2082 continent
3208 2027 3264 2081 in
3277 2029 3469 2083 Graeca
3484 2027 3676 2082 littera

2029 2109 2100 2180 X,
2130 2121 2194 2164 eo
2237 2109 2465 2179 saeculo,
2507 2116 2561 2164 et
2600 2110 3090 2181 subsequentibus
3124 2119 3400 2184 usurpata
3424 2114 3492 2168 ad
3528 2115 3674 2171 illud

2027 2198 2479 2268 exprimendum,
2503 2199 2587 2254 uti
2611 2214 2670 2254 se
2689 2201 2956 2255 docuisse
2975 2202 3194 2271 pridem
3213 2209 3485 2259 memorat
3502 2204 3673 2258 etiam

2027 2300 2094 2341 ex
2117 2287 2345 2342 Juliano
2375 2287 2433 2342 in
2481 2289 2859 2360 Misopogone.
2907 2310 2932 2341 α
2973 2291 3121 2346 Usus
3157 2297 3351 2361 postea
3395 2292 3672 2357 obtinuit,

2029 2375 2242 2446 inquit,
2278 2377 2420 2431 ut'X
2459 2376 2822 2444 elementum,
2859 2379 3008 2448 quod
3055 2393 3228 2449 super
3256 2379 3473 2436 Christi
3505 2387 3677 2450 caput

2025 2465 2096 2520 ab
2118 2465 2552 2536 antiquioribus
2581 2469 2791 2536 apponi
2834 2468 2977 2522 solet
3001 2469 3071 2524 ad
3103 2483 3305 2525 nomen
3341 2471 3556 2526 Christi
3586 2471 3678 2526 si-

2026 2554 2438 2626 gniﬁcandum,
2475 2555 2622 2610 idem
2657 2561 2848 2625 postea
2884 2555 3061 2613 fuerit
3086 2559 3280 2614 eadem
3309 2560 3379 2615 de
3408 2573 3582 2616 causa
3617 2561 3674 2615 in

2024 2645 2343 2700 diademate
2362 2644 2722 2714 collocatum,
2747 2658 2928 2716 eoque
2958 2648 3123 2703 modo
3147 2654 3424 2719 aptatum,
3452 2654 3514 2705 ut
3538 2664 3678 2704 cru-

2026 2735 2112 2790 cis
2129 2733 2365 2789 formam
2387 2734 2749 2805 exprimeret,
2772 2749 2900 2791 cum
2922 2737 3141 2807 alioqui
3169 2738 3227 2792 in
3244 2738 3677 2809 antiquioribus

2027 2823 2338 2878 Salvatoris
2370 2825 2549 2878 nostri
2579 2824 2929 2895 imaginibus
2958 2839 3190 2896 parvum
3234 2827 3450 2898 absque
3480 2828 3676 2898 aliquo

2032 2912 2197 2982 signo
2247 2913 2506 2968 diadema
2538 2914 2596 2968 in
2652 2915 2880 2969 modum
2927 2917 3161 2985 sphaerae
3217 2917 3542 2972 inveniatur
3572 2931 3679 2973 ex-

2037 3016 2313 3073 pressum,
2341 3017 2468 3058 cum
2494 3003 2883 3061 additamento
2934 3012 3117 3061 tamen
3153 3006 3318 3076 juxta
3350 3007 3535 3076 posito
3570 3021 3679 3063 no-

255 3091 430 3147 facile
460 3093 752 3162 principis
779 3105 842 3148 ea
880 3099 1234 3162 tempestate:
1273 3095 1371 3164 qui
1407 3095 1590 3164 pretio
1619 3109 1652 3149 a
1692 3108 1924 3164 posses—
1957 3089 2006 3152 C
2040 3093 2213 3149 minis
2245 3093 2495 3149 Christi:
2533 3108 2645 3164 quo
2694 3095 2742 3150 si
2784 3099 2992 3158 careat,
3027 3101 3162 3152 tunc
3190 3097 3334 3152 illud
3390 3097 3447 3151 in
3472 3097 3678 3152 diade-

251 3182 490 3238 soribus
510 3183 832 3238 constituto
852 3183 1000 3238 nihil
1017 3183 1346 3253 detrahens,
1365 3185 1720 3253 comparavit
1745 3199 1854 3254 qua
1867 3199 1925 3240 n-

255 3271 554 3340 tiplurimi
604 3271 985 3328 lectissimum
1027 3273 1131 3328 hoc
1178 3273 1486 3342 numisma,
1532 3278 1588 3328 et
1618 3273 1679 3328 in
1709 3274 1919 3329 celebri

256 3373 454 3415 museo
480 3373 591 3415 suo
623 3362 901 3430 reposuit,
937 3361 1158 3416 adactis
1181 3362 1351 3416 etiam
1390 3362 1590 3431 paucis
1612 3362 1734 3418 illis
1759 3363 1922 3418 anti—

255 3450 774 3522 quariissublestae
799 3451 952 3521 ﬁdei,
976 3451 1075 3521 qui
1101 3452 1170 3506 de
1195 3451 1481 3506 industria
1501 3452 1836 3508 revocabant
1859 3453 1917 3506 in

255 3542 504 3596 dubium
529 3541 751 3595 nummi
779 3541 1203 3611 antiquitatem,
1234 3547 1298 3596 ut
1317 3541 1512 3597 viliori
1542 3543 1723 3611 pretio
1750 3556 1917 3598 suum

257 3630 534 3701 iacerent,
566 3631 636 3685 ad
661 3629 996 3702 suﬁ'ragium
1028 3631 1250 3685 sincere
1272 3631 1566 3686 ferendum
1596 3633 1666 3686 de
1693 3631 1922 3686 indubi-

260 3727 369 3775 tate
419 3720 539 3774 ﬁde
567 3721 936 3774 monumenti.
970 3721 1204 3775 Praestat
1252 3720 1547 3776 coronidis
1577 3720 1700 3776 loco
1752 3721 1918 3777 verba

259 3809 391 3864 dare
441 3809 892 3864 eminentissimi
945 3809 1248 3878 scriptoris
1281 3824 1404 3880 pag.
1439 3808 1544 3865 233
1585 3810 1724 3864 tomi
1759 3810 1916 3865 tertii

259 3899 526 3954 secundae
569 3899 848 3954 editionis
869 3912 1106 3954 numero
1154 3896 1238 3970 i3,
1275 3907 1574 3970 postquam
1609 3913 1674 3954 ea
1719 3900 1920 3956 retulit

260 4003 383 4057 qua:
416 3989 734 4057 scripserat
765 3989 823 4043 in
858 3989 1040 4058 prima
1065 3989 1320 4044 editione
1345 3997 1475 4044 ante
1507 3989 1842 4046 triennium.

332 4100 355 4127 α
386 4080 516 4132 Haec
544 4079 800 4147 quidem,
843 4079 1053 4148 inquit,
1086 4093 1188 4133 nos
1221 4079 1279 4132 in
1303 4079 1488 4148 prima
1516 4079 1770 4134 editione
1799 4093 1921 4148 pro-

262 4164 395 4220 fessi
428 4179 656 4235 sumus,
689 4167 826 4220 dum
852 4167 921 4221 de
951 4167 1328 4238 germanitate
1359 4167 1728 4222 numismatis
1757 4181 1919 4238 quae-

260 4256 372 4310 stio
398 4262 756 4310 verteretur:
793 4257 851 4310 in
890 4270 1003 4326 qua
1042 4256 1310 4311 tutiorem
1359 4256 1516 4310 illam
1546 4264 1759 4326 partem
1790 4257 1916 4311 exi—

260 4346 650 4414 stimavimus,
695 4359 808 4416 qua
851 4346 1041 4401 omnis
1071 4346 1210 4400 licet
1253 4345 1557 4402 levissima:
1589 4347 1922 4416 impostura:

261 4436 525 4504 suspicio
559 4435 790 4504 penitus
821 4435 1135 4491 tolleretur.
1159 4436 1297 4490 Cum
1325 4436 1409 4491 sic
1429 4436 1611 4506 igitur
1632 4437 1691 4491 in
1721 4449 1785 4491 ea
1805 4435 1922 4491 edi-
1954 4469 2006 4531 D

264 4525 418 4580 tione
453 4524 631 4592 hujus
666 4525 804 4580 tomi
848 4527 1094 4581 Romana
1127 4525 1558 4581 nobilissimum
1587 4526 1777 4596 Crispi
1806 4539 1922 4580 nu-

265 4614 467 4668 misma
493 4613 867 4669 omiserimus
893 4616 972 4685 (in
996 4618 1242 4682 margine
1276 4615 1435 4668 addit
1461 4633 1473 4668 :
1503 4615 1774 4671 Exstabat
1806 4629 1922 4670 nu-

266 4704 468 4758 misma
502 4705 562 4758 in
612 4717 723 4758 mre
751 4704 900 4772 apud
944 4706 1240 4760 Horatium
1280 4705 1583 4776 Tigrinum
1624 4706 1695 4760 de
1719 4705 1922 4761 Mariis

265 4792 398 4848 dum
425 4793 664 4865 viveret)
691 4794 840 4864 quod
880 4794 950 4848 de
980 4795 1105 4863 ejus
1131 4795 1464 4850 sinceritate
1488 4809 1520 4848 a
1566 4795 1915 4865 quibusdam

266 4883 672 4952 dubitaretur;
701 4883 867 4938 modo
892 4890 1080 4938 autem
1111 4884 1289 4939 veluti
1323 4884 1551 4954 pulvere
1576 4885 1732 4940 omni
1756 4883 1923 4939 dubi-

268 4972 506 5027 tationis
530 4985 791 5040 excusso,
827 4973 1009 5028 evicta
1035 4973 1214 5028 veluti
1241 4987 1434 5044 causa,
1463 4987 1644 5043 opera:
1672 4975 1919 5042 pretium

267 5074 368 5115 nos
397 5060 656 5116 facturos
678 5062 1028 5132 putavimus,
1056 5063 1104 5118 si
1137 5061 1240 5118 hoc
1261 5063 1384 5118 loco
1415 5063 1558 5118 illud
1589 5063 1646 5117 in
1676 5063 1923 5118 secunda

265 5151 520 5207 editione
549 5152 936 5221 reponendum
954 5166 1310 5224 curaremus,
1333 5167 1401 5208 ex
1429 5166 1494 5208 eo
1525 5153 1675 5223 quod
1697 5153 1924 5208 amicis-

266 5239 450 5294 simus
498 5253 663 5295 meus
713 5240 954 5296 Fulvius
1005 5241 1269 5313 Ursinus,
1316 5255 1506 5297 rerum
1551 5241 1920 5312 antiquarum

267 5329 689 5385 solertissimus
726 5329 1054 5400 explorator
1099 5330 1185 5401 (ad
1232 5345 1396 5401 quem
1451 5331 1627 5387 veluti
1684 5330 1923 5401 Lydium

268 5416 514 5487 lapidem
541 5433 804 5490 quaequa:
825 5427 1014 5476 vetera
1044 5428 1408 5476 monumenta
1436 5421 1723 5491 probanda
1753 5420 1931 5480 eluci.

266 5511 570 5583 dandaque
593 5511 789 5566 aﬁ’erri
822 5511 1026 5579 solent,
1050 5513 1222 5580 cujus
1240 5515 1297 5568 et
1323 5512 1474 5582 apud
1503 5525 1590 5568 me
1614 5513 1930 5569 auctoritas

275 5601 591 5669 plurimum
632 5601 821 5672 valet),
865 5602 936 5657 de
981 5603 1089 5656 hac
1140 5615 1199 5656 re
1240 5602 1542 5658 consultus
1598 5603 1830 5673 saepius,
1874 5611 1930 5662 et

2037 3189 2182 3239 mate
2214 3183 2538 3239 inveniatur
2561 3197 2657 3253 per
2684 3185 2735 3239 X
2758 3191 2946 3240 notam
2977 3186 3302 3255 appositum
3325 3185 3434 3259 (Χ).
3467 3204 3494 3236 υ

2238 3274 2363 3328 Haec
2393 3273 2586 3328 omnia
2614 3273 2859 3328 libenter
2903 3275 3282 3344 produximus
3317 3289 3384 3330 ex
3418 3275 3677 3331 historia:

2029 3361 2430 3416 ecclesiasticae
2463 3361 2792 3417 restitutore
2818 3363 3081 3432 Baronio,
3114 3368 3176 3418 ut
3200 3377 3310 3417 non
3339 3363 3503 3417 modo
3530 3364 3676 3430 ejus-

2027 3451 2152 3506 dem
2185 3449 2458 3521 suﬁ‘ragio
2484 3451 2578 3505 sed
2610 3451 2781 3506 etiam
2810 3451 3066 3519 exemplo
3091 3455 3376 3505 constaret
3397 3455 3674 3518 quantum

2027 3541 2306 3610 adjiciant
2356 3540 2621 3595 momenti
2687 3552 2753 3592 ac
2802 3538 3068 3606 ponderis
3117 3537 3408 3591 historicaa
3446 3538 3674 3593 veritati

2029 3629 2277 3700 genuina
2320 3632 2700 3693 monumenta,
2733 3625 2782 3679 si
2813 3638 2846 3679 a
2871 3625 3254 3696 scriptoribus
3276 3626 3670 3682 consulantur.

2028 3719 2184 3773 Unde
2203 3717 2400 3788 colligi
2429 3728 2654 3770 necesse
2677 3721 2763 3771 est
2779 3728 2947 3786 quam
2974 3715 3216 3771 ﬁdeliter
3239 3717 3679 3786 perscripserint

2027 3812 2288 3863 auctores
2341 3806 2597 3861 Vitarum
2645 3818 2743 3874 per
2767 3818 2831 3860 ea
2882 3805 3112 3876 saecula,
3156 3805 3370 3875 quibus
3417 3810 3679 3874 poterant

2029 3900 2148 3952 tum
2178 3909 2210 3950 a
2239 3893 2645 3964 scriptoribus,
2680 3900 2798 3949 tum
2827 3907 2858 3949 a
2889 3893 3199 3950 lectoribus
3229 3894 3554 3950 eorumdem
3577 3907 3680 3950 ar-

2029 3987 2283 4058 gumenti
2317 3985 2504 4054 capita
2537 3980 2710 4039 ferm‘e
2752 3984 2982 4055 singula
3013 3984 3261 4040 conferri
3301 3998 3430 4040 cum
3471 3997 3679 4054 super—

2028 4076 2266 4132 stitibus
2299 4075 2488 4145 iisque
2529 4073 2780 4142 publicis
2826 4073 3208 4129 documentis.
3249 4073 3438 4129 Placet
3482 4087 3551 4130 ex
3574 4074 3680 4129 hoc

2032 4165 2158 4235 ipso
2206 4165 2550 4220 numismate
2587 4162 2923 4218 conﬁrmare
2969 4177 3138 4233 quam
3193 4162 3361 4218 facile
3407 4163 3582 4218 simul
3625 4168 3681 4218 et

2029 4261 2359 4310 accuratum
2403 4253 2690 4322 judicium
2745 4252 2973 4322 utrique
3019 4258 3277 4321 paratum
3306 4252 3577 4308 haberent
3620 4253 3678 4307 in

2035 4344 2390 4413 inspectione
2418 4342 2726 4413 aequalium
2756 4341 3249 4397 documentorum.

2103 4434 2401 4488 Numisma
2428 4431 2616 4501 Crispi
2643 4431 2949 4486 aBaronio
2995 4432 3358 4503 productum,
3405 4430 3680 4488 beneﬁcio

2032 4523 2606 4594 Burghesiaedomus
2657 4521 2811 4576 atati
2868 4525 3076 4576 nostrae
3126 4526 3528 4590 praeservatum
3573 4527 3675 4577 est.

2030 4614 2167 4682 Ejus
2195 4611 2475 4682 inspectio
2499 4624 2601 4666 nos
2627 4609 2827 4666 docuit
2857 4615 3128 4666 statutam
3163 4609 3318 4664 illam
3362 4610 3419 4664 in
3447 4611 3682 4666 adversa

2033 4707 2190 4772 parte
2234 4703 2520 4758 sedentem
2563 4700 2714 4755 inter
2751 4699 2898 4756 duos
2925 4700 3172 4756 Ctesares
3220 4705 3455 4770 stantes,
3486 4699 3683 4754 nimbo

2030 4799 2308 4862 ornatam,
2363 4791 2577 4846 elevata
2609 4791 2840 4846 dextera
2907 4789 3355 4858 benedicentem,
3401 4795 3456 4843 et
3479 4787 3680 4842 crucis

2031 4881 2259 4950 signum
2295 4881 2468 4934 hasta:
2492 4880 2825 4950 impositum
2849 4879 3089 4934 sinistra
3124 4891 3292 4932 manu
3341 4882 3676 4947 gestantem,

2032 4969 2232 5024 referri
2262 4969 2465 5024 debere
2496 4969 2579 5022 vel
2603 4969 2671 5022 ad
2693 4968 2985 5022 Christum
3008 4965 3332 5032 Dominum,
3376 4969 3440 5021 ut
3461 4965 3683 5035 putavit

2031 5059 2330 5126 Baronius,
2357 5058 2462 5127 vel,
2500 5063 2563 5112 ut
2591 5057 2777 5126 aliqui
2808 5057 3049 5124 malunt,
3083 5054 3151 5108 ad
3182 5053 3497 5125 principem
3537 5069 3683 5126 apo-

2032 5151 2309 5209 stolorum
2337 5153 2393 5204 et
2418 5147 2694 5204 vicarium
2719 5160 2886 5202 suum
2922 5145 2980 5200 in
3006 5145 3257 5202 Ecclesia
3279 5145 3676 5201 constitutum.

2035 5239 2324 5298 Utrumvis
2353 5238 2655 5308 exprimat,
2682 5235 3070 5292 indubitatum
3107 5243 3194 5292 est
3221 5235 3325 5290 hoc
3353 5235 3411 5288 in
3453 5233 3683 5290 numis-

2037 5336 2183 5387 mate
2201 5329 2594 5384 testimonium
2609 5325 2950 5382 Christianae
2965 5324 3264 5397 religionis
3289 5322 3515 5393 publice
3531 5336 3684 5379 exer—
3714 5329 3715 5332 ‘

2037 5423 2166 5478 cita:
2209 5419 2315 5476 sub
2359 5417 2753 5486 Constantino,
2804 5421 3108 5486 antequam
3137 5413 3377 5480 Crispus
3426 5412 3679 5480 ejusdem

2039 5513 2199 5569 ﬁlius
2220 5512 2436 5566 Faustae
2467 5520 2718 5564 noverca:
2743 5506 3032 5563 calumnia
3055 5508 3366 5558 necaretur.
3403 5503 3682 5560 Baronius

2035 5607 2216 5681 putat,
2277 5599 2362 5656 uti
2393 5599 2675 5671 diximus,
2719 5595 2937 5654 Christi
2991 5591 3220 5650 Domini
3276 5591 3579 5665 imaginem
3620 5593 3679 5648 in
