4034 6196
369 293 442 353 99
1187 295 1280 350 AD
1316 293 1754 352 ANASTASIUM
1793 292 2307 351 PROLEGOMENA
2341 295 2519 350 EDIT.
2561 293 2993 353 ROM.-VATIC.

3676 297 3784 356 400

370 435 602 480 nummo
633 423 915 496 signatam
955 420 1167 479 referre
1195 425 1442 479 statuam
1487 425 1809 494 argenteam
1855 420 2019 490 ejus—
2040 417 2097 477 A
2123 419 2298 478 titulo
2333 421 2385 477 S.
2435 422 2854 494 Prudentiana,
2897 437 3002 480 sua
3047 422 3259 480 Siricio
3281 436 3421 494 papa
3448 426 3783 482 constructo

367 511 492 567 dem
527 511 841 567 Salvatoris
869 523 934 566 ac
962 511 1062 566 Dei
1106 515 1162 567 et
1189 510 1420 567 Domini
1449 511 1631 566 nostri
1663 524 1695 566 a
1731 509 2018 565 Constan—

369 599 490 655 tino
511 605 755 655 erectam
785 600 844 654 in
866 599 1109 656 basilica
1139 599 1526 668 Lateranensi,
1557 603 1622 655 ut
1651 597 1823 654 refert
1853 597 2019 652 Liber

367 688 738 744 Pontiﬁcalis.
769 688 878 758 Qui
910 702 1041 745 vero
1069 689 1218 745 Petri
1241 689 1485 759 apostoli
1518 687 1893 744 simulacrum
1918 685 2020 740 illa

369 775 428 830 in
473 775 655 846 ﬁgura
685 776 1142 847 deprehendunt,
1189 776 1494 832 observant
1543 776 1764 832 cultum
1809 786 2022 844 corpo-

367 864 470 932 ris,
531 869 588 919 et
620 867 905 936 pracipue
943 874 1237 922 tonsuram
1279 866 1509 936 capitis,
1546 879 1611 921 ac
1655 863 1842 920 barba
1892 875 2020 918 mo—

364 953 501 1008 dum
559 954 872 1010 assimilari
934 955 1131 1024 potius
1181 955 1535 1027 imaginibus
1587 952 2018 1024 antiquissimis

364 1042 513 1098 Petri
541 1043 783 1112 apostoli
814 1057 980 1116 quam
1025 1045 1242 1100 Christi
1294 1044 1547 1101 Domini.
1592 1045 1732 1098 Nam
1788 1043 1847 1097 in
1888 1055 2018 1098 sar—

361 1131 636 1203 cophagis
690 1134 1022 1189 marmoreis
1073 1138 1276 1204 quarto
1322 1137 1378 1188 et
1419 1133 1622 1203 quinto
1666 1131 1875 1187 saculo
1901 1145 2016 1186 ca-

363 1219 518 1291 latis,
607 1226 664 1278 et
734 1236 801 1277 ex
871 1224 1198 1279 cameterio
1278 1223 1550 1278 Vaticano
1610 1220 1905 1291 productis
1955 1221 2014 1274 in

361 1310 536 1368 Roma
565 1312 942 1369 Subterranea
982 1312 1229 1385 Aringhi
1277 1323 1429 1369 tomo
1455 1315 1476 1368 ι
1507 1312 1644 1382 tab.,
1703 1324 1826 1381 pag.
1886 1307 2013 1379 293,

359 1405 418 1457 et
479 1416 636 1474 seqq.
707 1403 935 1474 quoties
989 1403 1339 1474 exprimitur
1400 1402 1668 1458 Christus
1735 1399 2016 1456 Dominus

361 1491 481 1546 sive
507 1491 803 1562 imberbis,
841 1493 961 1548 sive
999 1491 1290 1562 barbatus,
1327 1490 1540 1562 prolixi
1580 1503 1802 1560 semper
1826 1489 2016 1544 crines

359 1579 414 1636 ei
446 1579 810 1649 tribuuntur,
837 1588 893 1638 et
941 1581 1116 1637 barba
1160 1581 1219 1636 in
1251 1587 1483 1637 acutum
1535 1579 1823 1635 desinens.
1853 1578 1923 1632 At
1954 1576 2014 1631 in

357 1671 618 1739 apostolo
662 1672 825 1725 Petro
886 1671 1078 1726 eadem
1136 1675 1358 1727 vetusta
1415 1682 1696 1725 marmora
1745 1665 1843 1724 fol.
1908 1662 2014 1722 293

2125 515 2181 566 et
2211 523 2309 580 per
2336 510 2650 568 Adrianum
2673 513 3031 568 Iinstaurato
3050 531 3066 583 ς
3087 513 3146 568 in
3179 510 3439 569 triclinio
3461 512 3666 570 Leonis
3687 514 3780 583 III,

2127 598 2189 655 in
2215 602 2524 671 Laterano;
2553 602 2613 656 in
2657 602 2774 658 ade
2803 602 2865 657 S.
2902 601 3250 658 Constantia
3277 601 3385 659 sub
3431 603 3683 659 Honorio
3730 603 3786 672 Ι,

2127 694 2182 745 et
2232 690 2444 760 passim
2478 691 2537 746 in
2582 691 2944 762 anaglyphis,
2987 691 3234 761 picturis
3259 695 3314 747 et
3345 691 3610 748 musivis.
3641 690 3783 760 Qua

2127 793 2257 834 cum
2289 779 2590 836 ostendant
2611 781 2833 836 vultum
2863 781 3011 836 Petri
3043 781 3208 851 plane
3229 781 3479 837 similem
3510 795 3781 851 expresso

2130 867 2189 922 in
2213 867 2317 924 hoc
2345 869 2709 939 numismate,
2731 869 2998 925 dubitare
3020 883 3124 926 nos
3146 870 3383 925 minime
3408 870 3612 925 sinunt
3632 869 3778 939 quin

2126 963 2290 1014 atate
2312 959 2673 1015 Constantini
2700 959 2889 1030 Magni
2915 959 3130 1032 eﬁigies
3149 959 3298 1015 Petri
3317 959 3388 1014 ab
3415 960 3522 1016 hoc
3543 972 3780 1015 nummo

2127 1049 2418 1119 proposita
2449 1049 2784 1118 respondeat
2810 1049 3056 1120 reliquis
3103 1049 3236 1105 inde
3269 1049 3580 1119 expressis,
3609 1049 3778 1118 juxta

2127 1138 2429 1196 historiam
2459 1137 2530 1193 ab
2550 1137 2802 1194 Adriano
2832 1151 2975 1209 papa
3007 1137 3242 1194 relatam
3277 1138 3336 1194 in
3362 1137 3607 1208 epistola
3649 1149 3780 1192 me—

2128 1235 2365 1287 morata.

2196 1319 2424 1374 Littera
2459 1320 2647 1374 autem
2704 1317 2760 1372 S.
2791 1317 2852 1370 P.
2897 1317 2955 1372 in
3009 1317 3202 1373 eodem
3231 1329 3468 1372 numero
3515 1319 3778 1372 exstante

2124 1409 2232 1466 sub
2255 1407 2524 1478 imagine,
2553 1420 2721 1477 quam
2743 1406 3020 1476 diximus,
3049 1406 3335 1476 principis
3354 1404 3775 1476 apostolorum,

2123 1498 2209 1554 vel
2244 1498 2504 1553 indicant
2556 1495 2858 1551 SANCTUS
2909 1495 3168 1551 PETRUS
3197 1494 3496 1550 elementis
3545 1493 3779 1563 capita—

2126 1587 2280 1644 libus
2299 1587 2604 1657 utriusque
2620 1585 2898 1642 dictionis
2913 1583 2996 1655 (ut
3018 1584 3204 1640 littera
3226 1586 3534 1655 Xsuperne
3549 1583 3776 1639 inclusa

2126 1678 2184 1732 in
2236 1676 2546 1748 epigraphe
2605 1675 2814 1731 SALVS
2883 1675 2969 1730 ET
3019 1675 3180 1730 SPES
3230 1675 3303 1729 X.
3351 1674 3777 1730 REIPVBLICIE

357 1755 483 1829 295,
515 1756 638 1829 297,
679 1757 804 1831 c«’99,
829 1758 959 1830 301,
991 1757 1115 1830 307,
1143 1767 1200 1816 et
1226 1774 1355 1816 cum
1397 1760 1490 1816 his
1517 1759 1756 1829 pictum
1793 1770 2009 1826 omnes,
2034 1756 2082 1815 Β
2121 1768 2376 1823 continet
2433 1777 2633 1821 nomen
2682 1763 2918 1835 Christi)
2975 1763 3061 1820 vel
3115 1763 3449 1835 significant
3507 1763 3771 1820 SIGNUM

357 1847 700 1918 anaglypha,
728 1849 950 1905 musiva
977 1850 1218 1920 antiqua
1238 1850 1429 1905 crines
1461 1847 1735 1904 exhibent
1754 1851 2014 1902 attonsos

357 1936 426 1992 ad
461 1951 677 2009 aurem,
720 1938 951 1994 barbam
981 1939 1257 2010 rigentem
1293 1944 1348 1994 et
1379 1951 1490 1994 non
1535 1936 1842 1993 admodum
1874 1949 2015 2006 pro-

357 2025 533 2080 lixam
564 2027 758 2096 qualis
803 2028 862 2084 in
905 2041 1137 2084 nummo
1168 2028 1399 2084 visitur.
1443 2027 1678 2082 Crucem
1729 2031 1916 2081 autem
1952 2025 2010 2079 in

359 2116 1076 2188 memoratisjanaglyphis
1106 2123 1288 2189 gestat
1333 2118 1386 2172 S.
1440 2118 1660 2186 Petrus,
1705 2129 1817 2171 non
1847 2128 2013 2170 secus

356 2217 422 2259 ac
471 2205 531 2259 in
601 2205 964 2262 numismate.
1014 2206 1254 2263 Calator
1306 2206 1424 2277 typi
1473 2220 1505 2262 a
1561 2205 1716 2261 card.
1767 2205 2013 2260 Baronio

360 2292 625 2362 impressi
677 2293 983 2350 imberbem
1032 2294 1298 2350 exhibuit
1345 2294 1456 2350 viri
1507 2294 1760 2350 sedentis
1807 2294 2010 2349 faciem

355 2389 552 2438 contra
582 2384 746 2440 ﬁdem
775 2384 1016 2455 nummi,
1052 2384 1188 2440 licet
1212 2384 1402 2440 crines
1425 2383 1494 2439 ad
1526 2397 1722 2438 aurem
1753 2387 2012 2440 attonsos

355 2473 701 2542 expresserit
728 2473 991 2529 ﬁdeliter.
1019 2474 1301 2545 Imagines
1320 2475 1413 2530 SS.
1436 2472 1825 2542 apostolorum
1860 2473 2008 2528 Petri

355 2567 411 2618 et
441 2562 622 2633 Pauli,
655 2563 958 2620 custodita
1013 2564 1073 2618 in
1116 2563 1369 2620 sacrario
1414 2562 1671 2618 basilica
1725 2561 2010 2617 Vaticana

353 2651 596 2723 (easdem
647 2652 931 2708 afﬁrmant
959 2666 1084 2709 esse
1129 2666 1161 2708 a
1193 2653 1251 2707 B.
1282 2652 1557 2708 Silvestro
1600 2651 1821 2707 oblatas
1853 2651 2010 2707 Con-

354 2742 610 2798 stantino
637 2745 857 2814 Magno,
879 2756 1120 2813 quarum
1141 2743 1443 2800 historiam
1463 2741 1665 2798 retulit
1685 2741 2010 2796 Adrianus!

353 2832 421 2889 ad
467 2831 730 2888 Carolum
777 2834 1040 2905 Magnum
1095 2834 1154 2890 in
1208 2834 1452 2903 epistola
1498 2833 1652 2888 edita
1700 2845 1829 2887 cum
1860 2830 2006 2887 actis

353 2927 554 3000 synodi
597 2923 839 2978 Nicana
881 2922 1181 2995 secunda),
1223 2924 1450 2979 Petrum
1482 2920 1804 2992 apostolum
1834 2920 2008 2976 exhi—

352 3017 487 3074 bent
523 3018 787 3075 crinibus
816 3016 1219 3083 abundantem,
1267 3014 1364 3069 sed
1396 3012 1463 3068 ad
1493 3025 1688 3068 aurem
1720 3011 2000 3080 detonsis,

2120 1857 2337 1912 PETRI.
2394 1857 2537 1910 Nam
2591 1854 2806 1909 SlRMlI
2870 1852 3213 1908 PERCVSSA
3249 1859 3469 1909 moneta
3525 1853 3622 1909 hic
3655 1867 3768 1910 non

2123 1946 2437 2014 indicatur,
2462 1949 2527 1999 ut
2551 1957 2653 2014 ego
2677 1948 2934 2013 autumo,
2959 1956 3091 1999 cum
3117 1943 3196 1998 sit
3227 1942 3480 1998 insolens
3521 1942 3580 1998 in
3609 1956 3776 1999 num-

2126 2035 2236 2091 mis
2281 2034 2504 2090 Latinis
2547 2047 2615 2089 ex
2663 2046 2774 2087 are
2827 2033 3074 2088 maximo
3122 2031 3361 2088 oﬁicina
3433 2033 3769 2089 monetaria

2122 2125 2311 2181 locum
2332 2124 2673 2192 exprimere.
2703 2123 2761 2178 Si
2789 2127 2976 2178 autem
3007 2123 3234 2177 Petrum
3265 2120 3586 2190 apostolum
3623 2121 3774 2176 indi-

2119 2219 2211 2269 cat
2236 2214 2355 2269 hac
2381 2213 2583 2284 ﬁgura,
2617 2213 2854 2281 ejusque
2885 2210 3259 2266 simulacrum
3288 2209 3618 2279 impositum
3643 2210 3768 2266 sedi

2122 2304 2432 2374 quadrata,
2459 2301 2710 2357 arbitror
2737 2298 3095 2355 referendum
3117 2299 3184 2354 ad
3219 2302 3466 2354 statuam
3510 2299 3767 2367 ejusdem

2120 2391 2386 2462 apostoli,
2410 2405 2538 2447 cum
2566 2389 2789 2446 cateris
2809 2403 2840 2444 a
2864 2389 3238 2444 Constantino
3261 2387 3505 2456 positam
3535 2387 3593 2442 in
3617 2387 3776 2443 basi-

2120 2481 2232 2537 lica
2282 2480 2612 2550 Salvatoris,
2654 2479 2965 2534 altitudine
3012 2477 3255 2548 quinum
3297 2476 3523 2546 pedum,
3577 2475 3767 2546 pondo

2118 2570 2398 2627 librarum
2430 2569 2760 2640 nonaginta,
2801 2581 2930 2623 cum
2957 2579 3165 2622 corona
3197 2579 3266 2621 ex
3291 2570 3525 2636 argento
3560 2565 3767 2635 puris-

2119 2661 2284 2732 simo,
2347 2673 2515 2730 quam
2562 2657 2736 2714 refert
2786 2657 2950 2712 Liber
2993 2655 3429 2712 Pontiﬁcalisin
3459 2654 3765 2726 Silvestro,

2118 2765 2274 2808 num.
2308 2747 2394 2805 38.
2427 2749 2661 2805 Crucem
2689 2761 2821 2803 vero
2872 2761 3001 2802 cum
3038 2745 3301 2801 ostendat
3349 2744 3496 2800 idem
3523 2749 3769 2814 aposto—

2117 2841 2228 2910 lus,
2261 2843 2502 2896 erectam
2526 2838 2767 2895 fortasse
2789 2837 2947 2893 illam
2970 2837 3190 2892 indicat
3229 2849 3398 2906 quam
3427 2834 3768 2891 Constanti—

2120 2947 2228 2990 nus
2278 2933 2338 2988 in
2383 2930 2624 2987 basilica
2663 2929 2932 2986 Vaticana
2975 2926 3280 2983 constituit
3310 2939 3483 2995 supra
3519 2922 3761 2981 Confes-

2117 3022 2334 3078 sionem
2353 3020 2532 3076 beatri
2551 3019 2701 3075 Petri
2723 3034 2791 3074 ea:
2801 3033 2936 3072 auro
2950 3018 3248 3088 purissimo
3256 3019 3572 3086 pensantem
3587 3013 3758 3067 libras

351 3111 407 3163 εἴ
426 3107 664 3164 Pallium
692 3105 1119 3174 recall/astrum,
1157 3102 1346 3174 qualis
1375 3115 1409 3157 ³
1439 3101 1690 3158 Lucumo
1713 3100 2002 3156 ἀθεοτίῧί-
2032 3087 2081 3152 C
2113 3117 2324 3168 centum
2349 3111 2767 3180 quinquaginta.
2799 3109 2866 3162 In
2888 3087 3198 3162 mensuram
3220 3107 3341 3169 loci,
3377 3105 3472 3159 ubi
3492 3105 3756 3173 scriptum

287 3255 291 3260 ,
353 3201 466 3267 tur,
490 3197 683 3252 eodem
711 3195 1044 3252 observante
1074 3191 1314 3248 Baronio
1356 3190 1424 3246 ad
1469 3203 1682 3246 annum
1708 3188 1799 3260 69,
1828 3203 1994 3246 num.

351 3283 436 3354 44,
495 3285 663 3341 etab
713 3283 968 3354 ejusdem
1020 3282 1296 3352 epitomes
1362 3285 1594 3336 auctore
1672 3279 1997 3350 Spondano,

351 3387 508 3430 num.
552 3372 666 3429 6et
713 3371 766 3427 8.
811 3375 870 3429 1n
916 3385 1069 3427 anea
1123 3369 1392 3426 icuncula
1416 3369 1470 3424 S.
1530 3368 1700 3438 Petri,
1747 3367 1887 3424 olim
1939 3367 1999 3422 in

349 3476 542 3519 musco
593 3461 828 3518 Bellorii
881 3475 913 3517 a
951 3474 1038 3516 me
1089 3472 1318 3531 quoque
1375 3462 1644 3529 spectata,
1678 3461 1734 3513 et
1772 3471 1804 3512 a
1835 3459 2000 3512 Petro

344 3553 545 3608 Sancte
575 3551 798 3608 Bartolo
818 3550 973 3607 edita
997 3563 1128 3606 cum
1155 3548 1416 3620 antiquis
1438 3547 1711 3616 lucernis,
1738 3551 1883 3617 part.
1908 3560 1994 3618 ιιι,

345 3641 459 3698 tab.
510 3638 601 3710 2'7,
646 3641 840 3697 eadem
887 3645 1126 3695 tonsura
1168 3638 1422 3694 crinium
1475 3641 1531 3692 et
1559 3636 1748 3693 barba
1796 3637 1999 3693 modus

342 3738 596 3801 apparet,
632 3745 755 3800 qua
779 3744 811 3784 a
841 3729 1143 3798 Spondano
1171 3728 1367 3784 verbis
1393 3728 1699 3798 Nicephori
1727 3726 1993 3798 refertur,

342 3819 575 3889 capillis
595 3819 826 3888 capitis,
856 3823 912 3872 et
942 3816 1130 3872 barba
1153 3817 1367 3886 crispis
1392 3821 1448 3871 et
1494 3817 1709 3887 densis,
1754 3817 1848 3872 sed
1883 3830 1995 3872 non

341 3908 646 3965 admodum
674 3906 1160 3978 prominentibus.
1190 3904 1720 3975 Anaglyphaautem
1745 3905 1996 3961 indicata

344 3999 404 4054 in
447 3997 820 4069 sarcophagis
872 3994 1162 4051 Vaticanis
1220 3993 1412 4064 quarti
1462 3997 1518 4048 et
1549 3993 1740 4063 quinti
1771 3995 1990 4064 saculi,

341 4088 658 4159 praesertim
689 4086 745 4142 id
780 4085 929 4158 quod
959 4083 1100 4140 folio
1127 4081 1233 4139 294
1261 4082 1533 4154 Aringhii
1573 4084 1846 4154 occurrit,
1893 4083 1993 4140 ubi

342 4183 544 4249 quater
573 4177 924 4247 exprimitur
948 4174 1218 4230 Christus
1236 4171 1537 4244 Dominus,
1570 4176 1654 4228 ter
1679 4173 1731 4228 S.
1768 4175 1990 4245 Petrus,

342 4267 524 4324 multo
553 4266 880 4323 evidentius
899 4263 1190 4320 declarent
1213 4276 1333 4318 eam
1361 4263 1833 4319 consuetudinem
1867 4270 1994 4320 ata-

341 4358 420 4413 tis
456 4355 945 4412 Constantiniana
989 4352 1238 4425 (quando
1277 4352 1652 4408 servabantur
1711 4353 1992 4425 imagines

2112 3207 2190 3257 est
2228 3202 2356 3255 hoc:
2389 3199 2777 3255 Constantinus
2800 3198 3106 3268 Augustus,
3146 3201 3196 3252 et
3216 3195 3425 3249 Helena
3448 3194 3712 3261 Augusta
3738 3207 3754 3244 :

2109 3292 2251 3346 hanc
2280 3291 2497 3345 domum
2524 3289 2698 3356 regali
2721 3288 2892 3342 simili
2918 3287 3132 3355 fulgore
3171 3299 3458 3342 coruscans
3489 3283 3621 3338 aula
3641 3282 3759 3335 cir-

2110 3382 2346 3436 cumdat.
2405 3381 2682 3449 Scriptum
2734 3395 2801 3434 ea
2849 3379 3044 3434 litteris
3096 3376 3314 3444 nigellis
3342 3377 3402 3429 in
3455 3387 3628 3429 cruce.
3678 3372 3756 3426 Ea

2110 3485 2236 3542 qua
2275 3484 2377 3526 nos
2419 3470 2702 3539 conjicere
2741 3468 2987 3524 nitimur
3016 3481 3084 3524 ex
3109 3465 3327 3522 indicio
3361 3462 3754 3530 numismatis,

2110 3575 2212 3618 nec
2233 3561 2375 3617 satis
2393 3559 2633 3615 deﬁnire
2652 3572 2954 3629 possumus
2973 3560 3099 3627 post
3121 3556 3432 3612 diuturnas
3454 3551 3756 3623 inspectio-

2109 3665 2226 3721 nes,
2254 3649 2448 3706 eadem
2501 3650 2620 3705 ictu
2659 3649 2812 3704 oculi
2863 3647 3164 3718 perspicue
3209 3657 3440 3701 noscere
3493 3646 3754 3712 poterant

2105 3745 2367 3796 auctores
2418 3736 2573 3792 Libri
2606 3735 2978 3806 Pontiﬁcalis,
3015 3735 3263 3805 legentes
3309 3733 3368 3788 in
3395 3743 3565 3788 cruce
3597 3730 3754 3785 Con-

2107 3829 2462 3885 stantiniana
2486 3839 2682 3883 eorum
2714 3830 2877 3881 atate
2922 3824 3231 3894 superstite
3257 3821 3490 3878 nomina
3521 3820 3753 3876 donan-

2106 3916 2274 3985 tium,
2319 3921 2376 3970 et
2407 3915 2465 3970 in
2493 3914 2780 3985 argenteis
2818 3912 3029 3968 statuis
3055 3910 3271 3966 Christi
3317 3910 3552 3966 nomina
3579 3913 3754 3978 atque

2104 4005 2493 4075 apostolorum
2549 4006 2869 4072 spectantes
2918 3999 3158 4072 eﬁigiem
3208 3998 3462 4072 singulis
3491 3996 3754 4053 attribu-

2106 4098 2218 4149 tam
2267 4097 2429 4148 atate
2479 4091 2760 4147 Silvestri.
2831 4092 2912 4146 Ex
2992 4089 3194 4145 iisdem
3244 4085 3652 4156 monumentis,
3699 4086 3749 4141 si

2104 4187 2485 4252 superessent,
2509 4181 2736 4237 collatis
2756 4194 2884 4236 cum
2909 4192 3161 4250 nummo,
3181 4177 3422 4236 fortasse
3440 4179 3748 4244 constaret,

2102 4273 2170 4328 ad
2225 4271 2544 4341 exemplum
2586 4269 2858 4341 imaginis
2914 4270 2974 4323 B.
3024 4268 3176 4323 Petri
3226 4266 3334 4323 sub
3377 4265 3652 4322 Silvestro
3695 4269 3750 4320 et

2100 4362 2474 4418 Constantino
2523 4361 2829 4431 propositae
2873 4359 2942 4416 ad
2983 4357 3201 4414 cultum
3246 4356 3404 4412 cruci
3435 4355 3749 4412 Dominica

335 4445 726 4516 apoleIOI‘um
777 4444 1000 4500 eiSde
1032 4441 1207 4499 ferme
1250 4455 1467 4512 ϐοωνεὲ,
1516 4456 1658 4513 quas
1702 4443 1990 4501 Eusebius
2018 4459 2073 4521 D
2102 4453 2340 4522 ejusque
2361 4450 2629 4521 gestatori
2649 4449 3033 4506 exhibendum
3051 4445 3418 4503 aCasaribus
3434 4443 3744 4511 stantibus,

343 4541 599 4592 narrata
631 4550 690 4592 se
728 4539 1008 4606 spectatas
1042 4532 1186 4588 Hist.
1223 4531 1373 4588 Eccl.
1415 4545 1538 4602 cap.
1575 4529 1660 4604 48)
1690 4533 1989 4605 tribuendi

340 4639 558 4684 comam
604 4624 885 4696 prolixam
925 4628 982 4678 et
1026 4622 1084 4678 in
1135 4622 1402 4678 humeros
1448 4621 1713 4677 ﬂuentem
1759 4622 1990 4681 Christo

337 4716 600 4788 Domino,
619 4715 811 4772 crines
827 4718 1014 4772 autem
1039 4717 1333 4768 truncatos
1345 4711 1412 4766 ad
1432 4711 1720 4767 clericalis
1737 4715 1989 4769 tonsura

339 4807 569 4864 modum
614 4806 778 4863 beato
829 4806 1012 4876 Petro,
1054 4817 1184 4859 cum
1241 4803 1301 4858 in
1347 4801 1562 4858 eisdem
1605 4803 1987 4860 marmoribus

337 4899 416 4953 ita
463 4900 791 4954 constanter
848 4900 1091 4966 uterque
1134 4892 1369 4956 caelatus
1423 4893 1520 4948 sit.
1583 4894 1644 4948 In
1695 4893 1985 4966 argenteis

335 4986 507 5042 etiam
560 4987 713 5043 vasis
764 4984 1079 5042 ministerii
1143 4983 1292 5040 sacri
1358 4986 1490 5040 ante
1541 4982 1982 5040 Constantinum

337 5076 602 5161 Magnum
626 5074 957 5147 elaboratis,
989 5073 1075 5131 uti
1103 5087 1172 5130 ex
1202 5073 1394 5144 operis
1421 5071 1705 5144 elegantia
1739 5078 1795 5128 et
1819 5073 1984 5129 anti-

340 5177 557 5244 quitate
602 5171 970 5241 percipimus,
1003 5173 1247 5241 repertis
1283 5172 1434 5227 inter
1465 5170 1670 5226 rudera
1697 5169 1984 5226 vetustio—

339 5276 462 5317 rum
491 5261 701 5318 adium
740 5272 1030 5316 sacrarum
1060 5266 1117 5314 et
1152 5258 1628 5324 cameteriorum,
1659 5273 1785 5329 qua
1809 5259 1984 5314 dabi-

341 5363 467 5405 mus
523 5350 673 5406 iuter
701 5351 865 5404 notas
893 5347 964 5402 ad
1009 5347 1167 5402 Vitas
1197 5345 1534 5416 pontiﬁcum
1578 5346 1640 5401 in
1667 5346 1891 5402 Urbano
1933 5351 1976 5420 Ι,

336 5439 486 5496 idem
510 5439 744 5495 habitus
764 5437 885 5494 oris
905 5435 1258 5505 observatur,
1288 5435 1387 5491 ubi
1413 5433 1680 5490 Christus
1700 5435 1981 5494 Dominus

331 5529 517 5587 claves
538 5528 716 5584 tradit
744 5529 944 5585 Petro:
985 5538 1098 5598 qua
1121 5523 1295 5581 etiam
1324 5522 1506 5580 forma
1537 5524 1748 5594 posteri
1787 5525 1982 5585 ﬁdeles

330 5617 720 5677 exhibuerunt
764 5617 822 5674 in
851 5617 1098 5676 musivis
1137 5612 1554 5673 vetustioribus
1584 5614 1792 5689 ,Urbis,
1828 5622 1892 5675 ut
1920 5619 1978 5677 in

2103 4540 2423 4596 eﬁ‘ormatas
2472 4539 2653 4596 fuisse
2689 4553 2722 4594 a
2753 4536 3184 4596 successoribus
3227 4534 3488 4591 Silvestri
3522 4538 3745 4590 statuas

2101 4631 2246 4687 duas
2285 4631 2345 4685 B.
2390 4630 2542 4687 Petri
2574 4646 2589 4683 :
2629 4641 3000 4686 marmoream
3033 4639 3224 4694 unam,
3258 4640 3385 4698 qua
3419 4630 3747 4682 asservatur

2100 4722 2157 4776 in
2219 4721 2486 4793 hypogao
2537 4719 2791 4776 basilica
2845 4717 3184 4788 Vaticana;
3243 4729 3453 4772 aneam
3507 4714 3744 4770 alteram

2095 4811 2157 4867 in
2187 4812 2306 4868 ade
2350 4811 2636 4882 superiori
2683 4809 3078 4878 constitutam,
3127 4809 3198 4864 ad
3246 4805 3443 4864 oscula
3486 4803 3743 4861 ﬁdelium

2094 4901 2431 4971 excipienda
2485 4902 2544 4958 in
2585 4901 2814 4972 signum
2863 4897 3267 4965 venerationis,
3322 4893 3744 4954 consuetudine

2093 4991 2348 5048 derivata
2398 4990 2470 5048 ab
2521 4988 2892 5047 incunabulis
2935 4988 3205 5046 Ecclesia
3247 4986 3315 5043 ad
3377 4986 3495 5042 hac
3545 4988 3743 5043 nostra

2095 5080 2326 5138 sacula.

2164 5163 2251 5227 56.
2297 5172 2420 5227 Non
2459 5168 2651 5241 piguit
2673 5168 2888 5225 versari
2932 5167 3102 5240 paulo
3130 5165 3361 5224 diutius
3391 5165 3451 5223 in
3475 5169 3740 5222 contem—

2093 5259 2346 5331 platione
2410 5257 2795 5329 numismatis,
2855 5262 2911 5314 et
2969 5271 3145 5314 sacra
3193 5257 3489 5329 imaginis,
3565 5259 3742 5326 atque

2093 5347 2494 5420 inscriptionis
2512 5347 2572 5404 in
2602 5347 2703 5405 illo
2728 5361 3009 5418 expressa
3031 5346 3140 5403 sub
3158 5346 3553 5406 Constantino.
3580 5343 3733 5414 Quin

2039 5483 2047 5487 -
2093 5439 2210 5496 hac
2232 5438 2424 5496 omnia
2439 5423 2777 5510 praﬁgenda
2797 5437 3128 5494 curavimus
3156 5436 3502 5507 prafationi,
3537 5437 3736 5505 utpote

2091 5528 2308 5586 indicia
2357 5541 2554 5585 eorum
2610 5527 3080 5584 documentorum
3135 5541 3262 5599 qua
3329 5527 3391 5582 in
3434 5527 3737 5582 numerato

2090 5624 2286 5689 parata
2307 5621 2472 5676 erant
2495 5623 2668 5690 atque
2694 5615 2955 5688 exposita
2973 5616 3362 5688 scriptoribus
3392 5615 3550 5672 Libri
3578 5615 3735 5670 Pon-
