4050 6184
261 311 346 369 104
1769 312 1906 369 ΡΜ

2020 313 2142 370 ΓΙΟ.

3557 311 3660 380 402

242 435 492 492 tiﬁcalis.
523 437 667 492 Nam
695 435 838 492 satis
862 436 1176 493 ostendunt
1205 435 1322 492 hac
1351 434 1527 492 veluti
1555 434 1892 506 specimina,
1923 442 1977 500 A
2010 436 2118 492 bus
2148 437 2296 508 quod
2331 452 2500 495 suum
2531 443 2618 496 est
2658 443 2961 496 asseretur.
2995 439 3123 496 Sive
3155 444 3418 498 notarum
3449 449 3654 502 auctor

244 539 341 582 seu
383 525 650 596 reliquia
697 531 1218 596 monumentorum,
1265 528 1400 582 tunc
1440 525 1716 595 temporis
1754 525 1900 581 uni—

241 615 448 686 cuique
464 615 882 686 constantium,
901 621 958 671 et
977 616 1206 686 publica
1226 616 1284 670 in
1303 615 1429 671 luce
1447 615 1892 687 propositorum,

241 717 421 774 neque
447 704 843 776 chronologia
867 706 1208 762 documenta
1234 703 1487 760 defuisse
1513 705 1897 773 scriptoribus

239 793 490 864 Catalogi
517 794 896 863 vetustioris;
923 808 1105 865 neque
1130 794 1562 850 ordinationum
1593 795 1896 851 memorias

240 888 292 937 et
332 882 526 953 legum
574 883 1007 952 pontiﬁciarum
1047 883 1270 939 auctori
1318 883 1555 938 secundi
1593 882 1845 954 Catalogi
1881 901 1896 952 ;

240 984 418 1041 neque
441 971 708 1026 Vitarum
738 973 1120 1041 posteriorum
1147 971 1581 1027 enarratoribus
1609 971 1900 1027 indiculos

239 1059 640 1130 ecclesiarum,
688 1062 840 1116 unde
882 1065 1112 1117 nossent
1153 1061 1519 1131 patrimonia,
1566 1059 1898 1132 latifundia,

242 1149 451 1218 pradia
478 1150 702 1204 rustica
723 1155 779 1204 et
804 1150 1036 1218 urbana,
1057 1150 1207 1205 dona
1230 1149 1464 1205 mobilia
1483 1153 1539 1203 et
1558 1148 1897 1216 immobilia,

241 1251 457 1293 sacram
510 1237 950 1308 supellectilem,
999 1244 1055 1293 et
1097 1239 1318 1294 minuta
1363 1251 1603 1308 quaque
1649 1238 1899 1306 cimelia,

241 1325 528 1397 basilicis,
555 1325 777 1396 titulis,
805 1325 1116 1396 diaconiis,
1154 1327 1538 1397 monasteriis,
1567 1325 1904 1396 adibusque

242 1415 419 1470 sacris
439 1414 722 1470 omnibus
744 1415 803 1470 in
827 1415 971 1470 Urbe
990 1415 1198 1472 oblata.
1221 1417 1390 1471 Gesta
1411 1429 1540 1472 vero
1566 1415 1902 1486 pontificum

245 1518 364 1574 qua
384 1510 683 1574 narrante,
709 1504 1044 1575 plerumque
1065 1504 1180 1561 sibi
1199 1505 1510 1575 aqualium
1535 1510 1661 1575 post
1681 1509 1902 1560 atatem

244 1593 494 1666 CataIOgi
519 1594 782 1662 secundi,
803 1593 888 1650 vel
909 1595 1022 1663 ipsi
1041 1595 1310 1650 viderunt
1329 1593 1592 1649 historici
1617 1594 1900 1664 Vitarum,

248 1683 378 1737 vela
401 1683 664 1753 publicis
689 1683 943 1739 archivis
967 1683 1136 1754 paulo
1161 1689 1292 1739 ante
1315 1683 1631 1753 perscripta
1653 1683 1900 1738 mutuati

2006 539 2074 581 ex
2093 528 2514 584 vetustioribus
2536 530 2632 600 sit,
2657 530 2776 585 sive
2797 543 2866 585 ex
2891 530 3330 596 recentioribus,
3356 535 3660 602 occupabit

2007 628 2135 670 eum
2165 615 2348 672 locum
2385 631 2551 687 quem
2579 618 2856 689 gentilitii
2891 619 3146 674 nominis
3173 619 3363 674 littera
3395 622 3660 691 princeps

2007 704 2230 761 obtinet
2272 707 2435 775 juxta
2487 709 2691 764 seriem
2736 708 3045 778 alphabeti.
3099 708 3404 776 Alteserra,
3458 711 3663 766 Benci-

2009 793 2162 864 nius,
2199 795 2400 850 Binius
2430 801 2484 852 et
2514 797 2702 852 cateri
2745 811 2938 852 omnes
2980 798 3322 869 singillatim
3365 797 3663 855 ostendent

2008 898 2134 966 qua
2163 885 2433 941 meditata
2458 887 2830 956 contulerint,
2862 900 3015 942 more
3031 888 3147 957 jam
3171 893 3393 958 recepto
3419 890 3477 945 in
3502 904 3666 946 com-

2015 973 2314 1027 mentariis
2353 974 2666 1030 variorum.

2081 1058 2169 1116 59.
2197 1061 2624 1133 Chronologica
2651 1076 2780 1119 vero
2805 1062 3231 1120 observationes
3260 1065 3337 1120 ita
3361 1071 3498 1122 sunt
3521 1080 3666 1122 con—

2015 1162 2169 1204 nexa
2201 1150 2462 1215 invicem,
2499 1156 2561 1207 ut
2592 1153 2739 1206 citra
2771 1153 3025 1208 universi
3057 1155 3383 1222 systematis
3416 1156 3666 1224 positio-

2014 1250 2138 1292 nem
2173 1252 2282 1294 non
2317 1239 2541 1308 possint
2585 1240 2830 1310 singula
2880 1241 3210 1310 pertentari.
3245 1241 3363 1311 Qua
3393 1243 3463 1298 de
3493 1257 3665 1299 causa

2012 1325 2241 1381 videtur
2267 1328 2494 1397 exigere
2526 1328 2674 1383 ratio
2708 1329 2978 1394 methodi,
3016 1335 3076 1384 ut
3105 1343 3193 1384 res
3225 1330 3445 1403 integra
3477 1345 3668 1387 reser-

2012 1420 2178 1470 vetur
2208 1415 2330 1472 loco
2371 1417 2674 1487 peculiari,
2715 1424 2987 1474 exacturo
3027 1419 3304 1475 rationem
3348 1427 3663 1491 temporum

2013 1517 2046 1560 a
2074 1504 2306 1560 Christo
2354 1512 2486 1562 nato
2514 1507 2583 1561 ad
2618 1508 2811 1563 omnia
2854 1508 3197 1564 documenta
3236 1508 3664 1580 chronologica,

2015 1607 2142 1663 qua
2180 1594 2452 1666 colligere
2481 1596 2672 1651 conati
2706 1609 2906 1652 sumus
2952 1597 3339 1666 complurium
3385 1611 3666 1654 annorum

2013 1683 2228 1754 studio,
2271 1691 2327 1739 et
2354 1685 2765 1754 experimentis
2796 1690 2914 1741 tum
2955 1700 3023 1742 ex
3056 1685 3310 1742 motibus
3348 1687 3666 1744 caelestium

249 1778 396 1840 sunt,
427 1777 485 1828 et
505 1785 541 1826 a
567 1773 841 1828 concordi
875 1773 1204 1829 testimonio
1230 1773 1545 1844 seniorum,
1577 1772 1676 1843 qui
1712 1773 1902 1828 inter—
1934 1771 1982 1832 Β
2012 1786 2316 1842 corporum
2343 1773 2654 1845 diligenter
2677 1774 2925 1839 collatis,
2953 1780 3072 1830 tum
3095 1789 3160 1829 ex
3191 1776 3544 1845 inspectione
3565 1789 3667 1831 ve-

252 1861 492 1930 fuerant,
526 1861 644 1917 sibi
676 1862 889 1918 tradita
920 1863 1290 1934 collegerunt.

314 1951 548 2021 Optimo
592 1951 786 2020 itaque
822 1952 953 2020 jure
993 1951 1246 2022 singulis
1281 1949 1621 2007 auctoribus
1663 1949 1904 2019 hujusce

254 2041 383 2097 libri
409 2041 657 2096 debetur
675 2041 951 2112 elogium,
976 2040 1046 2096 ab
1066 2041 1373 2097 Annalium
1401 2041 1698 2096 conditore
1725 2041 1903 2096 Baro-

261 2131 372 2199 nio,
420 2129 720 2185 historica
767 2129 1030 2185 veritatis
1073 2131 1270 2199 judice
1310 2129 1570 2199 emerito,
1617 2128 1903 2184 tributum

258 2219 553 2275 Anastasio
598 2225 750 2275 tomo
790 2221 887 2288 IX,
935 2220 1002 2275 ad
1047 2233 1181 2274 ann.
1225 2219 1356 2274 Chr.
1406 2216 1533 2288 752,
1582 2231 1739 2273 num.
1786 2215 1899 2271 l9:

260 2312 372 2364 Etsi
421 2310 556 2363 rudi
603 2310 766 2378 stylo,
811 2309 1122 2379 ﬁdelissime
1175 2313 1354 2364 tamen
1399 2323 1582 2364 rerum
1628 2312 1906 2376 gestarum

260 2398 538 2453 historiam
569 2400 840 2452 exaravit.

321 2486 406 2544 57.
439 2491 567 2543 Hac
593 2487 850 2558 fuerunt,
878 2488 1058 2544 amice
1083 2489 1306 2558 “Lector,
1333 2502 1365 2543 a
1391 2487 1560 2544 nobis
1590 2487 1902 2558 generatim

259 2577 651 2647 pramittenda
686 2578 757 2632 de
795 2578 1138 2632 auctoritate
1177 2577 1440 2633 codicum
1481 2591 1547 2632 ac
1583 2577 1905 2632 documen-

254 2667 331 2722 tis
367 2680 558 2721 rerum
597 2665 660 2721 in
700 2666 871 2721 Libro
913 2665 1229 2722 Pontiﬁcali
1271 2666 1723 2722 enuntiatarum.
1764 2667 1904 2720 Nam

255 2770 376 2826 qua
423 2755 724 2826 speciatim
769 2755 840 2811 de
887 2755 1138 2827 singulis
1184 2755 1437 2825 ejusdem
1491 2755 1752 2825 partibus
1800 2767 1906 2812 suo

255 2845 375 2902 loco
427 2844 766 2916 proferenda
813 2851 1004 2916 erunt,
1053 2845 1353 2901 ostendent
1405 2844 1555 2901 infra
1607 2851 1754 2902 nota
1800 2857 1908 2900 va-

254 2936 493 2991 riorum.
1369 2989 1378 2995 .

433 3025 574 3078 Cum
592 3023 745 3078 enim
768 3023 826 3078 in
845 3022 1000 3078 Libri
1023 3022 1398 3092 impressione
1421 3021 1685 3079 universa
1709 3027 1908 3078 curata

255 3113 369 3170 sint
407 3127 539 3184 qua
589 3114 742 3168 tueri
799 3113 1042 3168 maxime
1102 3110 1364 3183 poterant
1416 3125 1739 3184 germanam
1785 3113 1910 3182 ejus

257 3204 578 3272 lectionem,
602 3209 660 3257 et
681 3202 995 3272 plurimum
1025 3217 1351 3274 promovere
1377 3217 1518 3259 usus
1540 3208 1596 3258 et
1615 3203 1911 3258 commoda

257 3307 379 3362 qua
432 3291 568 3346 inde
634 3293 907 3363 consequi
971 3295 1230 3349 Lectores
1283 3297 1532 3362 possent,
1590 3291 1908 3348 consectari

257 3394 478 3436 necesse
499 3385 589 3436 est
612 3393 801 3450 parem
824 3381 1143 3452 diligentia
1165 3387 1336 3451 atque
1360 3381 1638 3437 utilitatis
1665 3380 1912 3450 publica

258 3485 448 3526 curam
467 3470 642 3526 etiam
666 3471 722 3525 in
741 3470 996 3527 editione
1016 3472 1502 3540 notarumSQuare
1521 3471 1836 3542 typograph
1847 3485 1914 3526 us

261 3561 564 3617 constituit
581 3573 653 3615 ex
679 3559 1015 3616 auctoribus
1039 3563 1298 3617 omnium
1325 3574 1607 3616 consensu
1632 3559 1910 3630 probatis,

263 3650 446 3720 Binio,
498 3649 826 3716 Ciacconio,
878 3649 1096 3706 Labbeo
1152 3650 1401 3719 potiores
1449 3650 1678 3721 eligere,
1735 3654 1790 3704 et
1841 3649 1910 3705 ad

264 3746 562 3795 contextus
630 3739 1068 3809 explicationem
1133 3740 1379 3795 maxime
1434 3739 1909 3808 accommodatas,

265 3844 406 3900 quas
428 3829 536 3899 ipsi
557 3833 687 3898 post
705 3829 860 3884 Vitas
882 3829 1222 3884 Pontificum
1249 3829 1590 3885 retulerunt.
1615 3828 1915 3883 Alteserra

265 3925 422 3973 notas
452 3919 512 3973 in
536 3918 904 3974 Anastasium
939 3917 1216 3987 peculiari
1247 3917 1397 3973 libro
1423 3917 1707 3989 vulgatas,
1734 3929 1915 3987 eoque

262 4014 380 4064 tum
413 4008 691 4064 brevitate
723 4008 1027 4078 laudando,
1063 4014 1184 4063 tum
1217 4007 1530 4063 lectissima
1561 4007 1910 4076 eruditione,

263 4098 531 4154 dabimus
575 4098 845 4168 integras.
879 4100 1023 4153 Neve
1068 4097 1185 4153 ulla
1218 4097 1513 4166 supersint
1559 4097 1916 4166 inexplorata

265 4187 452 4254 verba,
501 4193 605 4241 aut
651 4192 821 4258 gesta,
875 4194 974 4242 aut
1021 4187 1362 4242 documenta
1408 4186 1584 4255 hujus
1633 4185 1914 4254 historia,

265 4275 482 4347 quibus
527 4287 668 4329 nova
707 4275 806 4330 lux
847 4274 1062 4331 aﬁ‘undi
1115 4275 1298 4345 possit
1342 4288 1440 4344 per
1479 4274 1670 4329 atatis
1711 4278 1920 4329 nostra

266 4364 490 4420 labores
508 4381 526 4433 -,
541 4377 672 4418 cum
697 4363 922 4434 aliquot
942 4364 1194 4420 cultores
1213 4363 1616 4419 ecclesiastica
1638 4362 1918 4432 historia,

2012 1866 2193 1917 terum
2214 1861 2468 1930 lapidum
2488 1867 2543 1917 et
2567 1876 2925 1918 nummorum
2949 1881 2961 1916 :
2987 1863 3084 1918 ubi
3112 1868 3425 1932 temporum
3447 1879 3478 1918 a
3502 1864 3669 1919 nobis

2014 1951 2495 2006 numerandorum
2529 1951 2725 2020 series,
2757 1957 2814 2006 et
2845 1951 3200 2008 characteres
3233 1952 3466 2022 publico
3496 1953 3670 2010 testi-

2018 2041 2209 2097 monio
2242 2041 2456 2110 proditi
2488 2046 2931 2112 cognoscuntur.

2086 2128 2171 2185 60.
2210 2130 2428 2185 Paratis
2470 2130 2652 2200 igitur
2689 2129 3040 2198 adjumentis
3079 2133 3238 2185 utere
3278 2128 3436 2200 felix,
3472 2132 3672 2188 Lector

2015 2219 2275 2274 studiose
2291 2225 2347 2274 et
2363 2219 2628 2274 benevole
2648 2238 2659 2273 :
2681 2223 2736 2274 et
2752 2219 3136 2274 Romanorum
3158 2220 3312 2288 ponti
3325 2219 3493 2275 ticum
3514 2220 3670 2276 Vitas

2017 2306 2221 2363 habeto
2245 2308 2524 2363 universa
2547 2307 2950 2363 ecclesiastica
2985 2307 3242 2362 historia
3274 2312 3489 2376 partem
3517 2323 3670 2378 pra-

2015 2397 2266 2467 cipuam,
2288 2396 2583 2452 annalium
2608 2395 2812 2464 fontes,
2838 2402 2892 2452 et
2916 2397 3194 2466 pretiosas
3221 2410 3395 2452 sacra
3416 2398 3672 2468 antiqui-

2015 2486 2152 2542 tatis
2170 2486 2468 2556 reliquias,
2493 2487 2740 2555 primum
2758 2485 3026 2541 collectas
3047 2486 3105 2540 in
3121 2485 3387 2557 Catalogo
3405 2486 3668 2542 Liberia—

2015 2588 2088 2631 no
2108 2589 2175 2630 ex
2191 2576 2351 2631 Actis
2371 2581 2679 2646 martyrum
2699 2580 2753 2630 et
2777 2575 3180 2645 conciliorum,
3202 2588 3418 2630 necnon
3436 2588 3504 2630 ex
3522 2576 3672 2645 epis-

2014 2664 2150 2721 tolis
2177 2665 2511 2735 pontiﬁcum
2538 2671 2594 2720 et
2617 2663 3036 2735 confessorum,
3060 2665 3315 2720 Historia
3341 2665 3667 2736 Hegesippi,

2013 2753 2317 2809 Chronicis
2333 2753 2692 2821 Eusebianis,
2713 2753 3095 2824 aliorumque.
3117 2759 3251 2810 etex
3263 2754 3330 2809 Di
3339 2753 3563 2824 ptychis
3576 2755 3676 2810 Ec-

2016 2843 2322 2899 clesiarum
2347 2860 2362 2913 ;
2384 2849 2510 2912 post
2529 2842 2772 2898 alterum
2795 2857 2927 2899 vero
2945 2842 3220 2899 saculum
3242 2852 3440 2899 auctas
3465 2843 3671 2898 iisdem

2017 2932 2203 3002 copiis
2227 2932 2286 2986 in
2316 2931 2582 3003 Catalogo
2609 2931 2716 2987 sub
2740 2933 3067 2988 Justiniano
3093 2937 3148 2987 et
3172 2931 3478 3002 posteriori
3505 2937 3671 2988 atate

2019 3021 2129 3076 sub
2152 3020 2430 3092 Gregorio
2453 3023 2500 3075 Il
2521 3025 2575 3076 et
2597 3022 2666 3076 IIl
2691 3020 2998 3077 translatas
3022 3021 3080 3076 in
3105 3020 3336 3077 Librum
3362 3021 3675 3091 pontiﬁca-

1937 3094 1987 3160 ί)
2021 3112 2152 3182 lem,
2171 3124 2236 3166 ac
2255 3109 2445 3166 fusius
2465 3116 2728 3167 extensas
2747 3111 2813 3166 ad
2817 3112 3077 3181 jumento
3099 3110 3374 3167 tabularii
3394 3117 3450 3167 et
3469 3110 3675 3167 biblio-

2020 3201 2198 3256 theca
2235 3200 2585 3270 apostolica,
2629 3213 2845 3256 necnon
2891 3201 3279 3270 archivorum,
3326 3213 3673 3256 marmorum

2019 3295 2076 3346 et
2097 3289 2477 3345 cimeiiarchii
2503 3289 2864 3360 singularum
2888 3287 3062 3345 ferme
3086 3289 3252 3345 Urbis
3272 3289 3674 3354 ecclesiarum;

2021 3379 2424 3436 communibus
2462 3379 2712 3448 denique
2751 3379 2966 3434 studiis
3007 3379 3306 3434 nationum
3347 3377 3676 3434 eruditione

2022 3468 2437 3540 prastantium,
2470 3467 2727 3538 Belgica,
2770 3467 3028 3528 Gallica,
3060 3465 3432 3533 Germanica,
3466 3465 3676 3534 llispa-

2021 3558 2182 3627 nica,
2210 3557 2471 3626 lllyrica,
2498 3555 2728 3619 Italica,
2752 3559 2917 3608 atate
2942 3558 3134 3608 nostra
3155 3565 3187 3607 a
3210 3551 3477 3622 squalore
3497 3553 3677 3609 deter-

2021 3659 2132 3717 sas,
2160 3650 2217 3700 et
2233 3644 2302 3698 ab
2326 3643 2542 3712 injuria
2568 3647 2884 3710 temporum
2910 3640 3250 3711 vindicatas,
3284 3641 3680 3697 ministranti-

2024 3735 2131 3790 bus
2151 3733 2409 3802 undique
2425 3732 2652 3787 codices
2669 3731 3033 3801 antiquiores
3054 3731 3309 3786 dominis
3326 3736 3382 3787 et
3399 3730 3682 3802 prafectis

2024 3822 2521 3878 bibliothecarum.
2549 3821 2626 3876 De
2651 3819 2835 3890 opella
2857 3833 2988 3875 vero
3013 3825 3224 3891 nostra,
3250 3820 3683 3891 quantulacun-

1993 3926 2133 3984 'que
2177 3912 2404 3968 tandem
2437 3911 2536 3980 sit,
2577 3910 2728 3981 aqui
2769 3909 3024 3980 bonique
3061 3909 3330 3966 consulas
3362 3927 3374 3964 :
3405 3916 3460 3966 et
3484 3911 3683 3980 juvare

2025 4015 2157 4056 cum
2192 3999 2400 4071 possis,
2432 3999 2518 4055 vel
2551 3998 2909 4070 suggerendo
2949 4012 3090 4054 nova
3129 3999 3470 4056 documenta
3506 3998 3684 4056 chro-

2031 4090 2275 4161 nologia
2310 4097 2480 4160 atque
2521 4088 2779 4144 historia
2820 4087 3187 4158 pontificalis,
3230 4102 3356 4159 qua
3395 4095 3548 4144 tomo
3589 4101 3684 4144 se-

2030 4180 2217 4236 cundo
2267 4183 2368 4234 aut
2413 4177 2584 4233 tertio
2631 4177 2810 4232 inseri
2862 4176 3102 4248 possint,
3151 4177 3234 4232 vel
3275 4177 3588 4233 salubriter
3630 4181 3685 4233 et

2036 4269 2218 4324 amice
2244 4266 2605 4338 corrigendo,
2633 4266 2682 4321 si
2710 4280 2836 4336 qua
2862 4264 3006 4321 forte
3037 4265 3427 4335 imprudenter
3450 4267 3686 4322 excide-

2034 4358 2176 4428 rint,
2208 4356 2508 4414 meditanti
2538 4353 2924 4426 prafationem
2953 4362 3009 4411 et
3036 4362 3232 4427 notas;
3261 4357 3412 4412 scias
3437 4355 3685 4413 benefico

265 4461 321 4510 et
343 4469 523 4510 sacra
547 4453 918 4524 antiquitatis
944 4454 1290 4509 Christiana
1313 4454 1374 4509 in
1401 4466 1461 4509 se
1491 4452 1832 4522 receperint,
1862 4457 1926 4508 ut
1960 4469 2011 4529 ι)
2040 4447 2310 4502 monitori
2341 4460 2428 4501 me
2453 4445 2669 4517 gratias
2695 4444 3027 4502 habiturum
3057 4447 3352 4516 maximas,
3378 4460 3507 4502 cum
3535 4444 3685 4502 nihil

268 4544 582 4614 symbolam
627 4557 790 4600 suam
833 4541 1128 4600 conferant
1166 4543 1234 4599 ad
1285 4542 1388 4598 illa
1433 4541 1792 4612 explicanda,
1839 4540 1923 4596 vel
2038 4535 2344 4607 antiquius
2374 4534 2608 4591 habeam
2641 4548 2810 4605 quam
2839 4535 3179 4605 peritiorum
3208 4535 3387 4592 ductu
3412 4540 3468 4592 et
3494 4535 3688 4606 pluri-

270 4634 710 4704 comprobanda,
758 4647 885 4704 qua
923 4632 1376 4704 pracedentibus
1418 4632 1478 4686 in
1521 4630 1673 4686 notis
1709 4631 1922 4686 intacta
2036 4639 2258 4682 morum
2311 4638 2441 4680 cum
2490 4624 2768 4680 comitatu
2813 4625 3079 4681 accedere
3125 4630 3402 4695 quantum
3455 4625 3687 4682 licuerit

273 4721 508 4791 fuerint,
540 4722 628 4778 vel
663 4736 775 4778 non
807 4723 951 4778 satis
978 4721 1286 4788 declarata,
1319 4719 1647 4776 eorumdem
1678 4719 1926 4775 adnota-
2033 4715 2273 4785 propius
2312 4714 2380 4771 ad
2428 4713 2778 4785 pr0positam
2833 4713 2974 4771 bene
3017 4715 3348 4772 memoratis
3393 4715 3686 4772 mentibus

276 4813 458 4868 tiones
483 4811 806 4868 liberaliter
828 4811 1187 4867 ministratas
1212 4809 1460 4866 libenter
1481 4807 1925 4866 communicabi-
2033 4805 2349 4862 veritatem.

282 4915 420 4958 mus.
441 4901 628 4959 Nulla
646 4900 945 4959 dabuntur
965 4899 1273 4971 permista.
1297 4898 1561 4970 Singulis
1584 4898 1925 4970 interpreti-
