4050 6184
427 252 529 310 403

1347 547 2055 731 FBANCISCI

1229 253 1319 309 AD
1355 253 1792 311 ANASTASIUM
1831 252 2351 313 PROLEGOMENA
2389 256 2566 313 EDlT.
2610 257 3042 316 ROM.-VATIC.

3727 260 3823 319 404

2184 548 2910 733 BLANCHINI

1792 832 2436 937 PR/EFATIO

899 1062 1013 1124 AD
1085 1059 1389 1124 TOMUM
1449 1058 1912 1123 SECUNDUM
1990 1055 2415 1121 EDITIONIS
2477 1059 3339 1124 ROMANO—VATICANE.

491 1363 541 1419 4.
570 1365 953 1422 Produximus
982 1369 1133 1424 tomo
1166 1366 1356 1437 priore
1384 1366 1545 1422 Vitas
1574 1364 1912 1421 Pontiﬁcum
1944 1364 2064 1422 Ro-
2089 1367 2148 1428 A
2171 1364 2591 1437 Catalogorum,
2641 1367 2866 1437 quando
2918 1367 3352 1436 expendendum
3395 1365 3509 1422 erit
3556 1371 3823 1422 mutuum

418 1466 734 1526 manorum,
766 1454 1055 1512 Anastasii
1089 1456 1318 1512 nomine
1352 1461 1480 1526 post
1515 1455 1639 1524 ejus
1668 1455 2060 1510 collectionem

415 1543 688 1600 donatas:
717 1544 816 1600 ubi
844 1547 1173 1602 curavimus
1202 1547 1530 1615 superiores
1559 1544 1842 1601 editiones
1870 1545 2065 1600 ﬁdeli—

415 1635 499 1687 ter
527 1633 794 1704 exprimi,
828 1638 884 1690 et
912 1635 1260 1691 variantium
1293 1635 1604 1690 lectionum
1631 1634 1817 1704 copiis
1841 1634 2059 1705 augeri,

415 1723 917 1790 prastantissimis
941 1737 1006 1778 ex
1036 1723 1356 1791 codicibus,
1387 1727 1499 1778 tam
1529 1723 1682 1778 intra
1709 1737 1876 1793 quam
1903 1729 2063 1778 extra

411 1809 634 1865 Italiam
664 1812 921 1882 undique
945 1813 1315 1882 conquisitis.
1345 1811 1727 1884 Aggredimur
1751 1811 2060 1867 editionem

412 1899 648 1955 secundi
682 1901 844 1972 tomi,
879 1915 992 1972 quo
1018 1901 1435 1957 constituimus
1464 1901 1760 1970 complecti
1797 1901 2064 1972 prolego-

415 2000 574 2044 mena
617 1993 673 2044 et
716 1994 899 2058 notas,
945 1991 1011 2045 ad
1056 1989 1468 2046 illustrandum
1504 1994 1830 2046 contextum
1873 1990 2065 2060 cperis

413 2078 657 2133 maxime
681 2078 933 2134 idoneas.
959 2077 1080 2146 Qua
1108 2079 1164 2134 id
1190 2081 1410 2136 ratione
1435 2093 1814 2158 exsequamur
1832 2095 1900 2136 ex
1925 2081 2065 2137 illo—

413 2179 540 2221 rum
567 2168 868 2235 sententia,
899 2167 998 2237 qui
1029 2169 1272 2224 consilia
1298 2174 1353 2224 et
1374 2181 1532 2238 Opem
1564 2169 1700 2224 huic
1729 2171 1888 2239 operi
1918 2183 2065 2225 con-

413 2255 690 2325 tulerunt,
731 2256 993 2326 expedite
1033 2257 1319 2329 intelliget
1348 2260 1545 2314 Lector
1568 2272 1637 2314 ex
1677 2258 1769 2314 bis
1799 2273 1925 2329 qua
1965 2274 2064 2316 se-

413 2349 693 2414 quuntur.

479 2431 533 2490 2.
578 2435 636 2489 In
684 2433 1014 2505 praefatione
1059 2435 1272 2505 prioris
1312 2437 1474 2506 tomi,
1518 2449 1754 2492 numero
1796 2433 1880 2506 44,
1927 2451 2063 2507 per-

413 2523 717 2593 pendimus
732 2539 861 2580 cum
883 2524 1288 2582 Schelestratio
1309 2526 1520 2595 sapius
1542 2525 1790 2596 laudato,
1818 2527 2058 2597 primam

411 2616 695 2668 texturam
734 2614 889 2668 Libri
925 2616 1278 2684 Pontiﬁcalis,
1320 2629 1421 2672 seu
1464 2617 1731 2679 Vitarum,
1771 2616 2064 2672 Anastasii

2174 1454 2612 1526 ﬁrmamentum,
2648 1456 2796 1525 quod
2830 1456 2942 1511 sibi
2975 1457 3216 1512 invicem
3245 1460 3515 1527 prastant
3544 1456 3663 1512 hac
3695 1469 3825 1512 mo—

2174 1549 2465 1614 numenta,
2496 1558 2561 1599 ac
2588 1545 2916 1600 testimonia
2947 1546 3320 1602 ecclesiarum
3347 1551 3404 1603 et
3431 1545 3824 1603 bibliotheca-

2175 1647 2321 1701 rum,
2356 1634 2482 1688 suis
2517 1633 2575 1688 in
2609 1635 2854 1704 picturis
2885 1641 2940 1690 et
2967 1636 3297 1692 Codicibus.

2243 1724 2333 1776 IlI.
2381 1724 2547 1778 Num.
2598 1723 2686 1794 3i,
2739 1738 2859 1795 pag.
2906 1721 3374 1794 644:Catalogus
3410 1727 3732 1797 pontiﬁcum
3776 1729 3826 1778 et

2172 1811 2504 1866 decretorum
2543 1814 2610 1866 ab
2642 1815 2717 1868 eis
2748 1814 3014 1868 editorum
3044 1831 3112 1870 ea:
3148 1820 3520 1871 sexcentarum
3549 1829 3824 1869 annorum

2169 1902 2348 1955 codice
2384 1899 2490 1956 638
2537 1903 2792 1958 Vaticano
2832 1909 2957 1959 ante
2993 1904 3245 1960 Anselmi
3286 1906 3544 1960 Lucensis
3589 1904 3829 1974 episcOpi

2172 1990 2460 2044 decretum.

2242 2077 2551 2134 Observare
2579 2079 2671 2135 hic
2695 2081 2868 2136 etiam
2897 2085 3146 2152 praestat,
3175 2082 3377 2138 seriem
3405 2095 3471 2138 ac
3495 2080 3828 2138 successio—

2175 2180 2296 2223 nem
2329 2169 2662 2237 pontiﬁcum
2694 2172 3098 2242 Romanorum,
3126 2185 3438 2242 eorumque
3463 2171 3620 2228 sedis
3643 2171 3827 2226 chro—

2173 2257 2426 2312 notaxim
2454 2258 2597 2312 tanti
2631 2273 2850 2328 semper
2875 2259 3126 2314 habitam
3157 2260 3215 2315 in
3247 2261 3500 2316 Ecclesia
3526 2259 3729 2331 fuisse,
3760 2264 3826 2316 ut

2172 2349 2292 2400 tum
2313 2350 2528 2401 veteres
2546 2347 2755 2417 Patres,
2777 2349 3021 2404 irenaus
3039 2348 3280 2420 scilicet,
3301 2349 3520 2420 aliique
3535 2349 3602 2404 ad
3625 2349 3822 2419 priora

2169 2433 2384 2488 Christi
2417 2434 2622 2490 sacula
2666 2436 3032 2507 pertinentes,
3079 2437 3138 2493 in
3169 2443 3312 2493 astu
3354 2439 3822 2507 persecutionum

2171 2522 2422 2577 eamdem
2469 2528 2772 2594 attexant;
2816 2530 2935 2580 tum
2981 2525 3394 2596 subsequentes
3445 2531 3638 2582 atates
3691 2533 3826 2596 post

2171 2618 2444 2667 assertam
2467 2612 2787 2670 libertatem
2809 2615 2995 2671 divini
3017 2615 3212 2672 cultus
3235 2617 3486 2672 eamdem
3508 2615 3821 2686 explicent,

409 2716 601 2756 nomen
621 2705 1055 2771 praeferentium,
1097 2704 1291 2760 deberi
1337 2706 1601 2775 Antiquis
1643 2706 1917 2775 Catalogis
1946 2710 2060 2762 Ro—
2092 2713 2144 2774 Β
2177 2715 2286 2758 non
2323 2703 2486 2758 modo
2514 2704 2573 2758 in
2605 2703 2868 2760 basilicis
2897 2706 3188 2776 Romanis,
3218 2707 3314 2762 sed
3341 2707 3513 2762 etiam
3542 2706 3601 2761 in
3626 2705 3826 2775 pluri-

407 2806 695 2846 manorum
715 2795 1053 2864 pontiﬁcum,
1083 2795 1396 2864 prasertim
1423 2809 1555 2851 vero
1584 2799 1946 2850 vetustissimo
1975 2797 2063 2850 illi

409 2880 510 2934 sub
533 2881 747 2936 Liberio
765 2899 918 2952 papa
949 2884 1184 2946 collecto,
1218 2898 1385 2955 quem
1421 2885 1640 2941 idcirco
1671 2886 1756 2941 uti
1791 2886 1971 2941 basim
1997 2901 2062 2942 ac

411 2966 868 3043 fundamentum,
914 2978 1015 3029 aut
1062 2978 1214 3029 certe
1263 2975 1497 3030 initium
1549 2989 1614 3030 ac
1669 2975 2059 3031 rudimentum

410 3058 675 3115 Historia
707 3063 1059 3118 Pontiﬁcalis
1089 3064 1434 3134 pramittere
1466 3065 1851 3120 necessarium
1878 3065 2061 3120 duxi-

411 3159 556 3202 mus.
592 3149 820 3206 Primus
844 3152 1030 3207 edidit
1056 3155 1111 3206 P.
1139 3153 1405 3224 Egidius
1425 3153 1742 3209 Bucherius
1765 3155 1823 3208 in
1847 3153 2057 3209 celebri

407 3249 576 3306 Opere
604 3239 674 3293 de
697 3239 865 3310 Cyclo
895 3241 1154 3297 Paschali
1186 3243 1428 3299 Victorii
1459 3261 1470 3298 :
1504 3256 1537 3298 a
1565 3256 1676 3314 quo
1701 3243 1813 3298 erit
1841 3243 2060 3314 integer

405 3325 744 3384 describend
755 3344 842 3385 us.

475 3412 526 3470 3.
556 3417 809 3489 Catalogi
851 3420 1022 3475 etiam
1065 3420 1390 3490 complures
1415 3434 1446 3476 a
1472 3421 1882 3478 Schetestratio
1916 3421 2057 3476 aﬁ‘e—

407 3510 615 3562 runtur
643 3526 654 3561 :
689 3521 933 3578 quorum
965 3511 1389 3579 prastantiores
1413 3511 1763 3581 antiquitate
1793 3511 2055 3567 codicum

407 3596 660 3666 integros
683 3597 820 3652 dare
849 3600 1159 3654 constituo.
1187 3599 1333 3655 Sunt
1355 3605 1543 3655 autem
1574 3600 1638 3670 ii,
1667 3599 1767 3671 qui
1795 3613 2059 3670 sequun-

405 3691 519 3753 tur,
554 3685 614 3738 in
643 3685 960 3753 Appendice
991 3689 1064 3741 ad
1095 3688 1240 3757 Opus
1264 3688 1710 3757 Chronologicum
1731 3689 1801 3745 ab
1830 3703 1895 3746 eo
1916 3703 2057 3760 pro-

401 3771 586 3841 ducti,
623 3785 864 3842 nempe:

471 3863 514 3916 I.
557 3862 725 3918 Num.
766 3861 856 3932 “22,
901 3878 1027 3933 pap.
1073 3861 1196 3918 644.
1237 3867 1324 3919 Ea:
1361 3868 1588 3935 antiquo
1627 3869 2056 3936 octingentorum

402 3953 693 4019 sema-ginta
740 3955 982 4022 quinque
1027 3969 1297 4008 annorum
1338 3955 1529 4010 Codice
1574 3971 1676 4010 ms.
1727 3957 2058 4012 bibliotheca

2173 2791 2281 2847 bus
2310 2792 2484 2848 Roma
2509 2793 2756 2849 dissitis.
2787 2796 2938 2850 Duas
2967 2794 3087 2850 vidi
3118 2795 3174 2849 in
3199 2796 3428 2851 Etruria
3459 2795 3536 2850 ita
3567 2800 3823 2864 ornatas,

2175 2881 2665 2952 metropolitanam
2711 2883 2935 2939 scilicet
2963 2884 3262 2940 ecclesiam
3305 2885 3600 2953 Senarum,
3634 2889 3691 2939 et
3723 2897 3832 2940 ve—

2172 2973 2384 3026 tustam
2427 2972 2623 3042 adem,
2675 2973 2860 3028 sancti
2913 2973 3063 3028 Petri
3116 2974 3345 3030 nomine
3390 2975 3504 3029 Deo
3545 2973 3824 3042 dicatam,

2168 3060 2435 3116 dioecesis
2467 3062 2702 3133 Pisana,
2739 3075 2906 3133 quam
2938 3067 3140 3118 vocant
3168 3064 3222 3118 S.
3259 3063 3407 3118 Petri
3444 3063 3501 3118 in
3533 3063 3706 3118 Vado.

2241 3148 2292 3204 4.
2338 3150 2626 3222 Catalogis
2669 3152 2978 3222 pracipuis
3006 3166 3038 3208 a
3066 3152 3472 3208 Schelestratio
3503 3151 3678 3208 editis
3706 3152 3828 3207 ad—

2167 3239 2338 3294 dendi
2368 3245 2504 3296 sunt
2528 3241 2633 3295 alii
2666 3245 2812 3297 nota
2844 3255 2955 3298 non
2990 3241 3412 3313 posthabenda,
3441 3243 3558 3298 duo
3589 3255 3832 3311 praser-

2168 3328 2271 3384 tim
2298 3342 2329 3384 a
2351 3329 2413 3383 R.
2439 3331 2495 3383 P.
2523 3330 2680 3386 Joan.
2709 3330 3044 3387 Mabillonio
3067 3325 3330 3401 producti
3352 3345 3421 3387 ex
3441 3331 3830 3402 autographis

2168 3417 2532 3474 bibliotheca
2578 3420 2911 3475 monasterii
2949 3420 3313 3476 Corbeiensis
3353 3427 3505 3476 temo
3547 3421 3619 3474 Ili
3658 3421 3833 3476 Ana-

2168 3505 2462 3578 lectorum,
2493 3520 2616 3579 pag.
2648 3505 2770 3578 426,
2802 3524 3045 3578 quorum
3075 3509 3231 3580 prior
3251 3509 3468 3565 desinit
3491 3509 3550 3563 in
3578 3508 3826 3579 Vigilio,

2165 3604 2220 3652 et
2240 3597 2309 3652 ad
2336 3598 2508 3654 istius
2531 3597 2819 3666 pontiﬁcis
2838 3604 3055 3654 atatem
3077 3599 3374 3670 Scriptura
3395 3596 3642 3654 refertur
3659 3597 3832 3652 circa

2168 3689 2416 3743 medium
2445 3687 2642 3742 saeculi
2673 3688 2818 3742 sexti
2847 3702 2973 3744 ara
2999 3689 3382 3758 Christiana;
3409 3687 3553 3742 alter
3582 3700 3715 3742 vero
3747 3686 3829 3741 ad

2167 3774 2332 3832 ﬁnem
2360 3777 2590 3846 septimi
2624 3776 2731 3832 sub
2761 3777 3006 3843 Conone,
3039 3783 3094 3832 et
3118 3776 3185 3830 ad
3218 3776 3453 3831 initium
3487 3775 3671 3831 octavi
3702 3789 3832 3832 sa-

2165 3864 2282 3920 culi
2328 3865 2434 3922 sub
2463 3866 2660 3937 Sergio
2693 3867 2737 3918 lI
2765 3872 2820 3920 et
2849 3866 3061 3920 Joanne
3091 3867 3158 3920 VI
3189 3869 3407 3920 atatem
3456 3864 3829 3934 comprobat,

2164 3954 2437 4022 aqualem
2470 3954 2880 4024 antiquissimo
2913 3953 3002 4009 illi
3036 3954 3345 4023 exemplari
3379 3954 3587 4009 Codicis
3616 3956 3837 4009 Ponti—

400 4041 980 4097 Palatino-Vaticana;
1013 4044 1306 4111 Catalogus
1343 4047 1709 4101 Romanorum
1737 4049 2056 4115 pontiﬁcum
2083 4049 2130 4111 Ο
2163 4044 2337 4111 ﬁcalis
2365 4044 2710 4105 Farnesiani,
2740 4043 2910 4098 toties
2935 4043 3327 4098 commendato
3351 4057 3383 4098 a
3406 4046 3552 4100 Luca
3584 4044 3838 4100 liolste-

405 4131 505 4185 sub
540 4132 635 4185 hoc
669 4133 827 4186 titulo
855 4151 871 4185 :
899 4135 1288 4204 Episcoporum
1321 4137 1576 4190 Romana
1615 4135 1766 4188 urb-is
1810 4139 2050 4190 nomina.

473 4223 541 4275 Il.
591 4225 756 4278 Num.
809 4219 898 4294 27,
951 4237 1075 4294 pag.
1127 4221 1251 4295 6'26,
1296 4241 1362 4279 ea:
1402 4241 1503 4279 ms.
1544 4225 1738 4279 Codice
1790 4227 2052 4280 Vaticano

405 4306 559 4378 4353,
617 4313 714 4379 qui
759 4311 1064 4382 descriptus
1117 4318 1196 4367 est
1244 4316 1343 4368 sub
1389 4315 1560 4368 Paulo
1607 4317 1684 4377 II,
1733 4331 1800 4369 eae
1849 4319 2050 4370 vetusto

398 4398 591 4453 Codice
617 4397 725 4454 808
744 4416 1014 4455 annorum
1042 4403 1271 4457 ecclesia
1297 4404 1691 4471 Pergamensis.

471 4490 630 4544 Hunc
683 4504 815 4546 vero
862 4491 1214 4564 Catalogum,
1271 4494 1640 4563 spectabilem
1701 4493 2048 4564 antiquitate

398 4578 618 4634 codicis
649 4581 798 4636 unde
829 4582 1214 4651 transcriptus
1239 4589 1344 4654 est,
1374 4584 1563 4639 reddit
1592 4583 2048 4640 commendatio—

401 4682 517 4725 rem
549 4670 697 4726 ratio
739 4670 1147 4742 chronologia,
1191 4673 1541 4741 respondens
1574 4673 1831 4728 numeris
1860 4685 2049 4728 anno-—

401 4775 547 4832 rum,
579 4760 860 4816 mensium
887 4774 952 4816 ac
974 4760 1202 4818 dierum
1229 4762 1402 4832 sedis,
1435 4762 1753 4832 unicuique
1786 4760 2044 4830 pontiﬁci

397 4849 638 4905 tributis
666 4850 723 4905 in
749 4855 973 4906 vetusta
1003 4850 1248 4921 pictura,
1273 4865 1399 4922 qua
1424 4855 1684 4921 superest
1708 4851 1766 4905 in
1801 4851 2047 4921 parieti—

398 4939 506 4994 bus
534 4941 792 4999 Basilica
811 4943 866 4996 S.
902 4940 1062 4996 Pauli
1097 4941 1198 4995 Via
1228 4941 1502 5013 Ostiensi,
1533 4941 1720 4997 atatis
1751 4953 1863 4996 non
1892 4939 2048 4996 infe—

400 5029 574 5085 rioris
592 5030 858 5100 Catalogo
882 5036 1189 5087 memorato
1215 5044 1494 5087 annorum
1519 5029 1645 5099 800,
1669 5030 1957 5099 descripto
1979 5044 2047 5086 ex

397 5117 592 5174 codice
621 5117 874 5172 ecclesia
906 5119 1314 5189 Pergamensis,
1340 5118 1580 5174 fortasse
1604 5118 1775 5173 etiam
1806 5118 2048 5188 aqualis

397 5207 554 5277 Operi
589 5205 831 5276 musivo,
860 5218 892 5259 a
921 5206 972 5259 S.
1024 5208 1203 5262 Leone
1233 5210 1433 5278 Magno
1480 5208 1537 5262 in
1578 5207 1772 5262 eadem
1806 5205 2046 5262 basilica

396 5300 753 5351 constructo:
780 5297 840 5349 ut
871 5293 1152 5362 conjicere
1182 5296 1370 5367 liceat,
1403 5295 1488 5351 vel
1521 5295 1769 5366 pictores
1797 5308 1830 5350 a
1860 5294 2048 5350 libra-

2166 4132 2262 4186 nio
2301 4135 2356 4186 et
2401 4145 2433 4186 a
2476 4131 2880 4188 Schelestratio
2914 4151 2926 4186 :
2962 4134 3130 4201 cujus
3183 4139 3477 4202 propterea
3524 4133 3835 4203 specimen

2160 4221 2460 4292 exhibebo,
2495 4227 2560 4276 ut
2583 4221 2829 4277 conferri
2859 4223 3041 4291 possit
3068 4237 3197 4279 cum
3231 4224 3542 4292 specimine
3573 4225 3834 4281 secundi

2163 4309 2326 4365 illius
2346 4309 2589 4381 catalogi
2611 4309 2932 4380 Corbeiani,
2959 4311 3185 4382 vulgato
3208 4325 3307 4380 per
3327 4310 3730 4366 Mabillonium
3764 4313 3833 4367 in

2159 4399 2310 4456 libro
2345 4414 2377 4454 v
2417 4401 2486 4455 de
2521 4400 2600 4454 Re
2637 4400 3038 4470 Diplomatica,
3085 4400 3293 4456 tabella
3336 4414 3461 4470 vm,
3512 4413 3634 4471 pag.
3680 4398 3834 4457 359.

2159 4491 2356 4548 Visum
2395 4494 2483 4545 est
2524 4490 2666 4545 mihi
2707 4491 2820 4546 duo
2863 4491 2978 4544 hac
3027 4491 3343 4560 specimina
3391 4503 3513 4546 esse
3559 4491 3839 4559 conjun—

2158 4581 2356 4653 genda,
2384 4585 2449 4636 ut
2473 4580 2799 4636 evidentius
2826 4580 3057 4651 agnosci
3087 4580 3268 4650 possit
3289 4579 3611 4649 antiquitas
3633 4577 3839 4635 ferme

2158 4683 2258 4739 par
2282 4669 2514 4724 illorum
2541 4669 2823 4737 codicum,
2856 4668 3090 4738 probata
3115 4681 3215 4738 per
3246 4669 3401 4724 viros
3426 4667 3833 4739 clarissimos,

2156 4768 2211 4815 et
2241 4759 2300 4814 in
2330 4772 2395 4814 ea
2424 4757 2694 4814 facultate
2719 4757 2947 4827 judices
2979 4758 3221 4814 maxime
3265 4758 3501 4814 idoneos
3534 4756 3832 4814 Mabillo—

2159 4848 2318 4904 nium
2347 4853 2404 4903 et
2434 4847 2926 4904 Schelestratium.

2311 4937 2583 4993 Succedet
2613 4937 2876 5006 prasulis
2917 4936 3090 4992 istius
3121 4936 3456 4993 dissertatio
3488 4937 3713 5008 integra
3754 4939 3843 4994 de

2154 5027 2418 5097 Antiquis
2469 5029 2832 5082 Romanorum
2888 5028 3208 5098 Pontiﬁcum
3251 5026 3570 5096 .Catalogis,
3631 5041 3842 5097 quam

2159 5119 2528 5187 promiseram
2586 5117 2646 5171 in
2702 5117 3032 5186 pral‘atione
3081 5117 3295 5187 prioris
3340 5117 3501 5189 tomi,
3555 5129 3714 5170 num.
3762 5115 3838 5188 2,

2155 5207 2372 5262 editum
2399 5207 2473 5262 iri
2495 5210 2626 5261 ante
2648 5213 2811 5263 notas
2831 5207 3121 5262 variorum
3147 5207 3214 5262 ad
3240 5222 3388 5277 opus
3409 5205 3722 5263 Anastasiu
3738 5221 3842 5273 tn,

2155 5311 2283 5353 cum
2306 5297 2385 5353 sit
2407 5295 2777 5351 manuductio
2798 5296 3110 5365 tutissima,
3133 5301 3188 5351 et
3207 5296 3654 5352 commentarius
3676 5299 3850 5365 qui-

399 5385 528 5453 riis,
547 5383 631 5439 vel
651 5383 969 5441 librariosa
989 5382 1327 5453 pictoribus,
1354 5385 1439 5441 vel
1461 5390 1734 5455 utrosque
1749 5382 1819 5440 ab
1839 5385 2043 5441 iisdem
2079 5379 2131 5441 D
2153 5387 2281 5443 dam
2317 5391 2624 5457 perpetuus
2648 5387 2717 5441 ad
2747 5385 3094 5456 pontiﬁcalis
3127 5386 3385 5444 historia
3410 5386 3712 5442 veritatem
3758 5387 3845 5446 in

397 5470 658 5530 fontibus
679 5473 941 5532 hausisse
963 5472 1295 5542 hujusmodi
1318 5473 1748 5546 chronologiam
1769 5493 1781 5529 :
1805 5475 1891 5530 uti
1913 5476 2046 5532 dili-

397 5563 630 5635 gentius
674 5563 1088 5622 observandum
1137 5577 1446 5640 propopam
1501 5570 1630 5622 ante
1676 5571 2041 5638 conspectum

2153 5475 2313 5534 hisce
2340 5474 2489 5531 Vitis
2521 5474 3053 5546 recognoscendam.

2221 5564 2274 5623 6.
2310 5566 2432 5623 Non
2471 5563 2574 5622 abs
2607 5578 2668 5622 re
2701 5578 2825 5622 esse
2862 5564 3000 5622 duxi
3046 5565 3282 5624 alteram
3325 5563 3846 5627 Dissertationem
