  <div class='ocr_page' id='page_1' title='image "/cluster/home/n/w/nwhite01/storage/ocr_20150623/127/hvd.32044054759881/058.png"; bbox 0 0 4034 6196; ppageno 0'>
   <div class='ocr_carea' id='block_1_1' title="bbox 175 339 280 397">
    <p class='ocr_par' dir='ltr' id='par_1_1' title="bbox 175 339 280 397">
     <span class='ocr_line' id='line_1_1' title="bbox 175 339 280 397; baseline 0 0"><span class='ocrx_word' id='word_1_1' title='bbox 175 339 280 397; x_wconf 72' lang='grc'><strong>405</strong></span> 
     </span>
    </p>
   </div>
   <div class='ocr_carea' id='block_1_2' title="bbox 1470 322 2301 386">
    <p class='ocr_par' dir='ltr' id='par_1_2' title="bbox 1470 322 2301 386">
     <span class='ocr_line' id='line_1_2' title="bbox 1470 322 2301 386; baseline -0.007 -1"><span class='ocrx_word' id='word_1_2' title='bbox 1470 326 1827 386; x_wconf 73' lang='lat' dir='ltr'><strong>PREFATIO</strong></span> <span class='ocrx_word' id='word_1_3' title='bbox 1870 327 1963 384; x_wconf 82' lang='lat' dir='ltr'><strong>AD</strong></span> <span class='ocrx_word' id='word_1_4' title='bbox 2004 322 2172 383; x_wconf 89' lang='lat' dir='ltr'><strong>TOM.</strong></span> <span class='ocrx_word' id='word_1_5' title='bbox 2233 326 2301 380; x_wconf 87' lang='grc' dir='ltr'><strong>Π.</strong></span> 
     </span>
    </p>
   </div>
   <div class='ocr_carea' id='block_1_3' title="bbox 3486 327 3593 390">
    <p class='ocr_par' dir='ltr' id='par_1_3' title="bbox 3486 327 3593 390">
     <span class='ocr_line' id='line_1_3' title="bbox 3486 327 3593 390; baseline 0.037 -4"><span class='ocrx_word' id='word_1_6' title='bbox 3486 327 3593 390; x_wconf 76' lang='grc'><strong>406</strong></span> 
     </span>
    </p>
   </div>
   <div class='ocr_carea' id='block_1_4' title="bbox 169 448 3584 530">
    <p class='ocr_par' dir='ltr' id='par_1_4' title="bbox 169 448 3584 530">
     <span class='ocr_line' id='line_1_4' title="bbox 169 448 3584 530; baseline -0 -12"><span class='ocrx_word' id='word_1_7' title='bbox 169 467 420 518; x_wconf 81' lang='lat' dir='ltr'><strong>attexere</strong></span> <span class='ocrx_word' id='word_1_8' title='bbox 472 461 540 515; x_wconf 85' lang='lat' dir='ltr'><strong>de</strong></span> <span class='ocrx_word' id='word_1_9' title='bbox 594 460 863 530; x_wconf 76' lang='lat' dir='ltr'><strong>Antiquis</strong></span> <span class='ocrx_word' id='word_1_10' title='bbox 918 458 1194 527; x_wconf 83' lang='lat' dir='ltr'><strong>Catalogis</strong></span> <span class='ocrx_word' id='word_1_11' title='bbox 1247 458 1564 528; x_wconf 79' lang='lat' dir='ltr'><strong>pontiﬁcum</strong></span> <span class='ocrx_word' id='word_1_12' title='bbox 1619 456 1824 510; x_wconf 86' lang='lat' dir='ltr'><strong>Roma-</strong></span> <span class='ocrx_word' id='word_1_13' title='bbox 1853 448 1912 509; x_wconf 91' lang='lat' dir='ltr'><strong>A</strong></span> <span class='ocrx_word' id='word_1_14' title='bbox 1950 453 2007 509; x_wconf 91' lang='lat' dir='ltr'><strong>in</strong></span> <span class='ocrx_word' id='word_1_15' title='bbox 2040 468 2216 511; x_wconf 91' lang='lat' dir='ltr'><strong>unum</strong></span> <span class='ocrx_word' id='word_1_16' title='bbox 2247 454 2502 511; x_wconf 89' lang='lat' dir='ltr'><strong>codicem</strong></span> <span class='ocrx_word' id='word_1_17' title='bbox 2530 469 2661 512; x_wconf 92' lang='lat' dir='ltr'><strong>cum</strong></span> <span class='ocrx_word' id='word_1_18' title='bbox 2691 456 3085 513; x_wconf 88' lang='lat' dir='ltr'><strong>vetustissima</strong></span> <span class='ocrx_word' id='word_1_19' title='bbox 3113 457 3451 516; x_wconf 82' lang='lat' dir='ltr'><strong>collectione</strong></span> <span class='ocrx_word' id='word_1_20' title='bbox 3481 461 3584 517; x_wconf 90' lang='lat' dir='ltr'><strong>In-</strong></span> 
     </span>
    </p>
   </div>
   <div class='ocr_carea' id='block_1_5' title="bbox 171 567 390 605">
    <p class='ocr_par' dir='ltr' id='par_1_5' title="bbox 171 567 390 605">
     <span class='ocr_line' id='line_1_5' title="bbox 171 567 390 605; baseline 0 0"><span class='ocrx_word' id='word_1_21' title='bbox 171 567 369 605; x_wconf 84' lang='lat' dir='ltr'><strong>norum</strong></span> <span class='ocrx_word' id='word_1_22' title='bbox 376 592 390 605; x_wconf 87' lang='lat'><strong>.</strong></span> 
     </span>
    </p>
   </div>
   <div class='ocr_carea' id='block_1_6' title="bbox 1942 542 3591 616">
    <p class='ocr_par' dir='ltr' id='par_1_6' title="bbox 1942 542 3591 616">
     <span class='ocr_line' id='line_1_6' title="bbox 1942 542 3591 616; baseline 0.005 -19"><span class='ocrx_word' id='word_1_23' title='bbox 1942 542 2323 613; x_wconf 77' lang='lat' dir='ltr'><strong>scriptionum</strong></span> <span class='ocrx_word' id='word_1_24' title='bbox 2346 545 2749 614; x_wconf 86' lang='lat' dir='ltr'><strong>Romanarum,</strong></span> <span class='ocrx_word' id='word_1_25' title='bbox 2782 544 2842 600; x_wconf 91' lang='lat' dir='ltr'><strong>in</strong></span> <span class='ocrx_word' id='word_1_26' title='bbox 2858 544 3007 601; x_wconf 83' lang='lat' dir='ltr'><strong>Urbe</strong></span> <span class='ocrx_word' id='word_1_27' title='bbox 3023 546 3443 616; x_wconf 84' lang='lat' dir='ltr'><strong>descriptarum</strong></span> <span class='ocrx_word' id='word_1_28' title='bbox 3468 552 3591 605; x_wconf 91' lang='lat' dir='ltr'><strong>tum</strong></span> 
     </span>
    </p>
   </div>
   <div class='ocr_carea' id='block_1_7' title="bbox 240 630 3592 707">
    <p class='ocr_par' dir='ltr' id='par_1_7' title="bbox 240 630 3592 707">
     <span class='ocr_line' id='line_1_7' title="bbox 240 630 3592 707; baseline -0.001 -13"><span class='ocrx_word' id='word_1_29' title='bbox 240 639 399 695; x_wconf 88' lang='lat' dir='ltr'><strong>Licet</strong></span> <span class='ocrx_word' id='word_1_30' title='bbox 424 638 584 693; x_wconf 90' lang='lat' dir='ltr'><strong>enim</strong></span> <span class='ocrx_word' id='word_1_31' title='bbox 617 636 889 694; x_wconf 88' lang='lat' dir='ltr'><strong>laudatus</strong></span> <span class='ocrx_word' id='word_1_32' title='bbox 920 636 1129 707; x_wconf 84' lang='lat' dir='ltr'><strong>prasul</strong></span> <span class='ocrx_word' id='word_1_33' title='bbox 1162 638 1245 691; x_wconf 92' lang='lat' dir='ltr'><strong>tot</strong></span> <span class='ocrx_word' id='word_1_34' title='bbox 1272 633 1542 705; x_wconf 87' lang='lat' dir='ltr'><strong>praclara</strong></span> <span class='ocrx_word' id='word_1_35' title='bbox 1566 630 1833 689; x_wconf 89' lang='lat' dir='ltr'><strong>eonscri—</strong></span> <span class='ocrx_word' id='word_1_36' title='bbox 1940 645 2009 687; x_wconf 87' lang='lat' dir='ltr'><strong>ex</strong></span> <span class='ocrx_word' id='word_1_37' title='bbox 2039 632 2243 701; x_wconf 90' lang='lat' dir='ltr'><strong>sacris,</strong></span> <span class='ocrx_word' id='word_1_38' title='bbox 2275 638 2395 688; x_wconf 92' lang='lat' dir='ltr'><strong>tum</strong></span> <span class='ocrx_word' id='word_1_39' title='bbox 2420 646 2490 688; x_wconf 91' lang='lat' dir='ltr'><strong>ex</strong></span> <span class='ocrx_word' id='word_1_40' title='bbox 2522 631 2780 704; x_wconf 82' lang='lat' dir='ltr'><strong>profanis</strong></span> <span class='ocrx_word' id='word_1_41' title='bbox 2803 633 3107 691; x_wconf 82' lang='lat' dir='ltr'><strong>adiﬁciis:</strong></span> <span class='ocrx_word' id='word_1_42' title='bbox 3136 642 3193 690; x_wconf 88' lang='lat' dir='ltr'><strong>et</strong></span> <span class='ocrx_word' id='word_1_43' title='bbox 3218 635 3421 692; x_wconf 89' lang='lat' dir='ltr'><strong>retulit</strong></span> <span class='ocrx_word' id='word_1_44' title='bbox 3443 636 3592 692; x_wconf 91' lang='lat' dir='ltr'><strong>inter</strong></span> 
     </span>
    </p>
   </div>
   <div class='ocr_carea' id='block_1_8' title="bbox 174 722 1829 799">
    <p class='ocr_par' dir='ltr' id='par_1_8' title="bbox 174 722 1829 799">
     <span class='ocr_line' id='line_1_8' title="bbox 174 722 1829 799; baseline -0.005 -16"><span class='ocrx_word' id='word_1_45' title='bbox 174 729 353 799; x_wconf 87' lang='lat' dir='ltr'><strong>pserit</strong></span> <span class='ocrx_word' id='word_1_46' title='bbox 375 728 447 783; x_wconf 91' lang='lat' dir='ltr'><strong>de</strong></span> <span class='ocrx_word' id='word_1_47' title='bbox 473 727 585 784; x_wconf 88' lang='lat' dir='ltr'><strong>hoc</strong></span> <span class='ocrx_word' id='word_1_48' title='bbox 613 731 956 798; x_wconf 85' lang='lat' dir='ltr'><strong>argumento</strong></span> <span class='ocrx_word' id='word_1_49' title='bbox 984 726 1043 781; x_wconf 92' lang='lat' dir='ltr'><strong>in</strong></span> <span class='ocrx_word' id='word_1_50' title='bbox 1073 728 1379 780; x_wconf 89' lang='lat' dir='ltr'><strong>memorata</strong></span> <span class='ocrx_word' id='word_1_51' title='bbox 1400 722 1829 790; x_wconf 75' lang='lat' dir='ltr'><strong>dissertatione,</strong></span> 
     </span>
    </p>
   </div>
   <div class='ocr_carea' id='block_1_9' title="bbox 176 811 1834 874">
    <p class='ocr_par' dir='ltr' id='par_1_9' title="bbox 176 811 1834 874">
     <span class='ocr_line' id='line_1_9' title="bbox 176 811 1834 874; baseline -0.005 0"><span class='ocrx_word' id='word_1_52' title='bbox 176 826 236 874; x_wconf 91' lang='lat' dir='ltr'><strong>ut</strong></span> <span class='ocrx_word' id='word_1_53' title='bbox 266 831 508 873; x_wconf 90' lang='lat' dir='ltr'><strong>messem</strong></span> <span class='ocrx_word' id='word_1_54' title='bbox 538 817 775 874; x_wconf 86' lang='lat' dir='ltr'><strong>uberem</strong></span> <span class='ocrx_word' id='word_1_55' title='bbox 802 817 1024 873; x_wconf 82' lang='lat' dir='ltr'><strong>selectae</strong></span> <span class='ocrx_word' id='word_1_56' title='bbox 1052 814 1406 872; x_wconf 75' lang='lat' dir='ltr'><strong>eruditionis</strong></span> <span class='ocrx_word' id='word_1_57' title='bbox 1430 812 1693 870; x_wconf 86' lang='lat' dir='ltr'><strong>attulerit</strong></span> <span class='ocrx_word' id='word_1_58' title='bbox 1719 811 1834 866; x_wconf 90' lang='lat' dir='ltr'><strong>sin-</strong></span> 
     </span>
    </p>
   </div>
   <div class='ocr_carea' id='block_1_10' title="bbox 175 899 1834 978">
    <p class='ocr_par' dir='ltr' id='par_1_10' title="bbox 175 899 1834 978">
     <span class='ocr_line' id='line_1_10' title="bbox 175 899 1834 978; baseline -0.005 -16"><span class='ocrx_word' id='word_1_59' title='bbox 175 906 327 978; x_wconf 82' lang='lat' dir='ltr'><strong>gulis</strong></span> <span class='ocrx_word' id='word_1_60' title='bbox 364 905 547 962; x_wconf 83' lang='lat' dir='ltr'><strong>ferme</strong></span> <span class='ocrx_word' id='word_1_61' title='bbox 579 907 641 962; x_wconf 91' lang='lat' dir='ltr'><strong>in</strong></span> <span class='ocrx_word' id='word_1_62' title='bbox 685 906 998 977; x_wconf 87' lang='lat' dir='ltr'><strong>capitibus,</strong></span> <span class='ocrx_word' id='word_1_63' title='bbox 1030 911 1278 960; x_wconf 85' lang='lat' dir='ltr'><strong>attamen</strong></span> <span class='ocrx_word' id='word_1_64' title='bbox 1318 902 1622 974; x_wconf 90' lang='lat' dir='ltr'><strong>spicilegia</strong></span> <span class='ocrx_word' id='word_1_65' title='bbox 1666 899 1834 956; x_wconf 91' lang='lat' dir='ltr'><strong>nobis</strong></span> 
     </span>
    </p>
   </div>
   <div class='ocr_carea' id='block_1_11' title="bbox 176 989 1834 1066">
    <p class='ocr_par' dir='ltr' id='par_1_11' title="bbox 176 989 1834 1066">
     <span class='ocr_line' id='line_1_11' title="bbox 176 989 1834 1066; baseline -0.005 -15"><span class='ocrx_word' id='word_1_66' title='bbox 176 995 418 1066; x_wconf 85' lang='lat' dir='ltr'><strong>reliquit</strong></span> <span class='ocrx_word' id='word_1_67' title='bbox 468 1008 583 1051; x_wconf 91' lang='lat' dir='ltr'><strong>non</strong></span> <span class='ocrx_word' id='word_1_68' title='bbox 632 994 1066 1063; x_wconf 87' lang='lat' dir='ltr'><strong>contemnenda,</strong></span> <span class='ocrx_word' id='word_1_69' title='bbox 1113 993 1429 1063; x_wconf 89' lang='lat' dir='ltr'><strong>prasertim</strong></span> <span class='ocrx_word' id='word_1_70' title='bbox 1478 1004 1609 1047; x_wconf 91' lang='lat' dir='ltr'><strong>cum</strong></span> <span class='ocrx_word' id='word_1_71' title='bbox 1645 989 1834 1060; x_wconf 88' lang='lat' dir='ltr'><strong>ipsius</strong></span> 
     </span>
    </p>
   </div>
   <div class='ocr_carea' id='block_1_12' title="bbox 170 1079 1832 1155">
    <p class='ocr_par' dir='ltr' id='par_1_12' title="bbox 170 1079 1832 1155">
     <span class='ocr_line' id='line_1_12' title="bbox 170 1079 1832 1155; baseline -0.004 -14"><span class='ocrx_word' id='word_1_72' title='bbox 170 1085 523 1155; x_wconf 88' lang='lat' dir='ltr'><strong>disquisitio</strong></span> <span class='ocrx_word' id='word_1_73' title='bbox 552 1090 815 1141; x_wconf 83' lang='lat' dir='ltr'><strong>versetur</strong></span> <span class='ocrx_word' id='word_1_74' title='bbox 845 1083 1131 1154; x_wconf 88' lang='lat' dir='ltr'><strong>pracipue</strong></span> <span class='ocrx_word' id='word_1_75' title='bbox 1160 1082 1316 1138; x_wconf 89' lang='lat' dir='ltr'><strong>circa</strong></span> <span class='ocrx_word' id='word_1_76' title='bbox 1341 1082 1489 1138; x_wconf 91' lang='lat' dir='ltr'><strong>duos</strong></span> <span class='ocrx_word' id='word_1_77' title='bbox 1513 1079 1832 1151; x_wconf 89' lang='lat' dir='ltr'><strong>Catalogos,</strong></span> 
     </span>
    </p>
   </div>
   <div class='ocr_carea' id='block_1_13' title="bbox 175 1168 1838 1245">
    <p class='ocr_par' dir='ltr' id='par_1_13' title="bbox 175 1168 1838 1245">
     <span class='ocr_line' id='line_1_13' title="bbox 175 1168 1838 1245; baseline -0.004 -16"><span class='ocrx_word' id='word_1_78' title='bbox 175 1174 274 1245; x_wconf 89' lang='lat' dir='ltr'><strong>qui</strong></span> <span class='ocrx_word' id='word_1_79' title='bbox 315 1174 531 1230; x_wconf 89' lang='lat' dir='ltr'><strong>merito</strong></span> <span class='ocrx_word' id='word_1_80' title='bbox 563 1173 852 1230; x_wconf 88' lang='lat' dir='ltr'><strong>habentur</strong></span> <span class='ocrx_word' id='word_1_81' title='bbox 882 1173 1154 1243; x_wconf 79' lang='lat' dir='ltr'><strong>potiores,</strong></span> <span class='ocrx_word' id='word_1_82' title='bbox 1190 1172 1440 1242; x_wconf 91' lang='lat' dir='ltr'><strong>primum</strong></span> <span class='ocrx_word' id='word_1_83' title='bbox 1470 1170 1578 1227; x_wconf 89' lang='lat' dir='ltr'><strong>sub</strong></span> <span class='ocrx_word' id='word_1_84' title='bbox 1610 1168 1838 1225; x_wconf 87' lang='lat' dir='ltr'><strong>Liberio</strong></span> 
     </span>
    </p>
   </div>
   <div class='ocr_carea' id='block_1_14' title="bbox 173 1261 1838 1334">
    <p class='ocr_par' dir='ltr' id='par_1_14' title="bbox 173 1261 1838 1334">
     <span class='ocr_line' id='line_1_14' title="bbox 173 1261 1838 1334; baseline -0.004 -15"><span class='ocrx_word' id='word_1_85' title='bbox 173 1263 514 1334; x_wconf 89' lang='lat' dir='ltr'><strong>collectum,</strong></span> <span class='ocrx_word' id='word_1_86' title='bbox 547 1262 797 1319; x_wconf 88' lang='lat' dir='ltr'><strong>alterum</strong></span> <span class='ocrx_word' id='word_1_87' title='bbox 818 1262 925 1318; x_wconf 90' lang='lat' dir='ltr'><strong>sub</strong></span> <span class='ocrx_word' id='word_1_88' title='bbox 949 1261 1187 1334; x_wconf 88' lang='lat' dir='ltr'><strong>Vigilio,</strong></span> <span class='ocrx_word' id='word_1_89' title='bbox 1221 1266 1532 1331; x_wconf 89' lang='lat' dir='ltr'><strong>utrumque</strong></span> <span class='ocrx_word' id='word_1_90' title='bbox 1552 1263 1838 1317; x_wconf 88' lang='lat' dir='ltr'><strong>servatum</strong></span> 
     </span>
    </p>
   </div>
   <div class='ocr_carea' id='block_1_15' title="bbox 171 1347 1840 1421">
    <p class='ocr_par' dir='ltr' id='par_1_15' title="bbox 171 1347 1840 1421">
     <span class='ocr_line' id='line_1_15' title="bbox 171 1347 1840 1421; baseline -0.004 -13"><span class='ocrx_word' id='word_1_91' title='bbox 171 1352 473 1409; x_wconf 77' lang='lat' dir='ltr'><strong>veteribus</strong></span> <span class='ocrx_word' id='word_1_92' title='bbox 508 1352 568 1407; x_wconf 91' lang='lat' dir='ltr'><strong>in</strong></span> <span class='ocrx_word' id='word_1_93' title='bbox 601 1351 989 1421; x_wconf 86' lang='lat' dir='ltr'><strong>membranis;</strong></span> <span class='ocrx_word' id='word_1_94' title='bbox 1021 1350 1209 1407; x_wconf 91' lang='lat' dir='ltr'><strong>obiter</strong></span> <span class='ocrx_word' id='word_1_95' title='bbox 1241 1364 1372 1406; x_wconf 90' lang='lat' dir='ltr'><strong>vero</strong></span> <span class='ocrx_word' id='word_1_96' title='bbox 1402 1348 1664 1420; x_wconf 82' lang='lat' dir='ltr'><strong>attigerit</strong></span> <span class='ocrx_word' id='word_1_97' title='bbox 1691 1347 1840 1402; x_wconf 90' lang='lat' dir='ltr'><strong>alios</strong></span> 
     </span>
    </p>
   </div>
   <div class='ocr_carea' id='block_1_16' title="bbox 169 1434 1842 1511">
    <p class='ocr_par' dir='ltr' id='par_1_16' title="bbox 169 1434 1842 1511">
     <span class='ocr_line' id='line_1_16' title="bbox 169 1434 1842 1511; baseline -0.004 -14"><span class='ocrx_word' id='word_1_98' title='bbox 169 1440 507 1511; x_wconf 83' lang='lat' dir='ltr'><strong>Catalegos,</strong></span> <span class='ocrx_word' id='word_1_99' title='bbox 534 1445 594 1495; x_wconf 91' lang='lat' dir='ltr'><strong>et</strong></span> <span class='ocrx_word' id='word_1_100' title='bbox 621 1440 718 1496; x_wconf 86' lang='lat' dir='ltr'><strong>vix</strong></span> <span class='ocrx_word' id='word_1_101' title='bbox 744 1439 1087 1495; x_wconf 90' lang='lat' dir='ltr'><strong>indicaverit</strong></span> <span class='ocrx_word' id='word_1_102' title='bbox 1117 1438 1420 1494; x_wconf 87' lang='lat' dir='ltr'><strong>historiam</strong></span> <span class='ocrx_word' id='word_1_103' title='bbox 1446 1441 1502 1492; x_wconf 92' lang='lat' dir='ltr'><strong>et</strong></span> <span class='ocrx_word' id='word_1_104' title='bbox 1525 1434 1842 1491; x_wconf 81' lang='lat' dir='ltr'><strong>chronolo-</strong></span> 
     </span>
    </p>
   </div>
   <div class='ocr_carea' id='block_1_17' title="bbox 173 1523 1837 1602">
    <p class='ocr_par' dir='ltr' id='par_1_17' title="bbox 173 1523 1837 1602">
     <span class='ocr_line' id='line_1_17' title="bbox 173 1523 1837 1602; baseline -0.003 -18"><span class='ocrx_word' id='word_1_105' title='bbox 173 1531 326 1602; x_wconf 88' lang='lat' dir='ltr'><strong>giam</strong></span> <span class='ocrx_word' id='word_1_106' title='bbox 348 1528 622 1598; x_wconf 81' lang='lat' dir='ltr'><strong>illorum,</strong></span> <span class='ocrx_word' id='word_1_107' title='bbox 646 1528 748 1598; x_wconf 88' lang='lat' dir='ltr'><strong>qui</strong></span> <span class='ocrx_word' id='word_1_108' title='bbox 772 1526 1259 1597; x_wconf 90' lang='lat' dir='ltr'><strong>patriarchalibus</strong></span> <span class='ocrx_word' id='word_1_109' title='bbox 1279 1527 1337 1581; x_wconf 89' lang='lat' dir='ltr'><strong>in</strong></span> <span class='ocrx_word' id='word_1_110' title='bbox 1359 1525 1623 1581; x_wconf 88' lang='lat' dir='ltr'><strong>basilicis</strong></span> <span class='ocrx_word' id='word_1_111' title='bbox 1646 1523 1837 1593; x_wconf 84' lang='lat' dir='ltr'><strong>Urbis,</strong></span> 
     </span>
    </p>
   </div>
   <div class='ocr_carea' id='block_1_18' title="bbox 173 1612 1842 1687">
    <p class='ocr_par' dir='ltr' id='par_1_18' title="bbox 173 1612 1842 1687">
     <span class='ocr_line' id='line_1_18' title="bbox 173 1612 1842 1687; baseline -0.003 -15"><span class='ocrx_word' id='word_1_112' title='bbox 173 1617 576 1684; x_wconf 86' lang='lat' dir='ltr'><strong>Lateranensi,</strong></span> <span class='ocrx_word' id='word_1_113' title='bbox 624 1616 916 1687; x_wconf 88' lang='lat' dir='ltr'><strong>Vaticana,</strong></span> <span class='ocrx_word' id='word_1_114' title='bbox 962 1619 1020 1671; x_wconf 88' lang='lat' dir='ltr'><strong>et</strong></span> <span class='ocrx_word' id='word_1_115' title='bbox 1045 1616 1101 1671; x_wconf 91' lang='lat' dir='ltr'><strong>S.</strong></span> <span class='ocrx_word' id='word_1_116' title='bbox 1146 1615 1310 1671; x_wconf 88' lang='lat' dir='ltr'><strong>Pauli</strong></span> <span class='ocrx_word' id='word_1_117' title='bbox 1342 1614 1434 1670; x_wconf 89' lang='lat' dir='ltr'><strong>via</strong></span> <span class='ocrx_word' id='word_1_118' title='bbox 1462 1612 1716 1669; x_wconf 89' lang='lat' dir='ltr'><strong>Ostiensi</strong></span> <span class='ocrx_word' id='word_1_119' title='bbox 1752 1613 1842 1667; x_wconf 91' lang='lat' dir='ltr'><strong>de-</strong></span> 
     </span>
    </p>
   </div>
   <div class='ocr_carea' id='block_1_19' title="bbox 174 1703 1841 1776">
    <p class='ocr_par' dir='ltr' id='par_1_19' title="bbox 174 1703 1841 1776">
     <span class='ocr_line' id='line_1_19' title="bbox 174 1703 1841 1776; baseline -0.004 -15"><span class='ocrx_word' id='word_1_120' title='bbox 174 1706 318 1776; x_wconf 86' lang='lat' dir='ltr'><strong>picti</strong></span> <span class='ocrx_word' id='word_1_121' title='bbox 366 1705 711 1775; x_wconf 88' lang='lat' dir='ltr'><strong>antiquitus</strong></span> <span class='ocrx_word' id='word_1_122' title='bbox 758 1704 1129 1761; x_wconf 85' lang='lat' dir='ltr'><strong>visebantur:</strong></span> <span class='ocrx_word' id='word_1_123' title='bbox 1178 1717 1423 1773; x_wconf 90' lang='lat' dir='ltr'><strong>quarum</strong></span> <span class='ocrx_word' id='word_1_124' title='bbox 1458 1703 1516 1758; x_wconf 90' lang='lat' dir='ltr'><strong>in</strong></span> <span class='ocrx_word' id='word_1_125' title='bbox 1559 1706 1841 1772; x_wconf 92' lang='lat' dir='ltr'><strong>postrema</strong></span> 
     </span>
    </p>
   </div>
   <div class='ocr_carea' id='block_1_20' title="bbox 1941 718 3592 795">
    <p class='ocr_par' dir='ltr' id='par_1_20' title="bbox 1941 718 3592 795">
     <span class='ocr_line' id='line_1_20' title="bbox 1941 718 3592 795; baseline 0.004 -20"><span class='ocrx_word' id='word_1_126' title='bbox 1941 718 2211 777; x_wconf 81' lang='lat' dir='ltr'><strong>Analecta</strong></span> <span class='ocrx_word' id='word_1_127' title='bbox 2248 722 2490 779; x_wconf 86' lang='lat' dir='ltr'><strong>erudita</strong></span> <span class='ocrx_word' id='word_1_128' title='bbox 2528 723 2914 793; x_wconf 84' lang='lat' dir='ltr'><strong>Antiquitatis</strong></span> <span class='ocrx_word' id='word_1_129' title='bbox 2952 728 3107 780; x_wconf 90' lang='lat' dir='ltr'><strong>tomo</strong></span> <span class='ocrx_word' id='word_1_130' title='bbox 3135 725 3224 795; x_wconf 88' lang='lat' dir='ltr'><strong>IV,</strong></span> <span class='ocrx_word' id='word_1_131' title='bbox 3260 738 3315 793; x_wconf 90' lang='lat' dir='ltr'><strong>p.</strong></span> <span class='ocrx_word' id='word_1_132' title='bbox 3351 721 3478 780; x_wconf 81' lang='lat'><strong>506.</strong></span> <span class='ocrx_word' id='word_1_133' title='bbox 3513 726 3592 781; x_wconf 85' lang='lat' dir='ltr'><strong>Eo</strong></span> 
     </span>
    </p>
   </div>
   <div class='ocr_carea' id='block_1_21' title="bbox 1943 807 3595 881">
    <p class='ocr_par' dir='ltr' id='par_1_21' title="bbox 1943 807 3595 881">
     <span class='ocr_line' id='line_1_21' title="bbox 1943 807 3595 881; baseline 0.005 -17"><span class='ocrx_word' id='word_1_134' title='bbox 1943 807 2240 867; x_wconf 90' lang='lat' dir='ltr'><strong>lubentius</strong></span> <span class='ocrx_word' id='word_1_135' title='bbox 2254 824 2450 867; x_wconf 90' lang='lat' dir='ltr'><strong>curam</strong></span> <span class='ocrx_word' id='word_1_136' title='bbox 2468 812 2727 881; x_wconf 90' lang='lat' dir='ltr'><strong>suscipio</strong></span> <span class='ocrx_word' id='word_1_137' title='bbox 2743 826 2898 869; x_wconf 86' lang='lat' dir='ltr'><strong>nova</strong></span> <span class='ocrx_word' id='word_1_138' title='bbox 2913 812 3193 869; x_wconf 91' lang='lat' dir='ltr'><strong>editionis</strong></span> <span class='ocrx_word' id='word_1_139' title='bbox 3204 812 3395 871; x_wconf 90' lang='lat' dir='ltr'><strong>brevis</strong></span> <span class='ocrx_word' id='word_1_140' title='bbox 3417 814 3595 872; x_wconf 89' lang='lat' dir='ltr'><strong>istius</strong></span> 
     </span>
    </p>
   </div>
   <div class='ocr_carea' id='block_1_22' title="bbox 1945 901 3591 972">
    <p class='ocr_par' dir='ltr' id='par_1_22' title="bbox 1945 901 3591 972">
     <span class='ocr_line' id='line_1_22' title="bbox 1945 901 3591 972; baseline 0.002 -17"><span class='ocrx_word' id='word_1_141' title='bbox 1945 902 2210 971; x_wconf 90' lang='lat' dir='ltr'><strong>opusculi</strong></span> <span class='ocrx_word' id='word_1_142' title='bbox 2241 901 2604 971; x_wconf 89' lang='lat' dir='ltr'><strong>adornanda,</strong></span> <span class='ocrx_word' id='word_1_143' title='bbox 2634 902 2784 972; x_wconf 88' lang='lat' dir='ltr'><strong>quod</strong></span> <span class='ocrx_word' id='word_1_144' title='bbox 2808 903 3028 959; x_wconf 89' lang='lat' dir='ltr'><strong>videam</strong></span> <span class='ocrx_word' id='word_1_145' title='bbox 3056 916 3180 959; x_wconf 91' lang='lat' dir='ltr'><strong>esse</strong></span> <span class='ocrx_word' id='word_1_146' title='bbox 3200 904 3591 961; x_wconf 88' lang='lat' dir='ltr'><strong>necessarium</strong></span> 
     </span>
    </p>
   </div>
   <div class='ocr_carea' id='block_1_23' title="bbox 1943 991 3597 1063">
    <p class='ocr_par' dir='ltr' id='par_1_23' title="bbox 1943 991 3597 1063">
     <span class='ocr_line' id='line_1_23' title="bbox 1943 991 3597 1063; baseline 0.004 -17"><span class='ocrx_word' id='word_1_147' title='bbox 1943 991 2197 1060; x_wconf 88' lang='lat' dir='ltr'><strong>ejusdem</strong></span> <span class='ocrx_word' id='word_1_148' title='bbox 2231 996 2419 1061; x_wconf 90' lang='lat' dir='ltr'><strong>partes</strong></span> <span class='ocrx_word' id='word_1_149' title='bbox 2446 1005 2480 1046; x_wconf 91' lang='lat' dir='ltr'><strong>a</strong></span> <span class='ocrx_word' id='word_1_150' title='bbox 2518 992 2740 1049; x_wconf 87' lang='lat' dir='ltr'><strong>codicis</strong></span> <span class='ocrx_word' id='word_1_151' title='bbox 2783 992 2948 1049; x_wconf 91' lang='lat' dir='ltr'><strong>illius</strong></span> <span class='ocrx_word' id='word_1_152' title='bbox 2984 999 3344 1063; x_wconf 87' lang='lat' dir='ltr'><strong>compactore</strong></span> <span class='ocrx_word' id='word_1_153' title='bbox 3370 996 3597 1052; x_wconf 90' lang='lat' dir='ltr'><strong>distra-</strong></span> 
     </span>
    </p>
   </div>
   <div class='ocr_carea' id='block_1_24' title="bbox 1947 1080 3593 1156">
    <p class='ocr_par' dir='ltr' id='par_1_24' title="bbox 1947 1080 3593 1156">
     <span class='ocr_line' id='line_1_24' title="bbox 1947 1080 3593 1156; baseline 0.005 -23"><span class='ocrx_word' id='word_1_154' title='bbox 1947 1085 2069 1135; x_wconf 82' lang='lat' dir='ltr'><strong>etas</strong></span> <span class='ocrx_word' id='word_1_155' title='bbox 2094 1080 2337 1136; x_wconf 90' lang='lat' dir='ltr'><strong>invicem</strong></span> <span class='ocrx_word' id='word_1_156' title='bbox 2367 1095 2432 1137; x_wconf 91' lang='lat' dir='ltr'><strong>ac</strong></span> <span class='ocrx_word' id='word_1_157' title='bbox 2465 1081 2743 1150; x_wconf 86' lang='lat' dir='ltr'><strong>divulsas,</strong></span> <span class='ocrx_word' id='word_1_158' title='bbox 2771 1086 2829 1137; x_wconf 91' lang='lat' dir='ltr'><strong>et</strong></span> <span class='ocrx_word' id='word_1_159' title='bbox 2858 1082 3048 1139; x_wconf 90' lang='lat' dir='ltr'><strong>alieno</strong></span> <span class='ocrx_word' id='word_1_160' title='bbox 3078 1082 3204 1139; x_wconf 91' lang='lat' dir='ltr'><strong>loco</strong></span> <span class='ocrx_word' id='word_1_161' title='bbox 3228 1085 3485 1141; x_wconf 89' lang='lat' dir='ltr'><strong>redditas</strong></span> <span class='ocrx_word' id='word_1_162' title='bbox 3506 1084 3593 1156; x_wconf 89' lang='lat' dir='ltr'><strong>(ut</strong></span> 
     </span>
    </p>
   </div>
   <div class='ocr_carea' id='block_1_25' title="bbox 1949 1167 3595 1244">
    <p class='ocr_par' dir='ltr' id='par_1_25' title="bbox 1949 1167 3595 1244">
     <span class='ocr_line' id='line_1_25' title="bbox 1949 1167 3595 1244; baseline 0.004 -20"><span class='ocrx_word' id='word_1_163' title='bbox 1949 1167 2132 1239; x_wconf 88' lang='lat' dir='ltr'><strong>liquet</strong></span> <span class='ocrx_word' id='word_1_164' title='bbox 2156 1184 2225 1226; x_wconf 88' lang='lat' dir='ltr'><strong>ex</strong></span> <span class='ocrx_word' id='word_1_165' title='bbox 2256 1169 2444 1227; x_wconf 89' lang='lat' dir='ltr'><strong>verbis</strong></span> <span class='ocrx_word' id='word_1_166' title='bbox 2473 1171 2823 1243; x_wconf 83' lang='lat' dir='ltr'><strong>dimidiatis,</strong></span> <span class='ocrx_word' id='word_1_167' title='bbox 2857 1187 2984 1243; x_wconf 87' lang='lat' dir='ltr'><strong>qua</strong></span> <span class='ocrx_word' id='word_1_168' title='bbox 3014 1173 3421 1244; x_wconf 87' lang='lat' dir='ltr'><strong>respondentes</strong></span> <span class='ocrx_word' id='word_1_169' title='bbox 3452 1175 3595 1232; x_wconf 82' lang='lat' dir='ltr'><strong>inte—</strong></span> 
     </span>
    </p>
   </div>
   <div class='ocr_carea' id='block_1_26' title="bbox 1949 1258 3595 1334">
    <p class='ocr_par' dir='ltr' id='par_1_26' title="bbox 1949 1258 3595 1334">
     <span class='ocr_line' id='line_1_26' title="bbox 1949 1258 3595 1334; baseline 0.005 -21"><span class='ocrx_word' id='word_1_170' title='bbox 1949 1273 2062 1329; x_wconf 83' lang='lat' dir='ltr'><strong>gra</strong></span> <span class='ocrx_word' id='word_1_171' title='bbox 2099 1258 2347 1316; x_wconf 91' lang='lat' dir='ltr'><strong>dictioni</strong></span> <span class='ocrx_word' id='word_1_172' title='bbox 2391 1259 2616 1316; x_wconf 88' lang='lat' dir='ltr'><strong>litteras</strong></span> <span class='ocrx_word' id='word_1_173' title='bbox 2643 1260 2908 1317; x_wconf 80' lang='lat' dir='ltr'><strong>obtinent</strong></span> <span class='ocrx_word' id='word_1_174' title='bbox 2951 1262 3009 1317; x_wconf 91' lang='lat' dir='ltr'><strong>in</strong></span> <span class='ocrx_word' id='word_1_175' title='bbox 3045 1262 3272 1334; x_wconf 81' lang='lat' dir='ltr'><strong>paginis</strong></span> <span class='ocrx_word' id='word_1_176' title='bbox 3312 1265 3595 1334; x_wconf 83' lang='lat' dir='ltr'><strong>proximis</strong></span> 
     </span>
    </p>
   </div>
   <div class='ocr_carea' id='block_1_27' title="bbox 1947 1345 3420 1420">
    <p class='ocr_par' dir='ltr' id='par_1_27' title="bbox 1947 1345 3420 1420">
     <span class='ocr_line' id='line_1_27' title="bbox 1947 1345 3420 1420; baseline 0.004 -19"><span class='ocrx_word' id='word_1_177' title='bbox 1947 1345 2422 1420; x_wconf 87' lang='lat' dir='ltr'><strong>Mabillonianis),</strong></span> <span class='ocrx_word' id='word_1_178' title='bbox 2452 1348 2658 1404; x_wconf 90' lang='lat' dir='ltr'><strong>iterum</strong></span> <span class='ocrx_word' id='word_1_179' title='bbox 2692 1353 2995 1406; x_wconf 87' lang='lat' dir='ltr'><strong>nectereet</strong></span> <span class='ocrx_word' id='word_1_180' title='bbox 3026 1350 3420 1409; x_wconf 89' lang='lat' dir='ltr'><strong>inarticulare.</strong></span> 
     </span>
    </p>
   </div>
   <div class='ocr_carea' id='block_1_28' title="bbox 2018 1434 3596 1515">
    <p class='ocr_par' dir='ltr' id='par_1_28' title="bbox 2018 1434 3596 1515">
     <span class='ocr_line' id='line_1_28' title="bbox 2018 1434 3596 1515; baseline 0.007 -26"><span class='ocrx_word' id='word_1_181' title='bbox 2018 1434 2271 1492; x_wconf 90' lang='lat' dir='ltr'><strong>Alterum</strong></span> <span class='ocrx_word' id='word_1_182' title='bbox 2300 1438 2643 1507; x_wconf 89' lang='lat' dir='ltr'><strong>opusculum</strong></span> <span class='ocrx_word' id='word_1_183' title='bbox 2669 1439 2922 1508; x_wconf 86' lang='lat' dir='ltr'><strong>ejusdem</strong></span> <span class='ocrx_word' id='word_1_184' title='bbox 2949 1439 3125 1497; x_wconf 87' lang='lat' dir='ltr'><strong>ferme</strong></span> <span class='ocrx_word' id='word_1_185' title='bbox 3153 1443 3477 1513; x_wconf 78' lang='lat' dir='ltr'><strong>argumenti</strong></span> <span class='ocrx_word' id='word_1_186' title='bbox 3505 1457 3596 1515; x_wconf 89' lang='lat' dir='ltr'><strong>pe-</strong></span> 
     </span>
    </p>
   </div>
   <div class='ocr_carea' id='block_1_29' title="bbox 1946 1526 3590 1602">
    <p class='ocr_par' dir='ltr' id='par_1_29' title="bbox 1946 1526 3590 1602">
     <span class='ocr_line' id='line_1_29' title="bbox 1946 1526 3590 1602; baseline 0.007 -24"><span class='ocrx_word' id='word_1_187' title='bbox 1946 1526 2182 1580; x_wconf 91' lang='lat' dir='ltr'><strong>tendum</strong></span> <span class='ocrx_word' id='word_1_188' title='bbox 2226 1531 2314 1581; x_wconf 90' lang='lat' dir='ltr'><strong>est</strong></span> <span class='ocrx_word' id='word_1_189' title='bbox 2340 1540 2409 1581; x_wconf 88' lang='lat' dir='ltr'><strong>ex</strong></span> <span class='ocrx_word' id='word_1_190' title='bbox 2447 1527 2701 1583; x_wconf 85' lang='lat' dir='ltr'><strong>Historia</strong></span> <span class='ocrx_word' id='word_1_191' title='bbox 2737 1528 2925 1599; x_wconf 89' lang='lat' dir='ltr'><strong>gentis</strong></span> <span class='ocrx_word' id='word_1_192' title='bbox 2956 1528 3272 1602; x_wconf 82' lang='lat' dir='ltr'><strong>Anglorum</strong></span> <span class='ocrx_word' id='word_1_193' title='bbox 3307 1532 3590 1591; x_wconf 90' lang='lat' dir='ltr'><strong>Willelmi</strong></span> 
     </span>
    </p>
   </div>
   <div class='ocr_carea' id='block_1_30' title="bbox 1951 1614 3597 1687">
    <p class='ocr_par' dir='ltr' id='par_1_30' title="bbox 1951 1614 3597 1687">
     <span class='ocr_line' id='line_1_30' title="bbox 1951 1614 3597 1687; baseline 0.008 -20"><span class='ocrx_word' id='word_1_194' title='bbox 1951 1614 2213 1670; x_wconf 89' lang='lat' dir='ltr'><strong>monachi</strong></span> <span class='ocrx_word' id='word_1_195' title='bbox 2250 1616 2820 1687; x_wconf 83' lang='lat' dir='ltr'><strong>Malmesmuriensis,</strong></span> <span class='ocrx_word' id='word_1_196' title='bbox 2859 1619 3127 1676; x_wconf 89' lang='lat' dir='ltr'><strong>ducentis</strong></span> <span class='ocrx_word' id='word_1_197' title='bbox 3157 1622 3394 1678; x_wconf 87' lang='lat' dir='ltr'><strong>circiter</strong></span> <span class='ocrx_word' id='word_1_198' title='bbox 3423 1624 3597 1680; x_wconf 88' lang='lat' dir='ltr'><strong>annis</strong></span> 
     </span>
    </p>
   </div>
   <div class='ocr_carea' id='block_1_31' title="bbox 1951 1702 3596 1780">
    <p class='ocr_par' dir='ltr' id='par_1_31' title="bbox 1951 1702 3596 1780">
     <span class='ocr_line' id='line_1_31' title="bbox 1951 1702 3596 1780; baseline 0.008 -24"><span class='ocrx_word' id='word_1_199' title='bbox 1951 1702 2304 1759; x_wconf 88' lang='lat' dir='ltr'><strong>recentiori:</strong></span> <span class='ocrx_word' id='word_1_200' title='bbox 2354 1704 2454 1760; x_wconf 88' lang='lat' dir='ltr'><strong>ubi</strong></span> <span class='ocrx_word' id='word_1_201' title='bbox 2500 1706 2749 1775; x_wconf 81' lang='lat' dir='ltr'><strong>scriptor</strong></span> <span class='ocrx_word' id='word_1_202' title='bbox 2793 1707 2902 1764; x_wconf 90' lang='lat' dir='ltr'><strong>iste</strong></span> <span class='ocrx_word' id='word_1_203' title='bbox 2942 1711 3248 1780; x_wconf 90' lang='lat' dir='ltr'><strong>recensuit,</strong></span> <span class='ocrx_word' id='word_1_204' title='bbox 3294 1713 3596 1769; x_wconf 90' lang='lat' dir='ltr'><strong>occasione</strong></span> 
     </span>
    </p>
   </div>
   <div class='ocr_carea' id='block_1_32' title="bbox 172 1772 3596 1870">
    <p class='ocr_par' dir='ltr' id='par_1_32' title="bbox 172 1772 3596 1870">
     <span class='ocr_line' id='line_1_32' title="bbox 172 1772 3596 1870; baseline 0.003 -21"><span class='ocrx_word' id='word_1_205' title='bbox 172 1772 346 1849; x_wconf 75' lang='lat' dir='ltr'><strong>etiam</strong></span> <span class='ocrx_word' id='word_1_206' title='bbox 383 1772 656 1863; x_wconf 80' lang='lat' dir='ltr'><strong>superest</strong></span> <span class='ocrx_word' id='word_1_207' title='bbox 686 1792 1070 1865; x_wconf 85' lang='lat' dir='ltr'><strong>fragmentum</strong></span> <span class='ocrx_word' id='word_1_208' title='bbox 1101 1772 1245 1848; x_wconf 82' lang='lat' dir='ltr'><strong>satis</strong></span> <span class='ocrx_word' id='word_1_209' title='bbox 1273 1792 1651 1862; x_wconf 89' lang='lat' dir='ltr'><strong>conspicuum</strong></span> <span class='ocrx_word' id='word_1_210' title='bbox 1675 1791 1842 1844; x_wconf 78' lang='lat' dir='ltr'><strong>aFa—</strong></span> <span class='ocrx_word' id='word_1_211' title='bbox 1872 1772 1923 1831; x_wconf 82' lang='grc' dir='ltr'>Β</span> <span class='ocrx_word' id='word_1_212' title='bbox 1950 1803 2125 1846; x_wconf 86' lang='lat' dir='ltr'><strong>saera</strong></span> <span class='ocrx_word' id='word_1_213' title='bbox 2166 1793 2553 1861; x_wconf 87' lang='lat' dir='ltr'><strong>expeditionis</strong></span> <span class='ocrx_word' id='word_1_214' title='bbox 2590 1772 2869 1866; x_wconf 82' lang='lat' dir='ltr'><strong>suscepta</strong></span> <span class='ocrx_word' id='word_1_215' title='bbox 2904 1810 2936 1852; x_wconf 92' lang='lat' dir='ltr'><strong>a</strong></span> <span class='ocrx_word' id='word_1_216' title='bbox 2974 1811 3144 1855; x_wconf 89' lang='lat' dir='ltr'><strong>cruce</strong></span> <span class='ocrx_word' id='word_1_217' title='bbox 3190 1772 3438 1870; x_wconf 79' lang='lat' dir='ltr'><strong>signatis</strong></span> <span class='ocrx_word' id='word_1_218' title='bbox 3486 1802 3596 1858; x_wconf 90' lang='lat' dir='ltr'><strong>sub</strong></span> 
     </span>
    </p>
   </div>
   <div class='ocr_carea' id='block_1_33' title="bbox 177 1879 1840 1952">
    <p class='ocr_par' dir='ltr' id='par_1_33' title="bbox 177 1879 1840 1952">
     <span class='ocr_line' id='line_1_33' title="bbox 177 1879 1840 1952; baseline -0.003 -14"><span class='ocrx_word' id='word_1_219' title='bbox 177 1884 354 1939; x_wconf 89' lang='lat' dir='ltr'><strong>biano</strong></span> <span class='ocrx_word' id='word_1_220' title='bbox 390 1884 462 1937; x_wconf 88' lang='lat' dir='ltr'><strong>ad</strong></span> <span class='ocrx_word' id='word_1_221' title='bbox 496 1883 899 1938; x_wconf 90' lang='lat' dir='ltr'><strong>Innocentium</strong></span> <span class='ocrx_word' id='word_1_222' title='bbox 930 1883 1057 1952; x_wconf 88' lang='lat' dir='ltr'><strong>ejus</strong></span> <span class='ocrx_word' id='word_1_223' title='bbox 1088 1882 1343 1938; x_wconf 90' lang='lat' dir='ltr'><strong>nominis</strong></span> <span class='ocrx_word' id='word_1_224' title='bbox 1380 1882 1652 1952; x_wconf 90' lang='lat' dir='ltr'><strong>primum.</strong></span> <span class='ocrx_word' id='word_1_225' title='bbox 1695 1879 1840 1934; x_wconf 86' lang='lat' dir='ltr'><strong>Mihi</strong></span> 
     </span>
    </p>
   </div>
   <div class='ocr_carea' id='block_1_34' title="bbox 176 1971 1838 2041">
    <p class='ocr_par' dir='ltr' id='par_1_34' title="bbox 176 1971 1838 2041">
     <span class='ocr_line' id='line_1_34' title="bbox 176 1971 1838 2041; baseline -0.003 -13"><span class='ocrx_word' id='word_1_226' title='bbox 176 1986 306 2028; x_wconf 88' lang='lat' dir='ltr'><strong>vero</strong></span> <span class='ocrx_word' id='word_1_227' title='bbox 342 1972 445 2027; x_wconf 89' lang='lat' dir='ltr'><strong>his</strong></span> <span class='ocrx_word' id='word_1_228' title='bbox 478 1972 782 2027; x_wconf 87' lang='lat' dir='ltr'><strong>immorari</strong></span> <span class='ocrx_word' id='word_1_229' title='bbox 828 1985 1016 2041; x_wconf 89' lang='lat' dir='ltr'><strong>opera</strong></span> <span class='ocrx_word' id='word_1_230' title='bbox 1051 1972 1301 2041; x_wconf 90' lang='lat' dir='ltr'><strong>pretium</strong></span> <span class='ocrx_word' id='word_1_231' title='bbox 1330 1971 1517 2027; x_wconf 90' lang='lat' dir='ltr'><strong>visum</strong></span> <span class='ocrx_word' id='word_1_232' title='bbox 1548 1975 1635 2026; x_wconf 90' lang='lat' dir='ltr'><strong>est</strong></span> <span class='ocrx_word' id='word_1_233' title='bbox 1662 1987 1678 2039; x_wconf 84' lang='lat'><strong>;</strong></span> <span class='ocrx_word' id='word_1_234' title='bbox 1708 1981 1838 2024; x_wconf 86' lang='lat' dir='ltr'><strong>cum</strong></span> 
     </span>
    </p>
   </div>
   <div class='ocr_carea' id='block_1_35' title="bbox 177 2058 1840 2130">
    <p class='ocr_par' dir='ltr' id='par_1_35' title="bbox 177 2058 1840 2130">
     <span class='ocr_line' id='line_1_35' title="bbox 177 2058 1840 2130; baseline -0.002 -14"><span class='ocrx_word' id='word_1_235' title='bbox 177 2062 245 2116; x_wconf 89' lang='lat' dir='ltr'><strong>ab</strong></span> <span class='ocrx_word' id='word_1_236' title='bbox 264 2061 525 2117; x_wconf 86' lang='lat' dir='ltr'><strong>ecclesia</strong></span> <span class='ocrx_word' id='word_1_237' title='bbox 547 2061 801 2116; x_wconf 84' lang='lat' dir='ltr'><strong>Romana</strong></span> <span class='ocrx_word' id='word_1_238' title='bbox 824 2062 1136 2116; x_wconf 84' lang='lat' dir='ltr'><strong>vedeantur</strong></span> <span class='ocrx_word' id='word_1_239' title='bbox 1164 2059 1445 2130; x_wconf 86' lang='lat' dir='ltr'><strong>propositi</strong></span> <span class='ocrx_word' id='word_1_240' title='bbox 1475 2058 1701 2128; x_wconf 74' lang='lat' dir='ltr'><strong>publice</strong></span> <span class='ocrx_word' id='word_1_241' title='bbox 1729 2070 1840 2112; x_wconf 91' lang='lat' dir='ltr'><strong>non</strong></span> 
     </span>
    </p>
   </div>
   <div class='ocr_carea' id='block_1_36' title="bbox 180 2146 1844 2220">
    <p class='ocr_par' dir='ltr' id='par_1_36' title="bbox 180 2146 1844 2220">
     <span class='ocr_line' id='line_1_36' title="bbox 180 2146 1844 2220; baseline -0.004 -15"><span class='ocrx_word' id='word_1_242' title='bbox 180 2151 305 2206; x_wconf 85' lang='lat' dir='ltr'><strong>sine</strong></span> <span class='ocrx_word' id='word_1_243' title='bbox 337 2148 691 2220; x_wconf 84' lang='lat' dir='ltr'><strong>pontiﬁcum</strong></span> <span class='ocrx_word' id='word_1_244' title='bbox 716 2149 1097 2220; x_wconf 81' lang='lat' dir='ltr'><strong>auctoritate;</strong></span> <span class='ocrx_word' id='word_1_245' title='bbox 1129 2150 1271 2205; x_wconf 91' lang='lat' dir='ltr'><strong>adeo</strong></span> <span class='ocrx_word' id='word_1_246' title='bbox 1301 2154 1366 2204; x_wconf 93' lang='lat' dir='ltr'><strong>ut</strong></span> <span class='ocrx_word' id='word_1_247' title='bbox 1392 2147 1592 2202; x_wconf 90' lang='lat' dir='ltr'><strong>mirari</strong></span> <span class='ocrx_word' id='word_1_248' title='bbox 1624 2146 1844 2201; x_wconf 90' lang='lat' dir='ltr'><strong>contin-</strong></span> 
     </span>
    </p>
   </div>
   <div class='ocr_carea' id='block_1_37' title="bbox 183 2234 1846 2309">
    <p class='ocr_par' dir='ltr' id='par_1_37' title="bbox 183 2234 1846 2309">
     <span class='ocr_line' id='line_1_37' title="bbox 183 2234 1846 2309; baseline -0.003 -16"><span class='ocrx_word' id='word_1_249' title='bbox 183 2244 294 2309; x_wconf 84' lang='lat' dir='ltr'><strong>gat,</strong></span> <span class='ocrx_word' id='word_1_250' title='bbox 322 2252 357 2293; x_wconf 89' lang='lat' dir='ltr'><strong>a</strong></span> <span class='ocrx_word' id='word_1_251' title='bbox 386 2238 644 2307; x_wconf 88' lang='lat' dir='ltr'><strong>nemine,</strong></span> <span class='ocrx_word' id='word_1_252' title='bbox 673 2238 827 2308; x_wconf 90' lang='lat' dir='ltr'><strong>quod</strong></span> <span class='ocrx_word' id='word_1_253' title='bbox 859 2237 1058 2309; x_wconf 90' lang='lat' dir='ltr'><strong>sciam,</strong></span> <span class='ocrx_word' id='word_1_254' title='bbox 1083 2250 1152 2293; x_wconf 86' lang='lat' dir='ltr'><strong>ex</strong></span> <span class='ocrx_word' id='word_1_255' title='bbox 1176 2235 1563 2306; x_wconf 88' lang='lat' dir='ltr'><strong>scriptoribus</strong></span> <span class='ocrx_word' id='word_1_256' title='bbox 1596 2234 1846 2289; x_wconf 86' lang='lat' dir='ltr'><strong>institu-</strong></span> 
     </span>
    </p>
   </div>
   <div class='ocr_carea' id='block_1_38' title="bbox 184 2323 1845 2397">
    <p class='ocr_par' dir='ltr' id='par_1_38' title="bbox 184 2323 1845 2397">
     <span class='ocr_line' id='line_1_38' title="bbox 184 2323 1845 2397; baseline -0.002 -14"><span class='ocrx_word' id='word_1_257' title='bbox 184 2334 295 2383; x_wconf 90' lang='lat' dir='ltr'><strong>tam</strong></span> <span class='ocrx_word' id='word_1_258' title='bbox 312 2327 565 2383; x_wconf 89' lang='lat' dir='ltr'><strong>illorum</strong></span> <span class='ocrx_word' id='word_1_259' title='bbox 577 2326 1061 2397; x_wconf 89' lang='lat' dir='ltr'><strong>comparationem</strong></span> <span class='ocrx_word' id='word_1_260' title='bbox 1074 2340 1202 2382; x_wconf 92' lang='lat' dir='ltr'><strong>cum</strong></span> <span class='ocrx_word' id='word_1_261' title='bbox 1217 2325 1441 2381; x_wconf 89' lang='lat' dir='ltr'><strong>cateris</strong></span> <span class='ocrx_word' id='word_1_262' title='bbox 1459 2323 1845 2380; x_wconf 86' lang='lat' dir='ltr'><strong>remotissima</strong></span> 
     </span>
    </p>
   </div>
   <div class='ocr_carea' id='block_1_39' title="bbox 186 2412 1848 2486">
    <p class='ocr_par' dir='ltr' id='par_1_39' title="bbox 186 2412 1848 2486">
     <span class='ocr_line' id='line_1_39' title="bbox 186 2412 1848 2486; baseline -0.003 -14"><span class='ocrx_word' id='word_1_263' title='bbox 186 2417 252 2472; x_wconf 86' lang='lat' dir='ltr'><strong>ab</strong></span> <span class='ocrx_word' id='word_1_264' title='bbox 276 2423 449 2473; x_wconf 87' lang='lat' dir='ltr'><strong>atate</strong></span> <span class='ocrx_word' id='word_1_265' title='bbox 479 2416 740 2486; x_wconf 89' lang='lat' dir='ltr'><strong>scriptis.</strong></span> <span class='ocrx_word' id='word_1_266' title='bbox 778 2416 1200 2486; x_wconf 90' lang='lat' dir='ltr'><strong>Perjucundum</strong></span> <span class='ocrx_word' id='word_1_267' title='bbox 1231 2421 1383 2471; x_wconf 88' lang='lat' dir='ltr'><strong>certe</strong></span> <span class='ocrx_word' id='word_1_268' title='bbox 1408 2413 1670 2470; x_wconf 90' lang='lat' dir='ltr'><strong>futurum</strong></span> <span class='ocrx_word' id='word_1_269' title='bbox 1697 2412 1848 2469; x_wconf 89' lang='lat' dir='ltr'><strong>arbi-</strong></span> 
     </span>
    </p>
   </div>
   <div class='ocr_carea' id='block_1_40' title="bbox 188 2502 1849 2578">
    <p class='ocr_par' dir='ltr' id='par_1_40' title="bbox 188 2502 1849 2578">
     <span class='ocr_line' id='line_1_40' title="bbox 188 2502 1849 2578; baseline -0.002 -16"><span class='ocrx_word' id='word_1_270' title='bbox 188 2512 303 2562; x_wconf 89' lang='lat' dir='ltr'><strong>tror</strong></span> <span class='ocrx_word' id='word_1_271' title='bbox 330 2505 665 2575; x_wconf 90' lang='lat' dir='ltr'><strong>observare,</strong></span> <span class='ocrx_word' id='word_1_272' title='bbox 710 2506 1041 2578; x_wconf 90' lang='lat' dir='ltr'><strong>Catalogum</strong></span> <span class='ocrx_word' id='word_1_273' title='bbox 1079 2505 1140 2561; x_wconf 88' lang='lat' dir='ltr'><strong>in</strong></span> <span class='ocrx_word' id='word_1_274' title='bbox 1184 2504 1426 2561; x_wconf 89' lang='lat' dir='ltr'><strong>basilica</strong></span> <span class='ocrx_word' id='word_1_275' title='bbox 1455 2505 1512 2559; x_wconf 91' lang='lat' dir='ltr'><strong>S.</strong></span> <span class='ocrx_word' id='word_1_276' title='bbox 1545 2502 1706 2559; x_wconf 90' lang='lat' dir='ltr'><strong>Pauli</strong></span> <span class='ocrx_word' id='word_1_277' title='bbox 1738 2517 1849 2559; x_wconf 84' lang='lat' dir='ltr'><strong>su-</strong></span> 
     </span>
    </p>
   </div>
   <div class='ocr_carea' id='block_1_41' title="bbox 191 2590 1848 2664">
    <p class='ocr_par' dir='ltr' id='par_1_41' title="bbox 191 2590 1848 2664">
     <span class='ocr_line' id='line_1_41' title="bbox 191 2590 1848 2664; baseline -0.002 -15"><span class='ocrx_word' id='word_1_278' title='bbox 191 2595 488 2664; x_wconf 88' lang='lat' dir='ltr'><strong>perstitem</strong></span> <span class='ocrx_word' id='word_1_279' title='bbox 527 2594 748 2650; x_wconf 88' lang='lat' dir='ltr'><strong>indicia</strong></span> <span class='ocrx_word' id='word_1_280' title='bbox 777 2595 966 2651; x_wconf 87' lang='lat' dir='ltr'><strong>atatis</strong></span> <span class='ocrx_word' id='word_1_281' title='bbox 990 2594 1288 2651; x_wconf 89' lang='lat' dir='ltr'><strong>ostendere</strong></span> <span class='ocrx_word' id='word_1_282' title='bbox 1316 2592 1401 2649; x_wconf 90' lang='lat' dir='ltr'><strong>vel</strong></span> <span class='ocrx_word' id='word_1_283' title='bbox 1428 2592 1611 2648; x_wconf 89' lang='lat' dir='ltr'><strong>sancti</strong></span> <span class='ocrx_word' id='word_1_284' title='bbox 1641 2590 1848 2647; x_wconf 90' lang='lat' dir='ltr'><strong>Leonis</strong></span> 
     </span>
    </p>
   </div>
   <div class='ocr_carea' id='block_1_42' title="bbox 191 2680 1843 2755">
    <p class='ocr_par' dir='ltr' id='par_1_42' title="bbox 191 2680 1843 2755">
     <span class='ocr_line' id='line_1_42' title="bbox 191 2680 1843 2755; baseline -0.002 -18"><span class='ocrx_word' id='word_1_285' title='bbox 191 2682 404 2755; x_wconf 76' lang='lat' dir='ltr'><strong>Magni,</strong></span> <span class='ocrx_word' id='word_1_286' title='bbox 438 2682 532 2738; x_wconf 91' lang='lat' dir='ltr'><strong>vel</strong></span> <span class='ocrx_word' id='word_1_287' title='bbox 570 2682 644 2738; x_wconf 91' lang='lat' dir='ltr'><strong>ab</strong></span> <span class='ocrx_word' id='word_1_288' title='bbox 686 2684 813 2753; x_wconf 89' lang='lat' dir='ltr'><strong>ejus</strong></span> <span class='ocrx_word' id='word_1_289' title='bbox 840 2683 1051 2739; x_wconf 89' lang='lat' dir='ltr'><strong>saculo</strong></span> <span class='ocrx_word' id='word_1_290' title='bbox 1083 2696 1194 2739; x_wconf 92' lang='lat' dir='ltr'><strong>non</strong></span> <span class='ocrx_word' id='word_1_291' title='bbox 1235 2681 1540 2738; x_wconf 85' lang='lat' dir='ltr'><strong>admodum</strong></span> <span class='ocrx_word' id='word_1_292' title='bbox 1580 2680 1843 2751; x_wconf 80' lang='lat' dir='ltr'><strong>dissita;</strong></span> 
     </span>
    </p>
   </div>
   <div class='ocr_carea' id='block_1_43' title="bbox 194 2769 1846 2843">
    <p class='ocr_par' dir='ltr' id='par_1_43' title="bbox 194 2769 1846 2843">
     <span class='ocr_line' id='line_1_43' title="bbox 194 2769 1846 2843; baseline -0.002 -16"><span class='ocrx_word' id='word_1_293' title='bbox 194 2772 544 2843; x_wconf 88' lang='lat' dir='ltr'><strong>eosdemque</strong></span> <span class='ocrx_word' id='word_1_294' title='bbox 574 2785 848 2828; x_wconf 89' lang='lat' dir='ltr'><strong>numeros</strong></span> <span class='ocrx_word' id='word_1_295' title='bbox 875 2784 1178 2842; x_wconf 91' lang='lat' dir='ltr'><strong>annorum,</strong></span> <span class='ocrx_word' id='word_1_296' title='bbox 1213 2771 1496 2827; x_wconf 90' lang='lat' dir='ltr'><strong>mensium</strong></span> <span class='ocrx_word' id='word_1_297' title='bbox 1526 2783 1592 2825; x_wconf 92' lang='lat' dir='ltr'><strong>ac</strong></span> <span class='ocrx_word' id='word_1_298' title='bbox 1620 2769 1846 2825; x_wconf 91' lang='lat' dir='ltr'><strong>dierum</strong></span> 
     </span>
    </p>
   </div>
   <div class='ocr_carea' id='block_1_44' title="bbox 196 2857 1848 2933">
    <p class='ocr_par' dir='ltr' id='par_1_44' title="bbox 196 2857 1848 2933">
     <span class='ocr_line' id='line_1_44' title="bbox 196 2857 1848 2933; baseline -0.001 -19"><span class='ocrx_word' id='word_1_299' title='bbox 196 2860 410 2916; x_wconf 86' lang='lat' dir='ltr'><strong>intueri</strong></span> <span class='ocrx_word' id='word_1_300' title='bbox 442 2860 663 2916; x_wconf 86' lang='lat' dir='ltr'><strong>ibidem</strong></span> <span class='ocrx_word' id='word_1_301' title='bbox 690 2861 1015 2933; x_wconf 87' lang='lat' dir='ltr'><strong>assignatos</strong></span> <span class='ocrx_word' id='word_1_302' title='bbox 1036 2860 1411 2931; x_wconf 83' lang='lat' dir='ltr'><strong>pontiﬁcibus</strong></span> <span class='ocrx_word' id='word_1_303' title='bbox 1431 2859 1723 2927; x_wconf 79' lang='lat' dir='ltr'><strong>Romanis,</strong></span> <span class='ocrx_word' id='word_1_304' title='bbox 1748 2857 1848 2927; x_wconf 91' lang='lat' dir='ltr'><strong>qui</strong></span> 
     </span>
    </p>
   </div>
   <div class='ocr_carea' id='block_1_45' title="bbox 198 2947 1853 3023">
    <p class='ocr_par' dir='ltr' id='par_1_45' title="bbox 198 2947 1853 3023">
     <span class='ocr_line' id='line_1_45' title="bbox 198 2947 1853 3023; baseline -0.001 -19"><span class='ocrx_word' id='word_1_305' title='bbox 198 2949 476 3021; x_wconf 84' lang='lat' dir='ltr'><strong>leguntur</strong></span> <span class='ocrx_word' id='word_1_306' title='bbox 498 2950 559 3006; x_wconf 91' lang='lat' dir='ltr'><strong>in</strong></span> <span class='ocrx_word' id='word_1_307' title='bbox 587 2950 787 3007; x_wconf 90' lang='lat' dir='ltr'><strong>codice</strong></span> <span class='ocrx_word' id='word_1_308' title='bbox 810 2951 1269 3023; x_wconf 88' lang='lat' dir='ltr'><strong>octingentorum</strong></span> <span class='ocrx_word' id='word_1_309' title='bbox 1292 2962 1572 3005; x_wconf 89' lang='lat' dir='ltr'><strong>annorum</strong></span> <span class='ocrx_word' id='word_1_310' title='bbox 1599 2947 1853 3003; x_wconf 88' lang='lat' dir='ltr'><strong>ecclesia</strong></span> 
     </span>
    </p>
   </div>
   <div class='ocr_carea' id='block_1_46' title="bbox 1949 1879 3596 1957">
    <p class='ocr_par' dir='ltr' id='par_1_46' title="bbox 1949 1879 3596 1957">
     <span class='ocr_line' id='line_1_46' title="bbox 1949 1879 3596 1957; baseline 0.009 -24"><span class='ocrx_word' id='word_1_311' title='bbox 1949 1879 2175 1935; x_wconf 91' lang='lat' dir='ltr'><strong>Urbano</strong></span> <span class='ocrx_word' id='word_1_312' title='bbox 2202 1882 2248 1936; x_wconf 89' lang='lat' dir='ltr'><strong>Il</strong></span> <span class='ocrx_word' id='word_1_313' title='bbox 2271 1882 2340 1937; x_wconf 92' lang='lat' dir='ltr'><strong>ad</strong></span> <span class='ocrx_word' id='word_1_314' title='bbox 2361 1896 2576 1939; x_wconf 89' lang='lat' dir='ltr'><strong>annum</strong></span> <span class='ocrx_word' id='word_1_315' title='bbox 2605 1885 2823 1941; x_wconf 92' lang='lat' dir='ltr'><strong>Christi</strong></span> <span class='ocrx_word' id='word_1_316' title='bbox 2847 1883 3004 1957; x_wconf 80' lang='grc'>4096,</span> <span class='ocrx_word' id='word_1_317' title='bbox 3032 1891 3356 1946; x_wconf 81' lang='lat' dir='ltr'><strong>cameteria</strong></span> <span class='ocrx_word' id='word_1_318' title='bbox 3386 1891 3596 1948; x_wconf 90' lang='lat' dir='ltr'><strong>subur-</strong></span> 
     </span>
    </p>
   </div>
   <div class='ocr_carea' id='block_1_47' title="bbox 1950 1967 3595 2043">
    <p class='ocr_par' dir='ltr' id='par_1_47' title="bbox 1950 1967 3595 2043">
     <span class='ocr_line' id='line_1_47' title="bbox 1950 1967 3595 2043; baseline 0.008 -19"><span class='ocrx_word' id='word_1_319' title='bbox 1950 1967 2097 2024; x_wconf 90' lang='lat' dir='ltr'><strong>bana</strong></span> <span class='ocrx_word' id='word_1_320' title='bbox 2134 1973 2462 2027; x_wconf 89' lang='lat' dir='ltr'><strong>sanctorum</strong></span> <span class='ocrx_word' id='word_1_321' title='bbox 2496 1980 2829 2043; x_wconf 88' lang='lat' dir='ltr'><strong>martyrum,</strong></span> <span class='ocrx_word' id='word_1_322' title='bbox 2870 1974 3036 2043; x_wconf 86' lang='lat' dir='ltr'><strong>juxta</strong></span> <span class='ocrx_word' id='word_1_323' title='bbox 3066 1990 3368 2034; x_wconf 89' lang='lat' dir='ltr'><strong>numerum</strong></span> <span class='ocrx_word' id='word_1_324' title='bbox 3399 1992 3465 2035; x_wconf 94' lang='lat' dir='ltr'><strong>ac</strong></span> <span class='ocrx_word' id='word_1_325' title='bbox 3494 1994 3595 2037; x_wconf 91' lang='lat' dir='ltr'><strong>se—</strong></span> 
     </span>
    </p>
   </div>
   <div class='ocr_carea' id='block_1_48' title="bbox 1953 2059 3594 2136">
    <p class='ocr_par' dir='ltr' id='par_1_48' title="bbox 1953 2059 3594 2136">
     <span class='ocr_line' id='line_1_48' title="bbox 1953 2059 3594 2136; baseline 0.007 -22"><span class='ocrx_word' id='word_1_326' title='bbox 1953 2059 2094 2114; x_wconf 91' lang='lat' dir='ltr'><strong>riem</strong></span> <span class='ocrx_word' id='word_1_327' title='bbox 2125 2064 2416 2129; x_wconf 89' lang='lat' dir='ltr'><strong>portarum</strong></span> <span class='ocrx_word' id='word_1_328' title='bbox 2450 2060 2635 2129; x_wconf 88' lang='lat' dir='ltr'><strong>Urbis,</strong></span> <span class='ocrx_word' id='word_1_329' title='bbox 2667 2075 2734 2117; x_wconf 91' lang='lat' dir='ltr'><strong>ac</strong></span> <span class='ocrx_word' id='word_1_330' title='bbox 2784 2062 3005 2118; x_wconf 89' lang='lat' dir='ltr'><strong>viarum</strong></span> <span class='ocrx_word' id='word_1_331' title='bbox 3036 2067 3454 2136; x_wconf 86' lang='lat' dir='ltr'><strong>pracipuarum</strong></span> <span class='ocrx_word' id='word_1_332' title='bbox 3486 2085 3594 2127; x_wconf 91' lang='lat' dir='ltr'><strong>suo</strong></span> 
     </span>
    </p>
   </div>
   <div class='ocr_carea' id='block_1_49' title="bbox 1952 2149 3591 2221">
    <p class='ocr_par' dir='ltr' id='par_1_49' title="bbox 1952 2149 3591 2221">
     <span class='ocr_line' id='line_1_49' title="bbox 1952 2149 3591 2221; baseline 0.006 -17"><span class='ocrx_word' id='word_1_333' title='bbox 1952 2149 2154 2205; x_wconf 89' lang='lat' dir='ltr'><strong>ordine</strong></span> <span class='ocrx_word' id='word_1_334' title='bbox 2181 2150 2491 2205; x_wconf 89' lang='lat' dir='ltr'><strong>recensita:</strong></span> <span class='ocrx_word' id='word_1_335' title='bbox 2530 2163 2700 2221; x_wconf 90' lang='lat' dir='ltr'><strong>quam</strong></span> <span class='ocrx_word' id='word_1_336' title='bbox 2728 2164 2928 2207; x_wconf 90' lang='lat' dir='ltr'><strong>vocare</strong></span> <span class='ocrx_word' id='word_1_337' title='bbox 2958 2152 3093 2209; x_wconf 90' lang='lat' dir='ltr'><strong>licet</strong></span> <span class='ocrx_word' id='word_1_338' title='bbox 3114 2156 3381 2211; x_wconf 81' lang='lat' dir='ltr'><strong>Notitiam</strong></span> <span class='ocrx_word' id='word_1_339' title='bbox 3412 2160 3591 2214; x_wconf 80' lang='lat' dir='ltr'><strong>Urbis.</strong></span> 
     </span>
    </p>
   </div>
   <div class='ocr_carea' id='block_1_50' title="bbox 2020 2236 3598 2311">
    <p class='ocr_par' dir='ltr' id='par_1_50' title="bbox 2020 2236 3598 2311">
     <span class='ocr_line' id='line_1_50' title="bbox 2020 2236 3598 2311; baseline 0.008 -18"><span class='ocrx_word' id='word_1_340' title='bbox 2020 2236 2076 2293; x_wconf 91' lang='lat'><strong>8.</strong></span> <span class='ocrx_word' id='word_1_341' title='bbox 2105 2240 2165 2293; x_wconf 92' lang='lat' dir='ltr'><strong>In</strong></span> <span class='ocrx_word' id='word_1_342' title='bbox 2196 2239 2413 2295; x_wconf 91' lang='lat' dir='ltr'><strong>edendo</strong></span> <span class='ocrx_word' id='word_1_343' title='bbox 2452 2244 2697 2311; x_wconf 86' lang='lat' dir='ltr'><strong>utroque</strong></span> <span class='ocrx_word' id='word_1_344' title='bbox 2733 2242 3014 2311; x_wconf 91' lang='lat' dir='ltr'><strong>opusculo</strong></span> <span class='ocrx_word' id='word_1_345' title='bbox 3053 2249 3363 2302; x_wconf 88' lang='lat' dir='ltr'><strong>memorato</strong></span> <span class='ocrx_word' id='word_1_346' title='bbox 3388 2251 3598 2305; x_wconf 85' lang='lat' dir='ltr'><strong>aucto-</strong></span> 
     </span>
    </p>
   </div>
   <div class='ocr_carea' id='block_1_51' title="bbox 1953 2327 3599 2406">
    <p class='ocr_par' dir='ltr' id='par_1_51' title="bbox 1953 2327 3599 2406">
     <span class='ocr_line' id='line_1_51' title="bbox 1953 2327 3599 2406; baseline 0.007 -24"><span class='ocrx_word' id='word_1_347' title='bbox 1953 2340 2071 2383; x_wconf 93' lang='lat' dir='ltr'><strong>rem</strong></span> <span class='ocrx_word' id='word_1_348' title='bbox 2104 2327 2280 2383; x_wconf 90' lang='lat' dir='ltr'><strong>habeo</strong></span> <span class='ocrx_word' id='word_1_349' title='bbox 2307 2329 2830 2385; x_wconf 87' lang='lat' dir='ltr'><strong>eminentissimum</strong></span> <span class='ocrx_word' id='word_1_350' title='bbox 2862 2331 3221 2403; x_wconf 92' lang='lat' dir='ltr'><strong>scriptorem,</strong></span> <span class='ocrx_word' id='word_1_351' title='bbox 3253 2345 3501 2406; x_wconf 85' lang='lat' dir='ltr'><strong>eumque</strong></span> <span class='ocrx_word' id='word_1_352' title='bbox 3529 2351 3599 2393; x_wconf 81' lang='lat' dir='ltr'><strong>ex</strong></span> 
     </span>
    </p>
   </div>
   <div class='ocr_carea' id='block_1_52' title="bbox 1953 2416 3598 2492">
    <p class='ocr_par' dir='ltr' id='par_1_52' title="bbox 1953 2416 3598 2492">
     <span class='ocr_line' id='line_1_52' title="bbox 1953 2416 3598 2492; baseline 0.005 -19"><span class='ocrx_word' id='word_1_353' title='bbox 1953 2429 2119 2487; x_wconf 88' lang='lat' dir='ltr'><strong>aquo</strong></span> <span class='ocrx_word' id='word_1_354' title='bbox 2155 2416 2536 2473; x_wconf 90' lang='lat' dir='ltr'><strong>venerabilem</strong></span> <span class='ocrx_word' id='word_1_355' title='bbox 2578 2418 2712 2474; x_wconf 85' lang='lat' dir='ltr'><strong>vita</strong></span> <span class='ocrx_word' id='word_1_356' title='bbox 2758 2420 3160 2492; x_wconf 89' lang='lat' dir='ltr'><strong>sanctimonia,</strong></span> <span class='ocrx_word' id='word_1_357' title='bbox 3205 2436 3273 2478; x_wconf 88' lang='lat' dir='ltr'><strong>ac</strong></span> <span class='ocrx_word' id='word_1_358' title='bbox 3319 2423 3598 2482; x_wconf 90' lang='lat' dir='ltr'><strong>celebrem</strong></span> 
     </span>
    </p>
   </div>
   <div class='ocr_carea' id='block_1_53' title="bbox 1955 2505 3601 2580">
    <p class='ocr_par' dir='ltr' id='par_1_53' title="bbox 1955 2505 3601 2580">
     <span class='ocr_line' id='line_1_53' title="bbox 1955 2505 3601 2580; baseline 0.005 -19"><span class='ocrx_word' id='word_1_359' title='bbox 1955 2505 2150 2563; x_wconf 91' lang='lat' dir='ltr'><strong>studio</strong></span> <span class='ocrx_word' id='word_1_360' title='bbox 2178 2508 2235 2562; x_wconf 90' lang='lat' dir='ltr'><strong>et</strong></span> <span class='ocrx_word' id='word_1_361' title='bbox 2273 2505 2797 2576; x_wconf 90' lang='lat' dir='ltr'><strong>lucubrationibus,</strong></span> <span class='ocrx_word' id='word_1_362' title='bbox 2832 2508 3047 2580; x_wconf 88' lang='lat' dir='ltr'><strong>quibus</strong></span> <span class='ocrx_word' id='word_1_363' title='bbox 3083 2515 3301 2567; x_wconf 86' lang='lat' dir='ltr'><strong>veteres</strong></span> <span class='ocrx_word' id='word_1_364' title='bbox 3330 2513 3601 2570; x_wconf 86' lang='lat' dir='ltr'><strong>Ecclesia</strong></span> 
     </span>
    </p>
   </div>
   <div class='ocr_carea' id='block_1_54' title="bbox 1957 2593 3605 2660">
    <p class='ocr_par' dir='ltr' id='par_1_54' title="bbox 1957 2593 3605 2660">
     <span class='ocr_line' id='line_1_54' title="bbox 1957 2593 3605 2660; baseline 0.007 -12"><span class='ocrx_word' id='word_1_365' title='bbox 1957 2593 2138 2650; x_wconf 89' lang='lat' dir='ltr'><strong>libros</strong></span> <span class='ocrx_word' id='word_1_366' title='bbox 2157 2600 2213 2649; x_wconf 91' lang='lat' dir='ltr'><strong>et</strong></span> <span class='ocrx_word' id='word_1_367' title='bbox 2231 2607 2392 2651; x_wconf 91' lang='lat' dir='ltr'><strong>sacra</strong></span> <span class='ocrx_word' id='word_1_368' title='bbox 2405 2603 2770 2653; x_wconf 91' lang='lat' dir='ltr'><strong>monumenta</strong></span> <span class='ocrx_word' id='word_1_369' title='bbox 2786 2598 3000 2655; x_wconf 87' lang='lat' dir='ltr'><strong>eximia</strong></span> <span class='ocrx_word' id='word_1_370' title='bbox 3016 2613 3146 2657; x_wconf 91' lang='lat' dir='ltr'><strong>cum</strong></span> <span class='ocrx_word' id='word_1_371' title='bbox 3162 2599 3330 2657; x_wconf 91' lang='lat' dir='ltr'><strong>laude</strong></span> <span class='ocrx_word' id='word_1_372' title='bbox 3348 2601 3605 2660; x_wconf 86' lang='lat' dir='ltr'><strong>illustra-</strong></span> 
     </span>
    </p>
   </div>
   <div class='ocr_carea' id='block_1_55' title="bbox 1955 2682 3677 2755">
    <p class='ocr_par' dir='ltr' id='par_1_55' title="bbox 1955 2682 3677 2755">
     <span class='ocr_line' id='line_1_55' title="bbox 1955 2682 3677 2755; baseline 0.007 -18"><span class='ocrx_word' id='word_1_373' title='bbox 1955 2682 2059 2754; x_wconf 91' lang='lat' dir='ltr'><strong>vit,</strong></span> <span class='ocrx_word' id='word_1_374' title='bbox 2105 2697 2303 2753; x_wconf 89' lang='lat' dir='ltr'><strong>nempe</strong></span> <span class='ocrx_word' id='word_1_375' title='bbox 2330 2685 2636 2755; x_wconf 87' lang='lat' dir='ltr'><strong>Josepbum</strong></span> <span class='ocrx_word' id='word_1_376' title='bbox 2666 2686 2904 2743; x_wconf 86' lang='lat' dir='ltr'><strong>Mariam</strong></span> <span class='ocrx_word' id='word_1_377' title='bbox 2950 2688 3310 2747; x_wconf 89' lang='lat' dir='ltr'><strong>Cardinalem</strong></span> <span class='ocrx_word' id='word_1_378' title='bbox 3349 2692 3605 2749; x_wconf 91' lang='lat' dir='ltr'><strong>Thoma-</strong></span> <span class='ocrx_word' id='word_1_379' title='bbox 3660 2687 3677 2693; x_wconf 79' lang='grc'><strong>’</strong></span> 
     </span>
    </p>
   </div>
   <div class='ocr_carea' id='block_1_56' title="bbox 1958 2771 3602 2853">
    <p class='ocr_par' dir='ltr' id='par_1_56' title="bbox 1958 2771 3602 2853">
     <span class='ocr_line' id='line_1_56' title="bbox 1958 2771 3602 2853; baseline 0.007 -27"><span class='ocrx_word' id='word_1_380' title='bbox 1958 2771 2131 2827; x_wconf 89' lang='lat' dir='ltr'><strong>sium.</strong></span> <span class='ocrx_word' id='word_1_381' title='bbox 2177 2772 2371 2828; x_wconf 85' lang='lat' dir='ltr'><strong>Hicin</strong></span> <span class='ocrx_word' id='word_1_382' title='bbox 2401 2774 2557 2830; x_wconf 91' lang='lat' dir='ltr'><strong>notis</strong></span> <span class='ocrx_word' id='word_1_383' title='bbox 2585 2775 2655 2831; x_wconf 91' lang='lat' dir='ltr'><strong>ad</strong></span> <span class='ocrx_word' id='word_1_384' title='bbox 2701 2775 2974 2846; x_wconf 91' lang='lat' dir='ltr'><strong>antiquos</strong></span> <span class='ocrx_word' id='word_1_385' title='bbox 3026 2777 3227 2835; x_wconf 90' lang='lat' dir='ltr'><strong>Libros</strong></span> <span class='ocrx_word' id='word_1_386' title='bbox 3272 2780 3602 2853; x_wconf 84' lang='lat' dir='ltr'><strong>Missarum,</strong></span> 
     </span>
    </p>
   </div>
   <div class='ocr_carea' id='block_1_57' title="bbox 1963 2861 3607 2940">
    <p class='ocr_par' dir='ltr' id='par_1_57' title="bbox 1963 2861 3607 2940">
     <span class='ocr_line' id='line_1_57' title="bbox 1963 2861 3607 2940; baseline 0.007 -25"><span class='ocrx_word' id='word_1_387' title='bbox 1963 2861 2278 2929; x_wconf 69' lang='lat' dir='ltr'><strong>praesertim</strong></span> <span class='ocrx_word' id='word_1_388' title='bbox 2318 2875 2449 2917; x_wconf 93' lang='lat' dir='ltr'><strong>vero</strong></span> <span class='ocrx_word' id='word_1_389' title='bbox 2479 2863 2549 2919; x_wconf 91' lang='lat' dir='ltr'><strong>ad</strong></span> <span class='ocrx_word' id='word_1_390' title='bbox 2595 2863 2926 2934; x_wconf 90' lang='lat' dir='ltr'><strong>Capitulare</strong></span> <span class='ocrx_word' id='word_1_391' title='bbox 2971 2866 3411 2939; x_wconf 89' lang='lat' dir='ltr'><strong>Evangeliorum</strong></span> <span class='ocrx_word' id='word_1_392' title='bbox 3457 2882 3607 2940; x_wconf 87' lang='lat' dir='ltr'><strong>sape</strong></span> 
     </span>
    </p>
   </div>
   <div class='ocr_carea' id='block_1_58' title="bbox 1964 2949 3606 3026">
    <p class='ocr_par' dir='ltr' id='par_1_58' title="bbox 1964 2949 3606 3026">
     <span class='ocr_line' id='line_1_58' title="bbox 1964 2949 3606 3026; baseline 0.01 -24"><span class='ocrx_word' id='word_1_393' title='bbox 1964 2949 2232 3017; x_wconf 88' lang='lat' dir='ltr'><strong>producit</strong></span> <span class='ocrx_word' id='word_1_394' title='bbox 2252 2951 2584 3007; x_wconf 89' lang='lat' dir='ltr'><strong>testimonia</strong></span> <span class='ocrx_word' id='word_1_395' title='bbox 2603 2965 2672 3007; x_wconf 90' lang='lat' dir='ltr'><strong>ex</strong></span> <span class='ocrx_word' id='word_1_396' title='bbox 2696 2957 2939 3024; x_wconf 89' lang='lat' dir='ltr'><strong>utroque</strong></span> <span class='ocrx_word' id='word_1_397' title='bbox 2955 2957 3235 3026; x_wconf 85' lang='lat' dir='ltr'><strong>Opusculo</strong></span> <span class='ocrx_word' id='word_1_398' title='bbox 3258 2965 3567 3018; x_wconf 89' lang='lat' dir='ltr'><strong>memorato</strong></span> <span class='ocrx_word' id='word_1_399' title='bbox 3592 2979 3606 2993; x_wconf 78' lang='grc' dir='ltr'><strong>ο</strong></span> 
     </span>
    </p>
   </div>
   <div class='ocr_carea' id='block_1_59' title="bbox 200 3036 3566 3122">
    <p class='ocr_par' dir='ltr' id='par_1_59' title="bbox 200 3036 3566 3122">
     <span class='ocr_line' id='line_1_59' title="bbox 200 3036 3566 3122; baseline 0.003 -30"><span class='ocrx_word' id='word_1_400' title='bbox 200 3038 604 3110; x_wconf 86' lang='lat' dir='ltr'><strong>Pergamensis</strong></span> <span class='ocrx_word' id='word_1_401' title='bbox 644 3053 821 3110; x_wconf 90' lang='lat' dir='ltr'><strong>supra</strong></span> <span class='ocrx_word' id='word_1_402' title='bbox 861 3045 1171 3095; x_wconf 85' lang='lat' dir='ltr'><strong>memorato</strong></span> <span class='ocrx_word' id='word_1_403' title='bbox 1204 3052 1361 3095; x_wconf 92' lang='lat' dir='ltr'><strong>num.</strong></span> <span class='ocrx_word' id='word_1_404' title='bbox 1402 3036 1458 3109; x_wconf 89' lang='lat'><strong>3,</strong></span> <span class='ocrx_word' id='word_1_405' title='bbox 1504 3040 1571 3107; x_wconf 93' lang='lat' dir='ltr'><strong>II,</strong></span> <span class='ocrx_word' id='word_1_406' title='bbox 1603 3036 1854 3107; x_wconf 85' lang='lat' dir='ltr'><strong>aliisque</strong></span> <span class='ocrx_word' id='word_1_407' title='bbox 1894 3113 1931 3122; x_wconf 75' lang='lat'>_</span> <span class='ocrx_word' id='word_1_408' title='bbox 1963 3038 2046 3093; x_wconf 88' lang='lat' dir='ltr'><strong>Ex</strong></span> <span class='ocrx_word' id='word_1_409' title='bbox 2073 3038 2269 3095; x_wconf 90' lang='lat' dir='ltr'><strong>codice</strong></span> <span class='ocrx_word' id='word_1_410' title='bbox 2294 3040 2519 3097; x_wconf 89' lang='lat' dir='ltr'><strong>scilicet</strong></span> <span class='ocrx_word' id='word_1_411' title='bbox 2542 3041 2918 3115; x_wconf 87' lang='lat' dir='ltr'><strong>Einsidlensi,</strong></span> <span class='ocrx_word' id='word_1_412' title='bbox 2947 3047 3241 3118; x_wconf 86' lang='lat' dir='ltr'><strong>complexo</strong></span> <span class='ocrx_word' id='word_1_413' title='bbox 3270 3049 3566 3122; x_wconf 61' lang='lat' dir='ltr'><strong>descripti:</strong></span> 
     </span>
    </p>
   </div>
   <div class='ocr_carea' id='block_1_60' title="bbox 203 3113 3613 3202">
    <p class='ocr_par' dir='ltr' id='par_1_60' title="bbox 203 3113 3613 3202">
     <span class='ocr_line' id='line_1_60' title="bbox 203 3113 3613 3202; baseline 0.005 -19"><span class='ocrx_word' id='word_1_414' title='bbox 203 3129 357 3198; x_wconf 87' lang='lat' dir='ltr'><strong>paris</strong></span> <span class='ocrx_word' id='word_1_415' title='bbox 372 3128 759 3199; x_wconf 88' lang='lat' dir='ltr'><strong>antiquitatis</strong></span> <span class='ocrx_word' id='word_1_416' title='bbox 789 3128 940 3185; x_wconf 91' lang='lat' dir='ltr'><strong>infra</strong></span> <span class='ocrx_word' id='word_1_417' title='bbox 964 3128 1319 3200; x_wconf 77' lang='lat' dir='ltr'><strong>exponendis</strong></span> <span class='ocrx_word' id='word_1_418' title='bbox 1345 3129 1405 3183; x_wconf 90' lang='lat' dir='ltr'><strong>in</strong></span> <span class='ocrx_word' id='word_1_419' title='bbox 1432 3134 1627 3184; x_wconf 89' lang='lat' dir='ltr'><strong>nostra</strong></span> <span class='ocrx_word' id='word_1_420' title='bbox 1643 3126 1859 3182; x_wconf 90' lang='lat' dir='ltr'><strong>Disser-</strong></span> <span class='ocrx_word' id='word_1_421' title='bbox 1886 3113 1934 3175; x_wconf 74' lang='grc' dir='ltr'><strong>Ο</strong></span> <span class='ocrx_word' id='word_1_422' title='bbox 1967 3140 2094 3183; x_wconf 91' lang='lat' dir='ltr'><strong>nem</strong></span> <span class='ocrx_word' id='word_1_423' title='bbox 2143 3129 2442 3200; x_wconf 89' lang='lat' dir='ltr'><strong>regionum</strong></span> <span class='ocrx_word' id='word_1_424' title='bbox 2490 3130 2745 3202; x_wconf 91' lang='lat' dir='ltr'><strong>Urbis,et</strong></span> <span class='ocrx_word' id='word_1_425' title='bbox 2783 3113 3188 3194; x_wconf 81' lang='lat' dir='ltr'><strong>Collectionem</strong></span> <span class='ocrx_word' id='word_1_426' title='bbox 3227 3113 3613 3200; x_wconf 82' lang='lat' dir='ltr'><strong>Romanorum</strong></span> 
     </span>
    </p>
   </div>
   <div class='ocr_carea' id='block_1_61' title="bbox 202 3215 1859 3290">
    <p class='ocr_par' dir='ltr' id='par_1_61' title="bbox 202 3215 1859 3290">
     <span class='ocr_line' id='line_1_61' title="bbox 202 3215 1859 3290; baseline -0.001 -17"><span class='ocrx_word' id='word_1_427' title='bbox 202 3221 422 3275; x_wconf 80' lang='lat' dir='ltr'><strong>talione</strong></span> <span class='ocrx_word' id='word_1_428' title='bbox 449 3232 613 3275; x_wconf 90' lang='lat' dir='ltr'><strong>num.</strong></span> <span class='ocrx_word' id='word_1_429' title='bbox 642 3215 729 3288; x_wconf 75' lang='grc'><strong>42,</strong></span> <span class='ocrx_word' id='word_1_430' title='bbox 758 3233 885 3290; x_wconf 88' lang='lat' dir='ltr'><strong>qua</strong></span> <span class='ocrx_word' id='word_1_431' title='bbox 914 3233 1027 3275; x_wconf 93' lang='lat' dir='ltr'><strong>non</strong></span> <span class='ocrx_word' id='word_1_432' title='bbox 1050 3220 1198 3275; x_wconf 92' lang='lat' dir='ltr'><strong>duos</strong></span> <span class='ocrx_word' id='word_1_433' title='bbox 1224 3222 1446 3274; x_wconf 88' lang='lat' dir='ltr'><strong>tantum</strong></span> <span class='ocrx_word' id='word_1_434' title='bbox 1471 3218 1723 3287; x_wconf 89' lang='lat' dir='ltr'><strong>potiores</strong></span> <span class='ocrx_word' id='word_1_435' title='bbox 1746 3215 1859 3271; x_wconf 52' lang='lat' dir='ltr'><strong>Ca-</strong></span> 
     </span>
    </p>
   </div>
   <div class='ocr_carea' id='block_1_62' title="bbox 205 3305 1863 3379">
    <p class='ocr_par' dir='ltr' id='par_1_62' title="bbox 205 3305 1863 3379">
     <span class='ocr_line' id='line_1_62' title="bbox 205 3305 1863 3379; baseline 0 -18"><span class='ocrx_word' id='word_1_436' title='bbox 205 3307 447 3379; x_wconf 85' lang='lat' dir='ltr'><strong>talogos,</strong></span> <span class='ocrx_word' id='word_1_437' title='bbox 482 3307 581 3363; x_wconf 92' lang='lat' dir='ltr'><strong>sed</strong></span> <span class='ocrx_word' id='word_1_438' title='bbox 618 3307 877 3377; x_wconf 90' lang='lat' dir='ltr'><strong>reliquos</strong></span> <span class='ocrx_word' id='word_1_439' title='bbox 904 3308 1078 3363; x_wconf 92' lang='lat' dir='ltr'><strong>etiam</strong></span> <span class='ocrx_word' id='word_1_440' title='bbox 1105 3307 1456 3377; x_wconf 89' lang='lat' dir='ltr'><strong>considerat,</strong></span> <span class='ocrx_word' id='word_1_441' title='bbox 1488 3305 1863 3375; x_wconf 90' lang='lat' dir='ltr'><strong>pluriumque</strong></span> 
     </span>
    </p>
   </div>
   <div class='ocr_carea' id='block_1_63' title="bbox 205 3393 1866 3468">
    <p class='ocr_par' dir='ltr' id='par_1_63' title="bbox 205 3393 1866 3468">
     <span class='ocr_line' id='line_1_63' title="bbox 205 3393 1866 3468; baseline -0.002 -17"><span class='ocrx_word' id='word_1_442' title='bbox 205 3396 696 3467; x_wconf 86' lang='lat' dir='ltr'><strong>comparationem</strong></span> <span class='ocrx_word' id='word_1_443' title='bbox 723 3396 1004 3468; x_wconf 88' lang='lat' dir='ltr'><strong>instituit,</strong></span> <span class='ocrx_word' id='word_1_444' title='bbox 1033 3400 1090 3452; x_wconf 93' lang='lat' dir='ltr'><strong>et</strong></span> <span class='ocrx_word' id='word_1_445' title='bbox 1112 3409 1338 3467; x_wconf 88' lang='lat' dir='ltr'><strong>causas,</strong></span> <span class='ocrx_word' id='word_1_446' title='bbox 1369 3394 1428 3451; x_wconf 90' lang='lat' dir='ltr'><strong>ni</strong></span> <span class='ocrx_word' id='word_1_447' title='bbox 1462 3393 1651 3465; x_wconf 89' lang='lat' dir='ltr'><strong>fallor,</strong></span> <span class='ocrx_word' id='word_1_448' title='bbox 1678 3393 1866 3464; x_wconf 90' lang='lat' dir='ltr'><strong>aperit</strong></span> 
     </span>
    </p>
   </div>
   <div class='ocr_carea' id='block_1_64' title="bbox 208 3481 1868 3555">
    <p class='ocr_par' dir='ltr' id='par_1_64' title="bbox 208 3481 1868 3555">
     <span class='ocr_line' id='line_1_64' title="bbox 208 3481 1868 3555; baseline -0.002 -14"><span class='ocrx_word' id='word_1_449' title='bbox 208 3485 333 3553; x_wconf 82' lang='lat' dir='ltr'><strong>ejus</strong></span> <span class='ocrx_word' id='word_1_450' title='bbox 388 3484 763 3541; x_wconf 88' lang='lat' dir='ltr'><strong>diversitatis</strong></span> <span class='ocrx_word' id='word_1_451' title='bbox 818 3498 946 3555; x_wconf 86' lang='lat' dir='ltr'><strong>qua</strong></span> <span class='ocrx_word' id='word_1_452' title='bbox 1007 3485 1069 3541; x_wconf 90' lang='lat' dir='ltr'><strong>in</strong></span> <span class='ocrx_word' id='word_1_453' title='bbox 1124 3484 1384 3541; x_wconf 90' lang='lat' dir='ltr'><strong>numeris</strong></span> <span class='ocrx_word' id='word_1_454' title='bbox 1439 3481 1868 3553; x_wconf 90' lang='lat' dir='ltr'><strong>chronologicis</strong></span> 
     </span>
    </p>
   </div>
   <div class='ocr_carea' id='block_1_65' title="bbox 208 3575 488 3631">
    <p class='ocr_par' dir='ltr' id='par_1_65' title="bbox 208 3575 488 3631">
     <span class='ocr_line' id='line_1_65' title="bbox 208 3575 488 3631; baseline -0.007 -2"><span class='ocrx_word' id='word_1_455' title='bbox 208 3575 488 3631; x_wconf 85' lang='lat' dir='ltr'><strong>occurrit.</strong></span> 
     </span>
    </p>
   </div>
   <div class='ocr_carea' id='block_1_66' title="bbox 272 3660 1868 3733">
    <p class='ocr_par' dir='ltr' id='par_1_66' title="bbox 272 3660 1868 3733">
     <span class='ocr_line' id='line_1_66' title="bbox 272 3660 1868 3733; baseline -0.002 -14"><span class='ocrx_word' id='word_1_456' title='bbox 272 3660 322 3718; x_wconf 85' lang='lat'><strong>7.</strong></span> <span class='ocrx_word' id='word_1_457' title='bbox 358 3664 466 3720; x_wconf 82' lang='lat' dir='ltr'><strong>llis</strong></span> <span class='ocrx_word' id='word_1_458' title='bbox 496 3663 679 3720; x_wconf 90' lang='lat' dir='ltr'><strong>veluti</strong></span> <span class='ocrx_word' id='word_1_459' title='bbox 711 3664 1104 3733; x_wconf 84' lang='lat' dir='ltr'><strong>Prolegomenis</strong></span> <span class='ocrx_word' id='word_1_460' title='bbox 1143 3668 1409 3722; x_wconf 83' lang='lat' dir='ltr'><strong>Notarum</strong></span> <span class='ocrx_word' id='word_1_461' title='bbox 1437 3662 1629 3720; x_wconf 88' lang='lat' dir='ltr'><strong>conati</strong></span> <span class='ocrx_word' id='word_1_462' title='bbox 1663 3674 1868 3718; x_wconf 91' lang='lat' dir='ltr'><strong>sumus</strong></span> 
     </span>
    </p>
   </div>
   <div class='ocr_carea' id='block_1_67' title="bbox 213 3750 1872 3824">
    <p class='ocr_par' dir='ltr' id='par_1_67' title="bbox 213 3750 1872 3824">
     <span class='ocr_line' id='line_1_67' title="bbox 213 3750 1872 3824; baseline -0.001 -19"><span class='ocrx_word' id='word_1_463' title='bbox 213 3752 415 3808; x_wconf 86' lang='lat' dir='ltr'><strong>addere</strong></span> <span class='ocrx_word' id='word_1_464' title='bbox 447 3754 813 3824; x_wconf 86' lang='lat' dir='ltr'><strong>mantissam,</strong></span> <span class='ocrx_word' id='word_1_465' title='bbox 848 3754 1127 3810; x_wconf 91' lang='lat' dir='ltr'><strong>nonnulla</strong></span> <span class='ocrx_word' id='word_1_466' title='bbox 1156 3753 1382 3810; x_wconf 87' lang='lat' dir='ltr'><strong>scilicet</strong></span> <span class='ocrx_word' id='word_1_467' title='bbox 1424 3752 1706 3823; x_wconf 79' lang='lat' dir='ltr'><strong>opuscula,</strong></span> <span class='ocrx_word' id='word_1_468' title='bbox 1743 3750 1872 3819; x_wconf 85' lang='lat' dir='ltr'><strong>ple—</strong></span> 
     </span>
    </p>
   </div>
   <div class='ocr_carea' id='block_1_68' title="bbox 216 3838 1872 3913">
    <p class='ocr_par' dir='ltr' id='par_1_68' title="bbox 216 3838 1872 3913">
     <span class='ocr_line' id='line_1_68' title="bbox 216 3838 1872 3913; baseline -0.001 -19"><span class='ocrx_word' id='word_1_469' title='bbox 216 3840 406 3911; x_wconf 88' lang='lat' dir='ltr'><strong>risque</strong></span> <span class='ocrx_word' id='word_1_470' title='bbox 448 3842 607 3897; x_wconf 86' lang='lat' dir='ltr'><strong>Vitis</strong></span> <span class='ocrx_word' id='word_1_471' title='bbox 652 3842 1018 3899; x_wconf 90' lang='lat' dir='ltr'><strong>illustrandis</strong></span> <span class='ocrx_word' id='word_1_472' title='bbox 1060 3846 1405 3913; x_wconf 89' lang='lat' dir='ltr'><strong>opportuna,</strong></span> <span class='ocrx_word' id='word_1_473' title='bbox 1447 3845 1503 3896; x_wconf 93' lang='lat' dir='ltr'><strong>et</strong></span> <span class='ocrx_word' id='word_1_474' title='bbox 1533 3852 1645 3895; x_wconf 92' lang='lat' dir='ltr'><strong>non</strong></span> <span class='ocrx_word' id='word_1_475' title='bbox 1678 3838 1872 3893; x_wconf 90' lang='lat' dir='ltr'><strong>minus</strong></span> 
     </span>
    </p>
   </div>
   <div class='ocr_carea' id='block_1_69' title="bbox 216 3927 1896 4002">
    <p class='ocr_par' dir='ltr' id='par_1_69' title="bbox 216 3927 1896 4002">
     <span class='ocr_line' id='line_1_69' title="bbox 216 3927 1896 4002; baseline 0.002 -18"><span class='ocrx_word' id='word_1_476' title='bbox 216 3929 510 4001; x_wconf 87' lang='lat' dir='ltr'><strong>brevitate,</strong></span> <span class='ocrx_word' id='word_1_477' title='bbox 565 3943 738 4001; x_wconf 88' lang='lat' dir='ltr'><strong>quam</strong></span> <span class='ocrx_word' id='word_1_478' title='bbox 780 3931 1151 4002; x_wconf 89' lang='lat' dir='ltr'><strong>antiquitate,</strong></span> <span class='ocrx_word' id='word_1_479' title='bbox 1189 3929 1521 4001; x_wconf 90' lang='lat' dir='ltr'><strong>spectanda,</strong></span> <span class='ocrx_word' id='word_1_480' title='bbox 1552 3941 1681 3984; x_wconf 89' lang='lat' dir='ltr'><strong>cum</strong></span> <span class='ocrx_word' id='word_1_481' title='bbox 1716 3927 1775 3982; x_wconf 91' lang='lat' dir='ltr'><strong>in</strong></span> <span class='ocrx_word' id='word_1_482' title='bbox 1808 3940 1896 3987; x_wconf 86' lang='lat' dir='ltr'><strong>ea.</strong></span> 
     </span>
    </p>
   </div>
   <div class='ocr_carea' id='block_1_70' title="bbox 215 4017 1872 4091">
    <p class='ocr_par' dir='ltr' id='par_1_70' title="bbox 215 4017 1872 4091">
     <span class='ocr_line' id='line_1_70' title="bbox 215 4017 1872 4091; baseline -0.001 -17"><span class='ocrx_word' id='word_1_483' title='bbox 215 4020 461 4091; x_wconf 81' lang='lat' dir='ltr'><strong>digitum</strong></span> <span class='ocrx_word' id='word_1_484' title='bbox 511 4021 810 4077; x_wconf 90' lang='lat' dir='ltr'><strong>intendere</strong></span> <span class='ocrx_word' id='word_1_485' title='bbox 845 4022 1058 4091; x_wconf 88' lang='lat' dir='ltr'><strong>sapius</strong></span> <span class='ocrx_word' id='word_1_486' title='bbox 1096 4020 1406 4076; x_wconf 83' lang='lat' dir='ltr'><strong>debeamus</strong></span> <span class='ocrx_word' id='word_1_487' title='bbox 1446 4019 1516 4074; x_wconf 92' lang='lat' dir='ltr'><strong>ad</strong></span> <span class='ocrx_word' id='word_1_488' title='bbox 1549 4017 1872 4089; x_wconf 88' lang='lat' dir='ltr'><strong>colligenda</strong></span> 
     </span>
    </p>
   </div>
   <div class='ocr_carea' id='block_1_71' title="bbox 216 4109 1556 4167">
    <p class='ocr_par' dir='ltr' id='par_1_71' title="bbox 216 4109 1556 4167">
     <span class='ocr_line' id='line_1_71' title="bbox 216 4109 1556 4167; baseline -0.001 -4"><span class='ocrx_word' id='word_1_489' title='bbox 216 4109 560 4167; x_wconf 88' lang='lat' dir='ltr'><strong>documenta</strong></span> <span class='ocrx_word' id='word_1_490' title='bbox 592 4124 783 4166; x_wconf 92' lang='lat' dir='ltr'><strong>rerum</strong></span> <span class='ocrx_word' id='word_1_491' title='bbox 816 4110 876 4165; x_wconf 91' lang='lat' dir='ltr'><strong>in</strong></span> <span class='ocrx_word' id='word_1_492' title='bbox 910 4110 1058 4166; x_wconf 85' lang='lat' dir='ltr'><strong>Vitis</strong></span> <span class='ocrx_word' id='word_1_493' title='bbox 1091 4114 1556 4166; x_wconf 89' lang='lat' dir='ltr'><strong>memoratarum.</strong></span> 
     </span>
    </p>
   </div>
   <div class='ocr_carea' id='block_1_72' title="bbox 280 4196 1873 4269">
    <p class='ocr_par' dir='ltr' id='par_1_72' title="bbox 280 4196 1873 4269">
     <span class='ocr_line' id='line_1_72' title="bbox 280 4196 1873 4269; baseline -0.003 -16"><span class='ocrx_word' id='word_1_494' title='bbox 280 4200 548 4256; x_wconf 88' lang='lat' dir='ltr'><strong>Primum</strong></span> <span class='ocrx_word' id='word_1_495' title='bbox 568 4198 913 4268; x_wconf 84' lang='lat' dir='ltr'><strong>epusculum</strong></span> <span class='ocrx_word' id='word_1_496' title='bbox 934 4199 1040 4256; x_wconf 91' lang='lat' dir='ltr'><strong>hoc</strong></span> <span class='ocrx_word' id='word_1_497' title='bbox 1063 4211 1267 4255; x_wconf 92' lang='lat' dir='ltr'><strong>nomen</strong></span> <span class='ocrx_word' id='word_1_498' title='bbox 1291 4196 1520 4269; x_wconf 88' lang='lat' dir='ltr'><strong>prafert</strong></span> <span class='ocrx_word' id='word_1_499' title='bbox 1539 4216 1551 4251; x_wconf 92' lang='lat'><strong>:</strong></span> <span class='ocrx_word' id='word_1_500' title='bbox 1572 4197 1873 4266; x_wconf 79' lang='lat' dir='ltr'><strong>Descriptio</strong></span> 
     </span>
    </p>
   </div>
   <div class='ocr_carea' id='block_1_73' title="bbox 218 4287 1872 4357">
    <p class='ocr_par' dir='ltr' id='par_1_73' title="bbox 218 4287 1872 4357">
     <span class='ocr_line' id='line_1_73' title="bbox 218 4287 1872 4357; baseline -0.001 -17"><span class='ocrx_word' id='word_1_501' title='bbox 218 4291 500 4356; x_wconf 73' lang='lat' dir='ltr'><strong>regionum</strong></span> <span class='ocrx_word' id='word_1_502' title='bbox 552 4288 731 4342; x_wconf 81' lang='lat' dir='ltr'><strong>Urbis.</strong></span> <span class='ocrx_word' id='word_1_503' title='bbox 766 4290 866 4343; x_wconf 90' lang='lat' dir='ltr'><strong>Est</strong></span> <span class='ocrx_word' id='word_1_504' title='bbox 905 4293 1094 4345; x_wconf 91' lang='lat' dir='ltr'><strong>autem</strong></span> <span class='ocrx_word' id='word_1_505' title='bbox 1145 4287 1403 4343; x_wconf 89' lang='lat' dir='ltr'><strong>recensio</strong></span> <span class='ocrx_word' id='word_1_506' title='bbox 1452 4288 1872 4357; x_wconf 83' lang='lat' dir='ltr'><strong>pracipuorum</strong></span> 
     </span>
    </p>
   </div>
   <div class='ocr_carea' id='block_1_74' title="bbox 222 4375 1875 4448">
    <p class='ocr_par' dir='ltr' id='par_1_74' title="bbox 222 4375 1875 4448">
     <span class='ocr_line' id='line_1_74' title="bbox 222 4375 1875 4448; baseline -0.002 -18"><span class='ocrx_word' id='word_1_507' title='bbox 222 4376 471 4433; x_wconf 84' lang='lat' dir='ltr'><strong>locorum</strong></span> <span class='ocrx_word' id='word_1_508' title='bbox 510 4375 995 4448; x_wconf 89' lang='lat' dir='ltr'><strong>memorabilium,</strong></span> <span class='ocrx_word' id='word_1_509' title='bbox 1037 4378 1237 4432; x_wconf 88' lang='lat' dir='ltr'><strong>dextra</strong></span> <span class='ocrx_word' id='word_1_510' title='bbox 1278 4375 1530 4446; x_wconf 82' lang='lat' dir='ltr'><strong>lavaque</strong></span> <span class='ocrx_word' id='word_1_511' title='bbox 1558 4388 1875 4432; x_wconf 83' lang='lat' dir='ltr'><strong>occurren—</strong></span> 
     </span>
    </p>
   </div>
   <div class='ocr_carea' id='block_1_75' title="bbox 1969 3216 3617 3301">
    <p class='ocr_par' dir='ltr' id='par_1_75' title="bbox 1969 3216 3617 3301">
     <span class='ocr_line' id='line_1_75' title="bbox 1969 3216 3617 3301; baseline 0.009 -28"><span class='ocrx_word' id='word_1_512' title='bbox 1969 3216 2432 3289; x_wconf 90' lang='lat' dir='ltr'><strong>inscriptionem,</strong></span> <span class='ocrx_word' id='word_1_513' title='bbox 2462 3233 2613 3277; x_wconf 93' lang='lat' dir='ltr'><strong>nono</strong></span> <span class='ocrx_word' id='word_1_514' title='bbox 2640 3222 2859 3279; x_wconf 90' lang='lat' dir='ltr'><strong>Christi</strong></span> <span class='ocrx_word' id='word_1_515' title='bbox 2891 3225 3103 3283; x_wconf 91' lang='lat' dir='ltr'><strong>saculo</strong></span> <span class='ocrx_word' id='word_1_516' title='bbox 3134 3228 3193 3283; x_wconf 91' lang='lat' dir='ltr'><strong>in</strong></span> <span class='ocrx_word' id='word_1_517' title='bbox 3223 3228 3373 3286; x_wconf 90' lang='lat' dir='ltr'><strong>Urbe</strong></span> <span class='ocrx_word' id='word_1_518' title='bbox 3402 3236 3617 3301; x_wconf 88' lang='lat' dir='ltr'><strong>specta-</strong></span> 
     </span>
    </p>
   </div>
   <div class='ocr_carea' id='block_1_76' title="bbox 1972 3306 3621 3381">
    <p class='ocr_par' dir='ltr' id='par_1_76' title="bbox 1972 3306 3621 3381">
     <span class='ocr_line' id='line_1_76' title="bbox 1972 3306 3621 3381; baseline 0.008 -18"><span class='ocrx_word' id='word_1_519' title='bbox 1972 3306 2182 3364; x_wconf 89' lang='lat' dir='ltr'><strong>bilium</strong></span> <span class='ocrx_word' id='word_1_520' title='bbox 2205 3327 2220 3376; x_wconf 84' lang='lat'><strong>;</strong></span> <span class='ocrx_word' id='word_1_521' title='bbox 2253 3313 2310 3366; x_wconf 89' lang='lat' dir='ltr'><strong>et</strong></span> <span class='ocrx_word' id='word_1_522' title='bbox 2333 3323 2401 3365; x_wconf 88' lang='lat' dir='ltr'><strong>ex</strong></span> <span class='ocrx_word' id='word_1_523' title='bbox 2421 3311 2641 3366; x_wconf 89' lang='lat' dir='ltr'><strong>Notitia</strong></span> <span class='ocrx_word' id='word_1_524' title='bbox 2663 3310 2851 3381; x_wconf 90' lang='lat' dir='ltr'><strong>Urbis,</strong></span> <span class='ocrx_word' id='word_1_525' title='bbox 2874 3327 2906 3369; x_wconf 89' lang='lat' dir='ltr'><strong>a</strong></span> <span class='ocrx_word' id='word_1_526' title='bbox 2927 3314 3224 3372; x_wconf 89' lang='lat' dir='ltr'><strong>Willelmo</strong></span> <span class='ocrx_word' id='word_1_527' title='bbox 3245 3319 3621 3376; x_wconf 83' lang='lat' dir='ltr'><strong>Malmesmu-</strong></span> 
     </span>
    </p>
   </div>
   <div class='ocr_carea' id='block_1_77' title="bbox 1977 3397 3616 3477">
    <p class='ocr_par' dir='ltr' id='par_1_77' title="bbox 1977 3397 3616 3477">
     <span class='ocr_line' id='line_1_77' title="bbox 1977 3397 3616 3477; baseline 0.006 -25"><span class='ocrx_word' id='word_1_528' title='bbox 1977 3397 2156 3453; x_wconf 86' lang='lat' dir='ltr'><strong>riensi</strong></span> <span class='ocrx_word' id='word_1_529' title='bbox 2187 3398 2401 3455; x_wconf 90' lang='lat' dir='ltr'><strong>inserta</strong></span> <span class='ocrx_word' id='word_1_530' title='bbox 2422 3398 2526 3454; x_wconf 89' lang='lat' dir='ltr'><strong>lib.</strong></span> <span class='ocrx_word' id='word_1_531' title='bbox 2552 3413 2616 3456; x_wconf 88' lang='lat' dir='ltr'><strong>III</strong></span> <span class='ocrx_word' id='word_1_532' title='bbox 2638 3415 2756 3456; x_wconf 87' lang='lat' dir='ltr'><strong>sua</strong></span> <span class='ocrx_word' id='word_1_533' title='bbox 2776 3402 3043 3458; x_wconf 84' lang='lat' dir='ltr'><strong>Historia</strong></span> <span class='ocrx_word' id='word_1_534' title='bbox 3068 3404 3257 3474; x_wconf 86' lang='lat' dir='ltr'><strong>gentis</strong></span> <span class='ocrx_word' id='word_1_535' title='bbox 3275 3404 3616 3477; x_wconf 81' lang='lat' dir='ltr'><strong>Anglorum.</strong></span> 
     </span>
    </p>
   </div>
   <div class='ocr_carea' id='block_1_78' title="bbox 2047 3488 3622 3558">
    <p class='ocr_par' dir='ltr' id='par_1_78' title="bbox 2047 3488 3622 3558">
     <span class='ocr_line' id='line_1_78' title="bbox 2047 3488 3622 3558; baseline 0.005 -16"><span class='ocrx_word' id='word_1_536' title='bbox 2047 3488 2169 3543; x_wconf 91' lang='lat' dir='ltr'><strong>Non</strong></span> <span class='ocrx_word' id='word_1_537' title='bbox 2204 3488 2347 3543; x_wconf 92' lang='lat' dir='ltr'><strong>levia</strong></span> <span class='ocrx_word' id='word_1_538' title='bbox 2376 3502 2508 3545; x_wconf 90' lang='lat' dir='ltr'><strong>vero</strong></span> <span class='ocrx_word' id='word_1_539' title='bbox 2531 3489 2859 3558; x_wconf 84' lang='lat' dir='ltr'><strong>adjumenta</strong></span> <span class='ocrx_word' id='word_1_540' title='bbox 2885 3492 3164 3546; x_wconf 90' lang='lat' dir='ltr'><strong>censenda</strong></span> <span class='ocrx_word' id='word_1_541' title='bbox 3184 3497 3321 3547; x_wconf 92' lang='lat' dir='ltr'><strong>sunt</strong></span> <span class='ocrx_word' id='word_1_542' title='bbox 3340 3492 3409 3548; x_wconf 89' lang='lat' dir='ltr'><strong>ad</strong></span> <span class='ocrx_word' id='word_1_543' title='bbox 3437 3493 3622 3550; x_wconf 86' lang='lat' dir='ltr'><strong>decla-</strong></span> 
     </span>
    </p>
   </div>
   <div class='ocr_carea' id='block_1_79' title="bbox 1979 3576 3623 3653">
    <p class='ocr_par' dir='ltr' id='par_1_79' title="bbox 1979 3576 3623 3653">
     <span class='ocr_line' id='line_1_79' title="bbox 1979 3576 3623 3653; baseline 0.005 -23"><span class='ocrx_word' id='word_1_544' title='bbox 1979 3576 2187 3632; x_wconf 89' lang='lat' dir='ltr'><strong>randas</strong></span> <span class='ocrx_word' id='word_1_545' title='bbox 2217 3576 2518 3647; x_wconf 89' lang='lat' dir='ltr'><strong>plerasque</strong></span> <span class='ocrx_word' id='word_1_546' title='bbox 2554 3581 2741 3645; x_wconf 90' lang='lat' dir='ltr'><strong>partes</strong></span> <span class='ocrx_word' id='word_1_547' title='bbox 2768 3577 2960 3645; x_wconf 90' lang='lat' dir='ltr'><strong>operis</strong></span> <span class='ocrx_word' id='word_1_548' title='bbox 2984 3577 3352 3635; x_wconf 85' lang='lat' dir='ltr'><strong>Anastasiani</strong></span> <span class='ocrx_word' id='word_1_549' title='bbox 3393 3594 3458 3637; x_wconf 93' lang='lat' dir='ltr'><strong>ea</strong></span> <span class='ocrx_word' id='word_1_550' title='bbox 3495 3596 3623 3653; x_wconf 86' lang='lat' dir='ltr'><strong>qua</strong></span> 
     </span>
    </p>
   </div>
   <div class='ocr_carea' id='block_1_80' title="bbox 1978 3664 3628 3733">
    <p class='ocr_par' dir='ltr' id='par_1_80' title="bbox 1978 3664 3628 3733">
     <span class='ocr_line' id='line_1_80' title="bbox 1978 3664 3628 3733; baseline 0.006 -15"><span class='ocrx_word' id='word_1_551' title='bbox 1978 3676 2048 3718; x_wconf 83' lang='lat' dir='ltr'><strong>ex</strong></span> <span class='ocrx_word' id='word_1_552' title='bbox 2076 3665 2376 3733; x_wconf 92' lang='lat' dir='ltr'><strong>opusculis</strong></span> <span class='ocrx_word' id='word_1_553' title='bbox 2404 3664 2677 3719; x_wconf 89' lang='lat' dir='ltr'><strong>indicatis</strong></span> <span class='ocrx_word' id='word_1_554' title='bbox 2699 3664 3165 3733; x_wconf 82' lang='lat' dir='ltr'><strong>proﬁciscuntur.</strong></span> <span class='ocrx_word' id='word_1_555' title='bbox 3194 3667 3332 3724; x_wconf 91' lang='lat' dir='ltr'><strong>Cum</strong></span> <span class='ocrx_word' id='word_1_556' title='bbox 3360 3670 3512 3726; x_wconf 91' lang='lat' dir='ltr'><strong>enim</strong></span> <span class='ocrx_word' id='word_1_557' title='bbox 3539 3685 3628 3729; x_wconf 90' lang='lat' dir='ltr'><strong>as-</strong></span> 
     </span>
    </p>
   </div>
   <div class='ocr_carea' id='block_1_81' title="bbox 1982 3751 3630 3824">
    <p class='ocr_par' dir='ltr' id='par_1_81' title="bbox 1982 3751 3630 3824">
     <span class='ocr_line' id='line_1_81' title="bbox 1982 3751 3630 3824; baseline 0.005 -16"><span class='ocrx_word' id='word_1_558' title='bbox 1982 3752 2243 3823; x_wconf 89' lang='lat' dir='ltr'><strong>signetur</strong></span> <span class='ocrx_word' id='word_1_559' title='bbox 2260 3754 2318 3808; x_wconf 92' lang='lat' dir='ltr'><strong>in</strong></span> <span class='ocrx_word' id='word_1_560' title='bbox 2337 3752 2591 3824; x_wconf 89' lang='lat' dir='ltr'><strong>singulis</strong></span> <span class='ocrx_word' id='word_1_561' title='bbox 2611 3751 2787 3808; x_wconf 90' lang='lat' dir='ltr'><strong>ferme</strong></span> <span class='ocrx_word' id='word_1_562' title='bbox 2810 3754 3183 3823; x_wconf 87' lang='lat' dir='ltr'><strong>pontificibus</strong></span> <span class='ocrx_word' id='word_1_563' title='bbox 3206 3770 3408 3813; x_wconf 90' lang='lat' dir='ltr'><strong>nomen</strong></span> <span class='ocrx_word' id='word_1_564' title='bbox 3430 3774 3630 3817; x_wconf 52' lang='lat' dir='ltr'><strong>came.</strong></span> 
     </span>
    </p>
   </div>
   <div class='ocr_carea' id='block_1_82' title="bbox 1983 3840 3623 3913">
    <p class='ocr_par' dir='ltr' id='par_1_82' title="bbox 1983 3840 3623 3913">
     <span class='ocr_line' id='line_1_82' title="bbox 1983 3840 3623 3913; baseline 0.005 -16"><span class='ocrx_word' id='word_1_565' title='bbox 1983 3842 2115 3898; x_wconf 91' lang='lat' dir='ltr'><strong>terii</strong></span> <span class='ocrx_word' id='word_1_566' title='bbox 2147 3855 2261 3911; x_wconf 94' lang='lat' dir='ltr'><strong>quo</strong></span> <span class='ocrx_word' id='word_1_567' title='bbox 2281 3845 2418 3897; x_wconf 89' lang='lat' dir='ltr'><strong>sunt</strong></span> <span class='ocrx_word' id='word_1_568' title='bbox 2442 3840 2747 3913; x_wconf 90' lang='lat' dir='ltr'><strong>reconditi,</strong></span> <span class='ocrx_word' id='word_1_569' title='bbox 2769 3856 2835 3896; x_wconf 85' lang='lat' dir='ltr'><strong>ex</strong></span> <span class='ocrx_word' id='word_1_570' title='bbox 2865 3842 2958 3897; x_wconf 91' lang='lat' dir='ltr'><strong>his</strong></span> <span class='ocrx_word' id='word_1_571' title='bbox 2985 3844 3339 3903; x_wconf 89' lang='lat' dir='ltr'><strong>testimoniis</strong></span> <span class='ocrx_word' id='word_1_572' title='bbox 3362 3847 3623 3905; x_wconf 86' lang='lat' dir='ltr'><strong>addisci—</strong></span> 
     </span>
    </p>
   </div>
   <div class='ocr_carea' id='block_1_83' title="bbox 1984 3930 3630 4005">
    <p class='ocr_par' dir='ltr' id='par_1_83' title="bbox 1984 3930 3630 4005">
     <span class='ocr_line' id='line_1_83' title="bbox 1984 3930 3630 4005; baseline 0.004 -18"><span class='ocrx_word' id='word_1_573' title='bbox 1984 3946 2112 3987; x_wconf 92' lang='lat' dir='ltr'><strong>mus</strong></span> <span class='ocrx_word' id='word_1_574' title='bbox 2138 3930 2548 3986; x_wconf 89' lang='lat' dir='ltr'><strong>indicationem</strong></span> <span class='ocrx_word' id='word_1_575' title='bbox 2568 3934 2779 3986; x_wconf 86' lang='lat' dir='ltr'><strong>certam</strong></span> <span class='ocrx_word' id='word_1_576' title='bbox 2806 3933 3133 3988; x_wconf 89' lang='lat' dir='ltr'><strong>eorumdem</strong></span> <span class='ocrx_word' id='word_1_577' title='bbox 3161 3935 3411 4005; x_wconf 90' lang='lat' dir='ltr'><strong>sepulcri</strong></span> <span class='ocrx_word' id='word_1_578' title='bbox 3438 3951 3503 3993; x_wconf 90' lang='lat' dir='ltr'><strong>ac</strong></span> <span class='ocrx_word' id='word_1_579' title='bbox 3521 3938 3630 3995; x_wconf 88' lang='lat' dir='ltr'><strong>de-</strong></span> 
     </span>
    </p>
   </div>
   <div class='ocr_carea' id='block_1_84' title="bbox 1986 4019 3628 4095">
    <p class='ocr_par' dir='ltr' id='par_1_84' title="bbox 1986 4019 3628 4095">
     <span class='ocr_line' id='line_1_84' title="bbox 1986 4019 3628 4095; baseline 0.005 -20"><span class='ocrx_word' id='word_1_580' title='bbox 1986 4019 2316 4090; x_wconf 89' lang='lat' dir='ltr'><strong>positionis.</strong></span> <span class='ocrx_word' id='word_1_581' title='bbox 2365 4019 2423 4074; x_wconf 92' lang='lat' dir='ltr'><strong>Si</strong></span> <span class='ocrx_word' id='word_1_582' title='bbox 2470 4019 2603 4090; x_wconf 88' lang='lat' dir='ltr'><strong>quis</strong></span> <span class='ocrx_word' id='word_1_583' title='bbox 2644 4024 2832 4075; x_wconf 90' lang='lat' dir='ltr'><strong>autem</strong></span> <span class='ocrx_word' id='word_1_584' title='bbox 2883 4026 3106 4090; x_wconf 89' lang='lat' dir='ltr'><strong>reputet</strong></span> <span class='ocrx_word' id='word_1_585' title='bbox 3148 4038 3319 4093; x_wconf 88' lang='lat' dir='ltr'><strong>quam</strong></span> <span class='ocrx_word' id='word_1_586' title='bbox 3370 4027 3628 4095; x_wconf 81' lang='lat' dir='ltr'><strong>proxime</strong></span> 
     </span>
    </p>
   </div>
   <div class='ocr_carea' id='block_1_85' title="bbox 1986 4108 3628 4184">
    <p class='ocr_par' dir='ltr' id='par_1_85' title="bbox 1986 4108 3628 4184">
     <span class='ocr_line' id='line_1_85' title="bbox 1986 4108 3628 4184; baseline 0.005 -20"><span class='ocrx_word' id='word_1_587' title='bbox 1986 4113 2289 4164; x_wconf 79' lang='lat' dir='ltr'><strong>neclantur</strong></span> <span class='ocrx_word' id='word_1_588' title='bbox 2317 4112 2511 4165; x_wconf 82' lang='lat' dir='ltr'><strong>atates</strong></span> <span class='ocrx_word' id='word_1_589' title='bbox 2554 4108 2917 4179; x_wconf 88' lang='lat' dir='ltr'><strong>singulorum</strong></span> <span class='ocrx_word' id='word_1_590' title='bbox 2960 4118 3479 4184; x_wconf 89' lang='lat' dir='ltr'><strong>monumentorum,</strong></span> <span class='ocrx_word' id='word_1_591' title='bbox 3521 4114 3628 4172; x_wconf 88' lang='lat' dir='ltr'><strong>hoc</strong></span> 
     </span>
    </p>
   </div>
   <div class='ocr_carea' id='block_1_86' title="bbox 1984 4196 3620 4273">
    <p class='ocr_par' dir='ltr' id='par_1_86' title="bbox 1984 4196 3620 4273">
     <span class='ocr_line' id='line_1_86' title="bbox 1984 4196 3620 4273; baseline 0.006 -22"><span class='ocrx_word' id='word_1_592' title='bbox 1984 4204 2071 4254; x_wconf 91' lang='lat' dir='ltr'><strong>est</strong></span> <span class='ocrx_word' id='word_1_593' title='bbox 2098 4198 2383 4266; x_wconf 89' lang='lat' dir='ltr'><strong>codicum,</strong></span> <span class='ocrx_word' id='word_1_594' title='bbox 2417 4196 2773 4267; x_wconf 90' lang='lat' dir='ltr'><strong>picturarum</strong></span> <span class='ocrx_word' id='word_1_595' title='bbox 2805 4202 2862 4252; x_wconf 90' lang='lat' dir='ltr'><strong>et</strong></span> <span class='ocrx_word' id='word_1_596' title='bbox 2894 4198 3362 4271; x_wconf 90' lang='lat' dir='ltr'><strong>inscriptionum,</strong></span> <span class='ocrx_word' id='word_1_597' title='bbox 3395 4217 3521 4273; x_wconf 88' lang='lat' dir='ltr'><strong>qua</strong></span> <span class='ocrx_word' id='word_1_598' title='bbox 3550 4205 3620 4260; x_wconf 91' lang='lat' dir='ltr'><strong>ad</strong></span> 
     </span>
    </p>
   </div>
   <div class='ocr_carea' id='block_1_87' title="bbox 1985 4286 3627 4360">
    <p class='ocr_par' dir='ltr' id='par_1_87' title="bbox 1985 4286 3627 4360">
     <span class='ocr_line' id='line_1_87' title="bbox 1985 4286 3627 4360; baseline 0.004 -19"><span class='ocrx_word' id='word_1_599' title='bbox 1985 4287 2249 4343; x_wconf 87' lang='lat' dir='ltr'><strong>tuendam</strong></span> <span class='ocrx_word' id='word_1_600' title='bbox 2273 4290 2330 4341; x_wconf 91' lang='lat' dir='ltr'><strong>et</strong></span> <span class='ocrx_word' id='word_1_601' title='bbox 2353 4286 2795 4341; x_wconf 89' lang='lat' dir='ltr'><strong>conservandam</strong></span> <span class='ocrx_word' id='word_1_602' title='bbox 2818 4286 3021 4342; x_wconf 91' lang='lat' dir='ltr'><strong>seriem</strong></span> <span class='ocrx_word' id='word_1_603' title='bbox 3047 4295 3103 4343; x_wconf 92' lang='lat' dir='ltr'><strong>et</strong></span> <span class='ocrx_word' id='word_1_604' title='bbox 3127 4289 3263 4344; x_wconf 82' lang='lat' dir='ltr'><strong>Acta</strong></span> <span class='ocrx_word' id='word_1_605' title='bbox 3292 4292 3627 4360; x_wconf 80' lang='lat' dir='ltr'><strong>pontificum</strong></span> 
     </span>
    </p>
   </div>
   <div class='ocr_carea' id='block_1_88' title="bbox 1984 4375 3630 4453">
    <p class='ocr_par' dir='ltr' id='par_1_88' title="bbox 1984 4375 3630 4453">
     <span class='ocr_line' id='line_1_88' title="bbox 1984 4375 3630 4453; baseline 0.005 -24"><span class='ocrx_word' id='word_1_606' title='bbox 1984 4375 2341 4443; x_wconf 82' lang='lat' dir='ltr'><strong>colliguntur</strong></span> <span class='ocrx_word' id='word_1_607' title='bbox 2367 4389 2436 4430; x_wconf 89' lang='lat' dir='ltr'><strong>ex</strong></span> <span class='ocrx_word' id='word_1_608' title='bbox 2462 4380 2667 4445; x_wconf 90' lang='lat' dir='ltr'><strong>quarto</strong></span> <span class='ocrx_word' id='word_1_609' title='bbox 2685 4376 2901 4431; x_wconf 89' lang='lat' dir='ltr'><strong>Christi</strong></span> <span class='ocrx_word' id='word_1_610' title='bbox 2929 4377 3158 4448; x_wconf 78' lang='lat' dir='ltr'><strong>saculo,</strong></span> <span class='ocrx_word' id='word_1_611' title='bbox 3189 4393 3304 4449; x_wconf 91' lang='lat' dir='ltr'><strong>quo</strong></span> <span class='ocrx_word' id='word_1_612' title='bbox 3324 4379 3630 4453; x_wconf 86' lang='lat' dir='ltr'><strong>Catalogus</strong></span> 
     </span>
    </p>
   </div>
   <div class='ocr_carea' id='block_1_89' title="bbox 222 4463 3633 4541">
    <p class='ocr_par' dir='ltr' id='par_1_89' title="bbox 222 4463 3633 4541">
     <span class='ocr_line' id='line_1_89' title="bbox 222 4463 3633 4541; baseline 0.002 -21"><span class='ocrx_word' id='word_1_613' title='bbox 222 4466 383 4533; x_wconf 89' lang='lat' dir='ltr'><strong>tium,</strong></span> <span class='ocrx_word' id='word_1_614' title='bbox 417 4470 545 4523; x_wconf 88' lang='lat' dir='ltr'><strong>tum</strong></span> <span class='ocrx_word' id='word_1_615' title='bbox 580 4466 733 4522; x_wconf 92' lang='lat' dir='ltr'><strong>intra</strong></span> <span class='ocrx_word' id='word_1_616' title='bbox 765 4480 962 4523; x_wconf 91' lang='lat' dir='ltr'><strong>muros</strong></span> <span class='ocrx_word' id='word_1_617' title='bbox 991 4466 1156 4522; x_wconf 89' lang='lat' dir='ltr'><strong>urbis</strong></span> <span class='ocrx_word' id='word_1_618' title='bbox 1186 4467 1394 4535; x_wconf 81' lang='lat' dir='ltr'><strong>Roma,</strong></span> <span class='ocrx_word' id='word_1_619' title='bbox 1422 4471 1545 4521; x_wconf 92' lang='lat' dir='ltr'><strong>tum</strong></span> <span class='ocrx_word' id='word_1_620' title='bbox 1578 4467 1637 4520; x_wconf 90' lang='lat' dir='ltr'><strong>in</strong></span> <span class='ocrx_word' id='word_1_621' title='bbox 1668 4464 1873 4520; x_wconf 90' lang='lat' dir='ltr'><strong>subur-</strong></span> <span class='ocrx_word' id='word_1_622' title='bbox 1901 4473 1954 4533; x_wconf 84' lang='lat'><strong>1)</strong></span> <span class='ocrx_word' id='word_1_623' title='bbox 1991 4463 2842 4534; x_wconf 86' lang='lat' dir='ltr'><strong>Liberianuscontexebatur,ad</strong></span> <span class='ocrx_word' id='word_1_624' title='bbox 2856 4466 3059 4521; x_wconf 90' lang='lat' dir='ltr'><strong>seriem</strong></span> <span class='ocrx_word' id='word_1_625' title='bbox 3080 4469 3406 4536; x_wconf 89' lang='lat' dir='ltr'><strong>perductam</strong></span> <span class='ocrx_word' id='word_1_626' title='bbox 3430 4472 3633 4541; x_wconf 91' lang='lat' dir='ltr'><strong>quinto</strong></span> 
     </span>
    </p>
   </div>
   <div class='ocr_carea' id='block_1_90' title="bbox 222 4552 1870 4626">
    <p class='ocr_par' dir='ltr' id='par_1_90' title="bbox 222 4552 1870 4626">
     <span class='ocr_line' id='line_1_90' title="bbox 222 4552 1870 4626; baseline -0.001 -18"><span class='ocrx_word' id='word_1_627' title='bbox 222 4552 402 4623; x_wconf 87' lang='lat' dir='ltr'><strong>banis,</strong></span> <span class='ocrx_word' id='word_1_628' title='bbox 427 4555 601 4624; x_wconf 83' lang='lat' dir='ltr'><strong>juxta</strong></span> <span class='ocrx_word' id='word_1_629' title='bbox 623 4555 862 4610; x_wconf 90' lang='lat' dir='ltr'><strong>ductum</strong></span> <span class='ocrx_word' id='word_1_630' title='bbox 890 4555 1137 4626; x_wconf 88' lang='lat' dir='ltr'><strong>viarum,</strong></span> <span class='ocrx_word' id='word_1_631' title='bbox 1171 4568 1314 4625; x_wconf 90' lang='lat' dir='ltr'><strong>quas</strong></span> <span class='ocrx_word' id='word_1_632' title='bbox 1363 4553 1627 4623; x_wconf 89' lang='lat' dir='ltr'><strong>opusculi</strong></span> <span class='ocrx_word' id='word_1_633' title='bbox 1667 4559 1870 4608; x_wconf 89' lang='lat' dir='ltr'><strong>auctor</strong></span> 
     </span>
    </p>
   </div>
   <div class='ocr_carea' id='block_1_91' title="bbox 223 4641 1871 4712">
    <p class='ocr_par' dir='ltr' id='par_1_91' title="bbox 223 4641 1871 4712">
     <span class='ocr_line' id='line_1_91' title="bbox 223 4641 1871 4712; baseline -0.001 -17"><span class='ocrx_word' id='word_1_634' title='bbox 223 4643 285 4697; x_wconf 89' lang='lat' dir='ltr'><strong>ad</strong></span> <span class='ocrx_word' id='word_1_635' title='bbox 314 4643 505 4698; x_wconf 89' lang='lat' dir='ltr'><strong>instar</strong></span> <span class='ocrx_word' id='word_1_636' title='bbox 532 4643 707 4698; x_wconf 76' lang='lat' dir='ltr'><strong>brevis</strong></span> <span class='ocrx_word' id='word_1_637' title='bbox 741 4646 1041 4706; x_wconf 82' lang='lat' dir='ltr'><strong>Itinerarii,</strong></span> <span class='ocrx_word' id='word_1_638' title='bbox 1075 4656 1176 4699; x_wconf 86' lang='lat' dir='ltr'><strong>seu</strong></span> <span class='ocrx_word' id='word_1_639' title='bbox 1205 4642 1619 4712; x_wconf 80' lang='lat' dir='ltr'><strong>Topographica</strong></span> <span class='ocrx_word' id='word_1_640' title='bbox 1651 4641 1871 4694; x_wconf 80' lang='lat' dir='ltr'><strong>Tabula</strong></span> 
     </span>
    </p>
   </div>
   <div class='ocr_carea' id='block_1_92' title="bbox 228 4731 1871 4789">
    <p class='ocr_par' dir='ltr' id='par_1_92' title="bbox 228 4731 1871 4789">
     <span class='ocr_line' id='line_1_92' title="bbox 228 4731 1871 4789; baseline -0.001 -4"><span class='ocrx_word' id='word_1_641' title='bbox 228 4731 437 4788; x_wconf 89' lang='lat' dir='ltr'><strong>litteris</strong></span> <span class='ocrx_word' id='word_1_642' title='bbox 460 4733 887 4788; x_wconf 84' lang='lat' dir='ltr'><strong>commendavit</strong></span> <span class='ocrx_word' id='word_1_643' title='bbox 914 4747 1065 4789; x_wconf 92' lang='lat' dir='ltr'><strong>nono</strong></span> <span class='ocrx_word' id='word_1_644' title='bbox 1088 4732 1304 4789; x_wconf 87' lang='lat' dir='ltr'><strong>Christi</strong></span> <span class='ocrx_word' id='word_1_645' title='bbox 1328 4731 1539 4787; x_wconf 85' lang='lat' dir='ltr'><strong>saculo</strong></span> <span class='ocrx_word' id='word_1_646' title='bbox 1564 4731 1719 4786; x_wconf 90' lang='lat' dir='ltr'><strong>circa</strong></span> <span class='ocrx_word' id='word_1_647' title='bbox 1743 4737 1871 4785; x_wconf 84' lang='lat' dir='ltr'><strong>ata-</strong></span> 
     </span>
    </p>
   </div>
   <div class='ocr_carea' id='block_1_93' title="bbox 228 4820 1874 4893">
    <p class='ocr_par' dir='ltr' id='par_1_93' title="bbox 228 4820 1874 4893">
     <span class='ocr_line' id='line_1_93' title="bbox 228 4820 1874 4893; baseline 0 -19"><span class='ocrx_word' id='word_1_648' title='bbox 228 4827 330 4875; x_wconf 90' lang='lat' dir='ltr'><strong>tem</strong></span> <span class='ocrx_word' id='word_1_649' title='bbox 354 4821 551 4877; x_wconf 88' lang='lat' dir='ltr'><strong>Caroli</strong></span> <span class='ocrx_word' id='word_1_650' title='bbox 569 4821 749 4877; x_wconf 89' lang='lat' dir='ltr'><strong>Calvi.</strong></span> <span class='ocrx_word' id='word_1_651' title='bbox 774 4822 911 4877; x_wconf 91' lang='lat' dir='ltr'><strong>Inde</strong></span> <span class='ocrx_word' id='word_1_652' title='bbox 930 4822 1085 4877; x_wconf 90' lang='lat' dir='ltr'><strong>enim</strong></span> <span class='ocrx_word' id='word_1_653' title='bbox 1103 4821 1302 4893; x_wconf 87' lang='lat' dir='ltr'><strong>colligi</strong></span> <span class='ocrx_word' id='word_1_654' title='bbox 1334 4826 1519 4891; x_wconf 89' lang='lat' dir='ltr'><strong>potest</strong></span> <span class='ocrx_word' id='word_1_655' title='bbox 1541 4820 1702 4875; x_wconf 90' lang='lat' dir='ltr'><strong>locus</strong></span> <span class='ocrx_word' id='word_1_656' title='bbox 1726 4832 1874 4875; x_wconf 90' lang='lat' dir='ltr'><strong>com-</strong></span> 
     </span>
    </p>
   </div>
   <div class='ocr_carea' id='block_1_94' title="bbox 232 4908 1873 4982">
    <p class='ocr_par' dir='ltr' id='par_1_94' title="bbox 232 4908 1873 4982">
     <span class='ocr_line' id='line_1_94' title="bbox 232 4908 1873 4982; baseline -0.001 -18"><span class='ocrx_word' id='word_1_657' title='bbox 232 4909 480 4977; x_wconf 80' lang='lat' dir='ltr'><strong>plurium</strong></span> <span class='ocrx_word' id='word_1_658' title='bbox 525 4910 741 4967; x_wconf 89' lang='lat' dir='ltr'><strong>adium</strong></span> <span class='ocrx_word' id='word_1_659' title='bbox 784 4924 1098 4982; x_wconf 90' lang='lat' dir='ltr'><strong>sacrarum,</strong></span> <span class='ocrx_word' id='word_1_660' title='bbox 1150 4925 1366 4969; x_wconf 90' lang='lat' dir='ltr'><strong>necnon</strong></span> <span class='ocrx_word' id='word_1_661' title='bbox 1414 4908 1873 4966; x_wconf 79' lang='lat' dir='ltr'><strong>cameteriorum</strong></span> 
     </span>
    </p>
   </div>
   <div class='ocr_carea' id='block_1_95' title="bbox 232 4998 1877 5072">
    <p class='ocr_par' dir='ltr' id='par_1_95' title="bbox 232 4998 1877 5072">
     <span class='ocr_line' id='line_1_95' title="bbox 232 4998 1877 5072; baseline -0.002 -18"><span class='ocrx_word' id='word_1_662' title='bbox 232 5006 555 5056; x_wconf 87' lang='lat' dir='ltr'><strong>sanctorum</strong></span> <span class='ocrx_word' id='word_1_663' title='bbox 597 5005 937 5072; x_wconf 84' lang='lat' dir='ltr'><strong>martyrum,</strong></span> <span class='ocrx_word' id='word_1_664' title='bbox 970 5006 1094 5058; x_wconf 90' lang='lat' dir='ltr'><strong>tum</strong></span> <span class='ocrx_word' id='word_1_665' title='bbox 1124 5002 1297 5057; x_wconf 91' lang='lat' dir='ltr'><strong>etiam</strong></span> <span class='ocrx_word' id='word_1_666' title='bbox 1337 4998 1767 5057; x_wconf 90' lang='lat' dir='ltr'><strong>nomenclatura</strong></span> <span class='ocrx_word' id='word_1_667' title='bbox 1811 5011 1877 5052; x_wconf 90' lang='lat' dir='ltr'><strong>ac</strong></span> 
     </span>
    </p>
   </div>
   <div class='ocr_carea' id='block_1_96' title="bbox 233 5088 1879 5159">
    <p class='ocr_par' dir='ltr' id='par_1_96' title="bbox 233 5088 1879 5159">
     <span class='ocr_line' id='line_1_96' title="bbox 233 5088 1879 5159; baseline -0.001 -17"><span class='ocrx_word' id='word_1_668' title='bbox 233 5088 538 5159; x_wconf 89' lang='lat' dir='ltr'><strong>dispositio</strong></span> <span class='ocrx_word' id='word_1_669' title='bbox 566 5091 890 5147; x_wconf 88' lang='lat' dir='ltr'><strong>illustrium</strong></span> <span class='ocrx_word' id='word_1_670' title='bbox 913 5091 1084 5147; x_wconf 89' lang='lat' dir='ltr'><strong>Urbis</strong></span> <span class='ocrx_word' id='word_1_671' title='bbox 1104 5095 1600 5147; x_wconf 88' lang='lat' dir='ltr'><strong>ornamentorum:</strong></span> <span class='ocrx_word' id='word_1_672' title='bbox 1628 5101 1754 5158; x_wconf 84' lang='lat' dir='ltr'><strong>qua</strong></span> <span class='ocrx_word' id='word_1_673' title='bbox 1782 5099 1879 5155; x_wconf 90' lang='lat' dir='ltr'><strong>per</strong></span> 
     </span>
    </p>
   </div>
   <div class='ocr_carea' id='block_1_97' title="bbox 235 5179 1880 5251">
    <p class='ocr_par' dir='ltr' id='par_1_97' title="bbox 235 5179 1880 5251">
     <span class='ocr_line' id='line_1_97' title="bbox 235 5179 1880 5251; baseline -0.001 -19"><span class='ocrx_word' id='word_1_674' title='bbox 235 5190 343 5234; x_wconf 82' lang='lat' dir='ltr'><strong>eam</strong></span> <span class='ocrx_word' id='word_1_675' title='bbox 374 5187 604 5237; x_wconf 79' lang='lat' dir='ltr'><strong>atatem</strong></span> <span class='ocrx_word' id='word_1_676' title='bbox 638 5181 892 5237; x_wconf 92' lang='lat' dir='ltr'><strong>nondum</strong></span> <span class='ocrx_word' id='word_1_677' title='bbox 923 5179 1286 5251; x_wconf 88' lang='lat' dir='ltr'><strong>labefactata,</strong></span> <span class='ocrx_word' id='word_1_678' title='bbox 1320 5180 1490 5235; x_wconf 89' lang='lat' dir='ltr'><strong>hodie</strong></span> <span class='ocrx_word' id='word_1_679' title='bbox 1517 5182 1706 5234; x_wconf 91' lang='lat' dir='ltr'><strong>autem</strong></span> <span class='ocrx_word' id='word_1_680' title='bbox 1740 5190 1880 5247; x_wconf 89' lang='lat' dir='ltr'><strong>par-</strong></span> 
     </span>
    </p>
   </div>
   <div class='ocr_carea' id='block_1_98' title="bbox 240 5267 1876 5341">
    <p class='ocr_par' dir='ltr' id='par_1_98' title="bbox 240 5267 1876 5341">
     <span class='ocr_line' id='line_1_98' title="bbox 240 5267 1876 5341; baseline 0.001 -20"><span class='ocrx_word' id='word_1_681' title='bbox 240 5268 326 5323; x_wconf 82' lang='lat' dir='ltr'><strong>tim</strong></span> <span class='ocrx_word' id='word_1_682' title='bbox 339 5271 562 5335; x_wconf 81' lang='lat' dir='ltr'><strong>diruta,</strong></span> <span class='ocrx_word' id='word_1_683' title='bbox 581 5271 791 5341; x_wconf 90' lang='lat' dir='ltr'><strong>partim</strong></span> <span class='ocrx_word' id='word_1_684' title='bbox 813 5276 1168 5340; x_wconf 85' lang='lat' dir='ltr'><strong>praservata.</strong></span> <span class='ocrx_word' id='word_1_685' title='bbox 1188 5268 1563 5326; x_wconf 89' lang='lat' dir='ltr'><strong>obscuritatis</strong></span> <span class='ocrx_word' id='word_1_686' title='bbox 1579 5267 1715 5337; x_wconf 91' lang='lat' dir='ltr'><strong>quid</strong></span> <span class='ocrx_word' id='word_1_687' title='bbox 1728 5268 1815 5337; x_wconf 92' lang='lat' dir='ltr'><strong>pia</strong></span> <span class='ocrx_word' id='word_1_688' title='bbox 1827 5282 1876 5322; x_wconf 92' lang='lat' dir='ltr'><strong>m</strong></span> 
     </span>
    </p>
   </div>
   <div class='ocr_carea' id='block_1_99' title="bbox 244 5357 1879 5429">
    <p class='ocr_par' dir='ltr' id='par_1_99' title="bbox 244 5357 1879 5429">
     <span class='ocr_line' id='line_1_99' title="bbox 244 5357 1879 5429; baseline 0 -17"><span class='ocrx_word' id='word_1_689' title='bbox 244 5360 544 5415; x_wconf 78' lang='lat' dir='ltr'><strong>retinerent</strong></span> <span class='ocrx_word' id='word_1_690' title='bbox 583 5360 642 5415; x_wconf 91' lang='lat' dir='ltr'><strong>in</strong></span> <span class='ocrx_word' id='word_1_691' title='bbox 674 5366 837 5415; x_wconf 86' lang='lat' dir='ltr'><strong>textu</strong></span> <span class='ocrx_word' id='word_1_692' title='bbox 871 5359 1187 5429; x_wconf 81' lang='lat' dir='ltr'><strong>Anastasii,</strong></span> <span class='ocrx_word' id='word_1_693' title='bbox 1232 5358 1344 5414; x_wconf 88' lang='lat' dir='ltr'><strong>nisi</strong></span> <span class='ocrx_word' id='word_1_694' title='bbox 1383 5358 1558 5427; x_wconf 87' lang='lat' dir='ltr'><strong>hujus</strong></span> <span class='ocrx_word' id='word_1_695' title='bbox 1586 5357 1879 5413; x_wconf 85' lang='lat' dir='ltr'><strong>Itiuerarii</strong></span> 
     </span>
    </p>
   </div>
   <div class='ocr_carea' id='block_1_100' title="bbox 242 5448 1886 5519">
    <p class='ocr_par' dir='ltr' id='par_1_100' title="bbox 242 5448 1886 5519">
     <span class='ocr_line' id='line_1_100' title="bbox 242 5448 1886 5519; baseline -0.001 -16"><span class='ocrx_word' id='word_1_696' title='bbox 242 5449 495 5506; x_wconf 84' lang='lat' dir='ltr'><strong>subsidio</strong></span> <span class='ocrx_word' id='word_1_697' title='bbox 519 5450 980 5506; x_wconf 89' lang='lat' dir='ltr'><strong>illustrarentur.</strong></span> <span class='ocrx_word' id='word_1_698' title='bbox 1000 5449 1356 5519; x_wconf 85' lang='lat' dir='ltr'><strong>Opusculum</strong></span> <span class='ocrx_word' id='word_1_699' title='bbox 1378 5448 1750 5518; x_wconf 74' lang='lat' dir='ltr'><strong>reperitsape</strong></span> <span class='ocrx_word' id='word_1_700' title='bbox 1768 5448 1886 5503; x_wconf 88' lang='lat' dir='ltr'><strong>Iau-</strong></span> 
     </span>
    </p>
   </div>
   <div class='ocr_carea' id='block_1_101' title="bbox 246 5536 1887 5623">
    <p class='ocr_par' dir='ltr' id='par_1_101' title="bbox 246 5536 1887 5623">
     <span class='ocr_line' id='line_1_101' title="bbox 246 5536 1887 5623; baseline 0.002 -32"><span class='ocrx_word' id='word_1_701' title='bbox 246 5537 403 5595; x_wconf 87' lang='lat' dir='ltr'><strong>datus</strong></span> <span class='ocrx_word' id='word_1_702' title='bbox 416 5544 673 5595; x_wconf 88' lang='lat' dir='ltr'><strong>veterum</strong></span> <span class='ocrx_word' id='word_1_703' title='bbox 691 5539 959 5596; x_wconf 88' lang='lat' dir='ltr'><strong>codicum</strong></span> <span class='ocrx_word' id='word_1_704' title='bbox 979 5541 1184 5596; x_wconf 82' lang='lat' dir='ltr'><strong>vindex</strong></span> <span class='ocrx_word' id='word_1_705' title='bbox 1202 5538 1575 5594; x_wconf 81' lang='lat' dir='ltr'><strong>Mabillonius</strong></span> <span class='ocrx_word' id='word_1_706' title='bbox 1597 5536 1887 5623; x_wconf 64' lang='lat' dir='ltr'><strong>inbiblioo</strong></span> 
     </span>
    </p>
   </div>
   <div class='ocr_carea' id='block_1_102' title="bbox 252 5627 1884 5699">
    <p class='ocr_par' dir='ltr' id='par_1_102' title="bbox 252 5627 1884 5699">
     <span class='ocr_line' id='line_1_102' title="bbox 252 5627 1884 5699; baseline 0.002 -17"><span class='ocrx_word' id='word_1_707' title='bbox 252 5627 399 5686; x_wconf 86' lang='lat' dir='ltr'><strong>theca</strong></span> <span class='ocrx_word' id='word_1_708' title='bbox 414 5630 751 5688; x_wconf 88' lang='lat' dir='ltr'><strong>monasterii</strong></span> <span class='ocrx_word' id='word_1_709' title='bbox 766 5628 1227 5689; x_wconf 82' lang='lat' dir='ltr'><strong>Einsidlensisin</strong></span> <span class='ocrx_word' id='word_1_710' title='bbox 1242 5627 1516 5693; x_wconf 78' lang='lat' dir='ltr'><strong>Helvetia,</strong></span> <span class='ocrx_word' id='word_1_711' title='bbox 1531 5633 1884 5699; x_wconf 85' lang='lat' dir='ltr'><strong>compactum</strong></span> 
     </span>
    </p>
   </div>
   <div class='ocr_carea' id='block_1_103' title="bbox 670 5735 1213 5795">
    <p class='ocr_par' dir='ltr' id='par_1_103' title="bbox 670 5735 1213 5795">
     <span class='ocr_line' id='line_1_103' title="bbox 670 5735 1213 5795; baseline -0.007 0"><span class='ocrx_word' id='word_1_712' title='bbox 670 5740 905 5795; x_wconf 56' lang='lat' dir='ltr'><strong>Parnm“</strong></span> <span class='ocrx_word' id='word_1_713' title='bbox 947 5735 1213 5794; x_wconf 82' lang='lat' dir='ltr'><strong>CXXVII.</strong></span> 
     </span>
    </p>
   </div>
   <div class='ocr_carea' id='block_1_104' title="bbox 1991 4552 3633 4626">
    <p class='ocr_par' dir='ltr' id='par_1_104' title="bbox 1991 4552 3633 4626">
     <span class='ocr_line' id='line_1_104' title="bbox 1991 4552 3633 4626; baseline 0.005 -18"><span class='ocrx_word' id='word_1_714' title='bbox 1991 4552 2202 4609; x_wconf 87' lang='lat' dir='ltr'><strong>saculo</strong></span> <span class='ocrx_word' id='word_1_715' title='bbox 2230 4552 2289 4607; x_wconf 88' lang='lat' dir='ltr'><strong>in</strong></span> <span class='ocrx_word' id='word_1_716' title='bbox 2313 4552 2559 4622; x_wconf 89' lang='lat' dir='ltr'><strong>picturis</strong></span> <span class='ocrx_word' id='word_1_717' title='bbox 2581 4552 2835 4609; x_wconf 86' lang='lat' dir='ltr'><strong>basilica</strong></span> <span class='ocrx_word' id='word_1_718' title='bbox 2854 4554 2909 4608; x_wconf 91' lang='lat' dir='ltr'><strong>S.</strong></span> <span class='ocrx_word' id='word_1_719' title='bbox 2934 4554 3096 4609; x_wconf 75' lang='lat' dir='ltr'><strong>Pauli</strong></span> <span class='ocrx_word' id='word_1_720' title='bbox 3121 4556 3191 4611; x_wconf 91' lang='lat' dir='ltr'><strong>ad</strong></span> <span class='ocrx_word' id='word_1_721' title='bbox 3217 4559 3509 4626; x_wconf 88' lang='lat' dir='ltr'><strong>proximos</strong></span> <span class='ocrx_word' id='word_1_722' title='bbox 3524 4561 3633 4617; x_wconf 89' lang='lat' dir='ltr'><strong>de—</strong></span> 
     </span>
    </p>
   </div>
   <div class='ocr_carea' id='block_1_105' title="bbox 1982 4642 3631 4714">
    <p class='ocr_par' dir='ltr' id='par_1_105' title="bbox 1982 4642 3631 4714">
     <span class='ocr_line' id='line_1_105' title="bbox 1982 4642 3631 4714; baseline 0.005 -17"><span class='ocrx_word' id='word_1_723' title='bbox 1982 4656 2236 4699; x_wconf 89' lang='lat' dir='ltr'><strong>cessores</strong></span> <span class='ocrx_word' id='word_1_724' title='bbox 2268 4642 2323 4697; x_wconf 90' lang='lat' dir='ltr'><strong>S.</strong></span> <span class='ocrx_word' id='word_1_725' title='bbox 2357 4642 2561 4697; x_wconf 91' lang='lat' dir='ltr'><strong>Leonis</strong></span> <span class='ocrx_word' id='word_1_726' title='bbox 2594 4643 2803 4714; x_wconf 87' lang='lat' dir='ltr'><strong>Magni,</strong></span> <span class='ocrx_word' id='word_1_727' title='bbox 2849 4646 2965 4698; x_wconf 91' lang='lat' dir='ltr'><strong>tum</strong></span> <span class='ocrx_word' id='word_1_728' title='bbox 3000 4643 3068 4699; x_wconf 92' lang='lat' dir='ltr'><strong>ad</strong></span> <span class='ocrx_word' id='word_1_729' title='bbox 3110 4647 3423 4703; x_wconf 88' lang='lat' dir='ltr'><strong>secundum</strong></span> <span class='ocrx_word' id='word_1_730' title='bbox 3454 4649 3631 4705; x_wconf 85' lang='lat' dir='ltr'><strong>Cata-</strong></span> 
     </span>
    </p>
   </div>
   <div class='ocr_carea' id='block_1_106' title="bbox 1982 4731 3629 4808">
    <p class='ocr_par' dir='ltr' id='par_1_106' title="bbox 1982 4731 3629 4808">
     <span class='ocr_line' id='line_1_106' title="bbox 1982 4731 3629 4808; baseline 0.003 -19"><span class='ocrx_word' id='word_1_731' title='bbox 1982 4734 2175 4806; x_wconf 87' lang='lat' dir='ltr'><strong>logum</strong></span> <span class='ocrx_word' id='word_1_732' title='bbox 2208 4731 2315 4788; x_wconf 91' lang='lat' dir='ltr'><strong>sub</strong></span> <span class='ocrx_word' id='word_1_733' title='bbox 2334 4731 2661 4787; x_wconf 75' lang='lat' dir='ltr'><strong>Iustiniano</strong></span> <span class='ocrx_word' id='word_1_734' title='bbox 2693 4733 2846 4787; x_wconf 89' lang='lat' dir='ltr'><strong>circa</strong></span> <span class='ocrx_word' id='word_1_735' title='bbox 2879 4732 3130 4789; x_wconf 91' lang='lat' dir='ltr'><strong>medium</strong></span> <span class='ocrx_word' id='word_1_736' title='bbox 3153 4735 3349 4792; x_wconf 81' lang='lat' dir='ltr'><strong>saculi</strong></span> <span class='ocrx_word' id='word_1_737' title='bbox 3376 4738 3544 4808; x_wconf 89' lang='lat' dir='ltr'><strong>sexti,</strong></span> <span class='ocrx_word' id='word_1_738' title='bbox 3571 4745 3629 4794; x_wconf 90' lang='lat' dir='ltr'><strong>et</strong></span> 
     </span>
    </p>
   </div>
   <div class='ocr_carea' id='block_1_107' title="bbox 1984 4821 3618 4896">
    <p class='ocr_par' dir='ltr' id='par_1_107' title="bbox 1984 4821 3618 4896">
     <span class='ocr_line' id='line_1_107' title="bbox 1984 4821 3618 4896; baseline 0.002 -18"><span class='ocrx_word' id='word_1_739' title='bbox 1984 4823 2051 4878; x_wconf 91' lang='lat' dir='ltr'><strong>ad</strong></span> <span class='ocrx_word' id='word_1_740' title='bbox 2083 4821 2415 4878; x_wconf 89' lang='lat' dir='ltr'><strong>Corbiensis</strong></span> <span class='ocrx_word' id='word_1_741' title='bbox 2441 4821 2663 4878; x_wconf 91' lang='lat' dir='ltr'><strong>codicis</strong></span> <span class='ocrx_word' id='word_1_742' title='bbox 2689 4821 3021 4894; x_wconf 88' lang='lat' dir='ltr'><strong>Catalogum</strong></span> <span class='ocrx_word' id='word_1_743' title='bbox 3053 4824 3270 4896; x_wconf 88' lang='lat' dir='ltr'><strong>Vigilio</strong></span> <span class='ocrx_word' id='word_1_744' title='bbox 3299 4826 3573 4896; x_wconf 84' lang='lat' dir='ltr'><strong>aqualem</strong></span> <span class='ocrx_word' id='word_1_745' title='bbox 3604 4843 3618 4895; x_wconf 90' lang='lat'><strong>;</strong></span> 
     </span>
    </p>
   </div>
   <div class='ocr_carea' id='block_1_108' title="bbox 1989 4908 3623 4982">
    <p class='ocr_par' dir='ltr' id='par_1_108' title="bbox 1989 4908 3623 4982">
     <span class='ocr_line' id='line_1_108' title="bbox 1989 4908 3623 4982; baseline 0.002 -16"><span class='ocrx_word' id='word_1_746' title='bbox 1989 4912 2123 4967; x_wconf 90' lang='lat' dir='ltr'><strong>hinc</strong></span> <span class='ocrx_word' id='word_1_747' title='bbox 2153 4922 2285 4965; x_wconf 90' lang='lat' dir='ltr'><strong>vero</strong></span> <span class='ocrx_word' id='word_1_748' title='bbox 2309 4909 2378 4963; x_wconf 91' lang='lat' dir='ltr'><strong>ad</strong></span> <span class='ocrx_word' id='word_1_749' title='bbox 2410 4908 2655 4964; x_wconf 88' lang='lat' dir='ltr'><strong>alterum</strong></span> <span class='ocrx_word' id='word_1_750' title='bbox 2683 4909 3049 4967; x_wconf 90' lang='lat' dir='ltr'><strong>Corbeiensis</strong></span> <span class='ocrx_word' id='word_1_751' title='bbox 3088 4912 3157 4966; x_wconf 86' lang='lat' dir='ltr'><strong>ad</strong></span> <span class='ocrx_word' id='word_1_752' title='bbox 3192 4912 3356 4967; x_wconf 86' lang='lat' dir='ltr'><strong>finem</strong></span> <span class='ocrx_word' id='word_1_753' title='bbox 3390 4914 3623 4982; x_wconf 90' lang='lat' dir='ltr'><strong>septimi</strong></span> 
     </span>
    </p>
   </div>
   <div class='ocr_carea' id='block_1_109' title="bbox 1988 4997 3630 5074">
    <p class='ocr_par' dir='ltr' id='par_1_109' title="bbox 1988 4997 3630 5074">
     <span class='ocr_line' id='line_1_109' title="bbox 1988 4997 3630 5074; baseline 0.003 -19"><span class='ocrx_word' id='word_1_754' title='bbox 1988 4998 2182 5055; x_wconf 86' lang='lat' dir='ltr'><strong>saculi</strong></span> <span class='ocrx_word' id='word_1_755' title='bbox 2208 4997 2315 5054; x_wconf 92' lang='lat' dir='ltr'><strong>sub</strong></span> <span class='ocrx_word' id='word_1_756' title='bbox 2329 4997 2574 5067; x_wconf 91' lang='lat' dir='ltr'><strong>Conone,</strong></span> <span class='ocrx_word' id='word_1_757' title='bbox 2598 5001 2655 5052; x_wconf 93' lang='lat' dir='ltr'><strong>et</strong></span> <span class='ocrx_word' id='word_1_758' title='bbox 2673 4999 2743 5053; x_wconf 90' lang='lat' dir='ltr'><strong>ad</strong></span> <span class='ocrx_word' id='word_1_759' title='bbox 2769 4999 3004 5054; x_wconf 89' lang='lat' dir='ltr'><strong>initium</strong></span> <span class='ocrx_word' id='word_1_760' title='bbox 3026 5000 3210 5055; x_wconf 90' lang='lat' dir='ltr'><strong>octavi</strong></span> <span class='ocrx_word' id='word_1_761' title='bbox 3232 4999 3342 5056; x_wconf 92' lang='lat' dir='ltr'><strong>sub</strong></span> <span class='ocrx_word' id='word_1_762' title='bbox 3360 5002 3560 5074; x_wconf 89' lang='lat' dir='ltr'><strong>Sergio</strong></span> <span class='ocrx_word' id='word_1_763' title='bbox 3580 5006 3630 5061; x_wconf 90' lang='grc' dir='ltr'><strong>ιι</strong></span> 
     </span>
    </p>
   </div>
   <div class='ocr_carea' id='block_1_110' title="bbox 1988 5085 3628 5156">
    <p class='ocr_par' dir='ltr' id='par_1_110' title="bbox 1988 5085 3628 5156">
     <span class='ocr_line' id='line_1_110' title="bbox 1988 5085 3628 5156; baseline 0.004 -13"><span class='ocrx_word' id='word_1_764' title='bbox 1988 5094 2044 5144; x_wconf 92' lang='lat' dir='ltr'><strong>et</strong></span> <span class='ocrx_word' id='word_1_765' title='bbox 2066 5090 2278 5143; x_wconf 88' lang='lat' dir='ltr'><strong>Joanne</strong></span> <span class='ocrx_word' id='word_1_766' title='bbox 2307 5088 2373 5142; x_wconf 91' lang='lat' dir='ltr'><strong>VI</strong></span> <span class='ocrx_word' id='word_1_767' title='bbox 2404 5085 2785 5156; x_wconf 87' lang='lat' dir='ltr'><strong>perscriptum</strong></span> <span class='ocrx_word' id='word_1_768' title='bbox 2814 5104 2829 5155; x_wconf 85' lang='lat'><strong>;</strong></span> <span class='ocrx_word' id='word_1_769' title='bbox 2859 5092 2980 5142; x_wconf 91' lang='lat' dir='ltr'><strong>tum</strong></span> <span class='ocrx_word' id='word_1_770' title='bbox 3009 5088 3078 5143; x_wconf 89' lang='lat' dir='ltr'><strong>ad</strong></span> <span class='ocrx_word' id='word_1_771' title='bbox 3108 5089 3375 5146; x_wconf 89' lang='lat' dir='ltr'><strong>notitiam</strong></span> <span class='ocrx_word' id='word_1_772' title='bbox 3405 5093 3628 5150; x_wconf 91' lang='lat' dir='ltr'><strong>codicis</strong></span> 
     </span>
    </p>
   </div>
   <div class='ocr_carea' id='block_1_111' title="bbox 1989 5174 3631 5247">
    <p class='ocr_par' dir='ltr' id='par_1_111' title="bbox 1989 5174 3631 5247">
     <span class='ocr_line' id='line_1_111' title="bbox 1989 5174 3631 5247; baseline 0.004 -16"><span class='ocrx_word' id='word_1_773' title='bbox 1989 5174 2375 5233; x_wconf 85' lang='lat' dir='ltr'><strong>Einsidlensis</strong></span> <span class='ocrx_word' id='word_1_774' title='bbox 2390 5176 2523 5231; x_wconf 93' lang='lat' dir='ltr'><strong>noni</strong></span> <span class='ocrx_word' id='word_1_775' title='bbox 2543 5174 2738 5231; x_wconf 83' lang='lat' dir='ltr'><strong>saculi</strong></span> <span class='ocrx_word' id='word_1_776' title='bbox 2756 5180 2972 5231; x_wconf 85' lang='lat' dir='ltr'><strong>atatem</strong></span> <span class='ocrx_word' id='word_1_777' title='bbox 2994 5192 3107 5247; x_wconf 87' lang='lat' dir='ltr'><strong>pra</strong></span> <span class='ocrx_word' id='word_1_778' title='bbox 3126 5191 3184 5234; x_wconf 93' lang='lat' dir='ltr'><strong>se</strong></span> <span class='ocrx_word' id='word_1_779' title='bbox 3197 5177 3433 5237; x_wconf 88' lang='lat' dir='ltr'><strong>ferentis</strong></span> <span class='ocrx_word' id='word_1_780' title='bbox 3453 5186 3631 5239; x_wconf 87' lang='lat' dir='ltr'><strong>atten-</strong></span> 
     </span>
    </p>
   </div>
   <div class='ocr_carea' id='block_1_112' title="bbox 1990 5265 3627 5339">
    <p class='ocr_par' dir='ltr' id='par_1_112' title="bbox 1990 5265 3627 5339">
     <span class='ocr_line' id='line_1_112' title="bbox 1990 5265 3627 5339; baseline 0.004 -18"><span class='ocrx_word' id='word_1_781' title='bbox 1990 5267 2089 5322; x_wconf 89' lang='lat' dir='ltr'><strong>dat</strong></span> <span class='ocrx_word' id='word_1_782' title='bbox 2117 5285 2131 5336; x_wconf 80' lang='lat'><strong>;</strong></span> <span class='ocrx_word' id='word_1_783' title='bbox 2162 5271 2218 5321; x_wconf 89' lang='lat' dir='ltr'><strong>et</strong></span> <span class='ocrx_word' id='word_1_784' title='bbox 2246 5265 2569 5321; x_wconf 91' lang='lat' dir='ltr'><strong>consideret</strong></span> <span class='ocrx_word' id='word_1_785' title='bbox 2603 5265 3046 5335; x_wconf 87' lang='lat' dir='ltr'><strong>descriptionem</strong></span> <span class='ocrx_word' id='word_1_786' title='bbox 3079 5268 3250 5325; x_wconf 90' lang='lat' dir='ltr'><strong>Urbis</strong></span> <span class='ocrx_word' id='word_1_787' title='bbox 3295 5272 3627 5339; x_wconf 89' lang='lat' dir='ltr'><strong>productam</strong></span> 
     </span>
    </p>
   </div>
   <div class='ocr_carea' id='block_1_113' title="bbox 1994 5355 3632 5417">
    <p class='ocr_par' dir='ltr' id='par_1_113' title="bbox 1994 5355 3632 5417">
     <span class='ocr_line' id='line_1_113' title="bbox 1994 5355 3632 5417; baseline 0.004 -7"><span class='ocrx_word' id='word_1_788' title='bbox 1994 5358 2147 5412; x_wconf 86' lang='lat' dir='ltr'><strong>circa</strong></span> <span class='ocrx_word' id='word_1_789' title='bbox 2194 5356 2359 5411; x_wconf 84' lang='lat' dir='ltr'><strong>tinem</strong></span> <span class='ocrx_word' id='word_1_790' title='bbox 2399 5355 2687 5411; x_wconf 90' lang='lat' dir='ltr'><strong>undecimi</strong></span> <span class='ocrx_word' id='word_1_791' title='bbox 2729 5356 2924 5411; x_wconf 82' lang='lat' dir='ltr'><strong>saculi</strong></span> <span class='ocrx_word' id='word_1_792' title='bbox 2965 5357 3038 5412; x_wconf 91' lang='lat' dir='ltr'><strong>ab</strong></span> <span class='ocrx_word' id='word_1_793' title='bbox 3085 5358 3364 5416; x_wconf 87' lang='lat' dir='ltr'><strong>historico</strong></span> <span class='ocrx_word' id='word_1_794' title='bbox 3392 5360 3632 5417; x_wconf 87' lang='lat' dir='ltr'><strong>Malme-</strong></span> 
     </span>
    </p>
   </div>
   <div class='ocr_carea' id='block_1_114' title="bbox 1997 5443 3636 5517">
    <p class='ocr_par' dir='ltr' id='par_1_114' title="bbox 1997 5443 3636 5517">
     <span class='ocr_line' id='line_1_114' title="bbox 1997 5443 3636 5517; baseline 0.002 -13"><span class='ocrx_word' id='word_1_795' title='bbox 1997 5445 2306 5505; x_wconf 90' lang='lat' dir='ltr'><strong>smuriensi</strong></span> <span class='ocrx_word' id='word_1_796' title='bbox 2332 5463 2347 5516; x_wconf 82' lang='lat'><strong>;</strong></span> <span class='ocrx_word' id='word_1_797' title='bbox 2375 5444 2426 5500; x_wconf 88' lang='lat' dir='ltr'><strong>si</strong></span> <span class='ocrx_word' id='word_1_798' title='bbox 2459 5443 2581 5517; x_wconf 89' lang='lat' dir='ltr'><strong>has,</strong></span> <span class='ocrx_word' id='word_1_799' title='bbox 2616 5446 2871 5515; x_wconf 89' lang='lat' dir='ltr'><strong>inquam,</strong></span> <span class='ocrx_word' id='word_1_800' title='bbox 2900 5448 3293 5504; x_wconf 90' lang='lat' dir='ltr'><strong>successiones</strong></span> <span class='ocrx_word' id='word_1_801' title='bbox 3318 5453 3549 5506; x_wconf 89' lang='lat' dir='ltr'><strong>atatum</strong></span> <span class='ocrx_word' id='word_1_802' title='bbox 3577 5458 3636 5509; x_wconf 89' lang='lat' dir='ltr'><strong>et</strong></span> 
     </span>
    </p>
   </div>
   <div class='ocr_carea' id='block_1_115' title="bbox 1996 5534 3639 5606">
    <p class='ocr_par' dir='ltr' id='par_1_115' title="bbox 1996 5534 3639 5606">
     <span class='ocr_line' id='line_1_115' title="bbox 1996 5534 3639 5606; baseline 0.002 -13"><span class='ocrx_word' id='word_1_803' title='bbox 1996 5537 2258 5593; x_wconf 90' lang='lat' dir='ltr'><strong>codicum</strong></span> <span class='ocrx_word' id='word_1_804' title='bbox 2277 5534 2582 5605; x_wconf 86' lang='lat' dir='ltr'><strong>aqualium</strong></span> <span class='ocrx_word' id='word_1_805' title='bbox 2605 5534 2819 5606; x_wconf 87' lang='lat' dir='ltr'><strong>placeat</strong></span> <span class='ocrx_word' id='word_1_806' title='bbox 2840 5538 3150 5594; x_wconf 89' lang='lat' dir='ltr'><strong>attendere.</strong></span> <span class='ocrx_word' id='word_1_807' title='bbox 3176 5550 3338 5593; x_wconf 85' lang='lat' dir='ltr'><strong>nemo</strong></span> <span class='ocrx_word' id='word_1_808' title='bbox 3358 5552 3467 5596; x_wconf 92' lang='lat' dir='ltr'><strong>non</strong></span> <span class='ocrx_word' id='word_1_809' title='bbox 3482 5540 3639 5603; x_wconf 84' lang='lat' dir='ltr'><strong>videt</strong></span> 
     </span>
    </p>
   </div>
   <div class='ocr_carea' id='block_1_116' title="bbox 1990 5625 3635 5695">
    <p class='ocr_par' dir='ltr' id='par_1_116' title="bbox 1990 5625 3635 5695">
     <span class='ocr_line' id='line_1_116' title="bbox 1990 5625 3635 5695; baseline 0.002 -12"><span class='ocrx_word' id='word_1_810' title='bbox 1990 5627 2062 5683; x_wconf 90' lang='lat' dir='ltr'><strong>ab</strong></span> <span class='ocrx_word' id='word_1_811' title='bbox 2093 5625 2248 5681; x_wconf 85' lang='lat' dir='ltr'><strong>hisce</strong></span> <span class='ocrx_word' id='word_1_812' title='bbox 2276 5625 2681 5695; x_wconf 89' lang='lat' dir='ltr'><strong>monumentis,</strong></span> <span class='ocrx_word' id='word_1_813' title='bbox 2719 5639 2844 5695; x_wconf 84' lang='lat' dir='ltr'><strong>qua</strong></span> <span class='ocrx_word' id='word_1_814' title='bbox 2884 5625 3208 5695; x_wconf 84' lang='lat' dir='ltr'><strong>synchrona</strong></span> <span class='ocrx_word' id='word_1_815' title='bbox 3234 5634 3372 5683; x_wconf 87' lang='lat' dir='ltr'><strong>sunt</strong></span> <span class='ocrx_word' id='word_1_816' title='bbox 3405 5632 3635 5687; x_wconf 88' lang='lat' dir='ltr'><strong>auctori</strong></span> 
     </span>
    </p>
   </div>
   <div class='ocr_carea' id='block_1_117' title="bbox 3328 5731 3361 5791">
    <p class='ocr_par' dir='ltr' id='par_1_117' title="bbox 3328 5731 3361 5791">
     <span class='ocr_line' id='line_1_117' title="bbox 3328 5731 3361 5791; baseline 0 0"><span class='ocrx_word' id='word_1_817' title='bbox 3328 5731 3361 5791; x_wconf 81' lang='grc'>4</span> 
     </span>
    </p>
   </div>
  </div>
