4034 6196
200 323 299 384 409
1492 352 1849 413 PREFATIO
1896 358 1988 415 AD
2030 363 2193 420 TOM.
2246 368 2342 423 III.
3508 394 3609 455 HO

227 465 3598 550 Nm

1011 640 1463 795 EJUSDEH
1586 650 2115 808 FRANCISCI
2241 664 2780 825 BLANCHINI

1563 911 2209 1029 ΡΒΑΞΡΑΤΙΟ

690 1117 809 1179 AD
878 1117 1259 1189 TERTIUM
1342 1128 1645 1196 TOMUM
1724 1138 2150 1209 EDITIONIS
2224 1150 3082 1231 ROMANO-VATICANZE.

1682 1330 2085 1347 Ἦ

165 1729 394 1787 pressae,
442 1728 574 1780 tum
620 1728 693 1783 de
725 1730 891 1788 illius
930 1735 1262 1794 documentis
1305 1746 1363 1798 et
1386 1744 1823 1812 probationibus.

159 1802 460 1876 Originem
494 1828 633 1871 vero
687 1819 927 1887 primam
958 1837 1083 1881 esse
1124 1830 1519 1887 arcessendam
1545 1847 1577 1888 a
1603 1834 1826 1891 catalo-

154 2341 294 2395 satis
318 2345 562 2414 egimus
594 2354 716 2407 tum
746 2356 973 2413 concise
1001 2359 1060 2415 in
1092 2341 1596 2431 praefationetomi
1616 2369 1658 2440 Ι,
1692 2375 1812 2424 tum

155 2425 341 2487 fusius
394 2434 460 2489 in
525 2439 946 2513 prolegomenis
975 2451 1236 2524 secundi,
1269 2452 1369 2511 ubi
1422 2457 1809 2529 catalogorum

154 2513 332 2576 fontes
378 2535 451 2579 ac
497 2526 843 2588 documenta
884 2513 1234 2607 aperuimus.
1266 2542 1328 2599 in
1377 2547 1649 2613 genuinis
1691 2548 1813 2605 Ro-

153 2618 323 2664 mana:
362 2611 647 2672 Ecclesiae
679 2627 1099 2699 monumentis;
1134 2636 1190 2685 et
1209 2611 1466 2703 exempla
1495 2637 1810 2693 vetustiora

152 2698 464 2771 utriusque
494 2703 681 2778 illius,
713 2723 816 2766 nec
836 2726 946 2769 non
971 2698 1222 2774 aliorum
1246 2698 1635 2795 catalogorum
1670 2740 1811 2796 pro—

1436 2782 1467 2795 υ
1670 2782 1685 2796 ι
1919 2782 1936 2796 I
1962 2782 1971 2783 ί
1997 2782 2149 2799 ’τ’-ν*
2206 2782 2619 2801 *νων-ιυιιιιιυυ
2676 2782 2855 2807 ιυιοθσ

149 2782 389 2858 batiora,
413 2796 475 2847 et
506 2794 908 2857 universorum
923 2807 1305 2865 correctiones
1329 2824 1396 2866 ac
1415 2813 1808 2883 supplementa
1842 2809 1891 2868 Β
1916 2815 2087 2876 Urbis
2127 2823 2265 2881 olim
2295 2827 2516 2888 afﬁxam
2549 2835 2610 2890 in
2656 2850 2720 2893 ea
2765 2854 2867 2909 par

558 2884 709 2909 Ωηοὲ-
746 2887 921 2909 ξΑΞΔ--η
966 2907 1007 2909 a-
1137 2896 1173 2909 ι.
1317 2896 1339 2909 Α
1382 2900 1394 2909 α
1554 2902 1566 2909 .
1593 2903 1607 2909 -

154 2876 529 2940 Protulimus.
556 2884 712 2942 Satis
744 2887 926 2959 igitur
951 2896 1280 2953 consultum
1313 2876 1807 2961 fuisse-videretur
1917 2921 2086 2978 quam
2134 2911 2380 2983 legimus
2404 2921 2576 2979 etiam
2618 2876 2801 2996 apudv
2829 2930 2867 2984 P

155 2960 273 2996 ἣτις..
334 2970 518 2996 Λήμην.
582 2978 730 2996 .-.._-
787 2993 847 2996 _.-
1034 2983 1048 2996 .
1565 2992 1603 2996 --

1922 2384 2048 2428 sum
2089 2376 2437 2469 .itaaccedat
2477 2389 2546 2443 ad
2604 2392 2812 2462 stylum
2844 2401 3261 2469 compendiosa;
3302 2406 3564 2466 Vitarum

1918 2464 2335 2568 complexionis
2366 2472 2425 2529 in
2456 2478 2733 2552 catalogis
2759 2464 3067 2557 usurpatae,
3102 2498 3167 2547 ut
3198 2495 3387 2563 portio
3417 2464 3569 2568 qua;

1917 2550 2046 2657 dam
2085 2557 2331 2631 catalogi
2380 2564 2563 2621 videri
2597 2550 2797 2642 possit,
2839 2550 2954 2630 nisi
2987 2550 3324 2651 conspectus
3348 2550 3564 2657 lapidis

1917 2644 1974 2694 et
2000 2640 2319 2704 litterarum
2351 2651 2580 2711 Gothici
2607 2640 2836 2732 ductus,
2863 2676 2930 2719 ac
2962 2640 3145 2723 forma
3183 2670 3350 2729 illius

1919 2733 2149 2799 propria
2204 2736 2619 2801 demonstraret
2676 2746 2855 2807 fuisse
2899 2748 3336 2827 inscriptionem
3394 2778 3561 2823 muro

2873 2847 2925 2897 te
2967 2848 3229 2913 pommrii
3272 2850 3557 2926 Vaticani,

2872 2931 3191 2992 tolemaeum
3221 2939 3552 3016 Lucensem,

1692 2960 1699 2961 ί
1926 2960 2086 2978 7|“""‘
2134 2960 2380 2983 ’νυ-ι’·υιυ
2406 2960 2576 2979 viuum
2618 2960 2768 2996 ayuu
2829 2960 2849 2984 Ι
2874 2960 3191 2992 ιυισιιιᾶςυω

155 2960 274 3020 huic
331 2970 520 3025 etiam
582 2978 737 3032 tomo
787 2993 885 3048 per
929 2983 1325 3056 prolegomena
1368 2992 1631 3063 secundi,
1679 3009 1805 3065 qum
1912 2996 2211 3056 Iordanem
2242 3009 2297 3059 et
2327 3006 2605 3067 Platinam
2638 3013 3132 3081 fuisseaNicolao
3155 3028 3229 3082 Ill
3257 3026 3555 3090 fundatam

155 3053 444 3090 illinet-nne
474 3068 697 3090 minium
735 3067 800 3090 AL
835 3078 985 3090 --ι-μ
1028 3088 1069 3090 κ,
1116 3089 1121 3090 ,
1174 3081 1187 3090 .
1232 3077 1247 3090 ι
1397 3081 1410 3090 .
1458 3082 1482 3090 ,.
1537 3082 1573 3090 .,
1785 3086 1796 3090 -

153 3053 446 3115 illustrant
473 3068 699 3120 aetatem
731 3067 805 3123 ab
835 3078 1079 3143 utroque
1096 3053 1361 3149 catalogo
1377 3053 1715 3153 definitam;
1749 3086 1800 3140 si

152 3143 286 3202 ultra
328 3148 592 3208 Felicem
634 3155 706 3211 IV
739 3172 850 3214 non
884 3164 1251 3231 procederent
1278 3143 1421 3225 Vitae
1461 3170 1599 3227 huic
1630 3143 1800 3230 tertio

152 3238 287 3291 temo
326 3238 725 3301 includenda}.
760 3246 965 3306 Verum
995 3267 1126 3310 cum
1155 3255 1269 3312 illa:
1297 3266 1605 3317 excurrant
1646 3263 1799 3319 ultra

149 3333 309 3382 metas
328 3329 594 3403 catalogi
621 3334 898 3394 Feliciani
925 3341 994 3397 ad
1018 3342 1185 3399 ﬁnem
1207 3343 1383 3403 ferme
1403 3350 1599 3406 saeculi
1625 3354 1795 3423 sexti,

145 3426 173 3467 a
192 3415 353 3473 nobis
385 3420 638 3491 exigunt
670 3429 735 3479 ut
762 3425 856 3481 hic
885 3428 1158 3488 afferatur
1181 3436 1467 3507 quidquid
1511 3415 1797 3509 peculiare

148 3509 393 3576 suppetit
435 3515 571 3579 post
593 3514 915 3586 catalogum
945 3520 1155 3578 Felicis
1184 3524 1256 3580 IV
1282 3526 1349 3581 ad
1392 3526 1794 3587 illustrandam

148 3593 599 3672 chronologiam,
636 3601 940 3662 historiam
969 3622 1035 3664 ac
1062 3610 1403 3671 documenta
1442 3603 1729 3689 gestorum
1760 3635 1793 3676 a

148 3686 521 3750 pontiﬁcibus
553 3692 743 3747 aetatis
775 3693 908 3750 inde
944 3708 1279 3758 consecutae.
1312 3686 1602 3763 Haecvvero
1625 3710 1796 3781 dige-

148 3785 253 3828 ram
285 3777 507 3845 partim
539 3779 600 3835 in
633 3781 984 3857 praafatione,
1020 3791 1228 3859 partim
1261 3792 1320 3848 in
1351 3777 1790 3868 prolegomenis,

146 3864 343 3931 partim
385 3867 447 3922 in
486 3869 663 3942 notis,
693 3877 1168 3942 quemadmodum
1224 3882 1283 3937 in
1314 3864 1601 3956 superiori
1639 3894 1794 3946 temo

146 3954 459 4018 prestitum
487 3955 621 4013 fuit.

201 4037 251 4095 2.
294 4041 555 4102 Observo
588 4047 775 4119 igitur
804 4054 1050 4122 primum
1090 4071 1204 4114 non
1243 4060 1489 4119 desiisse
1514 4078 1644 4121 cum
1682 4066 1795 4123 Fe—

142 4126 241 4186 lice
276 4133 352 4188 IV
394 4149 598 4192 curam
641 4141 1028 4210 complurium
1058 4146 1323 4205 Romana:
1366 4152 1636 4211 Ecclesiae
1678 4158 1794 4212 mi-
1823 4136 1871 4197 (ἶ

139 4220 455 4279 nistrorum
478 4224 537 4280 in
558 4227 902 4301 colligendis
918 4239 972 4289 et
997 4234 1055 4290 in
1072 4237 1227 4305 epito
1238 4253 1360 4296 men
1379 4243 1791 4302 contrahendis

137 4307 275 4365 Vitis
298 4314 667 4389 pontificum,
688 4323 1162 4388 quemadmodum
1183 4327 1306 4383 fieri
1333 4341 1698 4403 perceperant
1717 4335 1789 4391 ab

134 4402 474 4459 auctoribus
489 4407 794 4479 utriusque
805 4412 1069 4485 catalogi,
1094 4416 1386 4476 Liberiani
1401 4435 1469 4477 ac
1484 4424 1784 4498 Feliciani,

135 4502 309 4561 usque
354 4493 428 4548 ad
480 4507 693 4552 annum
750 4496 880 4555 530.
929 4501 1072 4558 Vita:
1103 4504 1241 4575 ipsa:
1280 4509 1712 4588 subsequentes,
1754 4493 1787 4574 a

133 4576 601 4641 bibliothecariis
643 4594 852 4645 sanctae
895 4593 1159 4651 Romana:
1202 4599 1357 4655 sedis
1386 4576 1489 4670 pro
1536 4576 1785 4675 tempore

130 4672 509 4743 concinnatae,
535 4682 593 4732 et
631 4680 976 4748 posteriores
1004 4685 1272 4759 catalogi,
1313 4689 1382 4744 ad
1414 4672 1701 4751 decimum
1727 4702 1784 4752 et

132 4762 500 4819 undecimum
518 4765 735 4823 Christi
769 4772 1040 4828 saeculum
1077 4777 1358 4848 perducti,
1396 4779 1623 4839 abunde
1654 4799 1780 4842 ma-

129 4848 406 4907 nifestam
457 4853 633 4924 hujus
680 4862 1124 4920 consuetudinis
1173 4871 1630 4936 prosecutionem
1663 4887 1775 4931 non

128 4939 541 4999 intermissam.
571 4946 697 5002 Duo
740 4954 929 5007 tamen
966 4951 1197 5012 afferam
1242 4958 1559 5026 peculiaria
1586 4961 1775 5020 docu-

124 5037 327 5098 menta.
363 5047 491 5102 quae
513 5038 906 5110 comprobant,
931 5054 1044 5098 non
1065 5045 1232 5101 modo
1248 5047 1317 5103 ad
1345 5050 1604 5117 Magnum
1629 5051 1771 5107 Gre-

122 5121 352 5181 era-ium,
389 5121 446 5175 in
478 5138 590 5193 quo
609 5124 829 5183 desinit
855 5131 1063 5187 tertius
1099 5131 1194 5189 hic
1220 5138 1428 5209 tomus,
1460 5139 1599 5210 quin
1623 5146 1680 5197 et
1698 5141 1766 5197 ad

119 5204 524 5267 duodecimum
553 5213 773 5271 Christi
795 5219 1090 5293 sarculum,
1122 5224 1193 5280 ad
1225 5227 1376 5295 quod
1406 5204 1670 5286 nonnulli
1701 5244 1771 5286 ex

119 5300 398 5372 calalogis
415 5301 476 5357 in
492 5305 896 5373 superioribus
921 5311 1096 5368 tomis
1122 5312 1265 5368 editi
1286 5315 1640 5389 pertingunt,
1672 5320 1765 5375 sed

118 5388 282 5445 etiam
316 5390 391 5445 ad
424 5390 701 5451 inferiora
736 5399 1010 5471 tempora,
1048 5400 1163 5457 imo
1191 5408 1247 5458 et
1266 5405 1335 5460 ad
1358 5388 1770 5464 nostramteta-

1912 3094 2013 3141 aut
2054 3099 2385 3159 reparatam.
2433 3099 2706 3171 Suspicor
2748 3110 2939 3166 autem
2970 3125 3083 3170 una
3121 3129 3252 3173 cum
3293 3120 3557 3194 antiquis

1912 3178 2197 3236 mmnibus
2242 3182 2514 3253 dejectam
2558 3188 2758 3265 fuisse,
2810 3197 2956 3254 etin
3000 3201 3321 3271 adjacentes

1909 3266 2119 3323 temere
2162 3271 2433 3339 perlatam
2462 3290 2495 3332 a
2537 3286 2937 3357 caementariis,
2973 3266 3200 3358 quando
3234 3309 3389 3353 novae
3420 3313 3556 3357 mu—

1909 3354 2161 3413 nitiones
2179 3374 2307 3416 cum
2332 3370 2778 3439 propugnaculis
2797 3354 2963 3444 juxta
2980 3354 3131 3449 leges
3154 3354 3554 3442 architectura:

1908 3443 2184 3503 militaris
2234 3450 2522 3510 hodierna:
2552 3465 2893 3516 constructae
2918 3443 3152 3521 fuerunt
3179 3469 3408 3525 sedente
3437 3472 3553 3528 Ur-

1905 3529 2053 3590 bano
2073 3544 2289 3609 octavo,
2314 3547 2370 3596 et
2397 3542 2582 3600 diruti
2614 3552 2827 3603 veteres
2857 3552 3008 3605 muri
3042 3567 3173 3610 cum
3202 3557 3329 3613 suis
3358 3562 3550 3618 turri-

1903 3618 2031 3693 bus,
2062 3626 2161 3694 qui
2185 3627 2440 3686 civitatis
2465 3633 2727 3689 Leoninaa
2756 3640 2813 3690 et
2841 3638 3100 3697 Vaticani
3133 3644 3333 3712 palatii
3354 3649 3551 3707 ambi-

1904 3715 2026 3767 tum
2056 3720 2221 3771 antea
2250 3719 2693 3778 constituebant.
2727 3724 2975 3783 Marmor
2993 3731 3138 3787 mihi
3171 3733 3421 3796 feliciter
3450 3741 3552 3798 in-

1903 3800 2179 3871 dicatum,
2244 3812 2299 3861 et
2367 3822 2400 3863 a
2467 3810 2712 3881 scalpris
2762 3813 3145 3885 lapicidarum
3201 3833 3547 3903 exemptum,

1904 3889 2118 3958 quibus
2143 3893 2377 3963 jamjam
2407 3898 2814 3958 admovebatur
2841 3903 2902 3960 in
2932 3904 3117 3967 frusta
3148 3889 3546 3991 excidendum,

1904 3979 1992 4034 vel
2012 3978 2230 4038 fornaci
2268 3984 2530 4044 calcaria}
2575 3988 2782 4047 misere
2825 3993 3199 4073 destinatum,
3251 3978 3551 4065 numerato

1906 4071 2089 4138 pretio
2137 4076 2483 4143 quantocius
2513 4080 2747 4151 redemi,
2794 4088 2849 4138 et
2877 4071 3227 4146 offerendum
3256 4107 3381 4151 esse
3408 4098 3551 4155 duxi

1906 4158 2128 4217 Urbano
2154 4164 2540 4237 magistratui,
2578 4174 2642 4224 ut
2672 4170 2732 4225 in
2756 4171 3105 4242 Capitolinis
3126 4180 3348 4240 aedibus
3374 4185 3551 4257 inpo—

1902 4253 2117 4305 sterum
2168 4260 2545 4321 prmservetur
2593 4272 2705 4315 una
2756 4275 2886 4318 cum
2940 4268 3165 4324 cmteris
3193 4253 3549 4334 summorum

1904 4340 2241 4407 pontiﬁcum
2270 4348 2677 4418 monumentis,
2712 4365 2839 4421 quae
2866 4354 3102 4422 posthac
3120 4362 3371 4419 evenerit
3389 4378 3420 4420 e
3444 4380 3550 4423 sua

1899 4427 2031 4483 sede
2081 4430 2312 4487 divulsa
2356 4435 2617 4504 reperiri.
2651 4438 2830 4495 Tanto
2858 4441 3013 4498 enim
3060 4447 3274 4515 potiori
3299 4451 3431 4520 jure
3463 4454 3545 4512 ibi

1894 4514 2103 4573 debent
2147 4524 2473 4578 nostrorum
2504 4525 2837 4593 pontiﬁcum
2884 4514 3172 4590 memoriae
3203 4514 3463 4612 retineri,
3490 4550 3545 4600 et

1893 4604 1965 4660 ab
1997 4606 2235 4677 injuriis
2260 4614 2577 4682 temporum
2599 4614 2884 4673 vindicari
2916 4633 3030 4689 prae
3046 4626 3266 4682 caeteris
3290 4630 3544 4703 antiqua:

1892 4695 1977 4750 vel
2002 4698 2245 4753 recentis
2265 4699 2436 4756 Urbis
2458 4702 2786 4774 principum
2816 4710 2872 4762 et
2898 4711 3338 4781 magistratuum
3361 4695 3541 4776 notui-

1891 4783 2064 4841 nibus
2097 4800 2163 4840 ac
2198 4785 2363 4844 fastis
2386 4781 2644 4861 ,quanto
2678 4795 2862 4865 regale
2901 4797 3116 4856 Christi
3150 4806 3533 4864 sacerdotium

1887 4886 1987 4942 per
2017 4875 2167 4929 beati
2194 4876 2344 4932 Petri
2384 4879 2571 4935 sedem
2606 4882 2664 4935 in
2694 4883 2834 4939 urbe
2862 4888 3120 4945 omnium
3150 4891 3383 4948 domina
3425 4896 3533 4952 de-

1882 4959 2135 5017 dicatum
2154 4968 2589 5033 superatrerum
2609 4968 2987 5030 humanarum
3008 4974 3262 5046 subjecta
3274 4978 3531 5056 fastigia.

1882 5047 2063 5106 Velim
2105 5056 2377 5117 attamen,
2406 5058 2471 5109 ut
2501 5053 2872 5116 incitamento
2908 5062 2988 5117 sit
3014 5067 3348 5139 praescripta
3378 5047 3526 5133 m'ihi

1881 5141 2260 5197 Romanarum
2309 5144 2723 5214 antiquitatum
2752 5148 2823 5203 ab
2868 5151 3096 5211 excidio
3124 5169 3191 5213 ac
3234 5159 3524 5222 oblivione

1880 5229 2354 5288 vindicandarum
2381 5248 2536 5305 cura,
2570 5240 2627 5290 et
2655 5236 3237 5310 obsequentissimum
3261 5253 3519 5311 studium

1879 5333 2012 5392 erga
2058 5320 2263 5378 Urbem
2316 5327 2399 5379 tot
2448 5325 2784 5384 nominibus
2822 5330 3218 5393 universarum
3263 5342 3518 5411 gentium

1879 5422 2127 5466 amorem
2168 5414 2557 5485 promeritam,
2613 5431 2756 5487 quas
2808 5419 3051 5495 benigne
3094 5427 3515 5508 complectitur,

2170 5480 2185 5482 -
2544 5480 2553 5485 .
2630 5480 2647 5487 -
2945 5480 2977 5495 ς,
3108 5480 3515 5508 ηψπ----ψη

119 5481 217 5534 tem
269 5480 589 5538 identidem
634 5484 911 5558 viguisse,
944 5494 1001 5545 et
1030 5490 1221 5547 adhuc
1270 5494 1463 5564 vigere
1493 5496 1647 5553 viros
1679 5504 1768 5554 te—
1800 5490 1850 5550 D
1876 5498 2001 5569 alit,
2027 5498 2193 5571 fovet,
2226 5501 2504 5573 honestat,
2545 5505 2716 5562 unica
2748 5522 2951 5589 parens
2987 5526 3052 5567 ac
3092 5516 3277 5582 patria
3307 5524 3523 5582 exteris

119 5579 275 5624 uaces
299 5570 534 5641 antiqui
567 5572 738 5630 illius
771 5577 969 5649 moris,
1001 5580 1102 5650 qui
1135 5581 1254 5638 sive
1286 5584 1508 5653 privato
1548 5587 1761 5659 studio,

120 5657 224 5713 sive
275 5658 516 5729 publico
545 5664 883 5722 testimonio
922 5667 1254 5727 documenti
1287 5673 1546 5730 omnium
1579 5657 1768 5736 oculis

1879 5587 2119 5645 offerens
2170 5604 2282 5647 non
2332 5592 2498 5648 modo
2550 5587 2883 5666 reipublicae
2912 5613 3028 5655 suae
3074 5613 3308 5663 munera
3346 5611 3519 5671 etiam

1878 5692 2161 5750 suprema,
2203 5680 2298 5736 sed
2336 5681 2620 5753 quidquid
2671 5684 2812 5741 cmlo
2847 5688 3128 5759 terrisque
3156 5696 3520 5763 pretiosissi—
