4034 6196
364 406 378 422 σ
489 380 583 442 444
1276 385 1368 441 AD
1414 386 1845 442 ANASTASIUM
1891 384 2404 443 PROLEGOMENA
2457 386 2635 442 EDIT.
2682 385 3111 441 ROM.—VATIC.

3773 387 3880 446 442

486 523 643 568 mum
673 516 778 578 est,
810 514 867 565 et
896 521 994 579 per
1013 522 1134 565 eam
1164 509 1514 580 erogandum
1540 511 1693 566 Deus
1717 509 1986 580 Optimus
2012 511 2137 565 Ma—
2160 512 2214 571 A
2244 508 2369 578 ejus
2416 509 2695 565 virtutum
2723 509 2977 579 exempla
2999 509 3372 566 transmittat.
3421 511 3524 566 Sed
3564 512 3702 568 huic
3755 528 3914 583 prae—

485 601 680 657 ximus
706 598 935 657 mortali
984 598 1178 670 generi
1209 597 1475 667 indulsit,
1521 598 1715 669 velim,
1762 600 2019 670 inquam,
2071 603 2136 654 ut
2248 598 2444 653 sertim
2473 599 2631 668 operi
2659 600 2790 668 jure
2821 599 3026 654 merito
3052 600 3500 668 prmservabatur
3520 601 3742 658 Nicolai
3774 617 3915 673 pon-

488 688 864 746 incitamento
905 687 986 743 sit
1010 691 1168 758 grata
1200 686 1318 742 haec
1352 685 1411 741 in
1444 700 1800 743 communem
1849 692 2133 757 parentem
2250 685 2426 742 tiﬁcis
2450 686 2701 742 rediviva
2730 687 3021 758 memoria,
3048 700 3247 758 nempe
3270 687 3433 744 illius
3449 689 3755 760 antistitis,
3777 690 3909 761 qui,

486 792 554 835 ac
580 777 775 833 debita
811 775 991 831 animi
1021 774 1271 842 devotio,
1305 779 1371 830 ut
1402 781 1776 845 prmservetur
1813 775 2138 833 beneﬁcen—
2249 776 2611 832 decessorum
2651 790 2889 833 suorum
2936 777 3304 833 monimentis
3344 778 3412 833 ad
3449 784 3707 848 posteros
3743 780 3919 835 deri-

489 866 732 923 tissimaa
775 863 944 920 matri
990 876 1055 917 ac
1104 862 1392 933 magistrae
1432 864 1696 919 veritatis
1727 864 2009 935 quidquid
2038 863 2139 919 illa
2249 864 2452 919 vandis
2502 865 2754 935 impense
2796 865 3084 935 addictus,
3109 865 3313 920 Seriem
3347 869 3669 937 pontiﬁcum
3703 870 3917 924 Roma-

487 955 614 1012 suis
641 967 672 1010 e
700 950 1021 1009 visceribus
1038 949 1328 1020 depromit
1350 952 1579 1022 antiqui
1609 953 1925 1022 prmsertim
1948 952 2140 1021 operis
2251 969 2443 1008 norum
2491 956 2551 1007 in
2596 955 2836 1008 basilicis
2876 954 3347 1024 patriarchalibus
3402 961 3712 1011 sanctorum
3759 959 3921 1012 Petri

489 1047 547 1099 et
579 1042 884 1111 scripturae
927 1039 998 1095 ad
1031 1051 1221 1094 rerum
1255 1045 1543 1111 gestarum
1571 1054 1924 1112 suorumque
1946 1040 2143 1096 domi-
2254 1046 2304 1096 et
2338 1042 2503 1095 Pauli
2535 1055 2603 1097 ex
2635 1041 3046 1097 vetustissimis
3084 1042 3364 1112 exemplis
3408 1045 3571 1098 seriei
3605 1044 3705 1099 sub
3735 1045 3920 1100 Leone

488 1144 692 1188 norum
722 1134 779 1185 et
798 1128 1035 1198 civium,
1064 1133 1393 1184 sanctorum
1426 1136 1737 1200 martyrum
1764 1130 1821 1185 in
1853 1129 2060 1199 primis
2087 1134 2142 1185 et
2255 1128 2453 1195 Magno
2486 1143 2717 1197 superne
2743 1129 2909 1197 pictis
2939 1142 3052 1184 una
3073 1142 3201 1184 cum
3227 1128 3573 1197 chronologia
3615 1147 3917 1196 annorum,

485 1231 843 1276 summorum
893 1216 1256 1288 pontiﬁcum,
1295 1216 1581 1273 Caesarum
1637 1218 1867 1288 deinde,
1922 1233 2142 1291 regum,
2255 1218 2521 1271 mensium
2562 1233 2627 1271 ac
2674 1217 2887 1270 dierum
2933 1216 3054 1273 sedi
3103 1217 3566 1289 uniuscujusque
3596 1219 3920 1278 tribuenda

487 1308 861 1376 dictatorum,
888 1305 1213 1377 consulum,
1249 1304 1643 1376 prmfectorum
1676 1306 1839 1378 Urbi,
1871 1307 2150 1363 aliorum-
2258 1306 2461 1359 ibidem
2497 1321 2771 1375 expressa,
2805 1306 3001 1361 iterari
3028 1306 3207 1376 jussit
3248 1320 3377 1362 cum
3420 1307 3777 1379 imaginibus
3803 1322 3923 1366 eo—

491 1413 602 1470 que
646 1398 1109 1470 magistratuum,
1157 1396 1369 1467 legum,
1419 1396 1869 1467 triumphorum,
1910 1401 1966 1452 et
1996 1396 2153 1453 insi—
2263 1395 2519 1499 rumdem
2557 1394 2952 1499 pontificatum
2989 1395 3097 1496 sub
3143 1395 3435 1499 epistyliis
3463 1396 3906 1499 columnarum:

492 1488 691 1561 gntum
732 1490 1044 1559 gestorum,
1087 1484 1422 1541 memoriam
1466 1484 1715 1555 posteris
1762 1485 2149 1557 ingerendam.
2264 1481 2741 1554 quemadmodum
2790 1484 3029 1553 exposui
3084 1484 3143 1539 in
3177 1483 3595 1554 prolegomenis
3632 1487 3772 1542 tomi
3812 1502 3923 1543 se-

492 1577 703 1634 Verum
746 1575 863 1631 haec
891 1574 1059 1644 alias,
1089 1588 1191 1630 nec
1223 1578 1407 1629 tamen
1450 1574 1861 1645 inOpportuna,
1882 1574 2155 1631 dilectis-
2264 1572 2440 1627 cundi
2471 1584 2539 1627 ex
2569 1570 2708 1627 folio
2734 1585 2890 1627 Lxxu
2914 1572 2982 1627 ad
3006 1585 3176 1643 Lxxx,
3211 1572 3360 1642 quod
3383 1573 3555 1627 etiam
3579 1572 3761 1630 forma
3785 1575 3922 1647 ipsa

493 1665 661 1723 simae
691 1663 839 1719 mihi
866 1663 1069 1719 matris
1097 1663 1279 1733 pietas
1307 1666 1363 1718 et
1389 1676 1626 1719 suorum
1669 1663 2146 1720 monimentorum
2257 1665 2314 1717 et
2344 1660 2526 1732 ﬁgura
2577 1660 2970 1717 characterum
3004 1659 3350 1716 manifestat.
3393 1662 3531 1717 Nam
3571 1667 3771 1718 veteres
3824 1666 3924 1720 illi

493 1768 626 1810 cum
654 1752 886 1823 publico
908 1751 1056 1808 bono
1077 1758 1233 1808 arcta
1261 1751 1624 1807 necessitudo
1648 1765 1714 1807 ac
1743 1766 1923 1808 nexus
1948 1752 2146 1824 adegit
2254 1752 2540 1805 Leonianw
2576 1752 2737 1804 seriei
2768 1760 2879 1804 tam
2914 1750 2971 1805 in
3020 1749 3243 1806 musivo
3274 1763 3442 1821 qnam
3486 1751 3544 1806 in
3577 1752 3827 1821 picturis
3860 1761 3924 1811 et

493 1842 810 1914 adprecari.
2178 1834 2228 1894 B
2258 1837 2742 1909 inscriptionibus
2770 1838 3103 1908 pontiﬁcum
3127 1839 3392 1907 quadrati
3420 1845 3570 1902 sunt,
3601 1854 3711 1896 non
3742 1856 3923 1902 secus

565 1931 876 2002 Auspicato
908 1930 1092 2002 igitur
1123 1930 1371 2002 contigit
1403 1934 1467 1986 ut
1493 1930 1609 1986 haac
1641 1930 1833 1986 tabula
1867 1930 2034 1986 nobis
2061 1944 2148 1986 os-
2256 1926 2927 2000 acinepigrammatibus
2947 1927 3216 1982 marmori
3239 1926 3448 1982 incisis
3470 1936 3675 1999 quarto
3690 1930 3922 1989 Christi

497 2021 754 2078 tenderet
809 2023 1209 2090 praeservatum
1266 2018 1421 2075 aetati
1478 2023 1685 2075 nostra:
1739 2019 2144 2074 documentum
2256 2017 2466 2073 saeculo
2500 2017 2608 2073 sub
2638 2018 2898 2086 Damaso,
2939 2020 3040 2071 aut
3075 2015 3298 2071 labente
3342 2016 3546 2086 quinto
3593 2018 3700 2074 sub
3724 2019 3924 2076 Caele-

496 2108 702 2179 optimi
744 2107 1036 2178 pontiﬁcis
1085 2120 1153 2162 ex
1209 2107 1423 2178 inclyta
1471 2108 1658 2178 gentis
1686 2107 1907 2163 Ursina:
1952 2107 2148 2164 sobole

476 2196 795 2253 Nicolaum
818 2195 944 2265 ejus
960 2194 1215 2251 nominis
1240 2195 1496 2266 tertium,
1515 2210 1643 2252 cum
1674 2196 1790 2252 haec
1810 2196 1954 2266 ipsa,
1975 2210 2144 2266 quam

498 2283 748 2341 feliciter
765 2283 1053 2355 degimus,
1075 2289 1213 2339 tetas
1238 2283 1521 2355 glorietur
1558 2285 1990 2340 sanctissimum
2034 2286 2148 2339 Pa—

496 2377 641 2430 trem
689 2385 756 2428 ac
780 2370 1075 2428 dominum
1126 2377 1385 2427 nostrum
1437 2372 1867 2427 BENEDICTUM
1921 2372 2147 2428 Xlllex

494 2461 689 2518 eadem
721 2460 905 2530 stirpe
939 2458 1302 2530 progenitum
1331 2457 1599 2514 Ecclesia:
1643 2458 1790 2515 bono
1817 2459 2143 2528 pontificem

492 2549 781 2606 divinitus
810 2549 1032 2620 datum,
1052 2554 1109 2603 et
1131 2547 1236 2603 diu
1261 2547 1535 2618 sospitem
1564 2560 1630 2603 ac
1669 2548 1958 2604 ﬂorentem
1994 2563 2145 2618 prae—

493 2651 618 2696 esse
643 2638 864 2711 flagitet
885 2652 998 2709 quo
1032 2636 1302 2694 uberiora
1335 2650 1403 2693 ac
1426 2636 1707 2695 diuturna
1729 2637 1878 2694 seris
1898 2638 2145 2708 posteris

2257 2105 2433 2174 stino,
2492 2106 2675 2176 Sixto,
2727 2107 2909 2161 Leone
2963 2107 3186 2176 Magno,
3235 2103 3452 2174 Ililaro,
3500 2110 3634 2178 etc.,
3669 2107 3727 2162 in
3761 2111 3924 2191 serie

2256 2198 2444 2249 autem
2495 2206 2529 2248 a
2575 2193 2810 2248 Nicolao
2854 2194 2922 2248 lII
2976 2192 3171 2248 addita
3226 2192 3408 2264 ﬁgura
3439 2192 3765 2250 litterarum
3799 2211 3922 2254 non

2258 2288 2409 2338 recta
2453 2282 2806 2348 observatur,
2857 2285 2914 2336 et
2972 2281 3248 2351 quadrata
3306 2287 3406 2336 aut
3460 2282 3769 2340 circularis
3819 2288 3925 2341 sed

2257 2371 2487 2437 oblonga
2551 2375 2601 2424 et
2676 2369 2900 2425 Gothica
2973 2370 3263 2436 inﬂexione
3331 2374 3613 2424 curvata:
3684 2372 3923 2442 qualem

2256 2466 2580 2529 spectamus
2655 2459 2714 2514 in
2796 2457 2989 2514 tabula
3076 2472 3388 2514 marmorea
3470 2459 3579 2515 sub
3653 2461 3921 2529 ejusdem

2255 2547 2479 2604 Nicolai
2530 2547 2869 2618 pontificatu
2927 2546 3236 2617 insculpta,
3289 2561 3459 2617 quam
3516 2548 3611 2603 hic
3660 2549 3923 2608 ﬁdeliter

2258 2636 2452 2695 reddo.

578 2822 943 3047 sine
979 2822 2715 3065 niumcc»Lxxviusflssimvs
2766 2837 3025 3065 ρξῖῖτ
3063 2830 3304 3065 piis
3342 2872 3815 3065 nam

563 3054 1439 3261 vergilium
1491 3045 2374 3261 F€CITP§ItﬂTm
2414 3045 2904 3261 ei‘ﬁyiﬁ
2943 3059 3432 3261 amona
3479 3092 3643 3215 ET
3679 3057 3849 3222 cii

569 3237 3867 3451 ﬁgLLﬁfeTﬂLiﬂSIDOmOSIETUNﬁSjiﬁllElCﬁVlTPOltTlFl

552 3420 3345 3665 Ξιίθῖἵξηδὲῐέῖῖποῗειῖρυέμτθῑλβξίφρδτυτιεξηθδνε
3388 3486 3867 3665 δεεῇυτξ

554 3626 1445 3823 ςΠς-Ἰβςναιῖν
1482 3626 2045 3823 mvﬂql’iv
2091 3646 2466 3781 Ponte
2492 3662 2670 3823 {tu
2698 3626 3327 3823 svnt/sfw
3365 3638 3851 3823 mare

543 3789 798 4015 Ρ·ςὲ
817 3789 1488 4015 psittacus
1510 3837 1683 4015 ex
1730 3789 2185 3983 Minoe
2224 3789 2670 3987 nomini?
2698 3789 2888 3954 ex
2912 3790 3236 3979 Pﬁiﬁ
3264 3789 3840 4015 DﬁiijTBl

543 4002 923 4135 RVBGl
969 4007 1147 4122 D6
1194 4009 1578 4122 ΒΟΜο
1621 4020 2371 4154 νῆδιηοῆνιςῐι

555 4268 852 4325 NICOLAI
902 4271 1008 4325 PP.
1072 4271 1156 4327 III
1198 4272 1504 4345 inscriptio,
1563 4275 1660 4329 hoc
1705 4290 1851 4329 anno
1888 4272 2279 4330 MDCCXXVII
2316 4280 2551 4344 reperta,
2611 4282 2661 4331 et
2709 4279 2767 4332 in
2808 4278 3147 4350 Capitolinas
3191 4285 3351 4340 aedes
3389 4288 3666 4343 translata
3717 4307 3842 4346 cum

962 4370 972 4379 '
1772 4366 2025 4434 sequenti
2044 4364 2356 4435 Epipraphc
2377 4380 2444 4418 ea:
2467 4365 2525 4419 S.
2560 4366 2615 4421 C.

627 4519 925 4578 NICOLAI
948 4524 1037 4579 III
1041 4523 1187 4581 PON
1190 4524 1441 4581 TIFIClS
1470 4527 1745 4584 ΜΛΧΙΜΙ

697 4594 775 4647 De
797 4600 1085 4661 augmento
1114 4597 1305 4650 Divini
1327 4599 1508 4652 cultus

700 4662 1024 4739 Christiana
1050 4668 1383 4736 Reipublicae
1407 4686 1545 4739 pace

625 4735 805 4789 Italiae
830 4735 1079 4791 libertate
1102 4735 1159 4792 et
1174 4735 1461 4794 securitate

700 4806 925 4879 ditionis
953 4809 1346 4864 Ecclesiasticze
1374 4813 1603 4879 juribus

702 4892 767 4931 ac
796 4878 862 4932 de
892 4880 1051 4933 Urbis
1077 4878 1387 4950 tranquillo,
1402 4888 1550 4938 statu

865 4953 1061 5020 optimc
1105 4955 1287 5007 meriti

864 5025 1153 5096 antiquam
1194 5027 1521 5096 epigraplien

630 5094 857 5166 pomerii
887 5095 1143 5148 Vaticani
1168 5099 1341 5151 muris
1367 5094 1495 5151 olim
1515 5101 1745 5166 afﬁxam

562 5162 621 5211 in
649 5161 961 5215 suburbano
993 5167 1106 5218 Vim
1134 5170 1374 5221 Aureliae
1410 5161 1619 5235 pranlio
1639 5185 1813 5236 nuper
1842 5172 2130 5224 inventum.

2246 4524 2575 4582 SEDENTE'
2635 4529 2732 4585 SS.
2784 4534 2851 4586 D.
2908 4534 2977 4590 N.
3049 4535 3483 4595 BENEDICTIO
3523 4540 3723 4596 ΡΑΡΑ
3773 4544 3907 4597 ΧΙΙΙ

2459 4613 2568 4653 non
2600 4604 2710 4655 tam
2739 4601 2925 4658 Gentis
2961 4606 3188 4660 Ursinae
3226 4609 3407 4663 decori

2460 4686 2625 4746 quam
2663 4674 2866 4727 Patriae
2889 4684 3202 4731 ornamento
3229 4682 3485 4746 futuram

2320 4739 2639 4816 Capitolinis
2667 4746 2845 4798 Fastis
2871 4739 3251 4816 apponendam
3277 4757 3546 4807 curarunt

2458 4814 2664 4867 Paulus
2692 4814 2917 4869 March.
2936 4814 3001 4871 [lc
3028 4822 3371 4876 Maccaranis
3410 4826 3432 4924 j

2460 4884 2720 4924 linmilluc
2764 4889 3067 4924 (binm-nium

2460 4884 2720 4956 Catilillus
2764 4889 2979 4956 Capran
2988 4892 3069 4943 ica
3409 4884 3429 4956 ἶ
3464 4896 3617 4950 Cons.

2458 4954 2921 5030 ProsperiMarch.
2960 4961 3025 5013 de
3055 4963 3363 5030 Ca/I’arellis

2316 5024 2605 5078 Lotharius
2648 5028 2854 5082 March.
2882 5031 2947 5086 de
2988 5024 3242 5089 Lolteriis
3270 5024 3427 5091 Prior
3457 5039 3586 5109 Cap.
3622 5042 3754 5109 Reg.

2493 5114 2682 5169 Idibus
2711 5120 3017 5173 Decembris
3053 5124 3111 5176 Μ
3116 5125 3183 5177 1)(
3191 5126 3334 5180 ‘CXX
3342 5127 3445 5181 VII
3450 5169 3460 5181 .

2814 5190 3018 5245 Obtulit
3059 5194 3324 5263 Capilulio

2602 5259 2923 5314 Franciscus
2952 5259 3287 5321 Blancliinus
3326 5271 3646 5326 1"er0nensis

2624 5330 2721 5382 SS.
2747 5336 2810 5386 D.
2834 5335 2897 5389 Ν.
2917 5350 3077 5403 papa:
3100 5338 3257 5392 l’racl
3285 5343 3513 5398 Domest.

565 5481 613 5537 4.
648 5482 1062 5583 Unusquisque
1097 5481 1264 5540 facile
1297 5485 1886 5591 intelligit‘auclorem
1924 5492 2135 5565 illljllS—
2164 5492 2211 5552 C
2241 5502 2416 5558 sianw
2445 5502 2581 5559 dum
2616 5505 2733 5562 haec
2758 5508 3005 5567 dictaret
3035 5514 3164 5570 rudi
3198 5517 3469 5589 Minerva,
3515 5524 3904 5591 quemadmo—

494 5572 644 5627 modi
698 5571 1098 5642 inscriptionis
1141 5587 1253 5671 prie
1278 5574 1465 5631 oculis
1497 5576 1766 5636 habuisse
1793 5582 2002 5654 stylum
2034 5602 2133 5643 ve—
2238 5592 2375 5648 dum
2409 5593 2662 5651 infelicis
2708 5597 2872 5654 illius
2914 5603 3109 5660 sazculi
3142 5607 3399 5664 conditio
3440 5571 3678 5666 ferebat.
3732 5615 3899 5671 Sicut

490 5668 673 5717 terum
701 5660 1088 5729 catalogorum
1114 5669 1169 5718 ct
1198 5661 1642 5735 biographorum
1669 5672 1855 5726 multis
1885 5673 2155 5739 Anasta—,
2240 5681 2391 5736 enim
2418 5681 2527 5751 illi,
2564 5683 2677 5742 imo
2703 5690 2760 5741 et
2787 5691 3129 5748 vetustiores
3160 5695 3410 5752 scribere
3452 5712 3897 5767 consueverant,
