4034 6196
229 330 331 389 443

1534 334 1891 393 ΡΒᾸΞΕΑἸἹΟ
1942 336 2035 393 AD
2083 336 2243 394 TOM.
2286 339 2381 402 III,

3550 350 3655 408 444

223 450 488 517 Vigilius,
519 455 747 508 natione
795 455 1096 522 Romanus,
1126 475 1193 514 ea:
1227 463 1389 529 patre
1412 461 1620 514 Joanne
1644 460 1968 525 consule;A
2000 462 2218 519 scimus
2259 477 2326 519 ex
2377 462 2715 522 collectione
2752 465 2964 523 veteris
3010 467 3231 524 codicis
3287 469 3653 531 bibliotheca:

221 540 502 608 Pelagius,
556 546 784 598 natione
854 548 1151 615 Romanus,
1206 564 1274 603 ea:
1330 554 1492 619 patre
1543 550 1884 614 Vicariano;

222 628 541 699 Gregorius,
611 637 835 688 natione
887 638 1184 699 Romanus,
1244 654 1312 692 ea:
1356 642 1516 707 patre
1564 637 1885 703 Gordiano;

220 721 491 780 Nicolaus
551 723 630 786 II,
682 725 904 777 natione
953 728 1227 781 Romanus
1280 742 1347 780 em
1399 730 1561 796 patre
1613 726 1886 781 Theodoro

218 815 559 881 regionario,
592 812 676 868 ita
727 817 785 867 et
830 814 1165 885 epigraphis
1211 819 1421 870 nostra:
1457 818 1660 871 auctor
1690 816 1887 871 consi-

219 905 520 975 gnandum
555 916 682 959 esse
738 903 929 973 duxit,
976 904 1262 959 Nicolaum
1301 907 1521 960 tertium
1566 907 1740 973 fuisse
1778 921 1892 958 na—

218 996 364 1049 tione
402 996 731 1059 Romanum,
766 1007 834 1046 ea:
856 996 1017 1062 patre
1061 993 1269 1047 domini
1317 996 1562 1049 Matthaei
1601 996 1691 1048 cui
1718 976 1894 1050 Rubei

215 1095 504 1154 agnomen
537 1080 1001 1151 superadditum,
1040 1081 1105 1135 de
1154 1082 1311 1136 domo
1347 1084 1685 1137 Ursinorum.
1733 1083 1891 1136 Scri-

210 1174 448 1240 pseram
477 1173 684 1223 veteres
708 1168 799 1220 illi
827 1168 893 1221 de
934 1168 1106 1222 Felice
1133 1174 1364 1238 quarto:
1396 1171 1501 1224 Hie
1528 1172 1657 1236 fecit
1690 1169 1891 1223 basili-

210 1274 330 1312 cam
376 1261 703 1311 sanctorum
762 1254 963 1309 Cosme
994 1260 1045 1309 et
1087 1258 1365 1327 Damiani,
1413 1261 1462 1311 et
1502 1257 1785 1311 basilicam
1827 1255 1885 1311 S.

211 1346 521 1403 Saturnini
545 1362 581 1399 α
613 1346 726 1400 solo
747 1346 956 1412 refecit,
996 1346 1052 1399 et
1076 1345 1146 1400 de
1166 1346 1348 1401 Leone
1386 1346 1456 1400 IlI
1480 1345 1737 1401 civitatis
1762 1346 1891 1400 Leo-

215 1433 373 1489 nina:
430 1433 508 1488 ab
560 1446 630 1489 eo
696 1431 1078 1489 denominata:
1124 1432 1345 1502 [utpote
1402 1429 1717 1505 conditore]
1765 1446 1890 1505 me:

219 1526 412 1577 morat
442 1521 692 1577 secundo
749 1536 892 1575 anno
933 1522 1024 1574 sui
1071 1500 1423 1591 pontiﬁcatus
1463 1500 1767 1595 [sectiones
1793 1500 1886 1578 33]

1996 551 2381 609 Einsildensis
2404 553 2463 609 in
2479 558 2629 610 torno
2653 558 2857 625 quarto
2877 553 3278 613 Analectorum
3302 558 3648 633 Mabillonii,

1997 645 2053 696 et
2080 642 2329 697 eruditis
2355 642 2413 698 in
2455 645 2714 700 eamdem
2767 643 3162 701 collectionem
3195 648 3367 703 notis.
3420 649 3650 708 Patebat

2000 729 2185 801 igitur
2212 745 2371 802 seges
2392 745 2503 788 non
2527 733 2750 789 modica
2769 733 3238 790 documentorum
3262 732 3650 807 scriptoribus

2002 821 2395 888 prosecuturis
2424 821 2710 893 catalogos
2735 835 2801 878 ac
2826 821 2986 878 Vitas
3020 836 3376 880 summorum
3407 826 3651 896 pontiﬁ-

2002 921 2152 979 cum,
2184 909 2320 965 dum
2351 910 2772 980 perlustrabant
2819 911 3101 981 ejusmodi
3137 912 3361 985 titulos,
3412 918 3476 971 ut
3515 916 3649 973 inde

2001 997 2336 1069 colligerent
2379 1013 2482 1055 sua
2534 999 2855 1071 spicilegia.
2901 1000 3081 1056 Multo
3124 1007 3313 1057 autem
3359 1001 3648 1072 pleniores

2002 1085 2187 1142 fontes
2200 1087 2458 1143 historia:
2477 1087 3012 1157 illisaperiebantur
3032 1089 3426 1147 ineorumdem
3444 1093 3648 1161 ponti-

2001 1169 2170 1229 ﬁcum
2187 1176 2470 1245 epistolis,
2499 1182 2556 1232 et
2574 1175 2953 1232 conciliorum
2974 1175 3151 1245 Actis,
3174 1176 3260 1232 uti
3278 1177 3642 1237 observatum

1946 1229 1979 1237 ”
1996 1260 2110 1329 jam
2141 1229 2361 1331 ριοίαεέηί
2378 1229 2595 1319 nam
2616 1229 3074 1334 summa.
3084 1229 3209 1337 1.1-i—
3199 1229 3273 1323 mi
3286 1229 3377 1321 ’ἇέ
3389 1229 3641 1326 tam

1999 1350 2139 1406 tomi
2187 1357 2394 1408 nostra:
2418 1352 2715 1409 editionis.

2073 1439 2127 1495 6.
2171 1440 2273 1496 His
2301 1446 2489 1497 autem
2541 1440 2790 1497 breviter
2842 1441 3139 1513 indicatis,
3190 1446 3482 1515 praeterire
3527 1459 3642 1504 non

1996 1528 2173 1585 debeo
2201 1531 2445 1588 alterum
2466 1534 2638 1600 caput
2674 1530 3147 1589 documentorum
3176 1534 3644 1605 compendiario—

214 1613 440 1680 cuepisse
483 1615 833 1675 construere;
865 1613 1014 1664 sexto
1042 1613 1223 1664 autem
1246 1625 1392 1664 anno
1415 1612 1632 1677 magnis
1661 1624 1724 1663 ac
1769 1610 1872 1663 mi—

1995 1632 2143 1691 rum,
2168 1634 2294 1690 qua:
2326 1633 2438 1675 non
2462 1619 2627 1676 modo
2658 1620 2970 1688 praeteritis
2998 1621 3266 1680 aetatibus
3291 1623 3641 1694 usurpaban-

212 1699 492 1754 rabilibus
522 1699 754 1768 fabricis
779 1714 913 1768 opus
952 1713 1368 1753 consummasse.
1401 1701 1480 1753 Ita
1511 1703 1566 1753 et
1597 1697 1872 1753 recentior

1989 1711 2103 1779 tur,
2136 1709 2231 1765 sed
2263 1709 2434 1765 etiam
2468 1709 2572 1764 hac
2598 1714 2791 1765 nostra
2819 1708 3031 1780 vigent,
3064 1714 3120 1766 et
3149 1710 3406 1768 referunt
3448 1712 3646 1769 brevi—

212 1785 442 1843 Nicolai
494 1785 657 1840 tertii
701 1786 967 1841 laudator
992 1788 1113 1856 ﬁeri
1148 1789 1296 1854 fecit,
1332 1786 1545 1857 inquit,
1570 1788 1790 1856 palatia
1828 1791 1872 1840 et

1989 1803 2157 1854 tatem
2177 1804 2233 1854 et
2248 1799 2503 1854 ordinem
2525 1798 2914 1869 catalogorum
2939 1803 2994 1854 et
3010 1798 3480 1871 biographorum.
3498 1803 3637 1857 Nam

211 1876 403 1928 aulam
458 1876 702 1945 majora,
734 1880 785 1929 et
814 1876 1097 1945 capellam,
1130 1880 1183 1930 et
1231 1877 1374 1930 alias
1405 1876 1586 1930 domos
1616 1877 1876 1945 antiquas

212 1964 579 2034 ampliﬁcavit
625 1966 974 2034 pontiﬁcatus
999 1965 1088 2018 sui
1123 1979 1269 2018 anno
1311 1966 1512 2033 primo,
1544 1968 1595 2019 et
1621 1979 1765 2018 anno
1786 1979 1877 2019 se—

212 2051 389 2105 cundo
427 2054 786 2122 pontiﬁcatus
829 2055 918 2106 sui
966 2054 1087 2121 ﬁeri
1111 2054 1243 2120 fecit
1281 2056 1333 2106 et
1360 2053 1648 2106 circuitum
1686 2066 1879 2106 muro—

214 2155 337 2194 rum
382 2142 626 2210 pomerii
675 2141 862 2210 hujus.
916 2139 1171 2211 Apparet
1211 2140 1396 2212 igitur
1434 2140 1577 2196 satis
1623 2140 1880 2211 viguisse

218 2228 494 2299 pluribus
526 2230 700 2285 etiam
749 2228 998 2299 sacculis,
1036 2232 1163 2299 post
1196 2234 1509 2299 utrumque
1554 2228 1877 2300 catalogum

212 2318 593 2374 Liberianum
627 2322 683 2373 et
708 2318 1058 2374 Felicianum
1084 2331 1211 2374 sero
1237 2317 1563 2373 consecutis
1589 2315 1881 2372 imitatio—

217 2421 341 2463 nem
408 2407 549 2478 styli
604 2408 815 2463 veteris
864 2407 1254 2478 catalogorum
1311 2410 1369 2462 et
1425 2405 1875 2477 biographorum

215 2497 375 2553 sedis
404 2497 766 2567 apostolicae,
799 2497 1037 2567 perinde
1054 2495 1470 2552 annotantibus
1515 2495 1777 2566 patriam,
1810 2507 1877 2550 ac

214 2593 438 2657 patrem
480 2586 821 2656 pontiﬁcum
853 2585 1237 2657 singulorum,
1288 2589 1345 2641 et
1373 2598 1651 2641 summam
1682 2589 1878 2655 gesto-

212 2690 367 2747 rum,
393 2675 880 2747 quemadmodum
900 2675 961 2730 in
979 2674 1283 2730 matutinis
1299 2673 1647 2730 lectionibus
1659 2677 1877 2730 sancto-

214 2779 345 2820 rum
378 2764 720 2834 pontiﬁcum
767 2764 1008 2819 recitare
1037 2767 1411 2819 consueverat
1434 2761 1724 2818 Romanus
1752 2761 1876 2817 cle—

217 2868 341 2909 rus.
379 2852 528 2907 Mihi
578 2856 769 2907 autem
803 2849 973 2906 facile
1006 2863 1339 2921 persuasum
1366 2856 1451 2906 est
1481 2849 1551 2905 ab
1580 2849 1778 2921 aliquo
1805 2864 1875 2905 ex

214 2939 373 2997 clero
414 2939 704 3009 ejusmodi
762 2939 1111 2996 lectionibus
1139 2941 1369 2994 assueto
1397 2938 1668 2993 dictatam
1692 2935 1874 2994 fuisse

208 3029 437 3083 Nicolai
482 3027 645 3083 tertii
678 3040 849 3097 quam
895 3026 1201 3083 retulimus
1233 3026 1689 3096 inscriptionem.
1717 3026 1876 3081 Unde

210 3117 387 3173 etiam
412 3116 774 3188 intelligitur
798 3116 955 3185 ipsos
975 3120 1187 3171 veteres
1209 3115 1433 3185 titulos,
1461 3119 1516 3170 et
1537 3115 1877 3186 epigraphes
1899 3104 1948 3168 C

211 3219 452 3275 operum
486 3218 522 3260 a
562 3204 810 3261 summis
856 3204 1229 3274 pontiﬁcibus
1274 3207 1736 3259 constructorum
1771 3207 1874 3259 aut

214 3301 636 3364 reparatorum,
678 3307 791 3349 non
822 3292 1115 3349 materiem
1149 3292 1333 3361 modo,
1366 3293 1461 3348 sed
1502 3292 1674 3347 etiam
1704 3291 1873 3347 verba

214 3384 565 3455 quandoque
589 3383 951 3438 ministrasse
972 3380 1237 3453 posteris,
1265 3380 1716 3452 producentibus
1736 3395 1872 3437 suos

216 3472 512 3545 catalogos
549 3477 608 3528 et
653 3471 943 3528 breviaria
992 3471 1253 3526 Vitarum
1303 3470 1372 3539 ad
1408 3470 1696 3540 propriam
1727 3474 1872 3526 teta-

218 3568 340 3617 tem.

274 3650 329 3707 5.
402 3651 670 3706 Accessit
716 3648 1057 3722 biographis
1119 3653 1177 3704 et
1224 3646 1650 3704 breviatoribus
1703 3646 1865 3703 aliud

218 3752 364 3808 prom
375 3738 680 3809 ptuarium
702 3738 962 3807 proxime
981 3741 1108 3807 post
1135 3736 1455 3807 cataIOgum
1476 3734 1866 3805 Liberianum,

216 3828 359 3883 unde
400 3831 665 3897 peterent
695 3827 807 3883 ﬁda
845 3831 901 3882 et
950 3824 1180 3896 publica
1208 3825 1548 3880 documenta
1595 3836 1870 3893 compen—

214 3916 407 3979 diariaz
437 3915 825 3983 chronologize,
851 3915 1195 3983 genealogize,
1228 3917 1279 3968 et
1308 3914 1548 3967 historia
1579 3912 1871 3966 uniuscu-

212 4004 414 4075 jusque
447 4003 766 4073 pontiﬁcis.
835 4004 976 4058 Nam
1002 4003 1202 4059 beatus
1231 4004 1526 4067 Damasus,
1572 4000 1868 4071 proximus

215 4106 516 4148 successor
538 4091 778 4162 Liberii,
806 4105 934 4147 cum
958 4090 1221 4147 versibus
1244 4094 1547 4146 exornaret
1568 4089 1868 4160 plerasque

216 4181 523 4237 memorias
567 4185 880 4251 martyrum
910 4180 1273 4250 aliorumque
1315 4183 1665 4248 sanctorum,
1725 4178 1866 4248 quin

213 4269 381 4347 etiam
439 4270 797 4340 privatorum
846 4268 1098 4325 ﬁdelium
1153 4269 1375 4323 cineres
1421 4268 1501 4323 ita
1553 4267 1867 4338 aliquando

215 4359 640 4429 condecoraret,
674 4372 777 4428 pro
800 4371 864 4414 ea
888 4356 1169 4413 charitate
1199 4369 1311 4427 qua
1368 4356 1674 4426 piissimus
1702 4357 1866 4410 Pater

217 4446 671 4517 prosequebatur
746 4446 899 4502 ﬁlios
959 4445 1227 4502 Ecclesia:
1300 4444 1413 4500 sibi
1480 4443 1946 4514 concreditos,D

217 4537 473 4606 exempla
508 4535 716 4592 intulit
761 4536 943 4591 moris
973 4534 1107 4591 inde
1149 4533 1496 4603 continuati,
1536 4532 1860 4603 apponendi

217 4623 436 4680 scilicet
460 4624 535 4679 ad
560 4623 823 4693 sepulcra
850 4636 1242 4679 successorum
1273 4621 1608 4693 pontiﬁcum
1629 4621 1868 4692 epigra-

220 4712 350 4781 phes
379 4716 567 4768 metro
605 4711 893 4784 alligatas,
928 4711 987 4766 in
1028 4711 1244 4783 quibus
1279 4711 1607 4767 eorumdem
1640 4723 1867 4780 praesu-

218 4798 329 4855 lum
351 4806 514 4873 gesta
542 4801 767 4871 potiora
792 4806 847 4857 et
871 4801 1246 4873 chronologia
1268 4800 1606 4871 plerumque
1628 4798 1866 4870 signiﬁ-

220 4894 434 4945 cantur.
487 4889 760 4959 Exempla
800 4889 1132 4958 hujusmodi
1163 4888 1543 4961 epigraphum
1592 4887 1864 4959 leguntur

222 4977 423 5045 passim
452 4977 515 5032 in
564 4977 799 5033 Baronii
828 4977 1170 5040 Annalibus,
1203 4982 1260 5033 et
1307 4977 1366 5032 in
1396 4975 1709 5047 appendice
1732 4975 1866 5031 the-

222 5067 369 5121 sauri
416 5065 782 5133 Gruteriani,
831 5078 1049 5122 necnon
1101 5066 1161 5121 in
1190 5066 1578 5137 descriptione
1606 5064 1864 5121 basilicae

221 5151 500 5210 Vaticana:
525 5154 818 5210 Benedicti
848 5155 1144 5221 Canonici,
1190 5154 1344 5211 edita
1372 5168 1405 5211 a
1447 5156 1612 5210 Petro
1648 5154 1719 5209 de
1741 5153 1868 5208 An-

224 5243 373 5313 gelis.
422 5245 640 5300 Harum
679 5243 1006 5314 complures
1032 5244 1333 5315 descriptae
1360 5242 1598 5300 fuerunt
1620 5256 1652 5299 a
1677 5242 1867 5299 comi-

227 5335 336 5388 tatu
362 5334 553 5390 Caroli
606 5333 819 5405 Magni,
868 5333 1013 5403 quin
1042 5333 1214 5389 etiam
1258 5333 1329 5390 ab
1357 5333 1859 5403 ipsometCarolo:

226 5422 315 5490 qui
348 5437 457 5478 non
502 5424 675 5479 modo
713 5421 974 5478 eruditos
1019 5436 1212 5478 secum
1255 5423 1517 5490 ducebat,
1563 5437 1755 5478 verum
1809 5430 1866 5479 et

229 5508 341 5580 ipse
387 5519 592 5584 suopte
622 5516 809 5569 marte
859 5512 1128 5582 procudit
1174 5513 1403 5585 elegans
1452 5513 1598 5570 illud
1630 5514 1864 5586 epigra—

232 5599 418 5691 phium
441 5603 497 5659 S.
521 5600 772 5660 Adriani
797 5614 952 5672 papae
972 5603 996 5659 Ι
1018 5602 1243 5659 tumulo
1266 5600 1517 5690 amatum,
1547 5603 1632 5659 uti
1663 5616 1868 5675 cogno-

1990 1888 2048 1943 in
2077 1886 2274 1944 funere
2301 1888 2540 1943 Romani
2570 1885 2862 1957 pontiﬁcis
2900 1888 3155 1943 curando
3186 1888 3394 1943 medici
3425 1892 3482 1944 et
3500 1889 3639 1945 chi-

1989 1976 2175 2049 rurgi,
2207 1976 2305 2046 qui
2328 1973 2584 2031 defuncti
2606 1974 2891 2030 cadavera
2929 1974 3323 2031 sacerdotibus
3346 1975 3638 2045 paeniten-

1988 2065 2185 2122 tiariis
2209 2064 2464 2120 basilicae
2492 2063 2779 2120 Vaticanae
2804 2062 3009 2131 lotum,
3046 2062 3300 2119 balsamo
3320 2068 3377 2119 et
3401 2076 3635 2121 aroma-

1989 2156 2149 2212 tibus
2191 2152 2574 2210 condiendum
2621 2150 2976 2221 suscipiunt,
3027 2151 3108 2205 ita
3156 2155 3535 2222 prmparatum
3577 2157 3637 2210 et

1990 2247 2293 2316 purgatum
2350 2242 2533 2298 sacris
2590 2240 2881 2296 ministris
2925 2239 3162 2296 tradunt
3203 2239 3637 2310 pontiﬁcalibus

1991 2332 2345 2389 indumentis
2370 2330 2724 2386 ornandum:
2748 2329 2898 2399 quod
2929 2326 3177 2383 subinde
3205 2340 3237 2383 a
3267 2329 3565 2386 canonicis
3579 2333 3637 2387 et

1987 2421 2140 2477 clero
2177 2420 2453 2475 Vaticano
2490 2418 2742 2474 delatum
2789 2417 2859 2472 ad
2904 2415 3210 2489 exsequias
3251 2417 3651 2491 novemdiales,

1986 2510 2056 2567 de
2087 2523 2242 2566 more
2281 2508 2700 2579 persolvendas,
2732 2510 3035 2577 postquam
3085 2506 3282 2564 triduo
3306 2508 3632 2579 expositum

1987 2600 2084 2669 pio
2154 2599 2349 2654 studio
2420 2596 2615 2667 populi
2668 2595 3047 2661 accurrentis,
3100 2595 3298 2653 oscula
3365 2610 3634 2668 suprema

1987 2687 2228 2759 pedibus
2250 2687 2362 2742 viri
2393 2684 2695 2756 apostolici
2728 2684 3131 2741 venerabiliter
3163 2683 3403 2741 libantis
3424 2686 3633 2756 patuit,

1986 2776 2293 2833 includunt
2311 2789 2456 2832 arcae
2476 2774 2852 2845 cupressinai:
2879 2773 2975 2830 cui
2997 2772 3170 2830 aliam
3187 2786 3413 2844 capsam
3439 2774 3635 2845 plum-

1983 2864 2144 2921 beam
2179 2864 2452 2935 superind
2465 2868 2659 2920 ucunt.
2694 2865 2753 2919 In
2778 2863 2955 2932 hujus
2982 2868 3173 2918 autem
3200 2861 3471 2932 operculo
3497 2863 3634 2919 bre-

1985 2967 2106 3010 vem
2119 2952 2466 3025 epigraphen
2489 2952 2830 3023 disponunt,
2850 2951 3024 3007 aeneis
3041 2951 3255 3007 litteris
3270 2951 3633 3009 exstantibus

1985 3049 2355 3114 compactam,
2387 3055 2629 3114 quarum
2656 3041 2902 3115 singulae
2922 3040 3114 3098 acutis
3140 3039 3505 3111 processibus
3525 3040 3638 3098 cla-

1984 3147 2183 3189 vorum
2235 3145 2388 3188 more
2420 3130 2858 3203 assurgentibus
2888 3130 3209 3202 inﬁguntur
3236 3134 3293 3186 et
3324 3134 3480 3186 arcte
3507 3135 3634 3186 sta-

1985 3222 2349 3278 tuminantur
2390 3234 2519 3276 cum
2570 3219 2791 3290 plumbi
2837 3218 3073 3288 lamina,
3120 3232 3191 3274 ne
3226 3217 3494 3278 excidant
3531 3223 3634 3275 aut

1985 3310 2429 3381 perturbentur;
2459 3310 2556 3367 sed
2586 3308 2861 3365 distincte
2893 3321 2998 3378 pep
3022 3320 3118 3363 eas
3149 3307 3372 3377 legatur
3402 3319 3626 3373 nomen,

1986 3400 2191 3470 patria,
2224 3402 2361 3454 aetas
2388 3402 2445 3453 et
2472 3396 2701 3467 epochte
2722 3394 2853 3451 vitae
2881 3408 2948 3452 ac
2972 3394 3342 3464 pontiﬁcatus
3368 3391 3627 3448 defuncti

1983 3487 2276 3559 praesulis.
2305 3487 2560 3556 Quartus
2582 3498 2757 3553 supra
2779 3481 3278 3553 quadragesimum
3299 3492 3488 3534 annus
3506 3480 3624 3548 jam

1982 3576 2201 3632 labitur
2217 3589 2284 3630 ex
2308 3587 2443 3644 quo,
2466 3574 2579 3627 Deo
2598 3571 2788 3639 dante,
2811 3569 2880 3624 ad
2904 3568 3107 3623 Urbem
3128 3565 3624 3628 feliciteraccessi.

1981 3666 2289 3721 Romanam
2327 3660 2652 3717 cathedram
2685 3656 2974 3713 insidente
3007 3653 3354 3711 venerabilis
3405 3669 3627 3711 memo—

1979 3754 2080 3810 ria:
2109 3751 2375 3823 pontiﬁce
2413 3746 2745 3803 Innocentio
2769 3746 2866 3815 XI,
2900 3758 3014 3815 quo
3043 3758 3111 3800 ex
3155 3744 3426 3800 humanis
3455 3744 3627 3801 rebus

1977 3844 2236 3911 exempto
2266 3836 2456 3908 pridie
2479 3835 2614 3891 Idus
2642 3833 2888 3906 Augusti
2920 3830 3077 3902 4689,
3105 3832 3269 3888 Furia
3297 3845 3377 3904 VI,
3399 3832 3469 3888 ad
3500 3833 3627 3902 ejus

1978 3944 2187 4000 corpus
2230 3925 2641 3983 includendum
2670 3927 2878 3994 paratae
2915 3921 3194 3992 plumbea:
3230 3934 3413 3992 capsae
3450 3934 3626 3991 oper-

1977 4019 2109 4076 culo
2155 4017 2387 4073 inﬁxam
2429 4013 2546 4070 vidi
2577 4012 2753 4068 aeneis
2789 4010 3222 4067 characteribus
3264 4009 3628 4066 exstantibus

1980 4108 2125 4165 hanc
2150 4104 2606 4175 inscriptionem,
2627 4113 2795 4172 quam
2824 4100 2883 4156 in
2904 4099 3280 4171 Ephemeride
3298 4113 3404 4154 sua
3425 4097 3628 4155 retulit

1978 4210 2271 4255 sacrarum
2309 4191 2777 4250 caeremoniarum
2810 4189 3083 4261 magister
3112 4186 3447 4258 pontiﬁcius
3472 4186 3624 4243 Can-

1974 4286 2150 4342 didus
2198 4282 2455 4339 basilicae
2496 4280 2552 4335 S.
2608 4277 2801 4333 Mariae
2845 4275 3263 4333 Transtiberim
3305 4274 3622 4333 canonicus

1973 4373 2235 4430 Cassina.
2764 4440 2828 4504 ᾧ

2647 4528 2708 4581 D.
2761 4524 2824 4580 Ο.
2868 4525 2942 4579 Μ.

2258 4629 2620 4675 INNOCEN’I‘IUS
2656 4627 2737 4670 XI.
2784 4625 3049 4669 PONTIFEX
3087 4623 3340 4668 MAXIIUS

2184 4703 2357 4746 ANTEA
2386 4698 2718 4743 BENEDICI‘US
2758 4696 3128 4739 ODESCALCHUS
3144 4695 3406 4740 COIENSIS

2291 4773 2436 4815 OBIIT
2457 4773 2547 4815 DIE
2565 4771 2669 4813 XII.
2694 4768 2919 4811 AUGUSTI
2951 4766 3292 4810 κυαωιχιιι.
3594 4806 3601 4819 ι

2046 4845 2251 4889 )ETATIS
2306 4844 2421 4886 SUrE
2459 4844 2589 4885 ANN.
2638 4840 2882 4884 LXXVIII.
2919 4838 3084 4881 MENS.
3118 4838 3180 4879 II.
3210 4836 3356 4880 DIEB.
3382 4836 3542 4880 XXIV.

2185 4914 2340 4956 VIXIT
2375 4914 2432 4955 IN
2483 4911 2835 4956 PONTIFICATU
2870 4910 2999 4952 ANN.
3026 4909 3108 4950 XII
3147 4906 3311 4949 MENS.
3345 4907 3402 4948 Χ.

2641 4983 2765 5023 DIES
2799 4982 2922 5023 XXI.

2042 5063 2399 5132 Exceperunt
2456 5055 2836 5114 venerabilem
2903 5054 3004 5133 Dei
3081 5065 3308 5109 servum
3366 5051 3616 5125 proximi

1974 5164 2331 5211 successores
2354 5149 2407 5205 S.
2461 5146 2533 5201 M.
2567 5143 2887 5200 Alexander
2922 5143 3061 5199 VIII.
3109 5143 3461 5199 Innocentius
3497 5144 3617 5205 XII,

1975 5244 2212 5299 Clemens
2264 5241 2357 5302 XI,
2403 5228 2647 5308 quorum
2699 5233 2758 5289 in
2790 5245 2878 5288 me
2920 5231 3306 5289 beneﬁcentiae
3343 5232 3395 5287 si
3438 5232 3620 5307 vicem

1976 5332 2209 5390 reddere
2248 5328 2552 5385 scribendo
2602 5326 2774 5396 nitar,
2815 5336 3092 5396 arrogans
3127 5320 3294 5392 plane
3342 5324 3397 5376 et
3443 5334 3621 5401 supra

1973 5422 2127 5478 vires
2165 5430 2504 5491 praesumere
2533 5421 2588 5472 et
2617 5413 2849 5488 aggredi
2879 5412 3020 5469 velle
3044 5422 3339 5481 coarguar.
3370 5409 3495 5466 Non
3525 5413 3623 5467 ta-

1976 5524 2101 5568 men
2132 5507 2430 5579 culpabor,
2461 5506 2512 5562 si
2544 5503 3014 5562 consuetudinem
3040 5499 3101 5555 in
3126 5497 3221 5553 his
3251 5510 3479 5570 quoque
3521 5503 3627 5555 tu.

1977 5599 2268 5657 mutandis
2317 5593 2776 5671 [quemamodum
2827 5594 2888 5650 in
2937 5584 3302 5664 Innocentio]
3343 5583 3622 5646 servatam
