4050 6184
436 206 540 267 445

1215 215 1309 270 AD
1344 212 1780 270 ANASTASIUM
1817 214 2331 272 PROLEGOMENA
2363 218 2563 286 VEDIT.
2604 217 3036 276 ROM.—VATIC.

3738 216 3840 275 446

435 335 601 391 testis
639 336 903 393 oculatus
959 350 1230 408 asseram,
1286 339 1499 409 quippe
1558 341 1657 411 qui
1689 354 1722 395 a
1751 340 2164 402 domesticisA
2196 343 2575 410 parochialem
2619 344 2709 400 SS.
2750 345 3037 402 Vineentii
3083 349 3138 401 et
3175 345 3485 414 Anastasii,
3528 344 3628 400 ubi
3663 357 3834 414 prope

436 423 736 494 obsequiis
775 424 1085 480 Alexandri
1134 431 1191 481 et
1229 427 1538 483 Clementis
1577 429 1831 498 ipsorum
1873 429 2085 499 digna—

433 509 590 566 tione
627 512 903 584 delectus,
955 514 1241 583 supremis
1288 516 1347 569 in
1380 530 1476 571 eos
1504 515 1709 571 ofﬁciis
1747 517 1941 572 deesse
1971 529 2083 571 non

438 599 630 655 debui.
660 600 821 657 Addo
846 603 1044 675 igitur,
1096 608 1297 673 praeter
1325 605 1673 676 epigraphen
1702 605 1860 661 illam
1888 605 2078 676 plum-

436 687 541 744 beo
573 688 760 746 loculo
783 691 1036 762 inﬁxam,
1069 693 1413 761 peculiarem
1444 694 1679 749 alteram
1724 708 1792 750 ex
1822 709 1968 750 aerea
1994 693 2085 750 la—

439 776 595 832 mina
619 778 900 834 inclusam
932 777 1114 835 fuisse
1140 779 1451 837 Alexandri
1478 783 1772 853 pontificis
1801 797 1983 853 capsa:
2012 781 2084 837 ab

437 867 896 925 eminentissimo
916 882 983 924 ac
1004 871 1479 926 reverendissimo
1505 876 1706 942 nepote
1733 873 1892 927 Petro
1914 871 2074 927 card.

437 953 762 1011 Otthobono
783 957 836 1011 S.
866 957 928 1011 Β.
957 957 1016 1012 Ε.
1049 959 1536 1032 vicecancellario,
1573 975 1724 1018 nunc
1751 961 1923 1016 etiam
1955 960 2086 1029 epi—

439 1055 609 1111 scopo
660 1043 983 1117 Sabinensi,
1038 1048 1174 1102 dum
1222 1050 1411 1121 magni
1442 1052 1632 1120 patrui
1680 1051 1893 1120 Optime
1921 1050 1990 1104 de
2025 1044 2087 1103 se

438 1130 630 1186 meriti
672 1146 881 1204 corpus
921 1135 1256 1192 transferret
1289 1139 1358 1193 ad
1410 1139 1609 1195 cellam
1643 1140 1933 1212 magniﬁci
1961 1143 2092 1196 mo"

437 1220 719 1290 numenti,
765 1223 922 1294 regio
966 1229 1200 1295 sumptu
1246 1240 1277 1281 a
1327 1241 1385 1282 se
1432 1227 1691 1297 excitati,
1741 1229 1891 1298 quod
1938 1229 2088 1283 inter

438 1308 729 1378 praecipua
748 1309 1004 1368 basilica}
1029 1315 1312 1371 Vaticanaa
1351 1322 1682 1372 ornamenta
1712 1319 2082 1388 suspicimus.

437 1396 500 1450 In
547 1395 647 1451 illa
700 1400 917 1467 pariter
959 1403 1164 1458 tabella
1216 1418 1367 1460 aenea
1416 1410 1666 1462 veterum
1699 1408 2084 1480 catalogorum

438 1484 754 1542 moderatio
786 1495 1004 1546 servata
1030 1496 1134 1563 est,
1168 1492 1417 1549 breviter
1447 1495 1711 1551 indicans
1743 1511 1966 1569 nomen,
1997 1513 2086 1568 pa-

436 1571 630 1644 triam,
655 1588 854 1646 genus,
878 1583 934 1633 et
960 1581 1278 1650 praecipuas
1307 1583 1438 1638 vitae
1467 1598 1533 1639 ac
1563 1599 1860 1640 munerum
1899 1588 1954 1641 in
1984 1589 2085 1643 Ro-

2191 444 2347 486 aram
2393 433 2696 489 maximam
2749 449 2818 490 ex
2864 434 3038 491 latere
3067 434 3360 506 Evangelii
3410 435 3469 489 in
3513 433 3835 503 pavimento

2194 521 2601 592 reconduntur,
2617 521 2974 578 brevissimis
3016 522 3496 592 inscriptionibus
3516 534 3836 577 emarmore

2195 609 2486 680 impositis
2538 612 2597 667 in
2647 612 2791 667 hanc
2821 613 3182 683 sententiam,
3213 625 3454 683 quarum
3487 611 3631 667 duas
3670 615 3835 666 tran—

2194 699 2440 756 scribam
2468 713 2499 755 e
2524 700 2791 770 pluribus
2814 701 2895 756 ibi
2928 701 3200 772 legendis.

2902 856 2953 896 D.
2982 855 3032 896 O.
3063 855 3122 897 Η.

2847 926 3185 968 PRECORDIA.

2728 995 3028 1039 CLEMENTIS
3056 997 3112 1038 Χ.
3164 997 3212 1038 Ρ.
3243 996 3303 1036 Μ.

2211 1101 2243 1124 ο
2725 1067 2869 1108 OBIIT
2916 1068 2974 1110 IN
3024 1068 3304 1115 QUIBINALI

2622 1137 2713 1180 DIE
2762 1138 2884 1180 XXII
2915 1139 3055 1180 JULII
3109 1137 3411 1179 MDCLXXVI.

2898 1261 2950 1303 D.
2975 1262 3032 1303 0.
3066 1261 3124 1303 Μ.

2844 1332 3183 1375 ΡΒᾸΞΟΟΒΒῙΑ.

2700 1402 3008 1446 INNOCENTII
3055 1404 3162 1445 XIII
3193 1403 3243 1444 P.
3278 1402 3338 1444 Π.

2727 1475 2872 1516 OBIIT
2913 1475 2969 1516 IN
3022 1474 3304 1522 QUIRINALI

2619 1546 2710 1587 DIE
2749 1547 2847 1587 VII.
2889 1546 3053 1588 MART.
3111 1543 3407 1588 MDCCXXIV.

437 1672 602 1747 mana
627 1662 878 1720 Ecclesia
908 1666 979 1721 ab
1000 1669 1193 1724 eodem
1227 1670 1493 1739 pontiﬁce
1524 1679 1811 1743 gestorum
1838 1675 2083 1743 epochas
2113 1671 2166 1731 B
2241 1671 2312 1729 «7.
2361 1675 2631 1731 Videmus
2680 1676 2893 1746 itaque,
2919 1690 3101 1747 neque
3133 1676 3191 1730 in
3220 1675 3433 1732 Liberii
3475 1675 3702 1744 saeculo,
3731 1689 3844 1730 ne—

437 1745 520 1802 ita
567 1751 876 1822 complexa,
925 1755 1155 1823 przeﬁxo
1198 1759 1511 1814 Dominicae
1552 1762 1745 1816 crucis
1797 1763 1962 1852 signo
2014 1765 2083 1820 de

435 1847 608 1891 more.

1242 1960 1282 1970 οσ-

1110 2039 1174 2092 D.
1337 2043 1410 2096 M.

826 2152 1151 2198 ALEXANDRO
1203 2158 1327 2201 VIII.
1357 2159 1512 2203 PONT.
1559 2163 1696 2206 MAX.

761 2223 932 2267 PETRO
961 2227 1292 2281 ⁸ΟΤΊἮΟΒΟΝΟ
1338 2230 1502 2274 MARCI
1547 2235 1767 2281 EQUITIS

718 2293 946 2336 VENETE
991 2297 1137 2339 REIP.
1177 2299 1341 2342 MAGNI
1379 2303 1627 2344 CANCELL.
1653 2307 1799 2348 FILIO

788 2364 859 2406 EX
901 2366 1150 2410 VICTORIA
1189 2369 1459 2413 TORNIELA
1502 2374 1727 2417 CONIUGE

719 2434 976 2478 VENETIIS
1024 2438 1160 2480 NATO
1209 2441 1352 2484 XXII.
1393 2444 1582 2486 APRIL.
1624 2447 1792 2490 MDCX.

719 2506 886 2548 INTER
929 2508 1264 2553 CARDINALES
1295 2513 1557 2556 COOPTATO
1588 2517 1792 2561 MDCLII.

858 2578 928 2620 AD
952 2579 1220 2623 ROMANAH
1249 2584 1424 2626 SEDEM
1452 2586 1657 2628 ΕΥΒΟΤο

715 2645 864 2690 PRID.
899 2649 1072 2692 NONAS
1114 2652 1335 2697 OCTOBR.
1368 2656 1786 2702 MDCLXXXVIIII.

899 2720 956 2762 IN
1018 2721 1244 2765 CHRISTO
1296 2726 1614 2774 QUIESCENTI

928 2791 1050 2833 ΚΑΙ..
1093 2794 1233 2837 FEBII
1261 2796 1579 2840 MDCLXXXXI

855 2861 1062 2904 PETRUS
1104 2865 1258 2908 CARD.
1302 2867 1651 2913 OTTHOBONUS

753 2930 797 2972 S.
828 2929 884 2974 Β.
930 2933 980 2973 Ε.
1011 2933 1286 2977 VICECANC.
1333 2940 1563 2982 FRATRIS
1590 2944 1758 2986 NEPOS

784 3003 995 3044 PATRUO
1044 3005 1222 3048 MAGNO
1258 3007 1456 3050 OPTIMO
1481 3011 1717 3056 PRINCIPI

860 3073 1050 3116 POSUIT
1099 3077 1242 3120 ANNO
1277 3079 1439 3122 IUBIL.
1493 3083 1645 3125 MDCC.

506 3199 782 3258 Clementi
813 3217 944 3260 vero
973 3207 1053 3261 XI
1072 3210 1568 3270 eminentissimus
1589 3229 1651 3271 ac
1683 3222 2082 3278 reverendissi-

439 3299 566 3342 mus
604 3289 668 3343 D.
699 3289 946 3348 Annibal
973 3297 1128 3350 card.
1151 3297 1408 3356 Albanus
1437 3303 1489 3356 S.
1526 3303 1590 3356 R.
1637 3306 1698 3358 E.
1733 3311 2084 3366 camerarius

438 3374 499 3430 in
545 3375 812 3449 hypogaeo
854 3380 1014 3437 chori
1053 3383 1308 3441 basilica:
1347 3389 1650 3462 Vaticanaa,
1681 3395 1827 3463 quod
1863 3397 2087 3453 solum-

437 3463 604 3556 modo
632 3467 820 3534 patuit
853 3468 1105 3526 industri
1134 3473 1259 3542 ejus
1299 3477 1500 3545 pietati
1531 3479 1598 3534 ad
1632 3485 1949 3540 ornandum
1984 3501 2084 3556 pro

436 3552 721 3624 dignitate
745 3568 810 3610 ac
831 3557 1025 3612 studio
1048 3563 1192 3615 tanti
1219 3566 1510 3631 pontiﬁcis
1529 3569 1833 3640 tumulum,
1860 3552 2084 3634 vetante

437 3642 563 3711 ipso
598 3655 668 3697 ne
698 3645 876 3698 moles
901 3649 1200 3716 magniﬁca
1228 3652 1340 3707 sibi
1372 3657 1672 3716 demortuo
1710 3664 2078 3740 excitaretur,

436 3736 639 3798 praater
670 3732 1102 3803 inscriptionem
1125 3751 1270 3792 arere
1299 3742 1544 3809 plumst
1562 3748 1634 3802 de
1660 3764 1811 3806 more
1836 3732 2077 3826 afﬁxam,

437 3817 659 3875 brevem
708 3820 852 3877 hanc
898 3828 954 3878 et
1005 3826 1231 3895 antiqui
1265 3832 1444 3886 moris
1504 3835 1714 3891 tabulae
1756 3817 2081 3900 marmoreae

428 3909 862 3966 commendavit.

860 4049 1126 4094 CLEMENTI
1171 4055 1253 4095 XI.
1306 4056 1464 4098 PONT.
1518 4060 1649 4101 MAX.

859 4121 1012 4164 OLIM.
1057 4124 1109 4164 IO
1134 4125 1423 4168 FRANCISCO
1446 4129 1655 4172 ALBANO

1064 4195 1253 4237 CAROLI
1286 4198 1449 4239 FILIO.

716 4261 956 4303 ANNIBAL
977 4263 1129 4305 CARD.
1161 4266 1406 4309 ALBANUS
1430 4271 1474 4310 S.
1501 4272 1556 4312 Β.
1585 4273 1640 4313 Ε.
1664 4275 1788 4318 (ΖΛΜ.

825 4333 889 4373 ΕΤ
919 4334 1093 4374 VATIC.
1123 4337 1382 4380 BASILICIE
1421 4343 1677 4386 ARCHIPR.

834 4403 1046 4447 PATRUO
1069 4406 1398 4452 BENEFICENT
1408 4413 1419 4452 l
1431 4413 1507 4454 SSI
1517 4414 1588 4455 MO
1613 4415 1663 4456 P.

963 4476 1106 4518 ANNO
1138 4479 1251 4520 SAL.
1280 4481 1537 4526 MDCCXXII

499 4582 1003 4641 Ponunturetalim
1019 4587 1369 4647 brevissimae
1385 4594 2073 4665 inscriptionesRomanis

424 4671 800 4763 pontiﬁcibus
829 4689 1160 4744 supremum
1190 4680 1340 4736 diem
1377 4683 1434 4736 in
1469 4683 1615 4742 Urbe
1639 4687 2068 4763 claudentibus,

426 4759 656 4829 quando
676 4774 873 4817 eorum
905 4767 1219 4834 prtecordia
1258 4769 1317 4823 in
1349 4775 1605 4830 curando
1630 4780 1686 4831 et
1713 4759 2071 4839 aromatibus

423 4849 743 4906 condiendo
774 4853 1042 4910 cadavere
1069 4869 1098 4911 e
1119 4870 1354 4926 corpore
1383 4869 1639 4934 exempta
1673 4865 1731 4921 in
1760 4881 1922 4925 sacro
1946 4871 2070 4928 loco

425 4935 739 4994 honoriﬁce
773 4943 1180 5000 reconduntur.
1199 4947 1257 5002 Si
1277 4949 1425 5003 enim
1462 4951 1520 5006 in
1556 4954 1768 5022 palatio
1799 4959 2070 5016 Vaticano

421 5025 730 5094 contigerit
750 5031 1071 5094 pontiﬁcem
1095 5037 1259 5103 mori,
1284 5037 1382 5092 illa
1406 5038 1464 5091 in
1482 5043 1789 5097 secretario
1815 5045 2070 5103 basilica:

420 5110 475 5165 S.
510 5112 661 5166 Petri
691 5112 877 5169 locum
901 5118 1159 5175 obtinent
1185 5123 1242 5176 in
1267 5125 1588 5190 pavimento
1613 5141 1783 5196 prOpe
1800 5132 1980 5188 altare
2007 5135 2064 5190 in

418 5199 663 5255 aedicula
677 5213 777 5256 seu
793 5205 1047 5272 cappella
1059 5208 1126 5262 ad
1143 5214 1468 5264 sanctorum
1485 5212 1763 5283 reliquias
1778 5232 2066 5278 asservan-

415 5284 521 5340 das
540 5292 887 5344 constructa.
913 5290 1012 5344 Sin
1039 5300 1227 5348 autem
1257 5295 1315 5348 in
1346 5295 1637 5363 Quirinali
1656 5302 1867 5361 obierit
1889 5307 2059 5378 (quod

417 5371 707 5443 plerisque
727 5377 998 5432 evenitex
1027 5392 1141 5448 quo
1168 5381 1444 5450 palatium
1470 5385 1734 5446 incolunt
1755 5392 1836 5448 ibi
1863 5409 1895 5450 a
1924 5371 2062 5454 Fau-

412 5459 468 5516 lo
498 5462 541 5516 V
570 5461 912 5538 fundatum),
940 5465 1281 5527 deferuntur
1312 5477 1627 5542 praecordia
1653 5480 1721 5535 ad
1755 5483 2056 5542 ecclesiam

2195 1777 2305 1833 que
2336 1763 2396 1818 in
2423 1763 2630 1819 Felicis
2663 1764 2854 1835 quarti
2894 1769 3058 1820 aatate
3092 1765 3566 1821 consuetudinem
3597 1763 3845 1818 desiisse

2194 1852 2403 1921 stylum
2422 1852 2813 1924 catalogorum
2836 1854 3098 1908 servandi
3129 1854 3188 1908 in
3211 1853 3481 1908 brevibus
3495 1867 3562 1908 ac
3587 1852 3844 1922 publicis

2197 1940 2526 2008 hujusmodi
2546 1941 2931 1997 monumentis
2955 1959 2970 2012 ;
2992 1942 3086 1996 sed
3118 1941 3284 1997 illum
3307 1940 3487 1997 fuisse
3510 1942 3567 1996 in
3589 1941 3846 1996 Romana

2193 2028 2447 2084 Ecclesia
2476 2032 2802 2085 constanter
2829 2032 2899 2086 ad
2936 2043 3039 2086 nos
3083 2031 3483 2085 transmissum
3525 2030 3731 2098 partim
3785 2031 3845 2084 in

2194 2118 2375 2172 sacris
2399 2118 2710 2188 diptychis,
2737 2120 2944 2188 partim
2964 2120 3023 2174 in
3046 2119 3324 2190 catalogis
3343 2123 3398 2174 et
3421 2118 3728 2173 breviariis
3753 2119 3849 2172 Vi-

2195 2210 2408 2276 tarum,
2460 2220 2676 2262 necnon
2716 2207 2774 2260 in
2824 2207 3159 2263 marmoreis
3207 2207 3422 2263 tabulis
3446 2211 3503 2262 et
3535 2205 3847 2261 metallicis

2194 2309 2375 2364 usque
2403 2296 2472 2350 ad
2507 2300 2757 2351 nostram
2779 2299 3021 2361 aetatem,
3052 2297 3132 2351 ita
3159 2299 3223 2351 ut
3244 2300 3430 2352 ratum
3460 2297 3612 2365 apud
3643 2308 3846 2351 omnes

2193 2383 2388 2438 haberi
2421 2384 2640 2451 debeat,
2663 2389 2925 2440 constare
2958 2385 3122 2440 ﬁdem
3149 2385 3536 2457 chronologiae
3566 2398 3632 2440 ac
3661 2384 3846 2440 histo-

2191 2472 2291 2526 riae
2313 2473 2642 2541 pontiﬁcum
2665 2475 3046 2530 Romanorum
3069 2475 3162 2529 his
3179 2475 3350 2530 etiam
3364 2488 3431 2528 ex
3456 2473 3845 2542 documentis,

2191 2564 2318 2629 post
2343 2561 2630 2632 catalogos
2660 2562 2874 2617 Liberii
2907 2570 2962 2617 et
2994 2563 3202 2618 Felicis
3231 2563 3423 2632 quarti
3457 2566 3621 2618 aetate
3649 2561 3845 2617 colle-

2189 2653 2329 2718 ctos,
2350 2663 2417 2704 ex
2446 2652 2834 2706 monumentis
2860 2663 2972 2707 non
2994 2652 3390 2708 dissimilibus
3407 2651 3843 2722 diptychorum,

2189 2738 2657 2807 inscriptionum,
2697 2744 2755 2793 et
2772 2739 3041 2795 Actorum
3062 2740 3291 2810 publice
3318 2742 3695 2812 signatorum,
3725 2745 3846 2795 tam

2186 2826 2306 2881 vita
2336 2839 2532 2882 eorum
2583 2832 2880 2884 constante
2913 2829 2972 2883 in
3019 2830 3310 2898 conciliis,
3333 2829 3842 2900 ordinationibus,

2184 2915 2648 2972 dedicationibus
2691 2917 2983 2988 gestisque
3039 2918 3308 2988 pluribus
3362 2918 3422 2972 in
3473 2917 3844 3002 pontiﬁcatu‘

2104 2993 2152 3054 C
2189 3018 2358 3073 quam
2392 3005 2648 3074 ipsorum
2684 3006 2740 3059 in
2781 3005 2980 3062 funere
3009 3020 3074 3062 ac
3111 3007 3512 3062 tumulatione.

2259 3090 2314 3146 8.
2345 3094 2520 3147 Erant
2562 3094 2744 3162 igitur
2777 3095 2835 3148 in
2881 3094 3212 3163 praelatione
3250 3095 3596 3166 attingenda:
3627 3094 3851 3164 hujus-

2192 3180 2345 3236 modi
2379 3183 2826 3238 consuetudines
2871 3184 3021 3253 apud
3065 3197 3170 3239 nos
3199 3171 3474 3254 vigentes,
3509 3198 3635 3254 qua:
3660 3196 3849 3254 gene-

2194 3269 2364 3324 ratim
2417 3270 2658 3338 probant
2704 3271 2961 3342 origines
3019 3287 3085 3327 ac
3130 3271 3314 3328 fontes
3362 3273 3652 3328 consecuti
3698 3285 3845 3340 ope—

2197 3358 2280 3412 ris
2315 3357 2681 3414 Anastasiani
2716 3366 2840 3429 post
2885 3361 3174 3430 duplicem
3214 3361 3539 3432 cataIOgum
3579 3361 3686 3416 sub
3736 3361 3852 3416 Li—

2196 3445 2354 3501 berio
2377 3452 2432 3502 et
2479 3447 2664 3502 Felice
2693 3450 2760 3503 IV
2788 3449 3031 3520 editum,
3075 3463 3204 3505 cum
3239 3451 3496 3504 indicent
3517 3450 3675 3520 pium
3711 3448 3854 3504 otii-

2193 3535 2348 3604 cium
2398 3549 2510 3591 non
2553 3537 2944 3594 intermissum
2977 3539 3247 3608 Signandi
3279 3553 3502 3607 nomen,
3537 3552 3735 3610 genus,
3777 3552 3853 3593 ac

2194 3629 2447 3693 tempora
2469 3625 2828 3697 singulorum
2861 3627 3008 3682 beati
3039 3628 3188 3682 Petri
3221 3628 3501 3684 cathedrae
3539 3641 3855 3684 successo-

2195 3728 2340 3769 rum.
2370 3715 2718 3785 Generatim,
2743 3715 2998 3785 inquam,
3031 3715 3290 3784 praafatio
3317 3720 3512 3773 nostra
3538 3716 3742 3772 debuit
3763 3721 3853 3773 at.

2194 3802 2414 3873 tingere
2440 3804 2539 3858 has
2571 3804 2955 3873 probationes,
2980 3817 3107 3859 nam
3142 3809 3342 3861 caetera
3371 3806 3688 3875 peculiaria
3715 3824 3852 3879 quae

2192 3890 2536 3961 singillatim
2581 3892 2976 3947 demonstrant
3039 3893 3498 3964 uniuscujusque
3544 3891 3851 3965 pontiﬁcis

2190 3979 2548 4034 characteres
2594 3979 3050 4052 chronologicos,
3108 3987 3164 4036 et
3208 3983 3492 4052 potiorum
3548 3991 3849 4055 gestorum

2192 4068 2594 4138 indicationes,
2622 4069 2718 4124 illa
2750 4075 3112 4126 reservantur
3140 4071 3297 4128 notis
3319 4072 3388 4128 ad
3412 4074 3695 4130 sectiones
3724 4077 3854 4131 sin-

2189 4156 2354 4226 gulas
2381 4157 2451 4211 de
2473 4169 2628 4212 more
2655 4156 2978 4214 afferendis.

2258 4243 2310 4299 9.
2360 4243 2661 4302 Perfuncta
2700 4261 2830 4303 cum
2867 4248 2947 4304 sit
2990 4249 3249 4319 praefatio
3295 4256 3488 4308 nostra
3515 4253 3621 4309 hoc
3651 4255 3846 4322 priori

2102 4318 2156 4378 D
2190 4347 2442 4403 munere,
2491 4337 2641 4406 quod
2688 4339 2904 4392 versari
2937 4318 3194 4395 diximus
3226 4341 3379 4395 circa
3425 4341 3848 4400 iudicationem

2185 4423 2476 4494 originum
2505 4426 2697 4494 operis
2727 4428 3016 4482 consecuti
3051 4441 3081 4482 a
3107 4430 3352 4484 termino
3375 4431 3562 4486 aetatis
3591 4436 3850 4502 utroque

2183 4512 2440 4583 catalogo
2488 4527 2557 4568 ex
2601 4515 2829 4571 duobus
2875 4516 3314 4586 antiquioribus
3367 4519 3639 4588 deﬁnitae,
3690 4533 3850 4577 con-

2184 4601 2370 4656 tendit
2419 4603 2488 4658 ad
2542 4604 2700 4660 aliud
2753 4603 3002 4660 ofﬁcium
3070 4607 3476 4676 praestandum,
3523 4620 3724 4677 nempe
3774 4615 3850 4666 ut

2185 4697 2462 4760 preponat
2486 4693 2783 4761 opuscula,
2819 4708 2944 4762 quae
2974 4696 3173 4750 censui
3221 4709 3345 4751 esse
3377 4697 3435 4750 in
3467 4697 3854 4768 Prolegome—

2183 4779 2275 4834 nis
2322 4780 2677 4849 proferenda.
2723 4782 2853 4836 Tria
2893 4795 3025 4839 vero
3057 4783 3192 4839 huic
3222 4790 3371 4840 tomo
3402 4782 3660 4841 suﬁcere
3679 4788 3853 4856 judi-

2184 4881 2328 4922 CﬂVI.

2169 4958 2178 4961 ’
2251 4961 2311 5013 In
2344 4958 2511 5030 longa
2537 4960 2685 5015 serie
2714 4961 3047 5026 pontiﬁcum
3098 4962 3463 5032 implentium
3511 4964 3622 5019 tria
3654 4964 3854 5023 ferme

2181 5046 2386 5101 saecula
2407 5061 2438 5101 a
2465 5047 2628 5102 beato
2653 5048 2926 5104 Silvestre
2950 5051 3019 5104 ad
3045 5051 3385 5121 Gregorium
3412 5055 3700 5123 Magnum,
3727 5057 3848 5124 qui

2182 5133 2285 5189 hoc
2312 5140 2463 5190 tomo
2487 5136 2832 5192 exhibentur
2847 5139 2954 5192 sub
2978 5139 3328 5194 Christianis
3355 5140 3742 5210 principibus,
3770 5149 3856 5199 ut

2179 5224 2514 5293 plurimum,
2543 5225 2600 5278 in
2630 5239 2765 5294 pace
2787 5227 2995 5281 ﬂorens
3014 5228 3272 5284 Ecclesia
3305 5229 3606 5285 videbatur
3627 5229 3855 5288 offerre

2174 5313 2265 5367 sui
2302 5311 2603 5382 regiminis
2636 5313 3023 5369 ministerium
3069 5313 3306 5372 facilius
3329 5318 3573 5373 summis
3601 5319 3857 5387 pontiﬁ-

2171 5400 2339 5455 cibus
2358 5414 2479 5455 eam
2521 5401 2951 5458 moderantibus
2997 5409 3274 5472 potestate
3301 5407 3515 5462 Christi
3547 5409 3606 5461 in
3654 5409 3855 5466 terris

2171 5489 2425 5558 vicaria;
2453 5502 2584 5544 cum
2607 5488 2696 5545 vis
2725 5495 2922 5560 aperta
2955 5499 3383 5561 persecutorum
3403 5496 3520 5564 jam
3556 5507 3670 5551 non
3704 5496 3850 5552 im-
