4034 6196
231 288 329 348 H7

1466 253 1470 256 ’
1515 292 1870 350 PREFATIO
1920 293 2013 349 AD
2051 291 2213 348 TOM.
2258 294 2348 349 IlI.

3530 288 3636 348 “8

224 415 441 482 peteret
487 411 869 467 sacerdotalis
909 413 1139 468 ordinis
1183 413 1358 481 viros,
1401 413 1874 485 quemadmodum
1899 410 1958 470 Α
1973 405 2357 473 decretalibus
2385 416 2712 472 eorumdem
2740 415 3028 486 epistolis,
3061 429 3173 472 non
3204 416 3542 489 indigentel
3587 445 3624 461 -

219 500 535 571 impetebat
565 500 678 555 sub
707 501 880 556 Decio
910 506 966 556 et
991 502 1365 558 Diocletiano.
1407 505 1611 559 Verum
1643 503 1743 558 ubi
1773 504 1880 558 de—

222 603 480 645 cumanaa
527 589 698 644 illius
738 592 1157 659 persecutionis
1196 592 1440 659 procella
1481 591 1788 660 deferbuit,
1825 595 1882 646 et

225 679 374 734 Petri
410 679 601 733 navim
635 693 766 734 cum
800 679 1082 735 navarcho
1119 680 1421 736 absorbere
1447 682 1563 751 jam
1596 695 1708 736 non
1738 694 1883 737 con-

227 767 432 838 tendit,
483 767 805 824 intestinus
854 767 1128 824 haaresum
1180 774 1368 826 motus
1405 777 1460 826 et
1507 771 1880 826 schismatum

225 857 566 928 navigantes
595 858 913 924 concussit,
946 863 1001 913 et
1029 872 1059 913 e
1089 860 1245 915 clavo
1284 860 1588 916 deturbare
1620 861 1884 916 modera-

223 952 404 1002 torem
437 947 636 1017 ipsum
663 949 943 1004 connisus
970 953 1075 1004 est.
1101 949 1406 1006 Tumultus
1432 951 1599 1007 illius
1621 955 1882 1007 auctores

217 1038 375 1105 justa
410 1036 778 1106 expulsione,
815 1042 879 1093 ut
910 1051 1010 1107 par
1038 1043 1177 1108 erat,
1210 1053 1241 1094 e
1269 1045 1419 1096 cmtu
1446 1040 1699 1096 fidelium
1743 1054 1883 1112 pro—

215 1126 376 1194 jecti,
427 1125 855 1195 degenerarunt
906 1139 973 1182 ex
1019 1127 1196 1183 sociis
1246 1129 1478 1184 itineris
1528 1130 1586 1184 in
1643 1130 1874 1198 piratas.

221 1213 634 1268 Haeresiarchae
681 1219 844 1270 extra
891 1215 1195 1273 Ecclesiam
1241 1218 1403 1287 ejecti
1456 1219 1698 1275 hostiles
1744 1219 1881 1274 ani—

222 1316 345 1356 mos
390 1302 789 1375 manifestam,
833 1305 1212 1362 intruduntur
1254 1321 1400 1378 saepe
1429 1321 1460 1363 a
1492 1308 1886 1377 principibus,’

218 1404 411 1446 secum
444 1392 508 1446 in
534 1405 788 1448 errorem
822 1395 1142 1462 pertractis,
1175 1397 1244 1451 ad
1269 1399 1629 1467 occupandos
1654 1398 1878 1454 eosdem

221 1481 486 1549 thronos,
520 1496 552 1536 a
586 1482 804 1551 quibus
835 1482 1061 1539 fuerant
1087 1486 1358 1555 depositi.
1393 1487 1525 1542 Inde
1554 1492 1740 1544 autem
1772 1488 1881 1543 de—

221 1577 423 1625 tonant
468 1576 674 1626 contra
719 1572 1024 1628 Romanam
1070 1574 1235 1631 fidem
1279 1590 1344 1630 ac
1377 1579 1563 1632 sedem
1594 1596 1606 1632 :
1634 1578 1782 1647 quod
1819 1578 1877 1632 in

217 1659 888 1730 ConstantinOpolitanis
917 1675 1026 1717 non
1059 1665 1228 1720 semel
1262 1667 1543 1737 contigit:
1607 1666 1736 1721 freti
1771 1680 1880 1736 po—

1990 505 2279 560 cidatione
2331 509 2431 562 aut
2494 502 2829 574 probatione
2883 503 3002 560 ulla
3047 504 3107 559 in
3169 502 3613 574 prolegomenisz‘

1991 607 2117 649 cum
2148 609 2261 664 prae
2283 595 2548 651 manibus
2570 595 2826 650 omnium
2853 594 2973 649 sint
2996 593 3342 648 Collectiones
3364 609 3630 652 canonum

1990 688 2211 745 veteres,
2265 685 2578 753 prmsertim
2622 683 2836 738 Latinae
2876 701 2889 736 :
2943 695 3185 753 quarum
3229 681 3637 738 collectionum

1991 772 2226 826 exordia
2266 772 2527 842 plerique
2567 772 2876 840 scriptores
2915 771 3103 827 aetatis
3136 774 3344 826 nostrae
3384 767 3641 826 referunt

1991 859 2058 914 ad
2085 860 2348 930 quintum
2377 859 2650 917 smculum
2673 860 2914 931 Christi,
2937 865 2994 915 et
3017 863 3321 930 augmenta
3342 858 3640 928 reperiunt

1993 949 2053 1003 in
2094 957 2252 1005 sexto
2292 965 2390 1020 per
2425 953 2746 1018 Dionysium
2788 955 3162 1022 cognomento
3200 951 3498 1016 Exiguum,
3537 951 3641 1004 aut

1993 1037 2051 1092 in
2094 1037 2374 1108 proximis
2411 1039 2678 1095 :etatibus
2705 1043 2903 1094 curata
2943 1053 3041 1109 per
3071 1038 3411 1093 Cresconium
3439 1041 3497 1093 et
3522 1039 3640 1092 Isi-

1991 1127 2200 1182 dorum.
2255 1128 2358 1183 Sed
2408 1133 2465 1183 et
2511 1129 2853 1184 recentiores
2905 1129 3289 1184 illustratores
3331 1127 3486 1196 juris
3535 1139 3646 1182 ca-n

1991 1217 2183 1272 nonici
2215 1218 2439 1275 abunde
2478 1219 2850 1274 cumularunt
2887 1222 3137 1275 veterum
3177 1217 3540 1289 diligentiam
3574 1216 3635 1270 in

1989 1307 2368 1376 amplissimis
2393 1308 2684 1378 operibus,
2707 1309 2825 1363 acri
2850 1307 3075 1376 judicio
3097 1307 3352 1363 subactis
3376 1309 3432 1361 et
3450 1306 3636 1360 casti-

1990 1396 2176 1466 gatis:
2209 1397 2358 1468 quod
2393 1399 2626 1467 perinde
2650 1398 2837 1453 evenit
2868 1399 2927 1452 in
2955 1396 3298 1467 colligendis
3324 1393 3638 1452 decretali-

1990 1483 2097 1540 bus
2126 1487 2410 1556 epistolis,
2456 1501 2521 1542 ac
2553 1488 2702 1542 inter
2745 1500 2840 1542 eas
2870 1483 3236 1542 secernendis
3279 1483 3550 1556 genuinis
3578 1486 3637 1538 et

1989 1575 2138 1630 veris
2164 1575 2235 1630 ab
2265 1577 2609 1647 apocryphis
2632 1583 2688 1631 et
2711 1576 3142 1646 supposititiis;
3169 1577 3248 1631 ita
3274 1579 3339 1630 ut
3363 1589 3496 1645 pars
3519 1573 3638 1628 haec

1989 1670 2277 1735 gestorum
2307 1666 2724 1736 pontiﬁcalium
2759 1666 2982 1722 nullius
3011 1665 3277 1736 cpusculi
3312 1663 3508 1733 indiga
3539 1663 3638 1719 vi-

218 1750 400 1803 tentia
427 1749 634 1804 saeculi
665 1750 961 1806 catholicae
987 1752 1291 1823 religionis
1319 1755 1520 1826 dogma
1551 1755 1879 1810 subvertere
1910 1740 1962 1800 Β
1987 1756 2208 1810 deatur.

219 1842 273 1893 et
300 1838 629 1908 apostolica
653 1840 788 1908 jura
817 1842 1132 1898 convellere
1161 1857 1225 1898 ac
1256 1844 1533 1900 subruere
1562 1845 1881 1900 connitun—

220 1932 334 1982 tur.
385 1927 686 1984 Infractus
731 1931 965 1985 interim
1008 1932 1240 1988 animus
1282 1934 1430 1989 Petri
1481 1948 1877 1990 successorum

217 2017 615 2073 concreditam
663 2019 778 2074 sibi
828 2022 1224 2077 auctoritatem
1277 2028 1490 2094 tuetur,
1535 2031 1590 2079 et
1630 2023 1698 2077 ad
1747 2024 1875 2080 fidei

220 2107 610 2162 constantiam
652 2109 1027 2178 retinendam,
1069 2114 1125 2165 et
1164 2113 1408 2168 unitatis
1446 2127 1510 2169 ac
1551 2115 1879 2184 disciplinae

217 2196 480 2251 ordinem
513 2197 856 2253 servandum
883 2198 1030 2254 alios
1059 2200 1357 2270 episcoms
1379 2202 1584 2257 firmat.
1615 2206 1674 2258 In
1698 2205 1878 2260 variis

217 2288 449 2340 aetatum
485 2285 724 2342 vicibus
766 2288 1007 2358 aaqualis
1035 2301 1100 2344 ac
1140 2290 1255 2344 sibi
1288 2294 1558 2346 constans
1589 2293 1880 2349 Romano—

217 2389 341 2430 rum
374 2375 697 2444 praesulum
726 2376 890 2447 vigor
919 2378 1256 2446 promissam
1285 2379 1398 2434 sibi
1437 2380 1724 2436 divinitus
1763 2383 1876 2437 vim

217 2463 577 2534 manifestat,
610 2469 667 2519 et
698 2469 870 2535 petrae
901 2465 1064 2522 illius
1095 2469 1444 2538 ﬁrmitatem,
1477 2475 1675 2534 contra
1707 2485 1876 2541 quam

215 2559 391 2622 portae
415 2551 597 2608 inferi
628 2567 740 2608 non
766 2555 1167 2623 praevalebunt.
1199 2558 1537 2626 l-lujusmodi
1561 2563 1750 2615 autem
1778 2573 1877 2616 so-

212 2641 472 2697 liditatis
503 2643 752 2712 aequalis
783 2644 842 2698 in
865 2648 1020 2700 tanta
1045 2647 1319 2702 varietate
1346 2647 1752 2704 discriminum
1782 2664 1880 2719 per

215 2732 322 2786 tria
349 2730 453 2786 illa
486 2731 702 2786 saecula
725 2746 757 2788 a
785 2739 989 2802 quarto
1013 2733 1080 2789 ad
1109 2739 1331 2790 sextum
1362 2751 1488 2792 azrze
1511 2737 1875 2810 Christianze,

216 2834 338 2891 quae
393 2822 724 2877 Romanum
773 2823 1076 2892 imperium
1124 2825 1330 2881 misere
1370 2827 1762 2884 dilacerarunt
1813 2843 1878 2886 ac

214 2914 571 2980 everterunt,
603 2911 934 2980 percelleret
955 2914 1149 2969 minus
1178 2915 1469 2970 evidenter
1490 2917 1723 2973 lectoris
1742 2919 1881 2974 ani-

218 3012 393 3066 mum,
429 2998 484 3052 si
516 2997 904 3068 membratim,
927 3005 991 3055 ut
1014 3001 1092 3056 ita
1115 3002 1324 3072 dicam,
1356 3004 1604 3060 dissecta
1634 3006 1694 3060 in
1719 3010 1878 3062 textu

2063 1843 2145 1899 Μ.
2179 1845 2336 1913 Quod
2370 1850 2558 1900 autem
2599 1845 2846 1914 pertinet
2873 1845 2940 1900 ad
2976 1847 3188 1914 partem
3219 1844 3453 1900 alteram
3487 1855 3638 1912 pon-
3711 1916 3724 1927 .

1989 1933 2157 1988 tificii
2185 1934 2456 2003 muneris,
2487 1938 2541 1988 et
2567 1935 2634 1988 ad
2666 1933 2883 2002 praxim
2909 1933 3096 1988 divini
3122 1933 3316 1988 cultus
3342 1933 3453 1987 rite
3484 1945 3636 2002 prae-

1990 2023 2249 2078 standam
2283 2037 2380 2092 per
2410 2022 2777 2077 fundationes
2807 2035 3098 2077 sacrorum
3130 2021 3388 2076 locorum
3418 2034 3483 2076 ac
3513 2035 3637 2076 cce-

1990 2119 2175 2180 tuum,
2198 2125 2508 2181 eorumque
2537 2111 2861 2165 dotationes
2885 2123 2950 2164 ac
2969 2110 3381 2178 dedicationes,
3416 2123 3634 2165 necnon

1990 2215 2087 2270 per
2144 2201 2542 2256 institutiones
2593 2204 2649 2254 et
2695 2199 3089 2254 ordinationes
3145 2198 3526 2268 sacerdotum,
3583 2204 3640 2254 et

1989 2291 2192 2346 seriem
2226 2289 2538 2345 ministerii
2570 2290 2835 2344 decenter
2857 2288 2928 2342 ab
2957 2288 3031 2343 iis
3061 2287 3333 2357 obeundi,
3362 2287 3482 2343 haec
3507 2302 3639 2343 om-

1986 2382 2087 2437 nia
2103 2380 2331 2436 utiliter
2345 2379 2660 2433 admittunt
2676 2378 2955 2432 delectum
2980 2377 3390 2446 opusculorum
3413 2377 3640 2448 aliquot

1991 2470 2084 2525 his
2127 2467 2546 2539 prolegomenis
2590 2467 3026 2522 inserendorum
3065 2466 3134 2521 ad
3187 2466 3636 2522 illustrationem

1986 2564 2087 2614 aut
2107 2556 2625 2626 comprobationem
2649 2555 2907 2611 historiae
2932 2555 2990 2610 in
3009 2556 3158 2610 Vitis
3177 2555 3430 2626 digestze.
3455 2554 3640 2612 Annis

1987 2649 2139 2702 enim
2185 2645 2359 2702 ferme
2405 2646 2678 2701 tercentis
2706 2646 2778 2700 ab
2815 2648 2980 2700 aetate
3019 2645 3380 2701 Constantini
3422 2649 3479 2700 et
3505 2645 3640 2716 Syl-

1987 2736 2160 2792 vestri
2187 2737 2255 2791 ad
2280 2739 2544 2806 Magnum
2571 2735 2910 2806 Gregorium
2932 2738 2987 2788 et
3008 2734 3076 2789 ad
3104 2734 3411 2803 imperium
3437 2734 3637 2790 Phocaa

1989 2827 2246 2896 proxime
2269 2825 2604 2893 numeratis,
2628 2838 2754 2895 qua:
2779 2823 3042 2879 materies
3061 2826 3146 2878 est
3170 2823 3343 2892 hujus
3364 2824 3526 2893 tomi,
3552 2836 3640 2879 oc-

1989 2921 2230 2970 currunt
2263 2913 2560 2982 praecipuae
2586 2912 2972 2979 fundationes,
3000 2925 3065 2966 ac
3084 2912 3408 2967 dotationes
3436 2911 3640 2967 Eccle-

1987 3004 2229 3070 siarum,
2249 3016 2423 3058 sacrae
2440 3001 2820 3072 supellectilis
2836 3014 3040 3072 genera
3055 3000 3278 3056 aedibus
3293 3003 3406 3056 Deo
3425 3001 3639 3057 dicatis

215 3102 274 3144 ac
306 3089 366 3144 in
397 3089 564 3144 notis
595 3088 955 3146 solummodo
982 3104 1080 3160 per
1109 3097 1296 3161 partes
1324 3094 1708 3151 exhiberetur.
1743 3097 1880 3152 Col-
1907 3082 1955 3143 C
1990 3092 2172 3160 illata,
2196 3097 2367 3162 atque
2395 3093 2776 3146 instrumenta
2804 3090 3026 3161 reliqua
3047 3090 3233 3145 divini
3257 3090 3470 3159 cultus,
3494 3089 3645 3144 anti-

217 3177 444 3249 ligenda
495 3184 624 3233 erat
662 3179 1000 3236 continuata
1048 3183 1290 3252 quadam
1347 3183 1733 3241 delineatione
1775 3201 1880 3242 ve-

217 3266 319 3322 luti
348 3269 408 3322 in
437 3281 627 3323 unum
649 3282 860 3338 corpus
888 3269 1144 3326 historiae
1169 3289 1181 3324 :
1208 3271 1358 3341 quod
1382 3287 1509 3328 cum
1542 3275 1878 3342 praestiterit

222 3357 298 3410 ill.
351 3371 420 3411 ac
475 3371 597 3411 rev.
649 3359 715 3412 D.
765 3358 1237 3429 archiepiscopus
1291 3361 1670 3418 Cmsareensis
1713 3365 1872 3420 Joan.

218 3445 498 3502 Claudius
543 3447 829 3502 Sommier
861 3447 919 3501 in
953 3447 1284 3517 praefatione
1313 3451 1381 3505 ad
1417 3455 1631 3507 tomum
1663 3467 1876 3508 secun—

221 3536 346 3590 dum
367 3550 498 3591 suae
523 3535 796 3591 Historia:
819 3537 1153 3608 dogmaticae
1173 3540 1228 3594 S.
1251 3540 1433 3609 Sedis,
1458 3543 1787 3597 curavimus
1815 3543 1873 3597 in

224 3625 650 3696 prolegomenis
668 3625 908 3694 hujusce
930 3627 1067 3682 tomi
1090 3628 1336 3697 primum
1359 3643 1426 3685 ex
1448 3631 1748 3699 opusculis
1780 3631 1872 3686 edi

224 3727 369 3769 num.
396 3713 452 3769 4.
490 3714 643 3769 Illud
665 3728 733 3769 ex
752 3713 976 3771 Gallico
999 3716 1270 3772 idiomate
1300 3719 1360 3772 in
1389 3720 1650 3775 Latinum
1680 3724 1877 3775 trans—

224 3803 354 3857 tulit
390 3805 462 3858 ν.
509 3802 572 3857 C.
615 3803 680 3857 D.
719 3804 1024 3872 Cajetanus
1057 3805 1257 3876 Cenni,
1298 3807 1369 3862 ab
1410 3808 1741 3877 hujusmodi
1784 3809 1877 3862 la—

225 3891 352 3948 bore
381 3905 475 3948 me
509 3891 789 3963 relevans,
822 3896 1130 3965 caeteroqui
1163 3901 1502 3966 occupatum
1535 3897 1592 3952 in
1626 3897 1780 3953 notis
1808 3911 1876 3952 ex

223 3983 475 4050 ejusdem
499 3981 771 4051 prmsulis
797 3981 948 4038 libro
970 3983 1171 4040 Latine
1193 3987 1517 4056 reddendis,
1543 3991 1598 4041 et
1620 3987 1678 4041 in
1702 3987 1880 4042 chro—

223 4071 452 4141 nologia
479 4072 897 4143 continuanda,
923 4087 1048 4143 quae
1075 4079 1422 4144 postremum
1446 4076 1632 4132 locum
1659 4077 1716 4130 in
1742 4091 1881 4146 pro-

223 4159 543 4230 legomenis
574 4164 743 4216 tenet.

294 4249 384 4305 40.
427 4250 688 4308 Primum
736 4252 918 4324 igitur
955 4253 1298 4322 opusculum
1343 4254 1488 4310 illud
1534 4256 1780 4325 pertinet
1808 4257 1876 4311 ad

222 4340 669 4395 dilucidandum
703 4348 1066 4411 conspectum
1094 4344 1378 4399 llistoriaa.
1406 4344 1612 4400 Caetera
1650 4345 1706 4399 in
1739 4359 1878 4414 pro-

1989 3182 2123 3252 quis
2152 3181 2486 3237 nominibus
2511 3181 2604 3236 hic
2628 3181 2881 3235 indicata
2911 3193 3009 3249 per
3033 3179 3508 3235 bibliothecarios
3534 3193 3636 3248 pro

1989 3276 2238 3341 tempore
2283 3289 2294 3323 :
2349 3285 2475 3341 quae
2527 3269 2802 3326 vocabula
2862 3282 3044 3339 neque
3099 3276 3230 3324 ante
3286 3268 3638 3324 admiserant

1985 3363 2199 3418 Latinae
2230 3361 2442 3432 linguae
2472 3360 2802 3430 scriptores,
2839 3371 2940 3414 nec
2972 3359 3183 3427 posteri
3214 3357 3283 3412 ad
3318 3357 3463 3412 hanc
3492 3359 3636 3410 aeta-

1984 3456 2095 3507 tem
2124 3451 2507 3507 retinuerunt.
2537 3452 2672 3504 Erat
2699 3449 2879 3520 igitur
2906 3447 3251 3502 illustranda
3277 3445 3395 3499 haec
3421 3443 3637 3500 obscu—

1987 3541 2130 3596 ritas
2165 3553 2269 3609 0pe
2315 3537 2755 3594 nomenclatoris
2785 3535 3024 3602 eruditi,
3060 3533 3158 3602 qui
3201 3531 3379 3586 facem
3419 3545 3636 3602 oppor-

1987 3633 2124 3683 tune
2168 3626 2475 3696 praeferret.
2522 3623 2858 3679 Praetulerat
2888 3634 3019 3676 vero
3060 3621 3334 3690 providus
3375 3620 3635 3676 historiaa

1988 3721 2279 3786 reparator
2297 3713 2630 3780 Panvinius,
2653 3711 2790 3767 dum
2806 3708 3149 3780 opusculum
3167 3709 3433 3765 conderet
3454 3713 3634 3765 trans-

1988 3807 2226 3871 missum
2258 3802 2564 3859 Laurentio
2588 3801 2769 3871 Celso,
2802 3799 3136 3870 editumque
3161 3798 3314 3869 typis
3337 3813 3465 3854 cum
3499 3799 3637 3854 Pla-

1988 3895 2110 3950 tina
2147 3894 2218 3949 de
2255 3893 2405 3948 Vitis
2446 3891 2779 3962 pontificum
2818 3888 3069 3946 Coloniae
3109 3889 3260 3958 apud
3301 3888 3634 3945 Scholinum

1989 3997 2138 4039 anno
2193 3980 2350 4053 4574,
2403 3982 2498 4037 cui
2546 3980 2756 4036 titulus
2809 3979 3075 4048 praefixus
3123 3982 3210 4033 est
3253 3979 3638 4047 Interpretatio

1989 4091 2177 4129 uocum
2233 4073 2718 4126 ecclesiasticarum
2784 4083 2904 4137 qua;
2960 4068 3195 4122 obscurae
3248 4066 3332 4120 vel
3390 4067 3640 4120 barbarae

1989 4165 2262 4218 videntur.
2293 4162 2561 4217 Animum
2591 4160 2946 4225 induxeram,
2984 4160 3048 4212 ut
3077 4156 3184 4213 hoc
3212 4157 3398 4226 ipsum
3426 4158 3639 4210 Ραηυί-

1990 4256 2072 4308 nii
2123 4251 2466 4324 opusculum
2497 4251 2593 4305 hic
2625 4249 2950 4306 recuderem
2972 4253 3243 4317 tanquam
3266 4245 3476 4302 fontem
3508 4248 3640 4318 pri—

1991 4357 2144 4399 mum
2176 4342 2658 4401 Hierolearicorum,
2691 4344 2746 4394 et
2775 4341 3161 4406 opportunum
3203 4336 3346 4391 satis
3373 4337 3441 4391 ad
3473 4349 3640 4392 voces

223 4430 546 4501 legomenis
587 4431 823 4487 collecta
868 4430 1196 4488 referuntur
1241 4433 1308 4488 ad
1355 4435 1873 4504 comprobationem
1905 4419 1959 4479 D
1990 4429 2282 4486 Anastasii
2312 4428 2705 4497 elucidandas,
2749 4426 3012 4496 illudque
3053 4437 3163 4480 non
3197 4424 3375 4480 nimis
3403 4423 3636 4482 obvium

223 4529 516 4590 gestorum
551 4535 679 4590 quae
713 4521 771 4575 in
803 4521 994 4576 eadem
1039 4523 1291 4577 llistoria
1323 4536 1422 4577 seu
1462 4525 1608 4578 Vitis
1639 4524 1878 4594 pontiﬁ-

221 4624 352 4664 cum
385 4615 796 4666 memorantur.
820 4610 988 4666 Gesta
1009 4626 1140 4668 vero
1165 4612 1448 4682 prmcipua
1471 4619 1772 4669 versantur
1792 4613 1876 4669 vel

223 4699 284 4753 in
309 4700 644 4754 statuendis
673 4700 892 4770 regulis
920 4701 1047 4756 fidei
1079 4715 1145 4756 ac
1177 4715 1420 4768 morum,
1448 4702 1531 4756 vel
1569 4703 1625 4757 in
1655 4703 1881 4772 legibus

222 4789 606 4845 decernendis
646 4790 716 4844 de
767 4789 885 4844 ritu
927 4791 1113 4845 divini
1165 4791 1360 4847 cultus
1407 4797 1671 4846 accurate
1714 4806 1882 4847 exer—

223 4879 427 4946 cendo,
449 4880 737 4948 etcausis,
759 4883 814 4934 et
830 4880 1076 4948 judiciis
1098 4881 1520 4949 pertinentibus
1536 4881 1602 4935 ad
1624 4883 1880 4936 eumdem

223 4967 446 5022 cultum
472 4987 483 5020 :
513 4981 630 5037 quo
655 4969 713 5022 in
741 4981 916 5024 censu
936 4969 1177 5025 veniunt
1201 4969 1526 5040 electiones,
1557 4971 1886 5026 ordinatio-

225 5070 351 5125 nes,
383 5063 437 5113 et
465 5058 930 5113 consecrationes
968 5059 1325 5116 sacerdotum
1359 5059 1639 5129 majorum
1671 5072 1736 5114 ac
1766 5061 1884 5114 mi—

225 5160 455 5212 norum,
513 5159 578 5202 ac
627 5141 1052 5216 ministrorum,
1103 5147 1489 5215 fundationes,
1539 5149 1880 5216 dotationes,

223 5236 622 5292 dedicationes
653 5249 946 5291 sacrarum
968 5238 1200 5307 aedium,
1235 5239 1528 5309 totiusque
1552 5237 1737 5293 divini
1769 5238 1886 5292 mi-

226 5325 458 5380 nisterii
492 5339 676 5381 canon
708 5331 766 5381 et
795 5326 935 5382 ordo
963 5327 1033 5383 ad
1066 5341 1129 5382 ea
1162 5328 1498 5399 peragenda.

295 5414 366 5467 Et
396 5413 499 5468 illa
529 5415 768 5484 quidem
811 5429 937 5485 qua:
984 5416 1272 5485 pertinent
1299 5416 1368 5470 ad
1404 5415 1629 5487 regulas
1661 5415 1790 5471 fidei
1822 5428 1886 5471 ac

227 5515 452 5557 morum
476 5504 562 5558 vel
598 5504 658 5558 in
692 5504 967 5559 conciliis
992 5506 1307 5561 constituta
1337 5520 1434 5575 per
1459 5519 1711 5561 summos
1742 5517 1890 5574 pon—

227 5590 416 5646 tiﬁces
442 5593 687 5650 indictis
715 5597 776 5648 et
805 5594 1156 5664 approbatis,
1187 5595 1272 5650 vel
1303 5601 1461 5650 extra
1488 5594 1798 5650 concilium
1828 5595 1886 5651 in

1989 4535 2103 4589 prae
2121 4521 2357 4575 raritate
2377 4518 2785 4588 exemplorum.
2815 4518 3019 4572 Verum
3038 4529 3166 4570 cum
3180 4515 3295 4584 jam
3315 4514 3639 4584 prodierint

1991 4612 2049 4666 in
2083 4611 2264 4667 lucem
2288 4612 2482 4672 lemica,
2513 4609 2693 4664 multo
2716 4607 3007 4677 ampliora,
3030 4609 3086 4660 et
3109 4605 3299 4661 omnis
3323 4605 3426 4660 aevi
3449 4605 3641 4660 erudi-

1990 4702 2146 4758 tione
2171 4700 2396 4769 referta,
2423 4701 2596 4754 Macri
2619 4697 2930 4769 prmsertim
2953 4701 3010 4752 et
3029 4696 3242 4763 Cangii,
3266 4709 3391 4765 qum
3415 4695 3642 4750 iteratis

1994 4790 2602 4860 impressionibusjam
2631 4802 2739 4844 non
2761 4785 3070 4842 difﬁculter
3096 4789 3388 4854 parantur,
3420 4787 3641 4851 tempe—

1996 4881 2112 4935 ravi
2128 4879 2432 4933 aPanvinii
2452 4877 2750 4946 opusculo,
2771 4875 3020 4945 aliisque
3036 4872 3331 4928 similibus
3349 4871 3502 4925 inter
3518 4883 3640 4939 pro«

1997 4971 2283 5038 legomena
2304 4965 2682 5019 recensendis.
2705 4967 2901 5019 Visum
2923 4962 3065 5016 mihi
3085 4962 3470 5028 estpraestare,
3489 4956 3640 5014 utaf-

1996 5059 2195 5114 ferrem
2217 5055 2440 5125 aliquot
2454 5053 2682 5124 publica
2699 5053 3038 5108 documenta
3057 5049 3224 5104 illius
3238 5048 3426 5103 aetatis
3441 5047 3511 5104 de
3528 5060 3642 5119 qua

1999 5150 2093 5204 hic
2124 5147 2370 5219 agimus,
2407 5145 2464 5200 in
2501 5142 2716 5214 quibus
2744 5140 3116 5196 ecclesiarum
3145 5137 3408 5194 fundatio
3437 5151 3502 5193 ac
3531 5139 3644 5193 do-

1999 5238 2141 5293 tatio
2168 5236 2486 5290 sociaretur
2509 5247 2635 5288 cum
2664 5229 3030 5301 expressione
3061 5241 3234 5284 sacrae
3266 5226 3646 5298 suppellecti—

1998 5327 2091 5396 lis,
2111 5324 2374 5381 obscuris
2394 5336 2459 5378 ac
2479 5320 2741 5376 barbaris
2762 5318 2999 5374 vocibus
3021 5315 3446 5373 bibliothecarii
3469 5315 3643 5370 etiam

1997 5416 2056 5470 in
2089 5419 2244 5469 textu
2277 5412 2606 5467 enuntiatae.

2074 5501 2158 5557 4‘2.
2199 5501 2551 5557 Prmferenda
2595 5513 2726 5556 vero
2767 5497 2881 5554 fuit
2921 5496 3144 5553 caeteris
3182 5494 3371 5548 charta
3411 5492 3512 5549 illa
3545 5494 3653 5549 Ti-

2003 5593 2227 5650 burtini
2261 5590 2481 5647 archivi
2514 5589 2853 5644 Cornutiana
2889 5585 3173 5656 appellata
3202 5595 3235 5639 a
3265 5581 3652 5656 scriptoribus
