4050 6184
415 286 519 346 449

1192 291 1285 349 AD
1347 292 1784 354 ANASTASIUM
1823 295 2337 357 PROLEGOMENA
2376 301 2551 358 EDIT.
2609 298 2984 358 ROLL—VATI
2994 300 3054 357 C.

3723 301 3823 362 420

413 412 841 483 diplomaticis:
870 428 997 487 qua:
1022 416 1273 486 primum
1301 417 1361 473 in
1389 416 1571 475 lucem
1600 420 1873 489 producta
1899 419 2063 477 fuita
2088 422 2141 483 A
2171 422 2432 478 Contenti
2473 425 2662 479 autem
2706 422 2926 478 erimus
2964 421 3068 479 illo
3111 423 3277 493 quasi
3317 424 3633 494 speclmine
3675 423 3824 482 illu-

412 502 479 558 V.
517 502 575 557 C.
618 502 862 573 Josepho
899 504 1186 576 Suaresio,
1235 509 1373 561 tunc
1415 507 1645 563 erudito
1686 508 2060 581 adolescente,

416 591 773 661 postmodum
791 592 1194 650 illustrissimo
1206 595 1474 665 episcopo
1488 596 1842 667 Vasionensi,
1857 598 2065 654 deinde

414 692 615 735 recusa
665 694 697 736 a
742 682 823 737 rei
871 682 1260 752 diplomaticm
1316 685 1573 741 omnium
1630 688 2064 744 consultissimo

413 769 771 840 Mabillonio,
797 777 855 826 et
873 772 1098 828 caeteris
1120 772 1339 828 chartis
1366 773 1426 829 in
1453 788 1620 844 opere
1647 774 1749 831 illo
1775 776 1940 846 plane
1967 778 2067 833 in-

415 858 791 928 comparabili
841 860 1099 917 collectis
1153 862 1285 931 jure
1338 863 1651 932 praemissa.
1707 866 1860 921 Satis
1910 868 2065 923 enim

414 944 592 1002 fuerit
620 961 688 1003 ex
724 947 1055 1019 hujusmodi
1082 951 1424 1007 documento
1457 951 1622 1009 illius
1648 955 1835 1010 artatis
1857 956 1928 1011 de
1952 970 2066 1026 qua

414 1033 511 1090 hic
542 1037 792 1107 agimus,
818 1041 874 1093 et
906 1038 965 1093 in
998 1038 1259 1108 publicas
1286 1040 1512 1097 tabulas
1542 1042 1720 1099 relato
1746 1044 1919 1098 Leone
1947 1045 2064 1100 Au-

413 1129 571 1191 gusto
616 1130 877 1194 quartum
904 1132 954 1182 et
994 1129 1267 1183 Probiano
1307 1130 1451 1185 Cass.
1484 1130 1704 1202 (nempe
1733 1147 1860 1188 tera!
1896 1134 2073 1189 Chri—

414 1211 624 1268 stiana:
648 1226 799 1311 anno
826 1212 967 1290 474),
1001 1218 1165 1287 satis,
1196 1218 1452 1289 inquam,
1481 1220 1594 1275 erit
1616 1220 1752 1276 inde
1779 1223 2081 1311 ostendere

416 1304 895 1361 consuetudinem
936 1307 1312 1363 donationum
1365 1322 1431 1363 ac
1471 1309 1832 1367 dotationum
1884 1304 2083 1382 sacri;

418 1393 640 1451 aedibus
668 1397 1074 1466 praestitarum,
1103 1402 1161 1452 et
1180 1397 1454 1453 vocabula
1479 1399 1773 1470 complura
1806 1414 2079 1473 generum

418 1497 485 1540 ac
506 1485 825 1555 specierum
851 1501 1027 1542 sacra:
1051 1486 1454 1558 supellectilis,
1480 1489 1539 1544 in
1561 1494 1720 1545 textu
1750 1490 2081 1548 Bibliothe-

421 1572 567 1628 carii
612 1578 669 1630 et
703 1574 763 1630 in
788 1574 984 1632 charta
1022 1576 1374 1633 Cornutiana
1414 1578 1651 1647 perinde
1690 1581 2071 1638 occurrentia.

2174 517 2357 568 strare
2383 510 2778 583 prolegomena
2808 511 2966 567 tertii
2996 511 3172 581 hujus
3197 513 3360 582 tomi,
3389 526 3518 569 cum
3545 513 3660 569 alia
3688 528 3825 583 pro—

2176 600 2286 655 lata
2314 601 2433 656 sint
2452 615 2521 656 ex
2549 600 3031 671 inscriptionibus
3060 601 3302 657 vetustis
3320 602 3380 657 in
3404 603 3736 672 praefatione
3756 605 3822 660 ad

2174 694 2390 745 tomum
2424 690 2674 759 primum
2706 702 2942 746 numero
2973 687 3042 745 45
3069 695 3125 745 et
3158 704 3316 761 seqq.

2248 776 2333 834 43.
2385 779 2553 834 Hisce
2606 777 2785 850 igitur
2835 778 3137 850 Opusculis
3182 779 3581 850 prolegomena
3630 785 3824 838 nostra

2175 880 2304 924 cum
2363 868 2832 940 instruxerimus,
2887 870 3081 925 eadem
3138 867 3556 938 complebimus
3609 871 3827 940 adjecta

2176 956 2548 1027 chronologia
2588 957 2904 1027 pontiﬁcia,
2945 956 3196 1013 Caesarea
3228 961 3284 1012 et
3317 957 3609 1013 consulari
3651 959 3830 1014 trium

2180 1044 2519 1101 saeculorum
2547 1045 2685 1100 huic
2706 1050 2857 1101 tomo
2877 1046 3403 1101 commendatorum
3430 1065 3443 1101 :
3471 1060 3641 1116 quam
3668 1048 3835 1104 ador-

2184 1133 2428 1189 nandam
2458 1134 2654 1190 curavi
2684 1135 2753 1189 ad
2785 1135 2967 1190 instar
2998 1134 3369 1204 praecedentis
3396 1139 3551 1191 tomo
3580 1137 3834 1193 secundo

2185 1222 2482 1293 disposita:
2503 1238 2600 1293 per
2622 1236 2802 1279 annos
2821 1223 3084 1295 singulos
3104 1237 3232 1280 cum
3254 1223 3615 1280 documentis
3639 1227 3837 1281 moni-

2192 1318 2512 1368 mentorum
2561 1317 2811 1368 veterum
2862 1313 3113 1368 eamdem
3166 1312 3661 1382 comprobantium
3707 1333 3721 1369 :
3773 1320 3837 1372 ut

2190 1401 2398 1457 deinde
2447 1401 2516 1457 ad
2563 1402 2845 1457 sectiones
2887 1405 3076 1456 textus
3123 1400 3621 1472 bibliothecarius,
3665 1405 3721 1457 et
3764 1403 3834 1459 ad

2190 1504 2385 1547 earum
2413 1494 2576 1546 notas
2608 1490 2902 1561 ingressus
2922 1490 2994 1546 de
3019 1503 3174 1547 more
3201 1493 3407 1562 pateat,
3434 1497 3490 1546 et
3517 1491 3673 1562 regia
3701 1503 3837 1547 mu-

2191 1580 2389 1637 niatur
2415 1580 2529 1637 via.

1068 1823 1658 1974 CATALOGUS
1749 1826 2364 1977 PONTIFICUll
2471 1826 3198 1977 ROMANORUI‘“)

1224 2041 1428 2116 Quem
1460 2042 1839 2121 Cuspianus
1867 2044 2080 2106 totum
2111 2043 2183 2106 in
2214 2045 2446 2107 Festos
2474 2062 2629 2107 suos
2656 2042 3028 2107 transtulit.

434 2180 551 2244 Ea:
581 2181 865 2262 ,Ε’θίιίἱί
890 2181 1219 2245 Eucherii
1267 2182 1755 2249 Commentario
1807 2187 1886 2249 in.
1947 2186 2285 2250 Cononem
2327 2184 2727 2249 Paschalem
2766 2185 3071 2262 Victorii,

583 2259 1063 2326 Pldntinianw
1085 2262 1479 2345 Antverpice
1502 2266 2005 2345 MDC'XXXIV,
2039 2284 2189 2330 cum
2215 2268 2396 2331 notis
2424 2264 2930 2346 marginalibus
2957 2266 3025 2345 ej
3032 2259 3111 2329 iis

3171 2200 3283 2265 ag.
3302 2187 3463 2279 “269,
3480 2186 3844 2279 Ediiionis

3194 2283 3259 2328 m
3284 2265 3673 2330 Bucherrii.

503 2497 820 2566 Imperante
842 2492 1075 2550 Tiberio
1098 2494 1544 2566 Caesaregpassus
1568 2502 1653 2552 est
1669 2496 1949 2552 Dominus
1971 2510 2083 2553 no-
2106 2495 2157 2553 Β
2260 2498 2650 2551 TELESpaonus
2701 2496 2872 2551 annis
2923 2494 3208 2564 undecim,
3268 2494 3562 2551 mensibus
3621 2494 3841 2563 tribus,

429 2573 551 2626 ster
570 2564 735 2624 Iesus
760 2566 1029 2622 Christus
1052 2565 1279 2621 duobus
1301 2564 1562 2622 Geminis
1586 2568 1947 2634 consulibus,
1977 2581 2079 2623 vm

431 2640 715 2697 Kalendas
739 2637 978 2708 Aprilis,
1005 2642 1062 2693 et
1087 2642 1214 2707 post
1237 2650 1533 2694 ascensum
1557 2638 1682 2707 ejus
1712 2638 2083 2695 beatissimus

430 2713 633 2769 Petrus
671 2709 1067 2783 episcopatum
1104 2709 1406 2783 suscepit,
1430 2711 1510 2765 Ex
1546 2724 1663 2783 quo
1704 2716 1954 2780 tempore
1986 2723 2084 2781 per

376 2830 385 2841 ,
432 2781 854 2852 successionem
898 2780 1267 2852 dispositum,
1310 2780 1445 2851 quis
1486 2780 1810 2851 episcOpus,
1851 2786 1908 2838 et
1944 2780 2084 2852 quot

434 2795 854 2841 successronem
898 2795 1267 2906 unsposuum,
1310 2795 1445 2851 quis
1486 2795 1516 2835 e

434 2854 607 2933 annis
639 2851 889 2933 praefuit,
922 2864 997 2933 ve_
1040 2865 1154 2933 quo
1187 2852 1520 2933 imperante.

507 2925 726 2980 Pramus
747 2923 918 2978 annis
946 2922 1156 2993 viginti
1190 2922 1465 2993 quinque,
1500 2936 1691 2978 mense
1717 2937 1850 2987 uno,
1879 2922 2086 2979 diebus

438 3009 659 3054 novem.
688 2994 825 3049 Fuit
853 2992 1221 3063 temperibus’
1236 2993 1453 3049 Tiberii
1485 2994 1743 3063 Caesaris,
1776 3001 1832 3050 et
1854 2995 1999 3057 Caii.
2031 3000 2088 3050 et

437 3066 657 3123 Tiberii
697 3064 948 3132 Claudii,
980 3069 1037 3120 et
1063 3063 1309 3119 Neronis
1335 3082 1347 3118 :
1378 3078 1410 3119 a
1441 3065 1744 3120 consulatu
1782 3064 2001 3121 Vinicii
2033 3071 2089 3121 et

439 3137 682 3210 Longini
713 3150 898 3210 usque
927 3136 1171 3210 Neronis
1191 3140 1254 3210 _et
1282 3136 1635 3210 Veterisfb).
1666 3137 1879 3210 Passus
1899 3142 2087 3210 autem

439 3205 768 3266 cum'Paulo
788 3205 883 3279 die
908 3207 1079 3263 tertia
1103 3205 1386 3262 Kalendas
1406 3206 1610 3279 Julias,
1635 3208 1976 3265 consulibus
1993 3207 2083 3265 SS.

442 3281 761 3350 imperante
790 3278 1030 3350 Nerone.

432 3388 433 3391 η
461 3424 477 3432 _
515 3348 688 3432 [nisus
713 3349 884 3432 annis
910 3348 1560 3432 duqdecimhmensibus
1590 3357 1857 3432 quatuor,
1884 3351 2093 3432 diebus

443 3422 771 3481 duodecim.
820 3419 956 3477 Fuit
1003 3419 1357 3490 temporibus
1399 3419 1662 3490 Neronis,
1712 3435 1745 3477 a
1788 3422 2092 3479 consulatu

440 3492 740 3552 Saturnini
781 3495 839 3546 et
869 3491 1181 3561 Scipionis,
1207 3504 1389 3558 usque
1404 3491 1676 3560 Capitone
1707 3498 1761 3548 et
1782 3491 1948 3548 Rufo.

512 3561 1033 3632 CLEMENS(C)anniS
1046 3576 1263 3630 novem,
1280 3562 1574 3634 mensibus
1588 3563 2097 3634 undecim,diebus

442 3637 767 3694 duodecim.
809 3634 943 3690 Fuit
979 3634 1336 3705 temporibus
1370 3633 1562 3689 Galbae
1590 3638 1648 3690 et
1673 3636 2031 3705 Vespasiani,
2061 3648 2096 3691 a

444 3707 753 3835 ἵρξιὲιιιειῐιι
775 3703 1039 3761 Trachali
1061 3710 1118 3761 et
1136 3705 1344 3775 Italici,
1374 3718 1557 3775 usque
1580 3703 1928 3777 Vespasiano
1952 3708 2020 3764 Vl
2040 3710 2098 3762 et

496 3793 512 3833 ι
583 3818 595 3831 .

496 3779 595 3833 ito.

2191 2567 2399 2624 diebus
2428 2566 2635 2623 tribus.
2673 2568 2804 2622 Fuit
2834 2567 3189 2636 temporibus
3211 2565 3488 2621 Antonini
3518 2566 3785 2635 Macrini,
3814 2581 3847 2622 a

2191 2638 2496 2766 gensulatu
2514 2638 2737 2694 'Titiani
2765 2643 2823 2694 et
2847 2638 3156 2709 Gallicani,
3185 2650 3367 2709 usque
3384 2637 3601 2694 Caesare
3627 2643 3686 2693 et
3709 2638 3849 2694 Bal-

2235 2725 2349 2766 mo.

2235 2725 2349 2766 ΙΠΟ.

2263 2783 2510 2837 chmus
2531 2781 2700 2837 annis
2724 2781 3048 2851 duodecim,
3078 2780 3371 2837 mensibus
3396 2779 3605 2851 tribus,
3633 2780 3848 2837 diebus

2195 2866 2310 2908 sex.
2341 2854 2473 2908 Fuit
2503 2851 2858 2921 temporibus
2886 2850 3041 2923 Veri,
3073 2866 3103 2906 a
3135 2852 3441 2908 consulatu
3470 2850 3753 2907 Gallicani
3789 2856 3849 2908 et

2194 2924 2435 2986 Veteris.
2469 2938 2652 2994 usque
2685 2926 2962 2979 Przesente
2990 2929 3045 2978 et
3076 2924 3297 2978 Rufino.

2268 2996 2403 3050 PlUS
2430 2991 2598 3051 annis
2627 2994 2858 3065 viginti,
2895 2994 3188 3049 mensibus
3214 2997 3483 3065 quatuor,
3514 2991 3732 3065 diebus
3745 2993 3851 3048 vi—

2239 3066 2346 3121 inti
2371 3080 2505 3121 uno.
2529 3067 2661 3122 Fuit
2682 3063 3038 3136 temporibus
3056 3064 3330 3136 Antonini
3356 3063 3464 3136 Pii,
3488 3063 3851 3136 agonsgulatu

2241 3138 2347 3193 lari
2380 3143 2435 3192 et
2463 3138 2675 3208 Severi,
2709 3133 2890 3208 usque
2927 3136 3154 3192 duobus
3191 3134 3488 3208 Augustis.
3521 3133 3854 3208 subhujus

2198 3209 2531 3278 episcopatu
2552 3205 2728 3264 frater
2747 3205 2871 3277 ejus
2892 3210 3122 3263 Hermes
3146 3205 3354 3262 librum
3377 3205 3633 3278 scripsit,
3654 3205 3713 3260 in
3733 3219 3854 3278 quo

2201 3276 2506 3335 mandatur
2546 3282 2987 3349 contineturque
3018 3279 3166 3348 quod
3200 3278 3252 3333 ei
3288 3276 3557 3347 praecepit
3584 3276 3853 3349 angelus,

2201 3364 2329 3407 cum
2362 3351 2518 3405 venit
2545 3352 2613 3406 ad
2646 3365 2774 3405 eum
2808 3351 2865 3405 in
2901 3349 3102 3405 habitu
3137 3350 3402 3418 pastoris.

2275 3422 2344 3490 (ί)
2378 3422 2553 3476 Somn
2593 3422 2760 3476 annis
2800 3434 3019 3486 novem,
3061 3417 3356 3476 mensibus
3393 3417 3601 3487 tribus,
3642 3417 3859 3490 diebus

2203 3482 2449 3548 duobus.
2488 3493 2619 3547 Fuit
2663 3482 3017 3560 temporibus
3054 3491 3330 3548 Antonini
3369 3495 3424 3546 et
3460 3482 3775 3557 Commodi,
3821 3503 3857 3544 a

2203 3562 2509 3691 (clonsulatu
2540 3564 2667 3619 Veri
2699 3571 2755 3619 et
2786 3563 3117 3634 Erenniani,
3151 3576 3334 3633 usque
3363 3563 3602 3615 Paterno
3624 3564 3683 3615 et
3707 3561 3860 3616 Bra-

2246 3648 2337 3691 ua.

2246 3648 2337 3691 ua.

2275 3705 2355 3775 (g)
2378 3706 2581 3761 VICTOR
2609 3706 2780 3761 annis
2804 3718 3022 3773 novem,
3048 3704 3344 3760 mensibus
3365 3701 3611 3771 duobus,
3642 3700 3861 3775 diebus

2203 3774 2416 3843 decem,
2449 3791 2481 3831 a
2512 3777 2819 3833 consulatu
2856 3776 3157 3832 Saturnini
3188 3782 3244 3832 et
3270 3775 3445 3845 Galli,
3480 3786 3663 3843 usque
3692 3774 3862 3829 Prae-

518 3823 734 3904 EDETUS
760 3844 931 3900 annis
970 3859 1087 3913 sex,
1130 3844 1424 3899 mensibus
1464 3845 1712 3913 duobus,
1754 3847 1962 3903 diebus
1989 3849 2098 3904 de»
2125 3823 2174 3885 Ο
2204 3823 2781 3904 EEEEJéFEiiFi'cBiB‘.

448 3932 592 3975 cem.
635 3917 768 3973 Fuit
808 3915 1162 3985 temporibus
1202 3915 1540 3983 Vespasiani
1577 3921 1632 3970 et
1667 3918 1805 3984 Titi,
1837 3926 1892 3973 et
1924 3919 2096 3974 initio

446 3988 787 4055 Domitiani,
803 3985 1186 4042 aconsulibus
1201 3986 1549 4054 Vespasiano
1565 3986 1682 4042 VIII
1698 3993 1755 4043 et
1768 3989 2097 4045 Domitiano

445 4060 704 4130 Viusque
739 4057 1175 4130 DomitianoilX
1197 4064 1259 4130 et
1288 4055 1450 4130 Rufo.

521 4126 842 4187 ANACLETUS
866 4128 1037 4184 annis
1059 4128 1384 4197 duodecim,
1413 4126 1708 4185 mensibus
1732 4129 1944 4199 decem,
1968 4131 2102 4187 die-

451 4203 561 4259 bus
580 4202 790 4258 tribus.
815 4200 947 4256 Fuit
972 4199 1326 4269 temporibus
1345 4198 1681 4268 Domitiani,
1704 4214 1736 4256 a
1761 4202 2101 4258 consulibus

451 4274 787 4402 glomitiago
848 4270 895 4327 Χ
949 4275 1007 4327 et
1034 4270 1264 4342 Sabino,
1300 4272 1484 4342 usque
1507 4272 1839 4328 Domitiano
1864 4273 2014 4330 XVII
2044 4278 2101 4329 et

518 4359 678 4401 emen
743 4386 757 4400 .

518 4352 757 4401 emente.

524 4418 838 4486 Evmrsrus
877 4412 961 4486 (d)
991 4413 1163 4486 annis
1191 4413 1489 4486 tredecim,
1529 4413 1825 4470 mensibus
1861 4418 2101 4485 septem,

451 4487 663 4546 diebus
690 4484 940 4544 duobus.
969 4484 1104 4542 Fuit
1137 4485 1494 4556 temporibus
1536 4486 1871 4542 novissimis
1898 4484 2103 4542 Domi;

453 4559 625 4629 tiani,
654 4563 713 4614 et
739 4560 1043 4629 Nervaa,et
1072 4557 1323 4629 Trajani,
1354 4569 1387 4612 a
1416 4557 1723 4613 consulatu
1764 4557 2019 4614 Valentis
2046 4563 2103 4613 et

452 4599 625 4699 vsa?
639 4599 1104 4699 ἄὲαἶὶέὸέῖίιῖεῐ
1119 4599 1365 4684 sane:

523 4698 860 4756 Amulium
901 4700 1072 4755 annis
1111 4703 1346 4767 septem,
1386 4698 1680 4754 mensibus
1718 4698 1965 4757 duobus.
2004 4699 2100 4755 die

452 4785 586 4828 uno.
620 4772 756 4828 Fuit
779 4770 1136 4840 temporibus
1157 4770 1408 4839 Trajani,
1436 4783 1466 4825 a
1492 4769 1796 4826 consulatu
1822 4770 2025 4827 Palma:
2043 4777 2100 4828 et

447 4844 624 4912 Tulli,
660 4856 842 4914 usque
872 4841 1107 4914 Veliano
1134 4840 1208 4912 (θ)
1236 4848 1295 4896 et
1319 4843 1532 4914 vetere.

520 4916 722 4973 Surus
750 4912 922 4971 annis
950 4913 1162 4973 decem.
1205 4912 1500 4968 mensibus
1529 4913 1737 4982 tribus,
1769 4913 1974 4969 diebus
2003 4914 2099 4969 vi—

450 4987 598 5056 ginti
617 5002 750 5043 uno.
766 4987 899 5043 Fuit
916 4984 1273 5057 temporibus
1289 4984 1551 5046 Adriani.
1566 4998 1596 5057 a
1611 4985 1913 5057 consulatu
1936 4985 2095 5057 Nigri

446 5055 505 5112 et
532 5056 870 5127 Aproniani,
903 5055 1087 5130 usque
1115 5055 1260 5113 Vero
1290 5058 1362 5112 llI
1389 5060 1445 5112 et
1472 5056 1800 5112 Ambibulo.

2276 3919 2356 3987 (h)
2389 3918 2690 3974 CALLISTUS
2726 3931 2905 3973 annos
2946 3917 3222 3989 quinque,
3264 3930 3500 3989 menses,
3515 3914 3686 3989 duos,
3720 3914 3863 3989 dies

2204 3985 2418 4069 decem.
2454 3990 2595 4069 Fuit
2628 3985 2995 4069 temporibus
3035 3985 3273 4069 Macriui
3312 3993 3369 4043 et
3406 3985 3784 4069 lleliogabali,
3826 3999 3863 4069 τι

2207 4060 2512 4186 (Ᾰῖηευιῗίιυ
2533 4060 2808 4116 Antonini
2829 4065 2886 4116 et
2907 4060 3172 4132 Adventi,
3196 4073 3379 4131 usque
3395 4059 3687 4115 Antonino
3709 4059 3782 4113 III
3802 4065 3869 4114 et

2280 4144 2417 4185 exan
2465 4144 2546 4186 ro.

2280 4144 2546 4186 exandro.

2279 4202 2543 4257 URBANUS
2570 4215 2751 4257 annos
2790 4207 2935 4257 octo.
2971 4215 3191 4257 menses
3223 4200 3512 4269 undecim,
3543 4199 3669 4255 dies
3698 4200 3871 4255 duo—

2209 4273 2412 4329 decim.
2480 4274 2613 4328 Fuit
2672 4272 3029 4342 temporibus
3080 4272 3407 4341 Alexandri,
3462 4284 3490 4326 a
3547 4270 3869 4326 consulatu

2209 4343 2442 4427 Μειλιἱωὶ
2469 4350 2525 4399 et
2551 4343 2786 4427 zEliani,
2819 4358 3001 4427 usque
3027 4344 3302 4426 Agricola
3315 4348 3378 4427 _et
3403 4342 3779 4427 Cl‘ementino.

2282 4417 2592 4471 Poxmmus
2619 4412 2789 4471 annis
2821 4412 3103 4486 quinque,
3126 4414 3421 4486 mensibus
3443 4412 3693 4481 duobus,
3721 4412 3873 4486 die—

2209 4485 2319 4543 bus
2342 4493 2573 4555 septem.
2603 4488 2737 4543 Fuit
2765 4483 3118 4557 temporibus
3140 4485 3471 4552 Alexandri,
3493 4496 3525 4539 a
3547 4483 3871 4557 consulatu

2212 4554 2539 4629 Pompeiani
2571 4565 2627 4614 et
2654 4554 2996 4629 Peligniani.
3029 4558 3104 4611 Eo
3131 4562 3381 4629 tempore
3408 4554 3872 4629 Nepotianusﬁ)

2210 4625 2513 4698 episcopus
2542 4634 2599 4685 et
2627 4625 2966 4699 Hippolytus
3008 4625 3300 4699 presbyter
3320 4626 3722 4699 exsules‘sunt
3749 4625 3873 4681 de—

2212 4697 2419 4769 portati
2467 4701 2526 4755 in
2573 4697 3124 4756 insu‘lam'nocivam
3167 4698 3513 4767 Sardiniam,
3557 4697 3765 4769 Severo
3803 4702 3876 4751 et.

2207 4768 2521 4839 Quintiano
2538 4770 2893 4828 consulibus.
2919 4772 2981 4824 In
3001 4770 3194 4825 eadem
3219 4769 3409 4824 insula
3429 4768 3759 4839 discinctus
3773 4773 3876 4822 est

2211 4838 2263 4897 iv
2294 4843 2572 4898 Kalendas
2600 4841 2884 4909 Octobris,
2911 4847 2967 4896 et
2993 4840 3115 4897 loco
3144 4842 3268 4909 ejus
3293 4840 3596 4895 ordinatus
3620 4843 3710 4894 est
3733 4838 3877 4893 An-

2208 4918 2358 4969 teros
2388 4929 2445 4968 x1
2478 4914 2759 4969 Kalendas
2789 4912 3131 4980 Decembris,
3165 4910 3502 4966 consulibus

2276 4984 2533 5040 ANTEROS
2558 4998 2745 5040 mense
2774 4998 2904 5054 uno,
2931 4983 3139 5054 diebus
3162 4982 3373 5037 decem.
3401 4982 3621 5054 Dormit
3642 4994 3713 5034 ιιι
3737 4980 3877 5035 No—

2208 5069 2308 5110 nas
2333 5057 2614 5121 Januarii,
2646 5052 2899 5111 Maximo'
2920 5059 2976 5110 et
3004 5052 3272 5109 Africano
3301 5052 3662 5109 consulibus.

519 5177 599 5252 (α)
623 5177 926 5252 Catalogus
952 5177 1139 5252 hicad
1170 5179 1486 5252 Callistum
1501 5192 1689 5252 usque
1705 5178 2016 5252 confusior
2039 5185 2096 5237 et
2121 5191 2175 5251 1)
2274 5181 2345 5252 (e)
2378 5182 2561 5250 Forte,
2594 5180 2809 5237 ιΕιίαηο

448 5247 697 5306 vitibsus
725 5251 813 5320 est
839 5264 855 5316 ;
886 5252 1013 5317 post
1043 5247 1209 5305 illum
1246 5249 1419 5320 paulo
1455 5248 1809 5315 distinctior,
1853 5252 2095 5308 maxime

450 5327 580 5392 post
607 5318 867 5376 Lucium.

512 5393 593 5462 (ὁ)
623 5393 728 5445 Ms.
762 5402 921 5444 meus
952 5387 1120 5462 habet
1147 5391 1339 5462 Neruae
1365 5389 1594 5462 et_Veri.

514 5458 588 5534 (ο)
632 5462 952 5518 Clementem
998 5458 1288 5517 Eusebius
1328 5464 1386 5516 et
1422 5459 1705 5517 Baronius
1747 5462 1889 5519 Cleto
1934 5468 2095 5534 post-

444 5536 684 5608 ponunt.

512 5604 595 5678 (ἀ)
623 5605 751 5675 Ms.,
782 5604 1025 5663 Aristus.

2274 5249 2344 5321 (Γ)
2374 5253 2540 5307 Deest
2577 5252 2669 5306 hic
2704 5252 2986 5313 Anicetus,
3027 5250 3122 5305 cui
3162 5249 3303 5304 dant
3334 5262 3515 5305 annos
3555 5259 3694 5318 pene
3715 5252 3883 5321 octo

2276 5318 2354 5394 ζῇ)
2383 5325 2549 5448 Deest
2574 5335 2777 5378 rursus
2804 5322 3171 5384 Eleutherius,
3206 5334 3374 5391 quem
3406 5321 3609 5376 volunt
3632 5318 3884 5375 sedisse

2205 5408 2386 5451 annos
2460 5408 2513 5448 θ.

2278 5466 2359 5535 (Ιι)
2389 5467 2554 5535 Deest
2585 5464 2719 5519 item
2747 5465 3097 5535 zepherinus,
3130 5462 3225 5519 cui
3256 5463 3396 5518 dant
3423 5473 3606 5535 annos
3640 5457 3727 5535 18.

2276 5530 2345 5607 '(i)
2371 5534 2762 5606 Cuspinianus
2791 5530 2930 5607 legit
2955 5535 3297 5600 Pontianus;
3324 5533 3514 5605 credo,
3550 5530 3779 5588 melius.
