4034 6196
213 331 304 392 424
1485 339 1840 398 DBPOSITIO
1886 341 2378 400 EPISCOPORUM.

271 461 563 536 FADIANUS
612 474 805 536 annos
853 465 1307 536 quatuordecim,
1360 479 1601 522 mensem
1662 469 1944 536 unum,A

205 530 330 605 dies
355 535 577 605 decem.
611 530 1120 605 Fuittem'poribus
1146 530 1465 605 Maximini,
1492 530 1860 605 etGordiani,

205 608 254 677 et
275 603 570 677 Philippi;
588 603 636 658 Α
658 605 962 660 consulatu
986 607 1281 662 Maximini
1301 616 1354 662 et
1373 603 1652 675 Africani,
1683 603 1864 677 usque

203 673 368 727 Decio
390 675 434 727 ll
453 673 728 730 etGrato.
755 677 959 730 Passus
989 690 1068 730 x11
1103 677 1382 733 Kalendas
1412 673 1727 734 Februarii.
1761 673 1865 734 Hic

210 745 486 819 regiones
506 745 1124 819 divisitgdiaconibus,
1171 754 1226 802 et
1254 749 1461 803 multas
1487 749 1736 804 fabricas
1766 764 1863 819 per

204 815 529 890 cmmeteria
564 816 691 870 ﬁeri
727 817 923 890 jussit.
953 815 1427 890 Postpassionem
1467 821 1609 889 ejus,
1645 815 1860 890 Moyses

202 894 251 940 et
279 886 573 958 Maximus
597 887 934 958 presbyteri,
959 894 1013 942 et
1033 889 1391 944 Nicostratus
1411 886 1689 946 diaconus
1715 886 1860 946 com-

202 957 665 1029 prebensirsunt
708 957 864 1012 etin
914 971 1191 1029 carcerem
1246 961 1431 1015 missi.
1477 964 1554 1017 Eo
1609 969 1857 1029 tempore

199 1028 536 1100 supervenit
563 1030 819 1084 Novatus
848 1043 915 1084 ex
950 1028 1138 1084 Africa
1171 1036 1226 1084 et
1253 1033 1537 1100 separavit
1565 1033 1634 1086 de
1672 1028 1858 1087 Becleo

199 1099 279 1172 sia
310 1099 731 1172 Novatianum,
761 1100 1108 1172 etquosdam
1141 1099 1516 1171 confeSsores,
1555 1109 1852 1172 postquam

197 1170 413 1243 Moyses
453 1170 517 1224 in
544 1183 777 1243 carcere
797 1171 1102 1226 defunctus
1119 1178 1223 1240 est,
1246 1174 1345 1243 qui
1373 1173 1485 1228 fuit
1508 1170 1598 1228 ibi
1635 1187 1854 1230 menses

199 1241 493 1307 undecim,
524 1241 658 1296 dies
688 1243 973 1297 undecim.

258 1312 592 1367 CORNELIUS
628 1325 812 1368 annos
850 1314 1013 1382 duos,
1062 1327 1284 1369 menses
1328 1320 1463 1383 tres,
1489 1315 1615 1371 dies
1638 1317 1847 1372 decem.

194 1383 236 1456 ᾼ
260 1383 618 1456 consulibus
647 1384 819 1456 Decio
866 1385 931 1438 IV
959 1389 1016 1438 et
1054 1385 1223 1440 Decio
1263 1387 1327 1452 ll,
1380 1401 1561 1456 usque
1596 1388 1761 1442 Gallo
1799 1395 1856 1443 et

201 1454 534 1508 Volusiano.
573 1454 692 1508 Sub
722 1455 1050 1524 episcopatu
1074 1457 1199 1524 ejus
1217 1454 1640 1511 Novatus'extra
1673 1459 1855 1513 Eccle-

196 1525 335 1578 siam
363 1525 670 1580 ordinavit
697 1526 1074 1580 Novatianum
1117 1527 1175 1580 in
1200 1527 1340 1581 urbe
1369 1529 1562 1594 Roma,
1595 1535 1650 1582 et
1676 1530 1855 1584 Nico-

198 1601 439 1650 stratum
495 1597 555 1650 in
601 1594 817 1650 Africa.
865 1598 976 1668 Hoc
1023 1596 1193 1659 facto,
1242 1597 1614 1661 confessores,
1664 1600 1854 1668 quise

201 1673 617 1740 separaverunt
653 1680 686 1720 a
714 1667 1009 1740 Cornelio,
1051 1682 1179 1740 cum
1215 1670 1458 1724 Maximo
1504 1667 1849 1740 presbytero,

198 1737 449 1809 quicum
483 1739 682 1809 Moyse
706 1736 838 1806 fuit,
871 1739 938 1791 ad
971 1737 1274 1794 Ecclesiam
1301 1746 1435 1794 sunt
1459 1736 1704 1809 reversi;
1729 1736 1853 1809 post

199 1806 302 1862 hoc
329 1808 750 1882 Centumcellis
779 1809 1027 1878 expulsi.
1055 1809 1138 1864 lbi
1171 1823 1298 1865 cum
1327 1810 1511 1882 gloria
1540 1806 1853 1869 dormitio—

200 1891 318 1933 nem
350 1880 605 1948 accepit.

267 1951 474 2004 Lucrus
513 1963 697 2004 annos
731 1955 866 2019 tres,
898 1964 1116 2006 menses
1147 1955 1293 2020 octo,
1318 1951 1446 2007 dies
1473 1953 1685 2008 decem.
1720 1954 1853 2009 Fuit

197 2021 562 2092 temporibus
586 2021 738 2076 Galli
767 2028 822 2077 et
841 2021 1158 2090 Volusiani,
1183 2037 1362 2092 usque
1383 2023 1682 2078 Valeriano
1711 2029 1780 2080 lll
1797 2032 1853 2080 et

199 2091 460 2162 Gallieno
485 2094 533 2147 II
590 2093 690 2147 llic
729 2093 890 2148 exsul
916 2092 1064 2148 fuit:
1100 2098 1154 2148 et
1183 2091 1375 2162 poStea
1398 2099 1540 2149 nutu
1572 2096 1669 2149 Dei
1703 2097 1852 2151 inco-

199 2161 375 2216 lumis
417 2164 491 2218 ad
546 2163 856 2235 Ecclesiam
905 2177 1160 2219 reversus
1186 2161 1309 2234 est,
1350 2165 1424 2235 (a)
1462 2166 1632 2221 tertio
1663 2169 1852 2223 Nonas

197 2235 460 2298 Martias,
498 2234 842 2289 consulibus
870 2235 942 2288 SS

268 2306 597 2360 Summus
635 2319 816 2360 annos
843 2311 1108 2374 quatuor.
1151 2319 1370 2360 menses
1411 2306 1578 2370 duos,
1605 2308 1730 2362 dies
1754 2309 1850 2362 vi—

195 2377 344 2447 ginti
377 2377 754 2449 un_um._Fuit
783 2377 1139 2449 temporibus
1159 2376 1446 2449 Valeriani
1480 2378 1844 2449 etGallieni,

194 2460 235 2501 ει
262 2447 576 2502 consulatu
601 2447 899 2503 Volusiani
922 2449 977 2502 et
995 2447 1318 2516 Maximini,
1353 2461 1533 2517 usque
1548 2447 1850 2506 Valeriano

197 2519 270 2573 ΠΙ
297 2523 354 2572 et
383 2518 656 2573 Gallieno
680 2520 749 2572 ll.
1533 2568 1539 2574 .

267 2589 476 2644 SIXTUS
501 2589 673 2643 annis
697 2589 944 2658 duobus,
979 2589 1274 2643 mensibus
1315 2588 1602 2656 undecim,
1648 2591 1853 2646 diebus

192 2674 314 2714 sex.
345 2660 543 2729 Coepit
571 2673 604 2714 a
641 2661 944 2715 consulatu
968 2661 1200 2715 Maximi
1227 2665 1282 2714 et
1314 2660 1646 2716 Glabrionis
1673 2676 1854 2731 usque

192 2732 382 2786 Tusco
412 2737 474 2784 et
516 2732 707 2799 Basso,
757 2738 813 2785 et
862 2745 1064 2800 passus
1102 2737 1187 2786 est
1239 2745 1340 2784 vm
1398 2732 1531 2785 Idus
1585 2733 1849 2801 Augusti,

193 2817 222 2856 a
259 2801 581 2857 consulatu
607 2803 775 2857 Tusci
795 2809 850 2856 et
866 2803 1044 2868 Bassi,
1075 2815 1257 2870 usque
1281 2802 1336 2855 in
1354 2801 1450 2856 die
1471 2815 1551 2856 xu
1574 2803 1855 2858 Kalendas

193 2874 472 2943 Augusti,
527 2873 837 2928 Aimiliano
883 2878 938 2927 et
968 2874 1136 2928 Basso
1170 2873 1524 2927 consulibus.

258 2947 583 2998 Dioxvsws
631 2944 801 2998 annis
844 2951 991 3011 octo,
1029 2943 1322 2998 mensibus
1358 2943 1608 3011 duobus,
1651 2943 1856 2999 diebus

196 3023 473 3084 quatuor.
511 3015 647 3068 Fuit
675 3014 1032 3082 temporibus
1055 3014 1303 3068 Gallieni
1335 3027 1403 3067 ex
1429 3014 1524 3068 die
1555 3016 1857 3070 undecimo

1883 1784 1935 1845 B

3512 336 3618 396 422

2039 467 2206 523 CAIUS
2228 466 2397 522 annis
2421 465 2743 535 duodecim,
2777 464 3070 521 mensibus
3108 469 3375 536 quatuor,
3406 463 3614 520 diebus

1971 544 2202 607 septem.
2239 539 2369 593 Fuit
2402 536 2755 607 temporibus
2781 537 2908 592 Cari
2946 541 3002 592 et
3028 537 3245 606 Carini,
3294 536 3486 607 exdie
3515 547 3609 588 xv:

1970 606 2250 664 Kalendas
2268 606 2550 677 Januarii,
2579 607 2920 663 consulibus
2939 608 3080 662 Caro
3105 610 3153 662 ΙΙ
3183 613 3238 662 et
3261 606 3488 666 Carino.
3524 619 3614 659 us-

1969 693 2078 748 que
2110 680 2168 734 in
2197 694 2230 733 x
2264 679 2544 734 Kalendas
2575 679 2731 748 Maii,
2764 679 3121 735 Diocletiano
3153 680 3218 734 VI
3243 684 3299 734 et
3327 677 3612 732 Constan—

1969 749 2052 804 tio
2077 752 2123 804 ll
2153 750 2510 804 consulibus.

2040 822 2430 875 qucsmsus
2457 820 2628 874 annis
2657 825 2804 888 octo,
2838 820 3134 875 mensibus
3166 819 3372 880 tribus.
3403 817 3612 872 diebus

1967 891 2173 956 viginti
2191 892 2466 960 quinque.
2488 891 2985 958 Fuittemporibus
3004 891 3343 946 Diocletiani
3362 895 3418 944 et
3441 888 3610 960 Maxi-

1968 963 2168 1029 miani,
2209 958 2281 1016 ex
2325 958 2420 1015 die
2449 962 2636 1030 pridie
2665 962 2946 1016 Kalendas
2977 963 3179 1027 Julias,
3212 975 3243 1015 a
3269 958 3612 1016 consulibus

1965 1032 2319 1087 Diocletiano
2344 1033 2414 1086 Vl
2443 1036 2498 1086 et
2520 1033 2853 1087 Constantio
2882 1034 3127 1102 Ilusque
3160 1033 3217 1086 in
3245 1031 3609 1102 consulatum

1962 1103 2302 1157 Diocletiani
2327 1104 2403 1156 1x
2423 1109 2478 1157 et
2495 1103 2891 1157 Maximiniani
2919 1099 3053 1157 Vlll.
3078 1104 3200 1171 Quo
3223 1108 3474 1167 tempore
3497 1099 3612 1171 fuit

1965 1174 2285 1242 persecutio
2311 1192 2322 1227 :
2352 1181 2406 1228 et
2435 1174 2676 1228 cessavit
2706 1175 3068 1243 episcopatus
3088 1170 3256 1228 annis
3277 1178 3487 1241 septem
3507 1170 3606 1239 (b),

1964 1244 2257 1300 mensibus
2288 1258 2406 1314 sex,
2427 1245 2634 1299 diebus
2662 1245 2869 1314 viginti
2903 1245 3178 1314 quinque.

2032 1318 2362 1370 MARCELLUS
2396 1311 2557 1370 anno
2599 1311 2747 1383 uno,‘
2782 1311 3082 1369 mensibus
3117 1319 3348 1384 septem,
3401 1311 3608 1368 diebus

1961 1386 2199 1457 viginti.
2237 1386 2370 1442 Fuit
2395 1386 2750 1455 temporibus
2774 1387 3067 1455 Maxentii,
3100 1399 3128 1439 a
3152 1384 3457 1440 consulatu
3487 1384 3537 1436 Χ
3555 1387 3610 1457 et

1962 1453 2308 1512 Maximiano
2360 1457 2426 1529 (ε)
2475 1453 2656 1528 usque
2688 1463 2815 1526 post
2845 1453 3208 1512 consulatum
3254 1457 3308 1511 Χ
3335 1461 3391 1510 et
3425 1453 3610 1523 septi-

1963 1543 2136 1582 nnurn.

2031 1600 2306 1654 EUSEBIUS
2348 1613 2569 1655 menses
2611 1605 2877 1670 quatuor,
2925 1599 3051 1654 dies
3099 1597 3408 1670 sexdecim.
3449 1607 3608 1670 axiv

1961 1670 2244 1794 Kaleudas
2286 1671 2464 1726 Maias
2499 1668 2678 1741 usque
2712 1671 2780 1725 ad
2812 1671 2964 1726 diem
2998 1681 3092 1724 xvx
3149 1668 3435 1724 Kalendas
3464 1668 3612 1736 Sep-

1989 1754 2071 1794 em
2121 1757 2220 1794 I‘lS.

1963 1742 2220 1796 tembris.

2030 1812 2336 1866 MILTIADES
2371 1813 2541 1866 annis
2613 1812 2822 1881 tribus,
2889 1809 3182 1866 mensibus
3230 1823 3347 1876 sex,
3401 1806 3610 1881 diebus

1963 1894 2194 1936 novem:
2257 1895 2324 1936 ex
2371 1882 2466 1937 die
2515 1887 2672 1939 sexto
2719 1879 2907 1936 Nonas
2947 1881 3149 1946 Julias,
3205 1895 3236 1935 a
3281 1879 3606 1947 consulatu,

1960 1953 2304 2008 Maximiano
2358 1954 2474 2006 Vlll
2504 1954 2659 2020 solo;
2709 1954 2856 2022 quod
2891 1952 3006 2006 fuit
3037 1964 3225 2006 mense
3265 1947 3605 2022 Septembri,

1960 2023 2274 2078 Volusiano
2290 2029 2346 2078 et
2374 2023 2597 2092 Rullno,
2633 2020 2814 2093 usque
2843 2025 2900 2078 in
2933 2037 2996 2077 Ill
3026 2023 3160 2077 Idus
3178 2020 3461 2089 Januarii,
3489 2020 3608 2074 Vo—

1963 2094 2192 2149 lusiano
2221 2100 2278 2148 et
2305 2095 2568 2149 Anniano
2597 2094 2956 2149 consulibus.

2029 2166 2342 2220 SYLVESTER
2383 2168 2552 2219 annis
2581 2164 2787 2235 viginti
2823 2178 2956 2231 uno,
2991 2163 3284 2235 mensibus
3319 2159 3605 2235 undecim.

1960 2231 2854 2305 FuittemporibusConstantini,
2874 2248 2904 2288 a
2923 2234 3226 2290 consulatu
3241 2231 3612 2305 Volusianiet

1959 2301 2235 2375 Anniani,
2265 2320 2332 2361 ex
2355 2307 2449 2360 die
2470 2307 2656 2374 pridie
2677 2305 2959 2359 Kalendas
2982 2303 3302 2370 Februarii,
3320 2315 3527 2375 usque
3551 2301 3611 2375 in

1959 2379 2110 2434 diem
2161 2371 2544 2432 Kalendarum
2574 2377 3004 2446 Januariarum,
3033 2374 3371 2431 Constantio
3418 2371 3475 2428 et
3502 2371 3610 2427 Αι-

1961 2449 2099 2505 bino
2129 2447 2489 2503 consulibus.

2032 2519 2259 2573 Mancus
2285 2532 2502 2572 menses
2529 2522 2676 2584 octo,
2708 2517 2832 2573 dies
2858 2516 3087 2587 viginti.
3117 2519 3185 2572 Et
3208 2517 3303 2571 hic
3334 2513 3447 2570 fuit
3477 2519 3613 2587 tern-

2001 2589 2202 2646 oribus
2229 2589 2612 2655 Constantini,
2651 2585 2967 2657 Nepotiano
2992 2592 3048 2643 et
3073 2589 3336 2644 Facundo
3362 2585 3614 2642 consuli-

2001 2605 2202 2646 Ol'lDllS
2229 2605 2612 2655 Consmnum,
2652 2605 2967 2657 Nepouano
2992 2605 3048 2643 et
3073 2605 3336 2644 racundo
3362 2605 3609 2642 consun-

1962 2605 2090 2726 Eus,
2119 2674 2186 2715 ex
2207 2661 2310 2715 die
2338 2674 2410 2714 xv
2447 2659 2728 2714 Kalendas
2758 2659 3122 2722 Februarias,
3152 2671 3335 2729 usque
3368 2658 3426 2712 in
3457 2657 3609 2712 diem

1960 2733 2250 2787 Nonarum
2281 2731 2636 2798 Octobrium,
2681 2729 3021 2786 consulibus
3053 2731 3146 2786 SS.

2030 2803 2224 2858 Juuus
2251 2815 2431 2856 annos
2456 2801 2806 2872 quindecim,
2843 2815 3087 2856 mensem
3121 2814 3321 2868 unum,
3349 2799 3614 2872 diesun-

1962 2873 2168 2928 decim.
2218 2873 2350 2927 Fuit
2403 2869 2760 2940 temporibus
2786 2873 3173 2937 Constantini,
3224 2886 3256 2926 a
3299 2869 3613 2926 consulatu

1965 2943 2238 2999 Feliciani
2274 2949 2330 2997 et
2378 2939 2618 3010 Titia’ni,
2664 2956 2731 2997 ex
2761 2944 2856 2998 die
2882 2956 2984 2998 Vill
3019 2943 3153 2998 Idus
3194 2941 3515 3009 Februarii,
3551 2939 3612 2993 in

1963 3015 2113 3070 diem
2151 3014 2336 3083 pridie
2361 3015 2495 3069 Idus
2519 3009 2738 3082 Aprilis
2758 3014 3093 3069 Constantio
3125 3015 3168 3068 V
3202 3018 3258 3068 et
3280 3009 3614 3083 Constantio

197 3081 584 3166 Kalendarum
615 3081 882 3166 Augusti,
915 3085 1292 3166 .Eini'lianoiet
1312 3085 1480 3166 Basso
1496 3086 1852 3166 consulibus,
1888 3108 1934 3166 ρ
1963 3081 2189 3166 Caesare
2209 3081 2701 3166 consulibusIHic
2730 3086 2940 3166 inultas
2972 3083 3388 3166 fabricas_fec_i_t
3403 3102 3415 3138 :
3447 3081 3614 3166 basi:-

199 3171 377 3226 usque
397 3157 471 3211 ad
507 3157 660 3210 diem
694 3155 1000 3225 septimum
1028 3155 1309 3211 Kalendas
1336 3157 1616 3227 Januarii,
1640 3155 1858 3212 consué
1891 3155 1933 3166 ν
1966 3157 2133 3213 licam
2178 3157 2234 3210 in
2267 3157 2355 3210 via
2389 3158 2653 3212 Portense
2685 3156 2963 3212 milliario
2994 3157 3187 3223 tertio,
3221 3155 3611 3227 basilicam__in

202 3227 353 3282 libus
382 3228 636 3282 Claudio
657 3233 713 3281 et
743 3229 999 3282 Paterno.

265 3300 440 3353 FELIX
477 3299 652 3352 annis
683 3299 960 3367 quinque,
999 3297 1290 3351 mensibus
1335 3297 1620 3362 undecim,
1652 3298 1858 3354 diebus

198 3370 398 3440 viginti
419 3370 705 3438 quinque.
725 3368 1854 3440 FuittemporibusClaudiietAureliani.

203 3453 230 3493 a
258 3439 577 3496 consulatu
603 3440 830 3494 Claudii
849 3448 904 3494 et
930 3439 1177 3507 Paterni,
1209 3452 1390 3509 usque
1413 3439 1470 3493 in
1493 3441 1856 3495 consulatum

206 3511 504 3565 Aureliani
542 3513 589 3564 Il
617 3517 674 3565 et
702 3511 1036 3579 Capitolini.

265 3583 651 3636 EU’l‘lClllANUS
688 3583 857 3636 annis
886 3585 1033 3639 octo.
1083 3579 1374 3634 mensibus
1408 3579 1692 3648 undecim,
1726 3581 1860 3636 die-

207 3651 302 3707 bus
328 3652 549 3708 tribus.
584 3652 718 3706 Fuit
747 3651 1102 3721 temporibus
1127 3651 1449 3719 Aureliani,
1491 3664 1522 3705 a
1551 3651 1857 3706 consulatu

205 3723 500 3778 Aureliani
535 3725 608 3776 ΙΙΙ
646 3728 705 3777 et
727 3722 1066 3789 Marcellini,
1103 3736 1284 3790 usque
1336 3722 1392 3776 in
1437 3722 1587 3776 diem
1621 3735 1696 3776 v11
1724 3722 1858 3777 Idus

206 3795 555 3861 Decembris,
590 3794 733 3849 Caro
766 3793 814 3848 Il
846 3800 904 3848 et
931 3793 1142 3848 Carino
1173 3791 1531 3862 conSvlibus,

267 3900 334 3970 (a)
374 3900 626 3954 Videtur
653 3899 749 3954 hic
771 3899 966 3954 deesse
995 3899 1238 3970 decessit.

268 3967 344 4040 {li}
380 3971 636 4026 Videtur
671 3970 970 4040 legendum
1003 3969 1198 4031 tribus,
1229 3983 1297 4024 ex
1326 3967 1628 4024 consulum
1682 3969 1852 4040 serie,

207 4057 322 4111 quae
354 4048 548 4096 tamen
584 4041 679 4096 hic
709 4040 964 4096 confusa.

268 4114 335 4178 (ρ)
363 4112 615 4167 Videtur
639 4112 734 4167 hic
759 4111 957 4170 deesse
983 4111 1096 4168 VII.
1127 4110 1242 4166 Alii
1271 4111 1468 4182 legunt
1485 4111 1562 4166 IX
1587 4114 1636 4165 ct
1666 4113 1859 4166 Maxi—

204 4199 438 4236 mmmno
450 4225 462 4236 .

1965 3229 2056 3283 via
2088 3227 2387 3292 Flaminia,
2418 3227 2696 3281 milliario
2727 3228 2996 3296 secundo,
3027 3241 3153 3297 quae
3169 3227 3492 3297 appellatur
3518 3224 3614 3278 Va-

1966 3299 2171 3354 lentini
2192 3297 2266 3367 (d)
2287 3298 2830 3365 basilicamJuliam,
2855 3295 3083 3368 quaa'est
3101 3295 3331 3367 regione
3348 3295 3609 3368 septima,

1961 3372 2128 3444 juxta
2161 3365 2346 3423 forum
2377 3369 2496 3444 divi
2519 3369 2747 3444 Trajani
2774 3387 2787 3434 ς
2823 3365 3121 3444 basilicam
3153 3365 3312 3444 trans
3335 3365 3608 3444 :ljiberim,

1968 3437 2200 3511 regione
2221 3445 2424 3511 quarta
2446 3440 2842 3511 decimajuxta
2865 3440 3168 3511 Callistum
3182 3456 3214 3511 _;_
3227 3437 3526 3491 basilicam
3553 3437 3612 3487 in

1966 3507 2058 3566 via
2088 3507 2417 3575 Aureliana,
2455 3509 2730 3564 milliario
2780 3511 2952 3563 tertio
2981 3509 3048 3561 ad
3076 3507 3398 3560 Callistum.

2039 3583 2305 3635 LlBElllUS
2347 3574 2460 3633 fuit
2511 3577 2868 3646 temporibus
2916 3575 3268 3645 Constantii,
3297 3589 3365 3630 ex
3410 3574 3506 3630 die
3553 3586 3613 3629 x1

1966 3651 2247 3705 Kalendas
2272 3650 2492 3715 Junias,
2531 3650 2588 3702 in
2615 3649 2880 3702 diem.....
2916 3661 2948 3704 a
2975 3646 3319 3704 consulibus
3345 3647 3620 3702 Constan-

1966 3722 2050 3777 tio
2071 3722 2114 3777 V
2144 3725 2200 3775 et
2225 3719 2561 3775 Constantio
2596 3720 2818 3774 Caesare
2851 3719 2940 3790 (ε).

2034 3897 2108 3969 (d)
2136 3899 2218 3982 An
2254 3897 2512 3982 forteest
2552 3899 2897 3968 Valentinus,
2946 3896 3042 3954 cui
3075 3896 3486 3952 Kalendarium
3518 3908 3616 3952 se-

1966 3983 2149 4041 quens
2181 3969 2545 4025 inscribitur.

1970 4112 1983 4122 _
2035 4040 2099 4122 (_e)
2129 4041 2505 4122 Omnia‘pene
2535 4040 2653 4122 huic
2671 4039 2948 4122 opuscula
2978 4039 3258 4122 desinunt
3286 4039 3384 4122 bis
3414 4037 3574 4122 coss.
3599 4057 3616 4103 ;

1968 4108 2101 4240 infe
2131 4108 2378 4183 apparet
2401 4125 2552 4167 anno
2579 4112 2689 4168 isto
2713 4108 2944 4168 Christi
2986 4108 3093 4168 354
3122 4111 3338 4180 scripta
3367 4115 3468 4166 aut
3493 4110 3619 4167 cir—

1967 4197 2020 4238 ci
2051 4197 2129 4239 er.

1131 4454 1722 4524 DEPOSITIO
1799 4449 2576 4521 EPISCOPORUM
2631 4415 2705 4478 “”

1493 4603 1632 4679 (Ea:
1678 4602 1897 4665 eodem
1946 4601 2336 4681 Buclzerio.)

1696 4733 2110 4746 ——_

269 4843 436 4898 Sexto
468 4843 756 4899 Kalendas
778 4844 1103 4914 Januarias,
1137 4842 1398 4912 Dionysii
1445 4842 1502 4896 in
1533 4841 1782 4914 Callisti.

267 4915 461 4969 Tertio
501 4915 787 4969 Kalendas
815 4915 1098 4981 Januarii,
1131 4915 1336 4969 Felicis
1388 4914 1446 4968 in
1489 4913 1738 4967 Callisti.

269 4986 464 5039 Pridie
487 4986 774 5040 Kalendas
791 4986 1071 5050 Januarii,
1096 4985 1365 5055 Sylvestri
1397 4986 1454 5039 in
1485 4983 1782 5038 Priscillae.

266 5058 486 5125 Quarto
516 5058 652 5111 ldus
673 5057 958 5126 Januarii,
995 5057 1274 5111 Miltiadis
1304 5058 1362 5110 in
1392 5055 1638 5126 Callisti.

201 5129 503 5253 Pl.Decililno
533 5137 732 5183 octavo
778 5124 1064 5182 Kalendas
1091 5128 1410 5196 Februarii,
1440 5124 1760 5182 Marcellini
1796 5125 1855 5179 in

277 5213 383 5252 isci
438 5212 503 5252 aa.

267 5213 484 5325 ltili?
490 5240 686 5324 Nonas
723 5269 943 5339 Martii,
974 5269 1053 5339 (δ)
1095 5269 1151 5324 in
1179 5268 1427 5324 Callisti.

269 5373 353 5444 (a)
376 5377 587 5444 Nempe
615 5377 1001 5430 Romanorum
1039 5389 1068 5429 a
1101 5375 1272 5430 Lucio
1302 5375 1370 5430 ad
1401 5375 1639 5430 Julium.

270 5443 355 5512 (ὁ)
383 5443 591 5502 Lucius
634 5449 843 5502 borum
870 5447 1170 5502 duodecim
1209 5446 1540 5515 pontificum
1588 5451 1672 5500 est
1696 5443 1858 5500 anti-

198 5517 542 5590 quissimus,
573 5518 774 5576 Julius
806 5519 1258 5574 recentissimus.
1286 5519 1502 5574 Desunt
1531 5518 1648 5573 duo
1681 5517 1858 5573 inter-

1889 4841 1944 4900 D
2043 4833 2274 4912 Decimo
2301 4841 2583 4897 Kalendas
2609 4843 2740 4912 Mai,
2768 4842 2890 4898 Caii
2927 4845 2985 4897 in
3012 4842 3260 4897 Callisti.

2038 4911 2252 4978 Quarto
2281 4914 2466 4983 Nonas
2487 4910 2755 4983 Augusti,
2784 4913 3053 4982 Stephani
3086 4913 3143 4966 in
3176 4910 3424 4983 Callisti.

2037 4984 2205 5037 Sexto
2237 4981 2517 5052 Kalendas
2549 4981 2830 5052 Octobris,
2888 4981 3120 5038 Eusebii
3169 4983 3226 5035 in
3257 4981 3504 5036 Callisti.

2038 5053 2220 5108 Nonis
2240 5051 2525 5121 Octobris,
2558 5055 2732 5107 Marci
2762 5055 2818 5107 in
2844 5054 3113 5107 Balbinaa.

2036 5125 2207 5178 Sexto
2252 5123 2385 5177 Idus
2413 5123 2758 5190 Decembris,
2793 5123 3135 5193 Eutychiani
3166 5123 3224 5178 in
3254 5123 3508 5180 Callisti.

2041 5195 2230 5249 Pridie
2255 5195 2390 5248 ldus
2415 5195 2656 5265 Aprilis,
2677 5194 2818 5250 Julii
2845 5195 2902 5251 in
2931 5195 3022 5250 via
3049 5195 3307 5266 Aurelia,
3338 5196 3617 5253 milliario

1967 5267 2038 5322 Ill
2074 5266 2131 5320 in
2157 5265 2402 5320 Callisti.

2074 5266 2131 5320 in
2157 5265 2402 5320 Callisti.

1970 5373 2164 5500 inaedii,
2192 5373 2388 5429 Sixtus
2413 5378 2469 5429 et
2492 5373 2811 5431 Marcellus.
2856 5375 3054 5432 Sixtus
3095 5379 3182 5431 est
3214 5376 3364 5431 inter
3399 5382 3619 5449 marty-

1970 5459 1998 5500 r
2034 5461 2078 5500 s.

1969 5459 2078 5500 res.

1755 5652 2069 5686 *—
