4034 6196
259 259 361 318 425

1351 267 1554 324 ΝΟΤλΕ
1595 267 1670 323 ΙΝ
1705 265 2123 324 CATALOGUM
2167 268 2333 324 ROM.
2376 270 2574 326 PONT.

3556 278 3662 340 426

256 386 445 440 lendas
490 387 728 458 Aprilis,
775 393 922 458 feria
961 405 1016 459 v,
1066 395 1248 462 primo
1295 409 1418 447 vero
1458 392 1790 461 Azymorum
1836 391 1983 451 dieA
2016 396 2332 457 auctoritas,
2354 400 2539 451 octavo
2557 398 2834 453 Kalendas
2860 400 3074 469 Aprilis
3093 408 3374 474 conceptus
3393 405 3656 469 traditur,

249 477 511 530 Dominus
539 483 724 532 noster
755 482 912 534 Jesus
952 480 1198 536 Christus
1223 497 1436 536 canans
1469 498 1590 536 cum
1614 481 1898 550 discipulis

247 566 377 625 suis,
408 572 711 634 postquam
750 572 840 622 sui
870 573 1110 638 corporis
1153 576 1202 624 et
1229 573 1518 638 sanguinis
1557 574 1899 624 sacramenta

243 655 522 721 patefecit,
560 655 638 709 ad
674 662 906 711 montem
943 658 1155 722 Oliveti,
1200 661 1339 714 sicut
1372 660 1673 726 Evangelia
1710 662 1898 712 sancta

246 745 534 804 testantur,
572 760 923 812 progressus,
965 748 1150 816 ibique
1192 748 1438 801 detentus
1482 751 1561 801 est
1602 763 1635 800 a
1667 747 1894 808 Judazis,

246 831 492 884 tradente
517 833 810 903 discipulo.
843 835 1048 890 Dehinc
1071 840 1226 890 sexta
1255 839 1399 903 feria
1429 835 1805 904 subsequente,
1833 835 1895 888 id

243 925 315 972 est
351 933 426 973 VII
469 921 757 976 Kalendas
799 924 1038 992 Aprilis,
1080 927 1370 994 cruci/imus
1404 929 1482 977 est
1519 929 1568 978 et
1610 923 1892 993 sepultus;

240 1010 394 1060 tertia
423 1009 540 1070 die,
573 1011 671 1063 hoc
701 1017 782 1065 est
811 1025 844 1064 v
874 1013 1152 1066 Kalendas
1180 1013 1418 1081 Aprilis,
1450 1014 1730 1068 Dominica
1760 1027 1896 1064 sur-

233 1098 373 1150 rexit
387 1113 423 1150 α
441 1100 696 1153 mortuis.
716 1100 897 1156 Verba
915 1106 1048 1156 sunt
1063 1101 1304 1156 Victorii
1323 1103 1392 1158 ad
1411 1102 1690 1170 Hilarum,
1711 1101 1892 1155 sancti

235 1184 438 1240 Leonis
465 1186 661 1256 Magni
686 1191 826 1243 tunc
850 1189 1341 1256 archidiaconum,
1367 1189 1574 1244 deinde
1594 1201 1895 1244 successo-

233 1285 366 1341 rem,
419 1273 481 1328 in
528 1274 867 1343 praefatione
911 1277 1195 1345 paschalis
1237 1278 1409 1348 Festi,
1446 1278 1600 1333 edita
1641 1291 1740 1347 per
1776 1277 1895 1330 Bu-

229 1361 522 1429 cherium,
560 1377 692 1434 pag.
725 1362 759 1418 9

291 1452 375 1504 Ne
425 1457 625 1506 tamen
678 1451 935 1508 differam
985 1455 1270 1525 specimen
1312 1454 1547 1526 aliquod
1599 1455 1892 1511 ﬁrmitatis

227 1539 358 1593 dare
387 1539 576 1608 hujus
605 1541 1014 1614 chronologiaa,
1049 1545 1198 1599 unde
1229 1545 1376 1600 ratio
1407 1549 1723 1613 temporum
1757 1557 1893 1613 pon-

227 1629 464 1683 titicalis
510 1629 776 1686 historiae
816 1631 1050 1688 initium
1091 1634 1275 1701 ducit,
1316 1633 1373 1688 in
1406 1633 1655 1689 medium
1693 1632 1889 1702 profe-

227 1729 360 1787 ram,
413 1718 506 1773 vel
551 1718 824 1775 indicabo
863 1735 1085 1776 summa
1124 1722 1322 1778 saltem
1361 1723 1549 1791 capita
1589 1721 1887 1791 probatio—
1914 1707 1967 1766 Β

224 1818 378 1874 num,
405 1806 637 1876 quibus
657 1807 987 1864 Victoriana
1011 1810 1381 1866 chronotaxis
1402 1824 1466 1865 ac
1491 1815 1682 1866 nostra
1703 1811 1886 1866 solide

222 1895 527 1965 innititur,
576 1899 638 1951 et
680 1901 957 1966 quantum
1002 1899 1222 1969 patitur
1269 1899 1528 1955 historiae
1567 1901 1737 1970 ratio,
1781 1900 1886 1955 de-

221 1987 607 2040 monstratur.

282 2073 346 2126 In
373 2073 605 2142 epocha
639 2075 928 2143 passionis
957 2076 1169 2132 Christi
1204 2077 1572 2147 stabilienda,
1605 2078 1720 2134 duo
1750 2082 1888 2133 sunt

220 2164 576 2218 auctoritate
618 2164 816 2219 divina
850 2165 1016 2221 nobis
1056 2166 1256 2221 traditi
1297 2167 1653 2222 characteres
1682 2181 1885 2224 neces-

218 2251 370 2306 sario
401 2250 783 2314 observandi,
816 2267 1018 2324 nempe
1057 2254 1351 2310 Paschalis
1377 2255 1702 2310 Judaeorum
1734 2255 1879 2324 dies,

218 2351 307 2393 seu
337 2339 564 2392 decima
611 2346 814 2408 quarta
838 2342 953 2395 dies
992 2343 1135 2396 lunae
1175 2346 1373 2397 mensis
1403 2345 1595 2413 primi,
1637 2355 1748 2412 qua
1778 2356 1886 2398 ne—

215 2441 366 2483 cesse
392 2434 527 2483 erat
551 2442 769 2500 agnum
802 2431 1086 2486 immolari
1114 2451 1129 2500 ;
1156 2436 1210 2486 et
1237 2430 1379 2487 feria
1399 2445 1454 2498 v,
1485 2446 1656 2488 cmnaa
1682 2432 1885 2487 Domi—

217 2518 353 2572 nicte
373 2522 636 2588 tempus,
656 2533 722 2573 ac
741 2520 1026 2588 passionis
1050 2520 1306 2588 initium,
1327 2536 1452 2591 quas
1468 2522 1674 2577 deinde
1693 2523 1884 2590 passio

213 2620 328 2662 com
342 2607 616 2675 pleretur
647 2609 927 2677 postridie
959 2610 1018 2663 in
1044 2623 1213 2666 cruce
1245 2609 1386 2666 feria
1416 2624 1496 2679 vr,
1531 2616 1614 2680 ut,
1640 2611 1883 2667 Sabbato

217 2696 398 2765 quieti
433 2698 599 2765 dato,
632 2697 804 2751 tertia
831 2697 949 2767 die,
978 2712 1103 2767 quae
1123 2702 1246 2753 erat
1268 2699 1589 2767 Dominica,
1615 2699 1883 2756 Christus

214 2796 241 2837 a
270 2785 536 2840 mortuis
571 2789 916 2856 resurgeret.

276 2873 387 2927 His
411 2871 654 2928 duobus
682 2873 922 2930 indiciis
948 2878 1288 2947 temporum,
1316 2875 1513 2932 divina
1539 2877 1881 2932 auctoritate

214 2960 464 3019 ﬁrmatis
519 2962 581 3016 in
625 2963 955 3034 Evangelii),
1004 2964 1121 3020 duo
1163 2964 1279 3020 alia
1321 2965 1616 3032 accedunt,
1660 2978 1772 3021 non
1817 2978 1882 3020 ea

215 3049 451 3118 quidem
490 3048 842 3106 revelatione
881 3056 1161 3122 percepta,
1205 3053 1301 3108 sed
1336 3052 1548 3108 tradita
1592 3054 1882 3109 communi

215 3138 559 3195 testimonio
573 3141 827 3208 Patrum,
845 3142 1127 3211 praecipue
1141 3141 1371 3197 illorum
1387 3141 1884 3212 quiaccuratiores

216 3225 456 3283 luerunt
502 3229 562 3282 in
595 3233 918 3296 temporum
951 3231 1174 3285 ratione
1211 3229 1556 3302 colligenda,
1589 3235 1647 3286 et
1674 3231 1884 3287 saeculo

213 3317 432 3372 Christi
468 3317 875 3387 proximiores.
910 3319 1055 3374 Sunt
1083 3332 1214 3375 vero
1245 3320 1592 3374 Geminorum
1622 3322 1882 3375 consula—

215 3412 314 3467 tus,
351 3405 510 3462 Fuﬁi
542 3406 772 3462 scilicet
792 3421 858 3462 ac
885 3407 1138 3463 Rubellii
1161 3405 1332 3478 (quod
1367 3411 1454 3464 est
1493 3409 1760 3480 primum)
1788 3427 1802 3480 ;
1827 3413 1884 3464 et

217 3492 333 3548 dies
371 3506 482 3547 vm
523 3493 809 3550 Kalendas
844 3494 1065 3564 Aprilis
1106 3495 1370 3565 passione
1406 3497 1636 3551 Domini
1677 3509 1882 3552 conse—

217 3587 369 3637 crata
416 3582 598 3653 (quod
653 3587 740 3638 est
794 3584 1146 3656 secundum).
1205 3584 1477 3640 Paschale
1531 3583 1760 3655 festum,
1819 3586 1879 3641 in

219 3673 472 3727 eamdem
539 3684 824 3741 vesperam
883 3672 1164 3742 incidens,
1215 3688 1328 3744 qua
1378 3678 1504 3743 post
1552 3686 1875 3743 supremam

217 3773 431 3816 canam
465 3761 738 3817 Christus
757 3761 1037 3818 Dominus
1068 3764 1388 3832 passionem
1416 3763 1795 3819 inchoaturus
1815 3764 1874 3820 in

218 3850 448 3906 hortum
476 3849 848 3906 Gethsemani
882 3853 1184 3920 concessit,
1227 3852 1464 3921 pariand
1477 3865 1568 3907 um
1595 3865 1719 3907 esse
1742 3867 1873 3908 cum

217 3946 418 4008 quarta
465 3940 693 3996 decima
729 3941 826 3996 die
867 3941 1038 4011 lunae,
1075 3945 1131 3996 et
1168 3954 1270 3996 vm
1313 3942 1595 3997 Kalendas
1629 3943 1870 4012 Aprilis,

214 4027 449 4099 collegit
479 4029 826 4098 Hippolytus
857 4035 1089 4100 martyr,
1135 4030 1214 4085 ita
1247 4029 1495 4085 incisum
1540 4030 1873 4101 relinquens

211 4127 362 4171 anno
387 4131 522 4171 aera:
547 4116 806 4187 vulgaris
829 4114 936 4173 222
955 4118 1213 4174 ordinem
1238 4117 1573 4175 Paschatum
1600 4120 1874 4188 superio-

210 4218 334 4260 rum
374 4206 436 4260 in
467 4219 578 4261 suo
605 4205 772 4276 Cyclo

317 4295 376 4348 H
416 4295 588 4350 ΚΑΛ.
632 4294 875 4349 ΑΠΡΕῙ
1088 4296 1204 4351 DIE
1243 4297 1367 4351 VIII
1396 4297 1535 4352 KAL
1564 4297 1769 4353 APRIL

427 4382 704 4438 ΠΑΘΟΣ
743 4383 826 4436 XC
1077 4383 1314 4440 PASSIO
1363 4385 1644 4442 CHRISTI.

276 4473 458 4528 Plura
489 4472 560 4526 ad
595 4485 723 4526 eum
753 4471 982 4542 Cyclum
1023 4473 1244 4529 contuli
1280 4474 1338 4526 in
1369 4474 1776 4530 dissertatione
1803 4477 1873 4532 de

208 4561 382 4632 Cyclo
408 4561 464 4615 S.
491 4560 759 4630 Hippolyi
789 4561 1084 4630 tmartyris
1109 4575 1230 4630 cap.
1259 4559 1313 4631 2,
1346 4575 1470 4632 pag.
1501 4559 1621 4617 407.
1651 4565 1873 4634 Hippo-

212 4650 327 4719 lyto
397 4649 762 4719 synchronus
827 4649 1223 4706 Tertullianus
1280 4651 1337 4706 in
1396 4651 1547 4706 libro
1598 4652 1874 4709 adversus

207 4738 437 4792 Judmos
463 4735 719 4791 eamdem
745 4735 896 4791 diem
931 4737 1190 4792 Paschati
1217 4739 1491 4794 attribuit
1519 4737 1735 4794 Christi
1763 4754 1872 4796 su-

213 4840 409 4895 premo
446 4828 572 4897 (vm
614 4828 892 4882 Kalendas
930 4829 1188 4897 Aprilis),
1230 4829 1572 4898 eosdemque
1605 4829 1873 4885 consules

210 4916 376 4983 (duos
406 4916 701 4986 Geminos).
744 4918 936 4972 Patres
966 4925 1022 4972 et
1050 4921 1360 4987 scriptores
1391 4918 1487 4986 qui
1523 4918 1768 4986 proximi
1800 4917 1872 4974 ab

213 5004 306 5058 his
334 5005 678 5072 ﬂoruerunt,
713 5009 884 5076 atque
911 5005 952 5060 ii
985 5006 1346 5076 potissimum
1379 5007 1478 5077 qui
1505 5021 1593 5062 res
1616 5007 1874 5062 chrono—

211 5091 433 5164 logicas
478 5094 709 5164 penitus
752 5095 1146 5165 inspexerunt,
1192 5095 1416 5151 eosdem
1457 5095 1722 5151 consules
1763 5096 1872 5150 Ge-

210 5185 388 5236 minos
429 5183 802 5254 eamdemque
833 5185 986 5240 diem
1030 5199 1133 5239 vm
1174 5185 1449 5239 Kalendas
1489 5186 1701 5254 Aprilis
1740 5199 1869 5241 cum

210 5269 428 5324 Christi
465 5272 735 5340 passione
764 5279 1133 5342 componunt.

282 5359 329 5411 E
361 5359 620 5428 patribus
667 5361 896 5416 Latinis
922 5362 979 5416 S.
1019 5361 1385 5433 Augustinus
1417 5363 1495 5418 sit
1529 5363 1713 5418 instar
1741 5376 1872 5419 om—

213 5445 381 5500 nium
408 5447 467 5503 in
492 5448 590 5504 lib.
627 5463 686 5504 tv
714 5450 790 5504 de
812 5450 1111 5520 Trinitate,
1146 5464 1271 5519 cap.
1298 5449 1333 5506 5
1361 5471 1372 5506 :
1396 5453 1546 5507 Sicut
1575 5468 1608 5505 a
1636 5453 1873 5520 majori-

214 5533 340 5597 bus,
396 5537 609 5609 inquit,
664 5538 939 5593 traditum
981 5541 1279 5608 suscipiens
1330 5542 1583 5596 Ecclesia
1635 5542 1871 5597 custodit

2011 496 2122 549 qua
2156 487 2206 535 et
2237 499 2454 552 passus.
2490 485 2646 541 Licet
2673 501 2806 542 vero
2846 489 3168 556 passionem
3213 490 3532 548 inchoatam
3561 494 3658 550 die

2009 583 2114 624 vm
2161 571 2442 628 Kalendas
2491 573 2636 630 feria
2681 575 2903 646 quinta,
2953 576 3012 632 in
3057 577 3224 633 horto
3265 578 3651 651 Gethsemani,

2007 656 2336 715 confuderit
2359 668 2494 717 tetas
2516 663 2797 732 posterior
2815 679 2942 720 cum
2974 665 3238 735 passione
3261 665 3320 721 in
3341 680 3512 723 cruce
3529 681 3658 724 con-

2007 761 2132 802 sum
2145 754 2288 804 mata
2313 749 2408 805 die
2433 765 2512 806 vn
2539 752 2841 823 Kalendas,
2870 752 3014 809 feria
3040 768 3119 825 γι,
3150 755 3210 810 in
3237 760 3427 812 monte
3449 756 3656 813 Calva-

2011 835 2111 889 rize
2143 854 2158 902 ς
2189 840 2432 893 attemen
2483 840 2794 908 Victorius,
2853 843 2939 898 uti
2991 843 3267 912 vidimus,
3318 847 3376 899 et
3415 859 3544 900 cum
3589 857 3656 902 eo

2003 923 2336 994 chronologi
2362 926 3141 1000 diligentioresdistinguunt
3158 931 3309 986 diem
3331 945 3434 987 vm
3459 932 3657 989 Kalen-

2003 1012 2105 1066 das
2134 1013 2428 1069 Passionis
2471 1016 2705 1072 initium
2740 1017 2797 1071 in
2834 1017 3019 1086 horto,
3053 1032 3084 1073 a
3113 1020 3208 1074 die
3236 1033 3313 1074 vn
3345 1021 3648 1090 Kalendas,

2004 1100 2297 1156 Passionis
2358 1105 2602 1159 termino
2659 1106 2718 1160 in
2775 1106 3076 1176 Golgotha.
3125 1109 3194 1162 Et
3248 1109 3652 1179 castigatiores

2005 1189 2285 1246 Lactantii
2321 1191 2605 1248 editiones
2641 1192 2747 1265 (uti
2789 1197 3195 1265 Lugdunenses
3232 1197 3378 1265 dum,
3415 1198 3651 1254 Joannis

2002 1280 2298 1350 Tornmsii,
2327 1293 2477 1336 anno
2505 1278 2662 1348 4587,
2689 1287 2746 1337 et
2769 1283 2996 1338 Thomte
3023 1284 3279 1340 Soubron
3305 1298 3454 1340 anno
3488 1282 3645 1355 4594,

2003 1383 2129 1437 qua:
2162 1369 2438 1425 dicuntur
2466 1387 2535 1424 cm
2569 1372 2676 1440 ﬁde
2705 1375 2756 1424 et
2792 1375 3113 1426 auctoritate
3151 1373 3414 1428 librorum
3443 1391 3651 1430 manu-

1999 1459 2324 1526 scriptorum
2371 1460 2685 1522 emendatae,
2731 1459 2834 1516 lib.
2881 1475 2958 1532 1v,
3003 1475 3129 1531 cap.
3181 1459 3266 1530 40,
3317 1462 3648 1518 divinarum

2001 1545 2438 1602 Institutionum
2490 1547 2608 1603 haec
2647 1548 2857 1604 habent
2893 1567 2908 1604 :
2944 1550 3160 1604 Exinde
3202 1551 3501 1606 tetrarchas
3540 1552 3651 1606 ha-

2000 1634 2231 1688 buerunt
2260 1633 2476 1708 (Judaei)
2501 1652 2669 1706 usque
2698 1637 2774 1691 ad
2791 1638 3074 1704 Herodem,
3099 1639 3196 1706 qui
3213 1640 3326 1704 fuit
3344 1641 3444 1693 sub
3468 1643 3648 1709 impe-

1996 1724 2079 1776 rio
2112 1724 2316 1777 Tiberii
2343 1723 2592 1788 Caesaris,
2628 1727 2786 1794 cujus
2819 1741 2964 1779 anno
3003 1729 3192 1794 quinto
3224 1727 3445 1790 decimo,
3475 1728 3539 1781 id
3568 1733 3649 1784 est

1998 1811 2209 1865 duobus
2241 1812 2478 1865 Geminis
2516 1814 2848 1876 consulibus,
2882 1818 3007 1867 ante
3035 1814 3180 1869 diem
3215 1817 3500 1885 septimam
3523 1818 3648 1870 Ka-

1998 1900 2188 1954 lendas
2251 1900 2466 1969 Aprilis
2527 1902 2706 1955 Judaei
2765 1903 3036 1958 Christum
3098 1905 3248 1956 cruci
3320 1905 3641 1972 afﬁmerunt.

1997 1989 2290 2044 Betuleius
2322 2003 2568 2061 quoque,
2602 2003 2817 2046 necnon
2848 1990 2951 2046 alii
2984 1989 3296 2060 scriptores
3320 1991 3643 2062 observant,

1997 2079 2055 2133 in
2090 2079 2431 2135 melioribus
2469 2080 2749 2135 Lactantii
2793 2079 3152 2135 editionibus
3181 2079 3314 2150 legi,
3348 2084 3474 2134 ante
3503 2081 3646 2134 diem

1995 2170 2277 2238 septimam
2312 2169 2634 2234 Kalendas;
2664 2168 2800 2223 licet
2833 2168 2936 2223 alii
2976 2165 3279 2238 praeferant
3317 2181 3413 2223 eas
3451 2182 3577 2239 qua:
3607 2183 3644 2224 ι

1994 2255 2277 2311 Kalendas
2315 2256 2694 2326 perscriptum
2731 2256 2941 2310 habent

2063 2345 2108 2399 E
2137 2345 2406 2400 Patribus
2446 2350 2636 2400 autem
2676 2344 2892 2400 Graecis
2919 2344 2973 2399 S.
3016 2344 3258 2399 Joannes
3294 2343 3643 2416 Chrysosto-

1995 2447 2122 2488 mus
2146 2434 2204 2488 in
2230 2433 2471 2490 homilia
2489 2434 2559 2488 de
2579 2433 2765 2488 Nativ.
2782 2434 2838 2488 S.
2859 2433 3098 2490 Joannis
3115 2433 3381 2503 Baptistae
3401 2433 3644 2505 loquens

1993 2523 2063 2578 de
2093 2522 2551 2579 Annunti-atione
2577 2524 2836 2593 Deipara:
2865 2523 3127 2594 Virginis
3157 2523 3240 2578 ait
3272 2540 3284 2576 :
3319 2524 3446 2577 Fuit
3473 2525 3646 2591 igitur

1993 2612 2214 2682 quando
2267 2612 2377 2666 haec
2432 2613 2658 2679 angelus
2711 2612 2787 2666 ad
2835 2614 3074 2667 Mariam
3127 2614 3483 2666 annuntiauit
3535 2625 3641 2668 vm

1991 2697 2268 2756 Kalendas
2305 2701 2541 2771 Aprilis,
2577 2716 2755 2756 mense
2791 2702 3013 2763 Martio,
3047 2701 3145 2769 qui
3177 2704 3257 2754 est
3284 2700 3399 2754 dies
3427 2701 3646 2756 Pascha:

1993 2792 2211 2844 Domini
2224 2793 2275 2844 et
2297 2791 2655 2859 conceptionis
2675 2789 2814 2858 ejus.
2837 2790 2906 2843 In
2926 2804 3036 2859 qua
3060 2790 3202 2843 enim
3223 2788 3312 2843 die
3335 2793 3642 2859 conceptus,

1992 2883 2052 2934 in
2077 2880 2264 2934 eadem
2293 2883 2346 2933 et
2361 2894 2562 2948 passus
2599 2882 2693 2933 est.
2723 2879 2778 2933 S.
2812 2878 3107 2933 Proterius
3131 2891 3200 2932 ex
3232 2877 3643 2933 Alexandrinis

1995 2969 2054 3023 in
2077 2968 2319 3038 epistola
2350 2967 2632 3035 Paschali,
2665 2968 2733 3024 ad
2757 2968 2810 3023 S.
2838 2968 3076 3023 Leonem
3107 2969 3373 3039 Magnum
3407 2967 3648 3037 perscri-

1917 3037 1964 3096 (ἶ
1994 3037 2189 3129 ρῐειξθῐ
2218 3059 2369 3128 apud
2393 3058 2734 3113 Bucherium
2761 3057 2916 3113 edita
2948 3070 3075 3129 pag.
3095 3053 3167 3112 83
3186 3037 3336 3112 diem
3366 3059 3644 3126 susceptae

1993 3149 2187 3202 carnis
2228 3161 2260 3202 a
2292 3147 2492 3202 divino
2531 3145 2713 3203 Verbo
2750 3161 2879 3202 cum
2918 3146 3015 3201 die
3053 3159 3227 3201 omna:
3263 3144 3372 3201 sub
3410 3158 3645 3215 vespera

1994 3236 2284 3306 passionis
2305 3235 2374 3290 ab
2395 3249 2461 3291 eo
2482 3234 2776 3291 celebratis
2807 3235 2994 3304 pariat
3016 3234 3108 3289 his
3131 3233 3320 3289 verbis
3345 3253 3358 3288 :
3382 3236 3643 3288 Dominus

1985 3325 2274 3396 plenitudo
2323 3326 2455 3393 legis
2499 3327 2755 3386 existens,
2801 3323 3020 3393 quando
3064 3323 3323 3389 dignatus
3367 3327 3447 3376 est
3488 3321 3642 3375 homo

1990 3417 2130 3483 ﬁeri,
2159 3417 2355 3483 quinta
2381 3416 2545 3482 feria,
2578 3415 2785 3468 decima
2821 3416 3021 3481 quarta
3056 3412 3189 3463 luna
3216 3411 3417 3463 mensis
3447 3409 3638 3476 primi,

1991 3507 2050 3557 in
2076 3505 2345 3558 caenaculo
2374 3519 2493 3556 cum
2530 3501 2814 3570 discipulis
2838 3500 3048 3552 Pascha
3084 3496 3445 3559 manducans,
3467 3496 3639 3566 paulo

1983 3597 2108 3662 post
2138 3608 2172 3644 a
2199 3593 2346 3646 Juda
2385 3591 2629 3643 traditur
2655 3607 2672 3653 ;
2699 3592 2750 3641 et
2777 3587 3021 3655 sequenti
3059 3584 3167 3648 die,
3206 3586 3402 3654 quinta
3431 3585 3640 3640 decima

1989 3683 2123 3734 luna
2160 3682 2518 3747 cruciﬁgitur,
2549 3678 2611 3730 id
2644 3680 2722 3730 est
2767 3680 2922 3730 sexta
2961 3676 3123 3743 feria,
3162 3679 3268 3730 etc.
3306 3674 3577 3744 Tempero
3607 3687 3641 3730 a

1988 3768 2255 3840 pluribus
2287 3766 2636 3835 referendis;
2667 3778 2797 3820 cum
2831 3763 3163 3820 iudicentur
3184 3762 3333 3833 apud
3367 3765 3442 3818 La
3472 3763 3641 3818 Barre

1988 3858 2045 3912 in
2070 3857 2224 3912 notis
2255 3855 2323 3910 ad
2354 3853 2698 3908 Tertulliani
2731 3851 2920 3907 locum
2952 3850 3084 3911 libr.
3120 3850 3394 3906 adversus
3414 3850 3640 3907 Iudaeos

1985 3960 2109 4018 pag.
2150 3941 2252 4000 440
2283 3944 2449 3999 illius
2471 3941 2752 3998 editionis
2776 3959 2791 4011 ;
2814 3941 3040 4010 etapud
3063 3941 3129 3994 R.
3161 3941 3220 3995 P.
3257 3939 3310 3995 le
3329 3941 3553 4010 Nourry
3577 3939 3638 3994 in

1984 4036 2139 4091 notis
2161 4034 2228 4090 ad
2257 4032 2469 4088 librum
2501 4031 2662 4086 Lucii
2685 4029 2903 4085 Caecilii
2925 4031 2997 4086 de
3016 4028 3299 4086 Mortibus
3321 4032 3642 4099 persecuta.

1983 4137 2134 4190 rum,
2179 4137 2303 4192 cap.
2348 4119 2400 4179 Ιι.
2453 4134 2577 4192 pag.
2631 4116 2754 4184 459,
2797 4132 2923 4188 quae
2970 4116 3162 4174 fusius
3211 4131 3528 4188 prosequor
3575 4129 3640 4172 ac

1984 4213 2328 4284 diligentius
2358 4209 2617 4280 expendo
2639 4209 2698 4263 in
2729 4207 3149 4262 Dissertatione
3168 4207 3238 4261 de
3267 4205 3494 4275 Epocha
3515 4205 3637 4260 Do—

1987 4302 2214 4357 minicae
2260 4299 2556 4354 Passionis
2601 4297 2881 4352 inchoata:
2920 4299 3070 4350 recte
3107 4294 3510 4350 constituenda
3543 4293 3639 4349 die

1901 4378 1954 4438 D
1986 4404 2088 4446 vm
2122 4389 2424 4457 Kalendas,
2449 4392 2505 4442 et
2527 4385 2816 4456 passionis
2837 4387 3264 4452 consummatis,
3293 4383 3414 4438 sive
3433 4382 3634 4438 cruci-

1986 4480 2240 4546 ﬁxionis,
2273 4479 2369 4534 die
2397 4491 2478 4532 vu
2512 4475 2794 4531 Kalendas
2825 4473 3064 4543 Aprilis,
3106 4471 3333 4527 duobus
3376 4470 3638 4528 Geminis

1984 4567 2346 4636 consulibus,
2409 4578 2559 4621 anno
2615 4562 2873 4634 vulgaris
2931 4575 3056 4616 terte
3111 4558 3200 4630 28,
3258 4561 3445 4616 aetatis
3506 4572 3637 4615 vero

1983 4656 2199 4710 Christi
2231 4655 2458 4711 Domini
2491 4652 2562 4709 33
2593 4653 2835 4708 labente.

2056 4747 2315 4816 Quatuor
2339 4745 2520 4816 igitur
2543 4743 2902 4798 characteres
2920 4742 3035 4798 diei
3069 4745 3124 4797 et
3153 4741 3288 4798 anni
3323 4740 3635 4796 Dominicaa

1988 4835 2277 4906 passionis
2299 4846 2362 4887 ac
2386 4833 2607 4898 mortis,
2632 4832 2778 4887 duos
2811 4831 3043 4901 quidem
3069 4830 3267 4884 divina
3289 4827 3634 4882 revelatione

1985 4928 2188 4990 certos,
2213 4921 2358 4974 duos
2380 4924 2568 4973 autem
2591 4931 2659 4972 ex
2680 4919 2992 4974 traditione
3012 4931 3077 4972 ac
3097 4915 3379 4971 sententia
3401 4916 3631 4969 Patrum

1984 5013 2260 5078 receptos,
2284 5011 2404 5062 tum
2430 5007 2488 5060 in
2516 5005 2768 5072 Oriente,
2803 5011 2922 5060 tum
2953 5006 3011 5059 in
3039 5003 3368 5074 Occidente,
3399 5003 3634 5059 student

1981 5095 2315 5167 chronologi
2339 5093 2671 5151 conciliare.
2696 5093 2798 5147 Sed
2833 5093 3003 5149 irrito
3032 5094 3242 5148 conatu
3265 5105 3354 5148 res
3379 5092 3500 5148 illis
3523 5092 3633 5147 ha-

1981 5192 2184 5243 ctenus
2222 5188 2439 5239 tentata
2488 5187 2592 5250 est,
2634 5195 2700 5237 ex
2746 5195 2859 5251 quo
2909 5184 3268 5236 recesserunt
3304 5195 3337 5236 a
3377 5181 3632 5236 Victorio

1983 5279 2041 5333 in
2076 5274 2374 5346 pariandis
2419 5273 2628 5326 duobus
2672 5271 2910 5325 Geminis
2948 5271 3262 5325 consulibus
3304 5283 3434 5326 cum
3480 5282 3632 5327 anno

1982 5363 2267 5420 bissextili
2291 5361 2548 5432 vulgaris
2569 5375 2692 5415 tera;
2712 5360 2929 5415 Christi
2953 5358 3044 5414 28.
3069 5360 3180 5414 Hos
3202 5358 3355 5414 enim
3379 5357 3479 5413 ille
3499 5372 3630 5414 cum

1980 5459 2129 5510 recte
2159 5451 2433 5508 tribuerit
2462 5450 2642 5505 eidem
2678 5462 2848 5520 anno,
2879 5449 3158 5505 differunt
3189 5447 3300 5516 ipsi
3336 5447 3394 5502 in
3422 5461 3632 5505 conse-

1979 5548 2268 5614 quentem,
2296 5554 2329 5597 a
2348 5539 2640 5594 bissextili
2673 5539 3019 5609 proximum,
3044 5549 3169 5591 terat
3190 5536 3516 5593 communis
3534 5535 3628 5608 29,
