4050 6184
453 321 556 382 127

1232 327 1327 384 AD
1374 323 1810 384 ANASTASIUM
1860 324 2370 384 PROLEGOMENA
2422 325 2608 383 EDIT.
2649 327 3078 385 ROM.-VATIC.

3749 330 3848 388 428

452 453 508 504 et
557 450 804 504 retinent
856 450 1123 520 epocham
1182 453 1472 522 passionis
1517 452 1614 508 die
1658 463 1761 507 Vill
1812 449 2178 512 KalendasA
2208 456 2265 507 et
2305 452 2634 508 memoriam
2685 453 2971 521 passionis
3018 451 3323 507 instituit:
3359 464 3528 522 quam
3581 452 3639 506 in
3688 451 3845 506 horto

451 537 672 606 Aprilis
707 556 720 604 ς
756 554 880 608 qua:
910 540 1036 595 dies
1065 542 1328 611 componi
1363 553 1720 612 nequaquam
1755 545 1940 610 potest
1966 554 2095 594 cum

453 631 702 696 quatuor
726 629 997 684 indicatis
1013 630 1462 697 characteribus,
1482 630 1531 684 si
1550 629 1815 685 consules
1833 630 1911 684 ita
1930 629 2100 684 collo-

451 719 671 770 centur.
718 718 852 771 Nam
899 718 948 771 si
993 719 1314 787 passionem
1353 717 1647 775 conferant
1681 719 1737 772 in
1777 732 1989 773 annum
2027 714 2098 771 28

451 801 810 859 bissextilem
843 807 976 875 (quo
1011 806 1146 861 luna
1179 813 1382 876 quarta
1424 809 1643 863 decima
1677 807 1964 876 paschalis
1991 807 2099 860 Ju—

443 889 699 946 daaorum
733 901 880 947 recte
913 893 1173 962 pariatur
1203 909 1330 950 cum
1353 910 1429 951 vn
1461 896 1741 951 Kalendas
1771 894 2010 965 Aprilis,
2044 899 2099 948 et

443 992 579 1034 cum
617 983 950 1050 przecedenti
985 997 1213 1053 vespere
1241 985 1357 1039 diei
1392 999 1492 1040 vm
1528 986 1829 1054 Kalendas,
1865 991 1925 1039 ut
1948 981 2099 1036 infra

452 1070 786 1139 ostendam),
818 1071 1092 1128 deserunt
1115 1074 1230 1142 jam
1271 1074 1652 1129 characterem
1689 1073 1852 1128 illius
1881 1086 2100 1128 consu—

453 1155 624 1227 latus,
690 1167 970 1216 assertum
1030 1177 1061 1216 a
1116 1162 1491 1229 Tertulliano,
1552 1163 1865 1231 Lactantio,
1926 1160 2100 1215 Lucio

449 1244 700 1315 Cascilio,
719 1247 1059 1320 Augustino,
1075 1250 1332 1319 Sulpicio
1346 1251 1566 1316 Severo,
1585 1250 1838 1305 Victorio
1851 1249 2102 1319 aliisque

448 1333 719 1389 Patribus
741 1343 792 1390 et
816 1337 1181 1409 chronologis
1205 1358 1216 1393 :
1245 1340 1480 1408 insuper
1503 1341 1702 1406 feriam
1724 1343 1951 1400 sarciam,
1977 1352 2102 1408 quae

447 1425 646 1476 certus
663 1430 749 1478 est
768 1425 1062 1481 character
1078 1427 1388 1482 Dominica:
1409 1427 1748 1482 cruciﬁxion
1761 1428 1828 1490 is,
1853 1427 1910 1481 in
1931 1427 2101 1480 Evan-

449 1509 604 1579 gelio
626 1513 1000 1584 perscriptus,
1022 1529 1132 1570 non
1159 1516 1424 1586 retinent,
1445 1516 1492 1570 si
1514 1517 1812 1586 assignant
1827 1516 1977 1570 diem
1996 1528 2099 1568 vm

451 1597 740 1656 Kalendas
761 1603 982 1670 Aprilis
1003 1605 1138 1658 anni
1163 1602 1574 1660 bissextilis28
1592 1605 1738 1676 (quae
1759 1602 1871 1662 fuit
1889 1603 2033 1660 feria
2048 1605 2103 1676 v)

451 1688 765 1744 conlixioni
811 1691 1104 1762 Unigeniti
1150 1695 1245 1748 Dei
1302 1695 1359 1748 in
1404 1707 1592 1749 cruce.
1637 1694 1736 1749 Sin
1780 1707 1910 1749 vero
1957 1693 2102 1747 hanc

2209 539 2486 596 inchoans
2531 542 2723 596 eadem
2769 545 2933 596 nocte
2977 541 3094 596 diei
3139 539 3228 610 25,
3283 546 3619 610 prosecutus
3660 545 3748 594 est
3791 541 3844 595 in

2208 631 2476 699 praetorio
2521 631 2888 686 illucescente
2935 628 3078 685 feria
3121 645 3175 685 Vl
3225 635 3280 684 et
3321 630 3416 685 die
3459 629 3548 698 26,
3596 629 3664 684 ab
3715 630 3847 687 hora

2207 725 2365 775 sexta
2395 721 2463 774 ad
2496 733 2702 774 nonam
2736 720 2793 774 in
2827 733 2996 774 cruce
3027 719 3298 789 pendens,
3330 725 3384 773 et
3417 720 3848 774 Consummatum

2207 806 2284 861 est
2332 808 2736 877 pronuntians,
2791 812 3026 863 mortem
3080 807 3342 862 obeundo
3394 807 3720 876 complevit,
3771 820 3846 860 vn

2207 897 2488 951 Kalendas
2533 897 2752 966 Aprilis
2797 896 3234 951 numerantibus
3281 897 3551 950 Romanis
3600 895 3658 950 in
3705 908 3850 950 anno

2204 985 2431 1054 juliano
2461 985 2751 1040 bissextili
2783 1000 2909 1040 tera:
2937 985 3152 1041 Christi
3184 986 3507 1040 communis
3538 982 3628 1039 28.

2279 1072 2702 1128 Ostendendum
2743 1074 2874 1140 erit,
2921 1073 3171 1129 secundo
3217 1072 3359 1141 loco,
3391 1073 3539 1128 duos
3582 1069 3851 1128 Geminos

2209 1163 2476 1218 consules
2499 1176 2608 1216 non
2636 1163 2920 1231 pertinere
2939 1163 3006 1217 ad
3036 1175 3246 1217 annum
3270 1160 3358 1229 29,
3387 1167 3451 1216 ut
3475 1161 3852 1217 communiter

2211 1251 2523 1320 Opinantur
2538 1251 2871 1322 chronologi
2885 1293 2897 1322 ,
2911 1251 3007 1306 sed
3024 1251 3091 1306 ad
3107 1264 3317 1306 annum
3330 1248 3421 1320 28,
3443 1251 3529 1305 uti
3552 1249 3854 1306 collocavit

2209 1339 2522 1396 Victorius.

2281 1430 2588 1499 Utramque
2613 1429 2985 1484 assertionem
3009 1429 3247 1498 ejusque
3271 1429 3610 1483 documenta
3636 1434 3853 1483 contra-

2211 1517 2340 1572 ham
2371 1532 2439 1572 ex
2481 1515 2774 1572 diﬂusiori
2821 1516 3329 1582 demonstratione,
3378 1528 3546 1584 quam
3587 1514 3761 1571 attuli
3799 1517 3852 1569 in

2209 1607 2625 1662 Dissertatione
2666 1608 2918 1663 indicata
2958 1607 3026 1661 de
3060 1606 3273 1676 epocha
3314 1605 3602 1674 passionis
3637 1605 3854 1660 Christi

2211 1697 2598 1764 componenda
2642 1711 2769 1751 cum
2821 1709 2970 1750 anno
3013 1695 3270 1766 vulgaris
3318 1708 3443 1750 aarze
3489 1691 3578 1764 28,
3628 1693 3854 1751 duobus

449 1774 729 1831 diﬂ‘erunt
759 1780 826 1834 ad
859 1793 960 1834 vm
996 1780 1276 1836 Kalendas
1308 1782 1526 1851 Aprilis
1557 1784 1693 1838 anni
1727 1782 1976 1852 proximi
2008 1778 2097 1850 29,
2130 1769 2179 1828 Β
2211 1785 2471 1840 Geminis
2510 1785 2870 1841 consulibus.

449 1877 618 1932 quem
632 1864 1308 1935 signantduobusGemin
1321 1871 1368 1924 is
1380 1871 1738 1940 consulibus,
1755 1871 1857 1926 hos
1871 1871 2097 1941 quidem

451 1953 720 2025 retinent,
754 1963 809 2010 et
838 1957 1220 2013 characterem
1253 1958 1409 2014 ierim
1440 1973 1518 2029 νι,
1551 1961 1646 2015 sed
1681 1961 1860 2014 alium
1892 1960 2103 2014 chara—

447 2047 660 2097 cterem
720 2045 955 2112 perinde
1022 2053 1240 2102 certum
1304 2047 1360 2102 in
1420 2049 1747 2119 Evangelio,
1806 2048 2100 2104 Paschatis

447 2131 678 2187 scilicet
704 2134 1048 2204 Judzeorum,
1078 2149 1189 2192 non
1216 2138 1379 2192 modo
1410 2144 1605 2193 arcent
1625 2153 1655 2194 a
1676 2139 1770 2193 die
1788 2135 1858 2192 25
1883 2137 2096 2205 Martii,

357 2297 362 2300 _
453 2224 548 2278 sed
572 2236 602 2278 a
633 2228 750 2278 toto
784 2238 972 2280 mense
993 2227 1330 2281 excludunt.
1364 2227 1859 2284 Ostenduntenim
1893 2228 2101 2285 fabulae

453 2317 710 2368 motuum
736 2313 1164 2386 lunisolarium,
1185 2317 1322 2372 totis
1342 2319 1606 2373 undecim
1623 2319 1828 2374 diebus
1845 2324 1976 2374 ante
1994 2332 2096 2374 Vill

451 2401 735 2458 Kalendas
748 2402 966 2473 Aprilis
980 2404 1171 2459 lunam
1191 2412 1450 2474 quartam
1465 2407 1741 2461 decimam
1767 2409 2100 2475 praecessis-

451 2505 513 2547 se
526 2491 728 2547 Martio
745 2492 973 2548 Juliano
986 2495 1122 2549 anni
1140 2491 1230 2562 29,
1248 2508 1350 2550 nec
1364 2501 1657 2566 propterea
1671 2494 1852 2551 fuisse
1867 2497 2098 2552 Pascha-

451 2580 560 2635 lem
599 2597 613 2645 ;
645 2595 770 2637 cum
803 2596 866 2637 ea
898 2582 1034 2639 luna
1065 2585 1476 2653 aequinoctium
1509 2587 1864 2642 antecederet
1893 2587 2098 2645 diebus

452 2669 584 2739 plus
615 2685 783 2740 quam
828 2673 1042 2726 decem.
1087 2672 1270 2740 Quare
1307 2674 1526 2729 decima
1558 2681 1762 2744 quarta
1810 2677 2099 2733 Paschalis

452 2759 630 2828 quzeri
663 2759 829 2816 debet
866 2775 1016 2816 anno
1053 2759 1143 2825 29,
1190 2763 1343 2819 circa
1392 2763 1522 2819 ldus
1550 2765 1788 2834 Aprilis.
1839 2766 2100 2822 Retinere

453 2845 636 2919 igitur
647 2850 980 2920 nequeuntd
993 2851 1098 2906 iem
1114 2864 1215 2906 vm
1231 2852 1512 2908 Kalendas
1523 2853 1632 2908 sub
1650 2855 1724 2909 iis
1737 2855 2098 2910 consulibus.

454 2951 595 3006 quos
625 2937 908 2993 collocant
937 2939 995 2993 in
1024 2941 1209 2994 Fastis
1234 2942 1302 2996 ad
1331 2955 1544 2997 annum
1570 2940 1641 2996 29
1661 2956 1786 2998 certe
1816 2943 2096 3014 vulgaris.

449 3026 634 3098 Quare
654 3027 1010 3096 impossibile
1028 3029 1261 3084 omnino
1279 3030 1542 3086 redditur
1555 3037 1802 3104 quatuor
1822 3032 1956 3088 illos
1973 3032 2101 3087 cha-

2285 1876 2533 1930 Priorem
2559 1876 2714 1930 illam
2738 1875 3108 1931 assertionem
3136 1875 3216 1931 ita
3231 1877 3560 1932 demonstro
3582 1875 3640 1930 in
3661 1875 3855 1931 eadem

2209 1963 2635 2033 dissertatione,
2668 1965 2922 2020 sectione
2949 1961 3003 2033 3,
3040 1977 3195 2019 num.
3233 1962 3284 2020 4.

2282 2051 2549 2107 Rationes
2582 2052 2731 2107 lunae
2759 2053 2994 2108 decima:
3037 2057 3254 2123 quartze
3286 2052 3578 2108 Paschalis
3609 2064 3761 2106 anno
3793 2048 3859 2106 28

2208 2155 2332 2196 mra:
2363 2141 2684 2198 communis
2714 2143 2792 2197 ita
2818 2150 2956 2197 sunt
2981 2148 3208 2211 apertae,
3239 2147 3300 2196 ut
3329 2141 3426 2212 qui
3454 2140 3677 2196 tabulas
3702 2153 3770 2195 ea
3795 2139 3860 2194 de

2212 2245 2269 2286 re
2287 2232 2728 2302 concinnarunt,
2754 2238 2864 2286 tam
2892 2236 3107 2287 veteres
3129 2245 3298 2301 quam
3324 2237 3595 2297 recentes,
3619 2230 3688 2284 de
3711 2227 3859 2284 festo

2212 2321 2524 2387 Paschalis,
2577 2327 2696 2376 tum
2745 2321 2971 2376 Judaici
3023 2326 3144 2376 tum
3197 2319 3538 2388 Christiani,
3588 2332 3652 2373 eo
3704 2331 3858 2372 anno

2210 2412 2360 2465 inter
2398 2426 2458 2466 se
2498 2426 2608 2468 non
2647 2411 3021 2466 dissentiant.
3055 2409 3272 2465 Victori
3302 2409 3491 2463 Canon
3537 2406 3858 2477 Paschalis,

2211 2502 2342 2559 inde
2372 2519 2610 2560 exorsus
2642 2503 2964 2572 Periodum,
2997 2502 3269 2558 attribuit
3297 2503 3413 2558 diei
3444 2501 3758 2557 Dominicaa
3793 2497 3861 2554 28

2209 2594 2398 2649 Martii
2430 2598 2650 2648 aetatem
2690 2592 2841 2647 lunae
2870 2592 3106 2648 decimae
3134 2597 3322 2656 sextze,
3358 2595 3415 2645 et
3445 2595 3861 2659 consequenter

2210 2682 2404 2737 lunam
2433 2689 2692 2752 quartam
2723 2682 3001 2736 decimam
3033 2679 3234 2750 alligat
3263 2677 3420 2733 feriae
3450 2692 3504 2733 νι
3540 2677 3729 2734 Martii
3765 2675 3857 2744 26,

2211 2785 2322 2842 qua
2345 2771 2624 2826 Dominus
2650 2771 2706 2824 in
2728 2783 2953 2825 crucem
2976 2774 3139 2825 actus
3163 2769 3483 2839 passionem
3511 2771 3688 2822 morte
3709 2780 3862 2823 com-

2210 2861 2418 2932 plebat,
2455 2861 2778 2916 inchoatam
2821 2873 3051 2929 vespere
3095 2858 3456 2928 praecedenti,
3488 2863 3543 2913 et
3584 2858 3860 2927 mysterio

2211 2951 2500 3006 incruenti
2545 2948 2820 3006 sacriﬁcii
2870 2961 2902 3003 a
2949 2961 3010 3003 se
3057 2947 3420 3003 dedicatam:
3458 2959 3582 3016 qua:
3625 2959 3861 3014 vespera

2211 3039 2366 3107 licet,
2401 3040 2782 3095 Romanorum
2817 3050 2987 3104 more,
3013 3036 3440 3092 numerantium
3467 3035 3594 3090 dies
3615 3048 3645 3090 a
3669 3034 3859 3088 media

449 3121 697 3171 racteres
740 3130 1076 3186 componere
1105 3131 1235 3173 cum
1265 3099 1636 3176 Geminorum
1679 3121 1984 3177 consulatu
2019 3120 2097 3175 ita
2126 3099 2174 3161 (ἶ
2210 3099 2373 3184 nocte
2416 3129 2475 3183 in
2510 3129 2749 3183 mediam
2794 3126 2902 3195 (uti
2942 3099 3227 3180 testantur
3258 3123 3578 3180 Macrobius
3620 3122 3859 3178 Saturn.

445 3205 648 3260 dilato.

520 3297 802 3352 Retractis
816 3312 947 3353 vero
962 3298 1163 3354 iisdem
1178 3299 1438 3354 Geminis
1451 3301 1790 3356 consulibus
1811 3303 1867 3356 in
1883 3316 2098 3359 annum

451 3385 878 3453 praecedentem.
929 3400 1173 3456 eumque
1225 3387 1602 3451 bissextilem,
1649 3390 1905 3461 vulgaris
1951 3406 2094 3462 terte,

446 3473 665 3528 Christi
686 3472 776 3541 28,
805 3488 932 3529 cum
961 3473 1240 3545 Victorio,
1267 3490 1357 3530 res
1383 3491 1578 3534 omnes
1600 3479 1874 3534 nitide'ac
1898 3495 2097 3550 (cqua-

449 3561 650 3618 biliter
673 3563 1005 3633 procedunt,
1029 3568 1086 3619 et
1105 3563 1359 3635 singulis
1381 3579 1448 3620 ex
1475 3573 1722 3636 quatuor
1740 3567 2097 3622 characteri-

447 3651 557 3708 bus
579 3666 682 3708 sua
706 3653 844 3707 tldes
864 3657 1108 3708 constat.
1130 3654 1268 3708 Cum
1287 3655 1438 3709 enim
1464 3654 1606 3710 feria
1623 3670 1656 3708 v
1679 3670 1828 3711 anno
1848 3654 1919 3711 28
1942 3657 2098 3712 inci—

447 3742 547 3797 dat
575 3742 632 3796 in
665 3742 814 3796 diem
841 3739 912 3796 25
940 3742 1155 3811 Martii,
1183 3757 1283 3798 seu
1316 3758 1415 3798 vm
1446 3745 1726 3801 Kalendas
1755 3746 2014 3816 Aprilis;
2042 3751 2099 3800 et

449 3843 578 3884 cum
605 3829 824 3885 decima
853 3836 1056 3900 quarta
1084 3831 1219 3886 luna
1250 3833 1463 3888 mensis
1493 3835 1668 3888 Nisan
1697 3848 1762 3890 eo
1789 3848 1939 3890 anno
1962 3834 2098 3890 refe-

451 3923 613 3972 ratur
650 3923 843 3973 exacte
879 3919 947 3974 ad
988 3919 1140 3974 diem
1183 3918 1254 3976 26
1295 3921 1484 3976 Martii
1531 3923 1650 3979 sive
1689 3937 1765 3977 vn
1814 3923 2095 3979 Kalendas

448 4007 670 4076 Aprilis
702 4007 844 4063 feria
884 4022 939 4062 v1
971 4008 1055 4079 (ut
1087 4023 1213 4065 mox
1257 4011 1571 4081 ostendam)
1610 4013 1739 4080 jure
1768 4011 1892 4065 dies
1923 4025 2096 4066 ccenae

448 4097 760 4152 Dominica:
790 4103 845 4152 et
877 4097 1164 4167 passionis
1197 4099 1254 4152 in
1291 4099 1454 4154 horto
1488 4099 1765 4154 inchoata:
1798 4098 2008 4154 incidit
2035 4099 2094 4153 in

451 4183 648 4240 feriam
677 4199 731 4255 ν,
756 4185 863 4240 sub
890 4200 1120 4256 vespera
1145 4187 1262 4241 diei
1289 4184 1360 4242 25
1384 4186 1597 4249 Martii,
1623 4201 1722 4242 seu
1753 4201 1856 4241 vm
1882 4186 2098 4241 Kalen-

448 4273 550 4328 das
580 4274 820 4345 Aprilis,
855 4274 940 4330 uti
973 4274 1200 4344 praefert
1227 4276 1416 4330 Canon
1467 4274 1757 4329 Paschalis
1786 4276 1840 4329 S.
1875 4275 2096 4343 [lippo-

449 4363 576 4434 lyti,
599 4377 941 4419 enumerans
963 4369 1220 4434 quartam
1242 4363 1516 4417 decimam
1539 4363 1730 4416 lunam
1756 4363 2093 4418 Paschatum

2207 3233 2329 3288 cap.
2367 3215 2420 3285 3,
2464 3224 2519 3272 et
2547 3216 2730 3270 Aulus
2759 3215 3001 3283 Gellius,
3043 3217 3204 3270 Noct.
3241 3213 3578 3280 Atticarum,
3619 3211 3722 3267 lib.
3773 3226 3859 3280 ιιι,

2207 3322 2330 3377 cap.
2363 3305 2417 3375 2,
2442 3312 2499 3362 et
2527 3310 2658 3361 ante
2686 3305 2788 3359 hos
2815 3303 3039 3358 Plinius
3071 3302 3170 3358 lib.
3207 3317 3269 3372 ιι,
3304 3317 3424 3371 cap.
3456 3298 3566 3370 77),
3598 3301 3862 3370 pertine-

2209 3401 2293 3451 ret
2322 3396 2390 3451 ad
2422 3395 2572 3449 diem
2602 3391 2692 3462 25,
2715 3399 2964 3447 attamen
2997 3391 3356 3446 Hebrazorum
3393 3390 3615 3460 legibus
3641 3389 3863 3445 refere—

2207 3485 2376 3539 batur
2405 3484 2472 3539 ad
2509 3483 2746 3538 initium
2782 3481 2901 3536 diei
2929 3479 3358 3549 subsequentis,
3386 3479 3463 3533 ita
3489 3479 3865 3547 praecipiente

2205 3571 2447 3627 Domino
2473 3569 2709 3624 Levitici
2734 3582 2905 3635 xxiii,
2926 3564 3032 3622 32:
3059 3569 3105 3622 A
3133 3581 3355 3634 uespera
3383 3581 3552 3634 usque
3577 3567 3637 3618 in
3663 3579 3863 3633 vespe-

2205 3674 2323 3712 ram
2345 3657 2682 3711 celebrabitis
2709 3655 2954 3709 Sabbata
2977 3657 3175 3708 vestra.
3213 3654 3254 3706 E
3283 3650 3702 3707 recentioribus
3730 3663 3864 3706 vero

2204 3746 2263 3800 P.
2315 3744 2656 3800 Franciscus
2707 3743 3024 3809 Bordonus,
3079 3741 3364 3812 generalis
3413 3739 3572 3795 tertii
3627 3739 3861 3794 ordinis

2205 3834 2258 3890 S.
2293 3833 2582 3890 Francisci
2617 3833 2676 3887 in
2705 3831 2943 3886 Tabulis
2977 3829 3346 3884 Paschalibus
3378 3828 3448 3882 ab
3475 3841 3626 3883 anno
3659 3827 3861 3883 incar-

2207 3919 2825 3976 nationiS‘Dominica:
2873 3917 3161 3973 ordinatis
3210 3917 3276 3972 ad
3329 3930 3510 3972 annos
3557 3915 3649 3970 bis
3702 3915 3864 3970 mille

2205 4013 2615 4078 consequentes
2637 4008 2801 4076 juxta
2828 4020 3040 4061 annum
3068 4005 3360 4060 lulianum
3385 4010 3515 4059 ante
3540 4004 3864 4059 correctio-

2206 4112 2331 4153 nem
2379 4096 2669 4167 Gregorii,
2721 4100 2778 4149 et
2822 4095 2989 4163 juxta
3037 4094 3453 4166 Gregorianum
3508 4099 3634 4163 post
3684 4093 3866 4161 hujus

2207 4185 2497 4255 pontificis
2515 4184 2988 4252 emendationem,
3012 4183 3216 4238 iisdem
3243 4183 3407 4252 plane
3424 4181 3682 4238 numeris
3701 4180 3868 4235 eﬂ'ert

2205 4279 2456 4342 epactam
2498 4286 2594 4328 xvx
2640 4277 2695 4328 et
2734 4271 2946 4327 Pascha
2989 4272 3383 4328 Christianum
3427 4270 3522 4326 die
3556 4269 3867 4324 Dominica

2204 4360 2276 4418 28
2306 4361 2518 4430 Martii,
2552 4374 2702 4417 anno
2732 4361 2993 4432 vulgaris
3024 4374 3150 4416 atrae
3177 4359 3394 4415 Christi
3426 4356 3517 4414 28.

449 4452 889 4521 prmcedentium
935 4456 1153 4506 aetatem
1204 4464 1388 4514 suam,
1439 4463 1652 4505 annum
1697 4450 1922 4505 scilicet
1969 4453 2174 4514 :erazD
2279 4449 2496 4505 Eaedem
2527 4455 2676 4504 certe
2709 4451 2959 4506 rationes
3006 4449 3264 4518 apprime
3295 4446 3638 4518 respondent
3677 4445 3872 4502 moti-

445 4538 662 4595 Christi
684 4537 809 4607 222,
838 4552 951 4610 quo
977 4538 1298 4595 scribebat:
1324 4544 1378 4593 et
1394 4539 1524 4608 jure
1542 4537 1666 4593 dies
1688 4547 2093 4596 consummata:

451 4627 740 4696 passionis
786 4628 842 4682 in
883 4641 1054 4683 cruce
1094 4625 1337 4682 refertur
1375 4627 1442 4680 ad
1494 4625 1693 4680 feriam
1740 4639 1795 4681 v1
1840 4629 2095 4696 proxime

449 4720 911 4785 consequentem,
947 4729 1072 4786 qua
1111 4728 1260 4770 anno
1289 4713 1360 4770 28
1390 4715 1503 4769 fuit
1531 4713 1601 4769 26
1630 4715 1820 4770 Martii
1850 4717 2089 4788 Juliani,

448 4803 570 4860 sive
616 4817 694 4858 vn
746 4803 1026 4859 Kalendas
1068 4803 1308 4872 Aprilis,
1361 4803 1444 4859 uti
1493 4803 1787 4858 Victorius
1834 4805 1998 4862 docet
2039 4813 2096 4863 et

449 4893 717 4949 indicata:
745 4892 1029 4949 editiones
1059 4892 1338 4947 Lactantii
1374 4891 1698 4962 prmferunt.

519 4983 1034 5037 Demonstrandum
1081 4981 1225 5036 mihi
1257 4987 1343 5036 est
1374 4981 1554 5052 igitur
1584 4982 1788 5054 primo,
1834 4989 2093 5054 quartam

447 5069 725 5123 decimam
767 5071 916 5126 diem
963 5070 1113 5125 lunae
1157 5071 1367 5126 mensis
1412 5071 1608 5139 Nisan,
1657 5084 1758 5126 seu
1804 5071 2094 5126 Paschalis

447 5159 770 5214 Judmorum
804 5160 1034 5227 mensis,
1060 5160 1338 5214 incidisse
1359 5172 1509 5212 anno
1533 5156 1603 5210 28
1628 5173 1752 5212 term
1774 5160 2097 5214 communis

453 5247 511 5301 in
539 5245 688 5300 diem
719 5243 791 5300 26
819 5246 1031 5306 Martii.
1065 5247 1132 5299 ad
1169 5260 1335 5314 quam
1369 5245 1596 5298 scilicet
1623 5259 1751 5298 cum
1787 5247 2098 5314 pertineret

451 5348 680 5404 vespera
706 5334 1026 5403 praecedens
1052 5333 1168 5386 diei
1190 5331 1261 5387 25
1285 5333 1369 5402 (ex
1397 5332 1666 5388 instituto
1691 5334 1833 5403 legis
1854 5335 2096 5392 Sabbata

452 5423 824 5483 numerantis,
855 5435 886 5476 a
929 5434 1160 5490 vespera
1203 5421 1259 5475 in
1305 5420 1618 5492 vesperam)
1664 5421 1773 5476 rite
1815 5422 2094 5480 celebrata

452 5525 612 5567 caena
644 5511 804 5566 Feria
841 5524 873 5557 ν
914 5509 981 5566 ad
1005 5522 1292 5579 vesperam
1317 5508 1522 5566 diei25
1537 5510 1802 5566 Christus
1821 5512 2096 5568 Dominus

452 5605 806 5660 sacramenta
821 5599 1082 5670 corporis
1096 5603 1152 5656 et
1167 5598 1473 5673 sanguinis
1489 5600 1578 5656 sui
1595 5600 1731 5672 juge
1746 5601 2097 5670 sacriﬁcium

2204 4539 2312 4594 bus
2345 4538 2746 4606 luminarium,
2781 4543 2844 4593 ut
2871 4538 3078 4593 calculi
3110 4537 3434 4605 ostendent,
3471 4535 3752 4591 subducti
3792 4547 3866 4588 ex

2205 4627 2421 4683 tabulis
2451 4628 2874 4694 astronomicis,
2907 4627 2975 4681 ad
2999 4632 3171 4695 caput
3194 4625 3331 4681 anni
3361 4624 3584 4680 Judaici
3615 4624 3694 4680 ita
3723 4623 3872 4680 red—

2201 4716 2474 4774 dentibus
2506 4716 2858 4772 neomeniam
2904 4715 3096 4770 Thisri
3130 4729 3229 4771 seu
3265 4714 3435 4784 primi
3473 4713 3685 4769 mensis
3717 4712 3868 4768 anni

2203 4805 2399 4861 civilis
2413 4803 2734 4860 Judaaorum
2756 4817 2854 4873 per
2869 4817 3080 4859 annum
3103 4803 3234 4875 vulg
3253 4805 3355 4859 Iris
3371 4817 3494 4858 aera:
3510 4802 3872 4858 Christianae

2203 4891 2294 4965 2'1,
2323 4909 2353 4949 a
2384 4907 2496 4965 qua
2519 4893 2816 4948 neomenia
2845 4892 3038 4947 Thisri
3069 4893 3194 4948 dies
3227 4889 3326 4948 477
3359 4893 3619 4963 proxime
3647 4904 3873 4946 conse-

2207 4997 2387 5053 quens
2419 4981 2673 5038 ostendit
2707 4980 3056 5035 neomeniam
3087 4981 3266 5037 Nisan
3297 4981 3415 5051 (sex
3448 4979 3872 5037 lunationibus

2205 5071 2276 5126 ab
2308 5071 2406 5126 illa
2443 5069 2731 5138 dissitam,
2780 5074 2836 5123 et
2865 5083 2991 5138 quae
3029 5075 3201 5139 caput
3231 5078 3316 5126 est
3344 5071 3481 5125 anni
3528 5069 3704 5134 sacri,
3760 5082 3875 5122 seu

2206 5160 2506 5216 exordium
2525 5160 2722 5212 mensis
2737 5160 2926 5226 primi,
2950 5158 3028 5212 ita
3045 5159 3316 5227 appellati
3343 5160 3398 5214 in
3419 5159 3601 5213 sacris
3620 5157 3877 5226 litteris)

2205 5250 2301 5304 die
2325 5245 2389 5303 43
2411 5247 2602 5302 Martii
2623 5247 2860 5316 Juliani,
2888 5246 2946 5300 in
2973 5259 3185 5300 annum
3213 5246 3566 5302 bissextilem
3594 5244 3664 5299 28
3689 5247 3878 5314 ejus-

2205 5338 2331 5392 dem
2375 5349 2498 5390 ρειαί
2538 5334 2882 5389 Christianae
2923 5346 2984 5388 se
3025 5333 3422 5390 diiiundcntis.
3469 5333 3875 5389 Consulamus

2209 5437 2474 5480 numeros
2525 5420 2888 5491 lunisolares,
2924 5421 2982 5474 in
3033 5421 3268 5478 Tabulis
3298 5425 3362 5478 D.
3394 5423 3464 5478 de
3508 5422 3562 5476 la
3593 5423 3756 5489 Hire,
3795 5421 3877 5475 ab

2209 5512 2362 5583 regia
2387 5508 2769 5566 Scientiarum
2796 5507 3088 5566 academia
3109 5511 3360 5581 aliisque
3392 5511 3603 5581 passim
3637 5523 3879 5579 appro-

2207 5601 2379 5672 batis,
2413 5599 2494 5656 ita
2521 5597 2894 5669 colligendos.
