4034 6196
244 297 339 356 1Ξ9
1313 296 1516 354 ΝΟΤᾸΞ
1562 298 1635 353 ΙΝ
1689 298 1901 356 CATAL

2015 301 2109 357 ΠΜ
2156 300 2324 359 ROM.
2382 301 2581 360 PONT.

3544 310 3650 372 130

237 418 450 474 RADIX
474 416 787 468 EPOCHZE
812 415 1191 469 COMMUNIS
1220 418 1570 470 ANNORUM
1602 419 1884 471 CHRISTI
1916 420 2240 473 INEUNTIS
2265 424 2612 476 KALENDIS
2644 427 2975 479 JANUARII
2999 431 3090 480 AD
3128 431 3377 484 MERID.
3413 436 3646 488 PARIS.

1120 522 1267 558 SOLIS
1302 522 1527 558 LONGITU
1535 523 1599 558 DO

1820 522 2038 559 APOGEU
2047 525 2086 558 Μ
2121 526 2267 563 SOLIS

2487 530 2647 565 LUNIB
2678 530 2972 569 LONGITUDO
3192 535 3464 572 APOGEUM
3492 538 3651 575 LUNE

1120 602 1189 636 ΑΒ
1209 602 1410 638 ΙΝΙΤῘΟΛ
1442 602 1633 638 RIETIS.
1856 603 1901 637 Al

2015 603 2172 638 ιιετε.
2531 611 2599 644 ΑΒ
2634 598 2661 644 0
2694 611 2929 651 ARIETIS.
3245 615 3314 648 ΑΒ
3341 615 3553 650 anu-ns.

1115 675 1172 725 S.
1239 677 1305 726 G.
1372 677 1446 725 M.
1516 677 1572 727 S.
1767 677 1823 727 S.
1890 677 1953 727 G.
2020 678 2094 727 M.
2161 678 2217 728 S.
2410 684 2466 733 S.
2534 684 2598 734 G.
2667 685 2739 734 M.
2810 686 2866 736 S.
3059 688 3114 739 S.
3182 689 3244 738 G.
3311 689 3385 738 M.
3451 689 3507 740 S.

575 767 669 828 of
1142 766 1575 816 984340
1797 766 1826 813 2

2046 769 2200 816 52
2419 775 2850 822 415189
3053 778 3525 828 911438

238 828 362 879 Anni
397 842 463 875 xx
494 827 774 889 completi.
850 863 862 874 .
935 862 948 877 .
1022 867 1035 880 .
1139 829 1165 874 ο
1263 828 1289 874 ο
1417 831 1445 877 9
1510 832 1570 878 2-3
2009 830 2070 877 20
2135 831 2193 878 30
2415 836 2442 882 4
2539 838 2597 883 43
2661 837 2719 883 34
2815 838 2842 884 ο
3058 840 3086 886 3
3237 827 3264 889 3
3341 841 3398 890 50
3465 843 3521 889 δι

235 891 454 941 Annivr
490 890 765 951 completi.
848 925 861 939 .
937 926 950 939 .
1019 925 1031 938 .
1103 891 1153 936 14
1223 890 1286 937 29
1380 892 1441 938 33
1508 893 1560 938 11

2051 891 2203 941 69
2422 899 2853 946 292850
3060 904 3089 951 8
3248 902 3525 952 4555

234 955 499 1012 Augustus
527 952 848 1014 completus.
918 980 936 999 .
1008 985 1022 999 .
1123 953 1150 999 7
1216 953 1276 1001 29
1373 956 1431 1001 30
1500 954 1558 999 44

2138 957 2198 1003 40
2390 960 2445 1006 10
2541 960 2596 1007 21
2664 962 2718 1008 51
2790 964 2848 1010 50
3216 965 3275 1012 27
3371 967 3398 1013 4
3464 966 3521 1011 21

233 1016 350 1065 Dies
382 1027 495 1061 xvn
529 1015 810 1075 completi.
919 1050 931 1062 .
1004 1049 1018 1061 .
1217 1016 1274 1063 16
1371 1015 1428 1061 15
1494 1015 1554 1061 22

2176 1019 2204 1066 3
2414 1021 2844 1070 7135955
3248 1027 3400 1075 153
3465 1027 3525 1073 39

234 1077 381 1125 Horae
416 1076 576 1128 VIII.
660 1115 672 1128 .
748 1110 761 1125 .
839 1111 854 1125 .
920 1112 931 1124 .
1008 1114 1021 1128 .
1367 1079 1424 1124 19
1489 1081 1548 1124 43

2565 1084 2717 1131 423
2781 1086 2841 1132 32
3368 1088 3524 1135 214

233 1138 422 1189 Minuti
455 1152 584 1187 xxiv
620 1136 744 1186 hor.
831 1173 844 1185 .
916 1174 929 1188 .
1002 1176 1015 1189 .
1400 1139 1426 1185 0
1490 1139 1551 1186 59

2658 1147 2716 1194 13
2781 1149 2838 1195 10
3494 1150 3522 1196 8

1114 1201 1267 1249 525
1397 1200 1550 1248 259
1782 1200 2183 1251 293224
2404 1206 2836 1257 5184926
3090 1211 3522 1261 918146

1109 1262 1545 1310 293224
2410 1268 2843 1317 918146

1117 1325 1145 1373 3
1213 1327 1268 1373 15
1368 1324 1427 1372 30
1494 1325 1551 1371 35
1772 1323 2047 1374 Anomalia
2066 1323 2194 1372 solis
2407 1330 2435 1377 8
2562 1331 2589 1377 0
2657 1331 2715 1379 47
2782 1334 2838 1380 40
2966 1335 3235 1383 Anomalia
3266 1334 3403 1385 lunas

1242 1392 1264 1459 1
1363 1389 1424 1459 52
1770 1385 2194 1449 Prostaph.subr.
2415 1454 2438 1459 _
2550 1392 2596 1459 _4_
2649 1395 2717 1459 2_t_
2794 1395 2839 1459 Δ2
2962 1396 3235 1459 Prostaph.
3281 1398 3400 1447 add.

1117 1449 1268 1498 525
1395 1449 1549 1497 259
2414 1454 2442 1500 5
2542 1455 2599 1501 18
2666 1455 2724 1503 49
2789 1456 2850 1505 26

486 1512 667 1560 Locus
690 1524 843 1560 verus
873 1512 1016 1560 solis.
1113 1513 1141 1559 5
1206 1512 1266 1561 23
1364 1512 1420 1560 10
1488 1513 1545 1562 17

2413 1517 2441 1564 5
2533 1516 2594 1566 23
2662 1518 2720 1564 10
2784 1519 2845 1567 28
2910 1519 3083 1570 Locus
3115 1535 3267 1570 verus
3295 1522 3456 1574 lunas.

302 1602 448 1656 Vera
503 1600 710 1671 itaque
753 1602 1006 1671 synodus
1047 1600 1425 1657 luminarium
1469 1600 1716 1671 contigit
1743 1612 1893 1655 anno
1916 1600 1970 1660 A
1998 1599 2216 1658 Juliani
2255 1601 2427 1674 (unde
2453 1606 2604 1675 apud
2647 1607 2918 1664 Joannem
2959 1610 3240 1667 dicuntur
3269 1606 3413 1667 feria
3439 1626 3495 1668 vt
3538 1627 3650 1671 non

232 1687 299 1745 27
328 1704 459 1745 terte
488 1689 715 1745 Christi
750 1690 1023 1761 vulgaris,
1054 1690 1150 1745 die
1181 1688 1248 1744 48
1276 1689 1622 1759 Septembris
1650 1687 1889 1757 Juliani,

235 1779 396 1834 boris
422 1777 462 1833 8
486 1787 545 1833 et
579 1779 829 1834 minutis
852 1775 922 1833 24
949 1785 1076 1848 post
1102 1779 1373 1834 meridies
1395 1778 1656 1848 Parisiis,
1682 1779 1889 1847 Romae,

232 1880 364 1923 vero
415 1866 588 1922 horis
637 1864 674 1921 9
714 1864 785 1935 5’,
836 1871 964 1936 post
1010 1866 1329 1938 meridiem,
1382 1871 1440 1923 et
1484 1865 1895 1937 Hierosolymis

235 1956 375 2012 hora
420 1961 556 2025 post
607 1955 905 2011 meridiem
955 1952 1021 2011 40
1065 1952 1170 2025 40’,
1216 1969 1346 2011 cum
1390 1955 1777 2025 Hierosolyma
1815 1954 1897 2010 sit

232 2043 589 2099 orientalior
621 2057 790 2114 quam
824 2045 1047 2101 Lutetia
1072 2045 1425 2101 Parisiorum
1456 2043 1733 2116 gradibus
1760 2043 1900 2099 lon—

233 2133 536 2203 gitudinis
563 2131 637 2189 34
659 2130 765 2204 40',
794 2133 917 2189 sive
946 2133 1106 2190 horis
1127 2132 1165 2189 2
1182 2138 1238 2189 et
1265 2134 1510 2188 minutis
1532 2132 1781 2188 horariis
1810 2129 1892 2187 16.

303 2221 392 2276 ΑΙ)
417 2235 484 2276 ea
517 2223 739 2292 synodo
768 2222 1061 2292 auspicari
1091 2222 1415 2278 debuerunt
1435 2221 1617 2277 Judaei
1649 2233 1896 2276 mensem

231 2311 432 2367 Thisri
453 2315 514 2365 et
532 2324 708 2367 suum
732 2312 1194 2378 Roscheaschana,
1223 2325 1323 2367 seu
1348 2311 1521 2380 Caput
1543 2312 1681 2365 anni
1702 2308 1900 2365 civilis

234 2399 512 2470 Lunaris,
550 2413 670 2470 quo
702 2399 1031 2472 utebantur,
1063 2400 1320 2471 exemplo
1360 2399 1896 2471 Syromacedonum,

234 2486 303 2542 ab
322 2494 620 2544 autumno
640 2488 858 2557 pariter
878 2489 1326 2546 exordientium.
1355 2488 1495 2544 Cum
1519 2488 1713 2557 itaque
1730 2486 1902 2542 novi-

236 2576 338 2633 lun
349 2578 365 2631 i
377 2591 477 2634 um
491 2577 689 2633 Thisri
702 2620 715 2649 ,
718 2579 884 2648 juxta
897 2582 1084 2635 motus
1097 2591 1257 2634 veros
1272 2576 1900 2647 lunisoiares,parietur

234 2679 369 2721 cum
402 2665 508 2721 die
543 2662 614 2721 48
642 2664 991 2737 Septembris
1016 2665 1233 2723 Juliani
1264 2666 1401 2721 anni
1430 2662 1501 2720 27
1530 2678 1655 2720 terte
1678 2664 1895 2720 Christi

236 2753 529 2825 vulgaris,
584 2768 812 2812 necesse
854 2758 941 2811 est
983 2759 1048 2811 ut
1078 2756 1137 2811 in
1180 2755 1331 2811 diem
1380 2750 1500 2824 477,
1537 2759 1897 2809 numeratum

240 2850 371 2912 post
404 2838 479 2897 48
505 2842 878 2913 Septembris,
914 2844 1135 2901 incidat
1162 2844 1377 2900 mensis
1408 2843 1700 2900 Paschalis
1729 2841 1901 2898 novi-

2004 1689 2277 1746 introisse
2291 1694 3375 1769 praetorium,utmanducarentPascha),
3393 1700 3645 1758 licetalii

2002 1791 2131 1833 cum
2157 1779 2385 1837 Christo
2406 1782 2645 1838 Domino
2669 1796 2876 1854 agnum
2908 1785 3289 1842 comedissent
3319 1788 3646 1845 Paschalem

2001 1867 2071 1922 ad
2102 1880 2389 1937 vesperam
2412 1867 2569 1925 ferite
2592 1884 2645 1939 v,
2675 1871 2770 1927 die
2798 1869 2870 1928 25
2894 1873 3170 1929 Romana.
3199 1874 3383 1931 Causa
3413 1876 3649 1933 utrius-

2007 1968 2115 2024 que
2146 1956 2442 2012 sententiae
2483 1956 2729 2014 obscura
2768 1973 2892 2015 esse
2927 1973 3038 2016 non
3083 1965 3269 2031 potest
3314 1975 3383 2019 ex
3419 1963 3644 2034 duplici

2007 2044 2304 2112 putatione
2345 2050 2401 2098 et
2442 2058 2771 2102 commensu
2815 2046 2901 2103 vel
2944 2048 3130 2105 solius
3170 2049 3290 2105 diei
3331 2050 3645 2124 Paschalis,

2004 2130 2092 2187 vel
2123 2132 2239 2187 diei
2272 2133 2447 2190 simul
2474 2138 2531 2190 et
2562 2135 2851 2205 horarum,
2882 2135 2941 2191 in
2962 2150 3105 2207 quas
3136 2136 3458 2195 inciderant
3482 2141 3650 2209 juxta

2010 2225 2198 2275 motus
2221 2234 2384 2276 veros
2416 2223 2726 2279 neomenia:
2754 2222 2949 2279 Thisri
2970 2228 3028 2280 et
3054 2225 3251 2280 Nisan.
3279 2226 3474 2283 Thisri
3506 2241 3652 2286 neo-

2009 2310 2195 2363 menia
2219 2310 2316 2365 die
2337 2307 2405 2364 48
2421 2311 2772 2380 Septembris
2795 2312 3103 2369 commissa
3126 2312 3288 2369 horis
3310 2311 3378 2370 40
3403 2314 3491 2387 40,
3522 2321 3650 2386 post

2007 2397 2303 2453 meridiem
2345 2398 2563 2454 ferebat
2600 2404 2730 2470 post
2773 2396 2877 2455 477
2913 2400 3039 2458 dies
3078 2402 3443 2459 novilunium
3473 2405 3650 2462 Nisan

2004 2485 2101 2541 die
2125 2483 2191 2542 43
2213 2487 2405 2543 Martii
2430 2486 2755 2544 bissextilis
2778 2488 2995 2546 Iuliani
3026 2493 3083 2546 et
3106 2490 3321 2563 civilis,
3348 2492 3399 2549 si
3421 2492 3649 2551 dierum

2006 2576 2400 2632 tantummodo
2420 2576 2741 2633 solidorum
2761 2575 2930 2648 (quod
2963 2578 3021 2634 in
3051 2579 3214 2635 civili
3242 2568 3540 2651 putatione
3568 2582 3651 2654 ﬁt)

2007 2676 2288 2720 annorum
2330 2669 2389 2721 et
2431 2666 2713 2723 mensium
2754 2667 2903 2723 ratio
2945 2666 3238 2725 habeatur.
3271 2670 3345 2726 At
3381 2671 3432 2727 si
3474 2671 3653 2729 hora-

2008 2766 2135 2809 rum
2167 2753 2340 2809 etiam
2371 2758 2621 2824 quatuor
2643 2758 2700 2811 et
2724 2756 3077 2812 minutorum
3101 2754 3173 2813 24
3196 2758 3652 2818 additamentum

2008 2855 2293 2912 curemus,
2322 2844 2471 2913 quod
2493 2848 2697 2913 praeter
2716 2844 2934 2901 solidos
2960 2845 3087 2902 dies
3110 2843 3211 2902 177
3236 2849 3544 2920 requirunt
3568 2850 3655 2907 lu-

240 2929 479 2986 iunium
511 2944 666 2986 anno
702 2929 788 2985 28.
825 2932 931 2987 Sex
961 2932 1112 2987 enim
1143 2931 1491 3000 lunationes,
1525 2945 1652 3002 quae
1692 2943 1901 2986 nume-
1927 2916 1977 2976 Β
2010 2932 2273 2987 nationes
2296 2932 2495 2988 media:
2520 2946 2640 3003 sex,
2668 2946 2702 2989 a
2724 2933 2916 2990 Thisri
2938 2934 3008 2990 ad
3030 2935 3245 3007 Nisan;
3275 2916 3412 2994 tunc
3433 2939 3655 2996 additis

239 3020 439 3075 randze
470 3026 615 3075 sunt
638 3034 670 3075 a
708 3021 902 3076 Thisri
934 3022 1003 3077 ad
1031 3020 1230 3091 Nisan,
1267 3026 1352 3077 tot
1393 3020 1520 3077 dies
1570 3019 1896 3091 requirunt.

239 3108 403 3163 Adde
445 3109 608 3164 enim
639 3109 767 3165 dies
814 3107 881 3165 12
909 3110 1251 3179 superstites
1298 3110 1512 3165 mensis
1553 3108 1901 3179 Septembris

244 3201 376 3265 post
416 3196 581 3252 diem
623 3198 915 3254 novilunii
966 3195 1033 3252 18
1072 3198 1142 3254 ad
1192 3198 1360 3254 ﬁnem
1400 3198 1657 3267 Mensis;
1694 3198 1901 3253 deinde

241 3283 517 3341 Octobris
545 3284 765 3341 Juliani
797 3285 922 3342 dies
960 3283 1049 3356 34,
1082 3285 1417 3343 Novembris
1454 3284 1544 3355 30,
1575 3285 1902 3342 Decembris

243 3370 334 3442 34,
366 3374 618 3431 totidem
643 3375 905 3431 Januarii
931 3393 947 3446 ;
977 3374 1274 3431 Februarii
1308 3374 1629 3431 bissextilis
1655 3375 1782 3431 dies
1808 3371 1898 3442 29,

245 3469 300 3518 et
326 3459 397 3519 43
420 3464 659 3519 Martii:
695 3464 809 3520 erit
837 3477 1059 3521 summa
1083 3464 1309 3520 dierum
1343 3460 1467 3535 477,
1500 3477 1625 3535 quae
1658 3462 1903 3532 complet

247 3565 342 3607 sex
372 3551 716 3608 lunationes
740 3552 963 3622 civiles,
994 3552 1235 3609 alternis
1263 3565 1429 3609 cavas
1448 3558 1513 3623 et
1542 3551 1755 3621 plenas.

313 3641 789 3698 Demonstratum
847 3645 935 3697 est
982 3642 1165 3713 igitur
1216 3644 1575 3711 assumptum
1630 3640 1901 3710 primum,

253 3742 456 3800 nempe
508 3735 697 3785 motus
724 3742 890 3786 veros
930 3719 1308 3785 liuminarium
1339 3742 1491 3785 anno
1537 3742 1662 3784 certe
1685 3728 1902 3784 Christi

250 3814 317 3874 27
345 3817 657 3875 ostendere
687 3817 1049 3875 novilunium
1089 3818 1281 3874 Thisri
1324 3818 1419 3874 die
1453 3814 1520 3872 48
1559 3816 1905 3887 Septembris

250 3907 473 3963 Iuliani
518 3907 687 3964 horis
726 3904 794 3963 40
822 3904 911 3974 40,
948 3912 1075 3978 post
1118 3908 1418 3963 meridiem
1456 3905 1899 3977 Hierosolymis:

252 4009 435 4068 eoque
460 3997 699 4054 nomine
725 3997 880 4052 diem
926 3996 1175 4053 eamdem
1222 3994 1290 4051 48
1333 3995 1682 4065 Septembris
1724 3994 1906 4052 fuisse

251 4090 428 4155 caput
477 4085 617 4141 anni
664 4085 894 4141 Judaici
944 4084 1166 4141 labente
1208 4097 1358 4140 anno
1403 4080 1473 4138 27
1519 4098 1644 4139 aera:
1686 4083 1901 4139 Christi

252 4173 625 4230 communis:
661 4187 839 4245 quare
882 4173 1034 4229 diem
1078 4169 1180 4228 477
1211 4172 1344 4228 inde
1379 4179 1730 4229 numeratam
1759 4171 1903 4244 (quae

2013 3018 2171 3075 hisce
2202 3019 2324 3076 hor.
2359 3017 2392 3075 4
2416 3025 2473 3076 et
2504 3021 2644 3077 min.
2677 3018 2767 3093 24,
2799 3022 3027 3092 epochae
3058 3024 3302 3082 horaria:
3330 3017 3654 3085 lunationis

2008 3107 2202 3163 Thisri
2250 3108 2369 3164 hor.
2417 3106 2484 3166 10
2517 3114 2574 3166 et
2616 3110 2757 3166 min.
2790 3108 2859 3167 40
2904 3116 3031 3182 post
3069 3113 3364 3171 meridiem
3411 3115 3530 3171 diei
3586 3113 3656 3171 48

2009 3198 2166 3267 Sept.
2208 3196 2356 3253 ﬁunt
2381 3198 2507 3255 hor.
2537 3195 2605 3254 15
2631 3204 2689 3254 et
2716 3200 2859 3271 min,
2885 3198 2920 3255 4
2950 3205 3081 3271 post
3111 3203 3407 3259 meridiem
3437 3204 3555 3260 diei
3581 3201 3655 3260 26

2011 3286 2203 3341 Martii
2238 3286 2472 3342 initium
2508 3292 2723 3358 quartae
2759 3288 2996 3345 decimas
3039 3291 3351 3360 Paschalis,
3396 3293 3654 3361 adeoque

2010 3374 2342 3431 extenditur
2370 3374 2522 3431 ultra
2546 3377 2854 3433 terminum
2881 3378 3081 3434 media:
3112 3379 3301 3435 noctis
3327 3378 3655 3435 claudentis

2012 3475 2168 3519 more
2196 3464 2448 3519 Romano
2474 3464 2627 3519 diem
2655 3461 2727 3520 26
2755 3468 2813 3519 et
2839 3464 3184 3533 aperientem
3213 3464 3366 3519 diem
3395 3461 3466 3519 27
3494 3468 3655 3521 Mar—

2012 3550 2104 3606 tii.
2135 3551 2409 3621 Apertum
2435 3551 2628 3621 itaque
2656 3551 2738 3605 sit
2756 3564 2861 3606 cur
2881 3550 3206 3606 Judaaorum
3228 3550 3332 3607 alii
3358 3553 3656 3622 potuerint

2013 3638 2125 3694 rite
2160 3652 2229 3694 ex
2260 3638 2561 3696 novilunio
2592 3650 2721 3694 vero
2753 3638 2968 3692 mensis
2997 3637 3214 3710 Thisri,
3259 3644 3315 3695 et
3354 3642 3653 3710 putatione

2013 3726 2175 3784 civili
2207 3727 2431 3782 dierum
2455 3725 2849 3782 tantummodo
2869 3725 3187 3783 solidorum
3213 3733 3476 3799 quartam
3495 3729 3653 3787 deci-

2014 3829 2161 3873 mam
2195 3815 2515 3886 paschalem
2538 3813 2749 3871 referre
2777 3816 2846 3871 ad
2869 3815 3019 3871 diem
3037 3812 3109 3870 26
3129 3816 3322 3873 Martii
3346 3815 3547 3874 feriam
3571 3832 3651 3890 vr,

2014 3912 2071 3962 et
2098 3919 2387 3976 vesperam
2418 3905 2823 3975 praecedentem
2853 3905 2972 3960 diei
3001 3902 3074 3962 2'5
3095 3904 3251 3961 feriae
3275 3920 3309 3960 v
3338 3920 3470 3963 cum
3494 3907 3659 3963 Chri-

2014 4001 2104 4051 sto
2123 3994 2367 4050 Domino
2386 4007 2452 4049 ac
2471 3992 2819 4063 discipulis;
2842 3992 2946 4048 alii
2977 4006 3105 4049 vero
3131 4007 3263 4051 cum
3284 3995 3498 4052 Judaeis
3520 4009 3657 4066 pra)-

2015 4084 2229 4140 torium
2279 4096 2390 4140 non
2438 4081 2870 4139 introeuntibus
2916 4080 3059 4139 feria
3107 4096 3162 4139 v1
3208 4081 3278 4140 26
3326 4084 3541 4151 Martii,
3593 4092 3658 4141 ut

2018 4173 2427 4229 manducarent
2462 4171 2678 4227 Pascha
2706 4171 2900 4226 eadem
2941 4184 3192 4242 vespera,
3226 4185 3397 4243 quam
3440 4171 3657 4229 refere-

254 4262 471 4320 incidit
514 4264 576 4319 in
604 4263 759 4319 diem
798 4261 865 4319 43
890 4262 1083 4319 Martii
1125 4262 1262 4317 anni
1300 4262 1623 4319 bissextilis
1661 4260 1751 4333 28)
1782 4275 1907 4318 esse
1936 4244 1984 4307 C
2016 4260 2155 4317 bant
2183 4261 2252 4317 ad
2282 4261 2437 4317 diem
2467 4257 2557 4323 27,
2598 4260 2955 4317 attendentes
2988 4259 3156 4316 horas
3185 4257 3220 4316 3
3251 4266 3380 4330 post
3411 4262 3655 4318 mediam

254 4353 503 4422 primam
549 4353 706 4408 diem
755 4352 907 4409 lunae
948 4353 1146 4419 Nisan,
1190 4366 1292 4408 seu
1337 4352 1551 4407 mensis
1591 4352 1902 4409 Paschalis.

252 4440 413 4496 Adde
426 4442 559 4497 dies
580 4437 649 4496 43
661 4440 880 4497 solidos
893 4440 1028 4497 huic
1044 4440 1161 4497 diei
1184 4437 1249 4496 43
1266 4441 1478 4511 Martii,
1501 4444 1565 4496 ut
1579 4440 1908 4511 assequaris

257 4529 497 4585 initium
522 4536 745 4601 quarta:
763 4530 998 4587 decima:
1024 4529 1267 4597 lunaris,
1296 4543 1398 4584 seu
1419 4530 1571 4585 diem
1592 4530 1906 4602 legitimam

256 4618 560 4676 Paschatis
578 4620 921 4677 Judaaorum.
960 4620 1139 4676 Istius
1168 4618 1449 4674 terminus
1475 4619 1728 4674 ostendit
1754 4618 1907 4673 diem

256 4705 331 4762 26
358 4710 580 4775 Martii,
624 4722 737 4780 qua
774 4709 1044 4765 Christus
1086 4708 1386 4776 Dominus,
1427 4709 1624 4779 Agnus
1660 4708 1760 4763 Dei
1806 4707 1906 4777 qui

262 4798 417 4853 tollit
450 4805 745 4868 peccatum
782 4799 1003 4867 mundi,
1039 4796 1178 4853 feria
1220 4811 1272 4851 v1
1310 4798 1366 4851 in
1397 4809 1566 4851 cruce
1606 4811 1705 4865 pro
1743 4795 1910 4851 nobis

262 4886 691 4959 immolabatur,
716 4902 783 4942 ex
811 4887 1046 4942 Victorii
1071 4887 1356 4943 sententia
1384 4891 1440 4941 et
1464 4891 1676 4953 nostra,
1703 4885 1798 4941 dic
1828 4899 1905 4939 vn

260 4976 387 5032 Kal.
418 4978 644 5047 Aprilis
671 4996 686 5046 ς
719 4990 849 5032 cum
875 4989 1102 5047 vespera
1137 4974 1471 5046 praecedenti
1502 4974 1591 5044 (ex
1619 4975 1739 5030 ritu
1767 4975 1910 5047 legis

262 5066 522 5120 Mosaicae
537 5066 605 5121 ad
632 5066 782 5120 hanc
813 5066 993 5136 ipsam
1016 5065 1167 5121 diem
1192 5064 1507 5136 referenda,
1535 5063 1632 5119 sed
1658 5065 1910 5120 Romano

262 5168 416 5210 more
456 5156 525 5211 ad
568 5168 671 5210 vm
710 5153 835 5209 Kal.
883 5154 1125 5226 Aprilis,
1171 5167 1272 5209 seu
1317 5152 1389 5211 25
1434 5152 1648 5217 Martii)
1698 5154 1908 5209 Pascha

264 5242 384 5311 ipse
396 5257 524 5299 cum
538 5241 859 5312 discipulis
874 5241 1236 5311 celebrasset,
1249 5246 1303 5296 et
1319 5242 1637 5311 passionem
1655 5241 1909 5297 inchoaso

262 5339 367 5401 set,
397 5334 566 5403 cujus
589 5338 948 5389 sacramenta
980 5331 1331 5389 instituerat.

332 5422 579 5495 Colligas
610 5423 790 5479 etiam
823 5420 958 5476 licet
984 5434 1054 5476 ex
1086 5420 1330 5477 calculis
1364 5420 1637 5478 indicatis
1665 5435 1771 5476 cur
1792 5420 1912 5477 ali-

267 5512 366 5582 qui
398 5513 658 5569 dixerint
712 5508 1076 5566 Hebraeorum
1122 5509 1431 5566 nonnullos
1474 5510 1775 5568 distulisse
1808 5523 1911 5567 eo-

2019 4353 2239 4406 noctem
2270 4363 2398 4421 qum
2428 4349 2663 4406 initium
2698 4353 2915 4420 quartae
2943 4348 3177 4404 decima:
3209 4348 3288 4405 ita
3317 4356 3657 4421 comparatas

2015 4438 2359 4496 differebant
2387 4439 2456 4494 ad
2487 4439 2638 4494 diem
2680 4434 2747 4493 27
2784 4451 2936 4494 more
2968 4438 3216 4495 Romano
3244 4438 3559 4509 deﬁnitam,
3590 4454 3657 4498 eo

2019 4543 2186 4599 quem
2207 4528 2461 4584 dicimus
2482 4540 2632 4583 anno
2652 4526 2965 4596 bissextili,
2992 4527 3314 4583 communis
3338 4542 3463 4584 tera:
3482 4528 3657 4586 Chri-

2019 4619 2094 4675 sli
2126 4633 2327 4691 xxvm,
2360 4618 2569 4674 duobus
2600 4617 2838 4673 Geminis
2862 4617 3192 4672 consulibus.

2088 4709 2410 4765 Secundum
2430 4708 2537 4763 hoc
2556 4711 2838 4763 assertum
2858 4708 2927 4762 de
2944 4706 3249 4765 consulatu
3266 4710 3412 4765 Fuﬁi
3429 4710 3655 4766 Gemini

2018 4802 2075 4852 ct
2092 4798 2341 4853 Rubellii
2360 4797 2587 4853 Gemini
2610 4796 2881 4867 pariendo
2902 4811 3031 4853 cum
3050 4811 3201 4853 anno
3220 4813 3345 4854 tera:
3363 4799 3657 4854 Christia—

2020 4899 2105 4941 na:
2132 4885 2223 4951 28,
2255 4891 2342 4942 est
2386 4886 2627 4941 alterum
2659 4900 2726 4941 ex
2756 4886 3219 4942 demonstrandis
3260 4878 3421 4955 quod'
3444 4899 3658 4956 propo-

2018 4988 2264 5044 sueram,
2298 4977 2530 5029 secutus
2572 4974 3000 5045 chronologiam
3032 4973 3295 5044 Victorii,
3327 4974 3554 5030 eosdem
3583 4975 3660 5030 si-

2021 5065 2237 5121 militer
2264 5062 2607 5119 ascribentis
2631 5075 2782 5117 anno
2812 5062 3101 5118 bissextili
3132 5059 3224 5135 28,
3260 5077 3402 5135 quos
3444 5065 3653 5137 reliqui

2019 5152 2352 5225 chronologi
2370 5150 2731 5208 diﬁeruntad
2749 5163 2963 5207 annum
2981 5152 3349 5221 proximuma
3363 5154 3656 5209 bissextili

2018 5257 2144 5298 tera:
2170 5242 2385 5298 Christi
2413 5240 2734 5297 communis
2752 5238 2842 5296 29.
2864 5242 2944 5296 Ita
2974 5254 3106 5296 vero
3128 5255 3159 5296 a
3188 5256 3276 5298 me
3294 5243 3661 5298 demonstra-

2019 5338 2140 5391 tum
2170 5330 2352 5391 fuisse
2374 5330 2575 5401 judico
2606 5329 2664 5386 in
2695 5330 3102 5388 dissertatione
3133 5330 3408 5387 indicata.

2088 5424 2324 5478 Constat
2390 5420 2527 5475 duos
2596 5420 2785 5476 Sestos
2855 5420 3120 5481 consules,
3190 5419 3419 5474 Sextum
3487 5420 3661 5476 Pom—

2022 5512 2213 5583 pcium
2268 5515 2324 5581 et
2364 5510 2596 5565 Sextum
2647 5508 2955 5580 Apuleium
3009 5508 3143 5579 (quo
3192 5520 3345 5564 anno
3393 5507 3658 5567 historici

267 5600 386 5658 dem
418 5615 564 5659 anno
594 5597 1049 5657 immolationem
1081 5598 1226 5669 Agni
1258 5599 1326 5654 ad
1362 5612 1647 5670 vesperam
1677 5600 1795 5656 diei
1841 5599 1912 5656 26
1947 5594 1998 5655 D
2021 5614 2216 5657 omnes
2234 5598 2572 5668 consignant
2594 5604 2825 5655 mortem
2847 5595 3111 5667 Augusti,
3136 5594 3388 5654 Velleius
3413 5596 3655 5665 scilicet,
