4050 6184
375 298 471 371 434

1172 314 1266 370 AD
1294 313 1729 371 ANASTASIUM
1766 310 2282 369 PROLEGOMENA
2334 314 2510 370 EDIT.
2562 314 2990 374 ROM-VATIC.

3677 310 3784 375 432

370 435 627 508 Tacitus,
674 434 1007 501 Suetonius,
1051 435 1159 491 Dio
1202 434 1528 507 caterique)
1568 435 1787 491 distare
1829 432 2016 503 spatio
2043 426 2102 485 A
2134 428 2389 491 indicato
2446 435 2730 494 Orcadum
2788 438 3109 494 insularum
3180 436 3426 508 spectari
3486 430 3777 494 debuisse.

372 537 654 581 annorum
697 525 1028 595 quindecim
1073 539 1108 580 a
1150 526 1362 579 duobus
1401 526 1642 582 Geminis
1680 522 2015 583 consulibus,

369 612 529 669 Fuﬁo
560 611 799 669 Gemino
826 617 885 669 ct
912 613 1180 669 Rubellio
1208 613 1469 669 Gemino.
1500 613 1686 668 Series
1717 612 1871 668 enim
1903 623 2016 665 non

373 702 698 772 interrupta
744 702 989 758 istorum
1023 701 1355 773 quindecim
1386 714 1669 757 annorum
1712 700 1927 772 legitur
1956 698 2017 753 in

369 793 670 849 Fastorum
699 791 1172 861 Collectionibus,
1207 806 1334 862 qua
1364 792 1606 848 resultat
1633 791 1807 847 etiam
1836 803 1905 846 ex
1936 788 2020 844 hi-

372 881 609 936 storicis
629 882 817 937 atatis
837 880 1106 952 Augusti.
1133 882 1274 936 Nam
1296 880 1568 951 Velleius,
1600 880 1700 952 qui
1721 880 1908 935 Marco
1928 878 2020 934 Vi-

368 968 528 1025 nicio
554 969 805 1041 consuli,
840 976 968 1039 post
989 971 1137 1027 duos
1164 970 1421 1041 geminos
1451 983 1665 1025 annum
1691 968 2015 1039 proximum

365 1058 672 1130 aperienti,
705 1073 875 1116 suum
914 1073 1060 1130 opus
1092 1064 1407 1129 nuncupat,
1441 1073 1570 1114 cum
1615 1057 1751 1113 libr.
1792 1071 1855 1125 ιι,
1889 1070 2013 1125 cap.

369 1144 492 1219 423,
522 1148 772 1217 Pompeio
791 1149 1133 1218 Apuleioque
1159 1148 1473 1203 consulibus
1495 1146 1743 1218 Augusti
1778 1146 2015 1200 mortem

368 1236 681 1307 retulisset,
707 1240 764 1291 et
785 1236 1023 1292 initium
1054 1236 1283 1307 imperii
1307 1235 1546 1305 Tiberii,
1569 1247 1693 1304 cap.
1724 1230 1846 1303 426,
1869 1233 2016 1301 ejus-

363 1325 493 1381 dem
523 1325 663 1381 libri
714 1326 944 1380 sedecim
973 1340 1147 1379 annos
1184 1325 1398 1380 diserte
1447 1324 1581 1379 inde
1629 1326 1898 1378 numerat
1943 1321 2015 1376 ad

365 1414 659 1471 consulem
688 1414 1003 1470 Vinicium.
1038 1412 1377 1481 Quindecim
1411 1417 1707 1481 propterea
1746 1411 1954 1467 statuit
1980 1424 2015 1465 a

364 1503 594 1560 duobus
614 1504 802 1560 Sextis
823 1503 893 1559 ad
926 1504 1072 1559 duos
1100 1501 1394 1571 Geminos,
1416 1515 1561 1572 quos
1584 1500 1853 1558 Vinicius
1870 1514 2017 1555 con-

363 1591 618 1647 tinenter
659 1591 1055 1662 consequitur.
1102 1590 1288 1660 Quare
1330 1590 1383 1645 si
1427 1591 1536 1644 duo
1576 1590 1731 1643 Sea-ti
1769 1589 2014 1643 consules

363 1680 659 1750 pertinent
682 1680 752 1735 ad
793 1693 1007 1736 annum
1047 1693 1173 1735 ara
1210 1679 1428 1735 Christi
1461 1678 1719 1749 vulgaris
1750 1678 2017 1731 decimum

362 1777 640 1837 quartum,
692 1770 800 1823 duo
844 1770 1059 1825 Gemini
1099 1774 1238 1823 sunt
1277 1766 1599 1823 necessario
1637 1765 2014 1835 componendi

360 1871 492 1914 cum
521 1870 674 1915 anno
703 1858 958 1927 ejusdem
989 1871 1115 1913 ara
1144 1854 1235 1924 29,
1272 1857 1359 1913 uti
1392 1870 1589 1912 omnes
1631 1854 1747 1911 fere
1776 1854 2017 1910 chrono-

359 1947 477 2018 logi
498 1949 746 2018 pariant.
768 1948 905 2004 Sine
921 1948 1030 2002 duo
1055 1947 1209 2002 Sexti
1228 1949 1351 2002 sint
1368 1946 1661 2002 evidenter
1682 1943 2009 2000 retrahendi

359 2050 490 2092 cum
522 2042 703 2093 morte
730 2037 977 2108 Augusti
1008 2036 1077 2091 ad
1110 2048 1324 2091 annum
1346 2048 1472 2090 ara
1491 2033 1838 2103 communis,
1861 2032 2009 2087 Chri-

359 2126 433 2179 sti
458 2126 605 2188 XIII,
649 2124 1024 2194 consequitur
1050 2129 1108 2179 et
1136 2125 1272 2178 duos
1316 2123 1566 2179 Geminos
1610 2122 1895 2192 pertinere
1937 2120 2007 2175 ad

359 2229 568 2269 annum
597 2213 927 2268 bissemtilem
952 2210 1042 2284 28,
1073 2213 1161 2268 uti
1186 2212 1480 2269 Victorius
1510 2210 1840 2269 constituit.
1872 2210 2010 2264 Esse

359 2308 549 2359 autem
580 2302 664 2357 ita
693 2301 1065 2357 retrahendos
1093 2302 1240 2357 duos
1270 2306 1461 2358 sextos
1490 2301 1760 2357 consules
1797 2304 1854 2355 et
1883 2298 2009 2353 Au-

359 2390 517 2464 gusti
562 2394 799 2446 mortem
842 2390 913 2445 ad
958 2402 1172 2445 annum
1235 2386 1302 2445 43
1344 2403 1471 2446 ara
1530 2389 1895 2457 Christiana,
1939 2400 2009 2442 ex

358 2479 687 2536 charactere
714 2478 992 2549 temporis
1024 2478 1085 2533 in
1105 2477 1310 2533 Dionis
1324 2477 1581 2533 Historia
1596 2476 1776 2533 relato
1794 2476 1858 2531 ﬁt
1880 2475 2010 2530 evi-

357 2569 518 2626 dens.

426 2659 534 2715 Dio
578 2658 728 2715 libro
757 2672 844 2715 LVI
880 2658 1031 2713 inter
1069 2656 1335 2729 prodigia
1379 2670 1505 2728 qua
1532 2662 1588 2711 et
1631 2654 2005 2726 prajudicata

356 2748 515 2819 vulgi
539 2748 816 2819 opinione
835 2760 905 2803 ac
922 2746 1340 2816 superstitione
1357 2749 1594 2801 mortem
1611 2743 1858 2816 Augusti
1879 2756 2006 2812 por-

357 2836 587 2893 tendere
616 2835 1014 2907 credebantur,
1045 2835 1213 2891 Sexto
1243 2834 1487 2905 Apuleio
1516 2840 1592 2938 et.
1614 2833 1784 2933 Sexto
1828 2833 2004 2938 Pom—
2031 2875 2079 2938 C

357 2926 487 2999 peio
522 2925 886 2996 consulibus,
918 2930 1215 2981 enumerat
1253 2924 1482 2982 totalem
1511 2923 1774 2993 eclipsim
1812 2921 1994 2978 solis:

354 3016 518 3071 Anno
545 3016 875 3084 insequenti,
916 3014 1019 3083 ait,
1060 3015 1220 3070 Sexto
1257 3014 1514 3085 Apuleio,
1558 3013 1719 3068 Sexto
1747 3012 1998 3081 Pompeio

354 3103 688 3167 consulibus,
710 3105 771 3157 in
791 3102 1148 3172 Campaniam
1161 3104 1441 3172 profectus
1460 3102 1766 3167 Augustus,
1794 3100 1999 3153 exhibi-

353 3197 406 3248 to
433 3194 662 3262 Neapoli
703 3192 1028 3261 spectaculo,
1058 3191 1210 3249 Nola
1236 3193 1401 3245 morti
1429 3192 1704 3245 concessit.
1738 3191 1999 3257 Prodigia

353 3296 474 3351 qua
508 3281 572 3335 id
609 3283 660 3335 ei
695 3281 1057 3351 pradicerent
1081 3294 1255 3349 neque
1282 3280 1529 3341 minima,
1566 3294 1737 3348 neque
1770 3279 1998 3333 obscura

352 3375 657 3426 euenerant.
707 3383 803 3426 sor.
833 3383 1003 3425 rorus
1044 3381 1369 3424 casucasu.
1418 3368 1546 3423 Ὅτε
1589 3365 1684 3438 γὰρ
1727 3369 1865 3435 ἥλιος
1902 3368 1999 3427 πᾶς

351 3458 558 3530 ἐξέλιπε,
582 3464 689 3515 etc.
720 3460 971 3529 Torquet
1008 3458 1240 3530 ingenia
1268 3457 1748 3529 chron010gorum
1781 3457 1999 3526 pariter

348 3552 406 3605 et
433 3553 899 3606 astronomorum
926 3547 1207 3617 eclipseos
1234 3547 1410 3601 istius
1435 3546 1732 3617 indagatio
1759 3558 1857 3615 per
1885 3557 1999 3600 an—

272 3664 279 3667 -
349 3652 488 3694 num
532 3642 793 3707 quartum
835 3638 1101 3691 decimum
1140 3650 1267 3690 ara
1306 3635 1652 3691 Christina:
1686 3648 1801 3704 quo
1844 3636 1996 3689 certe

350 3728 512 3782 nulla
550 3727 836 3795 ejusmodi
881 3723 1117 3794 eclipsis
1150 3724 1317 3791 juxta
1358 3738 1731 3794 quascunque
1767 3723 1994 3781 tabulas

347 3814 665 3871 calestium
713 3817 969 3869 motuum
999 3811 1249 3879 spectari
1293 3812 1502 3881 potuit.
1535 3812 1607 3865 At
1634 3813 1685 3865 si
1720 3813 1867 3867 hanc
1914 3814 1995 3867 in-

348 3904 586 3975 quirant
623 3903 790 3972 juxta
831 3899 1055 3955 easdem
1100 3898 1328 3954 tabulas
1372 3912 1521 3953 anno
1565 3897 1824 3970 vulgaris
1869 3914 1995 3955 ara

346 3993 503 4046 tertio
533 3991 757 4057 decimo,
793 3986 1054 4043 collectis
1095 3986 1354 4042 numeris
1381 3992 1726 4057 cognoscent
1754 3987 1995 4044 eviden—

346 4084 451 4150 ter,
482 4079 578 4135 die
606 4075 918 4147 28Aprilis
938 4074 1221 4132 defectum
1253 4076 1396 4132 solis
1422 4076 1478 4130 in
1510 4076 1779 4145 pluribus
1802 4078 1994 4134 Euro-

349 4182 431 4239 pa
464 4167 779 4239 provinciis
807 4165 1173 4236 spectabilem
1205 4165 1536 4238 contigisse,
1565 4165 1704 4221 dum
1736 4172 1992 4239 vergeret
2018 4204 2073 4264 D

347 4259 416 4314 ad
448 4270 733 4314 occasum.
764 4255 1016 4312 Totalem
1044 4256 1195 4312 disci
1228 4255 1689 4313 obscurationem
1735 4256 1855 4312 sole
1886 4271 1992 4313 oc-

345 4347 571 4403 cidente
591 4346 772 4401 visam
804 4346 993 4415 parvis
1016 4345 1230 4401 insulis
1260 4345 1331 4401 ab
1355 4359 1563 4400 occasu
1587 4345 1988 4414 adjacentibus

345 4435 657 4492 Britannia
700 4434 853 4491 circa
885 4436 1166 4492 borealem
1210 4436 1509 4493 Scotorum
1557 4439 1823 4505 tractum,
1857 4436 1988 4491 dis—

343 4530 474 4581 cent
500 4538 570 4581 ex
612 4524 1023 4595 supputatione
1052 4539 1117 4579 ac
1152 4524 1565 4594 diagrammate
1597 4522 1655 4577 in
1699 4523 1983 4579 disserta—

341 4615 501 4671 tione
519 4620 711 4671 nostra
731 4615 909 4670 relato
937 4632 947 4667 :
977 4613 1226 4669 similem
1243 4612 1413 4667 alteri
1434 4612 1542 4666 ecli
1552 4610 1638 4680 psi
1661 4612 1984 4680 spectanda

340 4706 437 4761 die
462 4703 535 4763 22
559 4705 716 4777 Maii,
744 4719 895 4761 anno
928 4700 1084 4771 4724,
1118 4703 1236 4758 sole
1266 4702 1482 4772 pariter
1502 4701 1815 4771 occidente,
1850 4716 1987 4771 spe-

341 4795 660 4850 ctatoribus
678 4793 887 4863 positis
918 4793 975 4847 in
1001 4792 1193 4847 littore
1251 4790 1495 4845 occiduo
1532 4791 1800 4859 Etruria,
1829 4791 1984 4847 circa

343 4882 681 4939 Liburnum.
704 4884 784 4938 Ex
813 4881 1014 4937 iisdem
1037 4878 1274 4934 Tabulis
1293 4878 1673 4950 Cassinianis,
1702 4879 1983 4949 Hirianis,

342 4971 803 5028 Bononiensibus
818 4976 876 5026 et
891 4968 1241 5025 Britannicis
1264 4973 1507 5040 utraque
1527 4969 1766 5041 eclipsis
1786 4969 1985 5025 totalis

345 5060 580 5128 perinde
598 5060 897 5128 colligitur
921 5078 933 5115 :
959 5074 1085 5130 qua
1108 5059 1392 5128 partialis,
1415 5065 1478 5115 ut
1497 5073 1724 5115 necesse
1743 5066 1830 5115 est
1849 5073 1985 5115 eve-

343 5148 488 5215 nire,
513 5146 691 5202 fuerit
708 5152 987 5203 terrarum
1009 5148 1293 5204 tractibus
1312 5149 1371 5202 in
1390 5148 1603 5203 vicinia
1622 5148 1829 5217 positis
1845 5150 1980 5205 Bri-

339 5238 572 5307 tannia,
608 5234 905 5292 inferioris
933 5238 1273 5307 Germania,
1303 5236 1507 5290 Gallia
1535 5250 1601 5291 ac
1625 5237 1971 5310 Lusitania;

338 5327 434 5381 sed
468 5326 670 5397 phases
700 5323 965 5397 partialis
993 5324 1300 5381 observata
1332 5324 1426 5378 his
1471 5325 1529 5379 in
1570 5326 1843 5397 regionis,
1878 5332 1974 5383 to—

336 5413 503 5470 talem
533 5417 928 5471 demonstrant
956 5412 1013 5467 in
1042 5414 1302 5481 proximo
1337 5411 1568 5467 climate
1602 5426 1668 5468 ac
1693 5414 1969 5471 meriiano

2200 522 2344 591 Quis
2377 525 2571 597 itaque
2599 540 2804 599 negare
2836 528 3020 596 possit
3058 528 3441 583 characterem
3473 527 3628 582 hunc
3657 540 3781 583 ca—

2131 612 2365 670 lestium
2398 621 2682 686 motuum,
2714 616 2919 673 Dionis
2941 617 3002 672 in
3035 616 3289 671 Historia
3316 616 3530 671 diserte
3559 628 3782 671 memo-

2129 706 2318 758 ratum
2386 704 2645 761 indicare
2697 705 2994 762 evidenter
3045 705 3410 762 consulatum
3469 704 3781 775 utriusque

2127 790 2282 846 Sexti
2314 805 2439 848 esse
2468 793 2812 864 pariandum
2837 808 2968 850 cum
2998 807 3149 851 anno
3177 793 3437 867 vulgaris
3463 807 3589 849 ara
3619 794 3779 847 tertio

2129 881 2382 935 decimo?
2427 883 2670 952 duosque
2717 883 2968 940 Geminos
3010 897 3135 940 esse
3175 883 3595 952 componendos
3642 896 3779 939 cum

2128 981 2280 1026 anno
2308 969 2600 1027 bissextili
2630 972 2889 1042 ejusdem
2919 986 3045 1028 ara
3070 970 3160 1041 28,
3195 972 3282 1028 uti
3311 971 3606 1029 Victorius
3629 983 3779 1027 con-

2126 1056 2371 1136 stituit?

2197 1146 2429 1215 Quares
2460 1162 2595 1205 num
2624 1149 2855 1206 duobus
2883 1149 3143 1207 Geminis
3168 1149 3509 1207 consulibus
3538 1162 3638 1220 per
3661 1162 3779 1205 an—

2126 1247 2264 1291 num
2296 1238 2583 1308 retractis,
2627 1239 2807 1295 series
2840 1251 3072 1310 quoque
3101 1239 3408 1295 consulum
3441 1237 3779 1309 praceden—

2125 1322 2273 1379 tium
2305 1339 2492 1397 usque
2513 1327 2583 1383 ad
2603 1326 2926 1382 Casariana
2950 1331 3058 1383 tem
3070 1340 3207 1397 pora
3222 1327 3273 1383 si
3292 1327 3644 1383 tantumdem
3672 1326 3780 1380 in—

2124 1411 2301 1469 simul
2347 1414 2734 1472 retrahenda?
2766 1415 2827 1471 Id
2859 1429 2991 1472 vero
3022 1419 3212 1486 ipsum
3243 1414 3577 1472 asserimus.
3616 1411 3778 1483 Quin

2125 1500 2297 1556 etiam
2329 1517 2537 1559 novum
2567 1508 2969 1575 argumentum
2998 1518 3065 1560 ac
3093 1505 3602 1560 demonstrationem
3633 1516 3781 1572 pro—

2122 1588 2157 1644 d
2168 1590 2393 1646 ucimus
2408 1592 2691 1660 ejusmodi
2708 1593 3148 1650 retrocessionis
3162 1594 3484 1649 necessario
3498 1592 3568 1649 ad
3578 1590 3781 1646 hiben-

2121 1679 2207 1734 da
2252 1679 2311 1733 in
2357 1680 2739 1750 disponendis
2768 1681 3173 1738 consulatibus
3217 1683 3278 1738 C.
3319 1681 3463 1738 Julii
3491 1680 3771 1738 Casaris:

2122 1769 2291 1837 cujus
2320 1783 2506 1826 comes
2539 1771 2879 1828 individuus
2899 1772 3293 1842 expeditionis
3313 1771 3640 1841 Hispanica
3657 1769 3778 1827 Au-

2124 1858 2216 1914 lus
2241 1859 2486 1929 Hirtius,
2508 1860 2777 1929 idemque
2793 1860 3112 1916 historicus
3128 1859 3643 1931 diligentissimus,
3667 1873 3777 1930 per

2120 1947 2246 2003 dies
2274 1947 2539 2019 singulos
2576 1961 2923 2005 enumerans
2959 1949 3292 2005 obsidiones
3337 1949 3680 2019 oppidorum
3709 1954 3777 2006 et

2121 2035 2402 2092 militaria
2432 2041 2589 2107 gesta
2617 2037 2710 2092 sui
2739 2037 3124 2108 imperatoris,
3155 2038 3451 2093 ministrat
3474 2038 3536 2094 in
3558 2037 3774 2093 castris

2118 2126 2269 2194 apud
2297 2124 2581 2195 Hispalim
2607 2126 2779 2181 motis
2810 2125 2905 2180 die
2930 2140 2994 2180 III
3018 2128 3204 2183 Nonas
3226 2128 3439 2193 Martii,
3470 2126 3610 2182 hora
3639 2126 3775 2181 cir—

2118 2212 2263 2268 citer
2285 2218 2440 2268 sexta
2458 2218 2728 2268 nocturna
2753 2212 2983 2283 quando
3006 2212 3145 2269 luna
3175 2220 3477 2284 conspecta
3497 2212 3632 2285 fuit,
3662 2213 3777 2269 in-

2116 2299 2340 2356 dicium
2365 2300 2733 2356 manifestum
2760 2300 2920 2369 anni,
2950 2314 3118 2371 quem
3150 2305 3350 2356 vocant
3379 2299 3767 2371 confusionis,

2118 2388 2385 2458 pariandi
2415 2403 2546 2445 cum
2576 2389 2681 2444 hac
2711 2388 3075 2458 expeditione
3099 2389 3501 2459 Hispaniensi:
3537 2394 3594 2445 et
3620 2389 3773 2444 alli-

2117 2479 2290 2550 gandi
2308 2492 2524 2535 annum
2541 2478 2783 2534 Casaris
2820 2478 3196 2535 emortualem
3219 2492 3350 2535 cum
3376 2478 3620 2536 Juliana
3643 2493 3773 2536 cor-

2118 2567 2390 2623 rectionis
2418 2567 2605 2637 primo
2634 2570 2766 2623 ante
2793 2582 2965 2624 aram
2993 2567 3212 2625 Christi
3244 2565 3350 2639 45;
3376 2569 3526 2626 unde
3555 2581 3771 2624 conse—

2115 2656 2319 2725 quitur
2352 2661 2408 2711 et
2430 2657 2578 2713 duos
2615 2655 2813 2712 Sextos
2846 2656 3106 2713 obtinere
3132 2659 3356 2712 tertium
3386 2657 3674 2719 decimum,
3704 2660 3770 2711 et

2111 2744 2256 2799 duos
2267 2745 3093 2802 Geminosduodetricesimum
3114 2761 3238 2802 ara
3258 2746 3535 2818 vulgaris.
3549 2745 3766 2801 Fusius

2114 2832 2230 2889 hac
2259 2834 2555 2903 disputata
2583 2838 2640 2891 et
2669 2834 2740 2889 ab
2770 2835 2925 2890 omni
2951 2834 3290 2891 diﬁicultate
3313 2835 3579 2905 expedita
3604 2835 3760 2906 leges

2112 2921 2172 2977 in
2189 2922 2599 2978 dissertatione
2619 2930 2815 2979 nostra
2834 2929 3159 2994 memorata,
3185 2924 3247 2979 in
3269 2938 3385 2994 qua
3409 2924 3612 2979 horum
3636 2936 3765 2979 ca-

2111 3010 2344 3068 lestium
2372 3017 2630 3070 motuum
2655 3018 2829 3084 atque
2851 3012 3157 3083 eclipsium
3182 3012 3442 3069 calculos
3467 3016 3758 3083 accurate,

2110 3105 2176 3156 ut
2210 3115 2399 3173 spero,
2430 3102 2748 3159 subductos
2773 3101 3087 3157 ostendam.

2177 3190 2454 3247 Constant
2479 3190 2659 3263 igitur
2685 3191 2744 3246 in
2766 3190 3140 3262 chronologia
3167 3190 3413 3247 Victorii
3439 3204 3505 3247 ac
3534 3195 3758 3262 nostra,

2107 3280 2482 3351 consignante
2504 3278 2649 3335 feria
2677 3294 2734 3349 v,
2761 3281 2857 3335 die
2880 3278 2951 3336 25
2980 3279 3174 3336 Martii
3193 3279 3435 3352 Juliani,
3462 3293 3612 3336 anno
3627 3294 3762 3336 ara

2108 3368 2363 3440 vulgaris
2377 3366 2449 3425 28
2470 3382 2650 3439 eoque
2670 3368 2986 3439 hissextili,
3003 3369 3231 3426 duobus
3252 3369 3512 3426 Geminis
3533 3383 3763 3426 consu—

2108 3457 2264 3513 libus
2281 3472 2498 3515 canam
2515 3459 2876 3515 Dominicam
2895 3464 2952 3514 et
2972 3459 3262 3529 passionis
3280 3459 3603 3530 exordium,
3619 3461 3762 3515 die-

2108 3562 2221 3619 que
2258 3548 2521 3619 proximo
2554 3546 2625 3605 26
2664 3548 2881 3619 Martii,
2922 3547 3065 3605 feria
3096 3562 3174 3618 v1,
3224 3548 3655 3605 cruciﬁxionem
3685 3563 3760 3605 ac

2109 3644 2346 3695 mortem
2363 3639 2613 3709 Domini,
2642 3644 2891 3709 quatuor
2913 3638 3002 3694 illi
3020 3638 3376 3695 characteres
3392 3639 3573 3695 amice
3586 3652 3760 3695 com-

2106 3728 2279 3798 positi
2305 3747 2316 3783 :
2341 3743 2487 3800 quos
2512 3730 2570 3784 in
2591 3729 2773 3785 dilato
2789 3729 3163 3785 Geminorum
3182 3729 3426 3801 collegio
3441 3729 3509 3783 ad
3531 3743 3751 3785 annum

2103 3816 2175 3874 29
2204 3818 2422 3874 frustra
2454 3818 2825 3889 requirebant
2864 3817 3222 3888 chronologi,
3254 3818 3402 3873 duos
3433 3818 3660 3874 scilicet
3690 3819 3752 3875 in

2104 3908 2321 3962 sanctis
2351 3906 2677 3978 Evangeliis
2706 3906 2906 3963 divina
2936 3906 3047 3962 ﬁde
3076 3906 3330 3962 ﬁrmatos
3362 3907 3657 3962 Paschatis
3684 3920 3755 3962 ac

2103 3995 2416 4066 Passionis,
2444 4009 2618 4052 cana
2641 4001 2699 4051 et
2727 3993 3004 4052 feriarum
3035 4011 3068 4051 v
3091 4000 3148 4051 et
3176 4009 3231 4050 v1
3264 4009 3396 4052 cum
3423 3996 3549 4066 ejus
3578 3995 3757 4051 initio

2102 4097 2169 4139 ac
2198 4084 2442 4139 termino
2473 4084 3031 4154 componendarum;
3072 4084 3219 4140 duos
3252 4098 3380 4141 vero
3411 4099 3445 4140 a
3486 4084 3755 4140 Patribus

2101 4172 2255 4228 atati
2285 4172 2615 4241 apostolica
2636 4171 2936 4244 proximis,
2964 4178 3020 4228 et
3048 4186 3082 4229 a
3109 4173 3476 4245 chronologis
3503 4173 3757 4243 peritio—

2102 4260 2264 4317 ribus
2285 4274 2414 4317 cum
2440 4261 2697 4316 Victorio
2719 4266 3079 4332 memoratos,
3105 4262 3223 4318 diei
3251 4262 3478 4318 scilicet
3496 4260 3568 4317 25
3592 4265 3756 4318 Mar—-

2099 4348 2169 4404 tii
2197 4362 2327 4404 cum
2348 4361 2508 4404 cana
2526 4348 2850 4420 Dominica,
2879 4354 2936 4405 et
2958 4350 3195 4406 exordio
3217 4350 3528 4420 passionis,
3548 4354 3605 4404 et
3628 4350 3752 4405 diei

2096 4434 2166 4494 26
2189 4438 2443 4505 ejusdem
2469 4438 2683 4492 mensis
2702 4453 2835 4494 cum
2861 4437 3129 4494 aﬁixione
3147 4438 3541 4507 Redemptoris
3563 4438 3750 4494 nostri

2098 4528 2157 4582 in
2178 4540 2366 4596 cruce,
2394 4530 2452 4582 et
2470 4533 2862 4584 consummata
2886 4527 3151 4597 passione
3176 4528 3597 4597 componenda.

2168 4615 2265 4670 His
2295 4628 2425 4671 vero
2453 4614 3054 4672 animadversionibus
3077 4616 3330 4686 Catalogi
3365 4616 3549 4672 nostri
3582 4617 3752 4672 chro-

2096 4704 2383 4776 nologiam
2412 4704 2483 4760 ab
2523 4705 2738 4775 epocha
2773 4704 3060 4773 passionis
3099 4704 3376 4760 similiter
3406 4704 3747 4777 consignata

2098 4793 2384 4849 illustrari
2410 4798 2465 4849 et
2494 4793 2852 4863 comprobari
2879 4794 3249 4849 conﬁdimus.

2166 4882 2370 4938 Essent
2396 4896 2625 4953 quoque
2648 4885 2795 4936 nota
2817 4881 3158 4938 adhibenda
3187 4883 3255 4938 ad
3287 4882 3514 4954 aliquot
3542 4883 3745 4953 ponti-

2096 4971 2265 5027 ﬁcum
2298 4971 2380 5027 ibi
2413 4970 2844 5040 recensitorum,
2868 4976 2924 5025 et
2949 4972 3019 5027 ad
3048 4972 3394 5027 omissorum
3416 4985 3585 5028 aram
3612 4977 3745 5029 sta—

2093 5058 2429 5117 biliendum.
2475 5062 2684 5116 Verum
2727 5061 2852 5116 suis
2884 5060 3027 5116 locis
3061 5061 3256 5131 aptius
3299 5060 3746 5117 collocabuntur

2092 5148 2177 5204 vel
2205 5148 2587 5220 disponentur
2630 5150 2689 5205 in
2720 5150 3127 5206 dissertatione
3164 5151 3229 5204 de
3264 5151 3538 5219 Catalogis
3580 5154 3747 5205 anti—

2088 5239 2211 5307 quis
2229 5241 2550 5308 pontiﬂcum
2578 5240 2960 5301 Romanorum,
2994 5253 3164 5309 quam
3199 5239 3371 5309 paulo
3399 5238 3551 5295 infra
3581 5242 3746 5296 atte-

2082 5342 2231 5396 xam,
2268 5333 2395 5397 post
2420 5327 2580 5383 illam
2611 5343 2738 5397 qua
2759 5341 2791 5385 a
2819 5327 3062 5397 prasule
3090 5328 3498 5385 Schelestratio
3528 5334 3742 5400 peten-

2079 5418 2153 5473 da
2180 5422 2284 5472 est.

1622 5625 2424 5671 ψ
