  <div class='ocr_page' id='page_1' title='image "/cluster/home/n/w/nwhite01/storage/ocr_20150623/127/hvd.32044054759881/079.png"; bbox 0 0 4060 6176; ppageno 0'>
   <div class='ocr_carea' id='block_1_1' title="bbox 405 241 506 335">
    <p class='ocr_par' dir='ltr' id='par_1_1' title="bbox 405 241 506 335">
     <span class='ocr_line' id='line_1_1' title="bbox 405 241 506 335; baseline -0.01 -33"><span class='ocrx_word' id='word_1_1' title='bbox 405 241 506 335; x_wconf 57' lang='lat' dir='ltr'><strong>ita</strong></span> 
     </span>
    </p>
   </div>
   <div class='ocr_carea' id='block_1_2' title="bbox 1173 237 2989 298">
    <p class='ocr_par' dir='ltr' id='par_1_2' title="bbox 1173 237 2989 298">
     <span class='ocr_line' id='line_1_2' title="bbox 1173 237 2989 298; baseline -0.002 0"><span class='ocrx_word' id='word_1_2' title='bbox 1173 241 1266 298; x_wconf 73' lang='lat' dir='ltr'><strong>AD</strong></span> <span class='ocrx_word' id='word_1_3' title='bbox 1303 239 1739 298; x_wconf 79' lang='lat' dir='ltr'><strong>ANASTASIUM</strong></span> <span class='ocrx_word' id='word_1_4' title='bbox 1777 237 2290 297; x_wconf 76' lang='lat' dir='ltr'><strong>PROLEGOMENA</strong></span> <span class='ocrx_word' id='word_1_5' title='bbox 2325 240 2503 297; x_wconf 87' lang='lat' dir='ltr'><strong>EDIT.</strong></span> <span class='ocrx_word' id='word_1_6' title='bbox 2543 239 2989 298; x_wconf 79' lang='lat' dir='ltr'><strong>ROM.-VATIC.</strong></span> 
     </span>
    </p>
   </div>
   <div class='ocr_carea' id='block_1_3' title="bbox 3703 237 3817 298">
    <p class='ocr_par' dir='ltr' id='par_1_3' title="bbox 3703 237 3817 298">
     <span class='ocr_line' id='line_1_3' title="bbox 3703 237 3817 298; baseline 0.018 -1"><span class='ocrx_word' id='word_1_7' title='bbox 3703 237 3817 298; x_wconf 76' lang='grc'><strong>448</strong></span> 
     </span>
    </p>
   </div>
   <div class='ocr_carea' id='block_1_4' title="bbox 1437 563 2796 668">
    <p class='ocr_par' dir='ltr' id='par_1_4' title="bbox 1437 563 2796 668">
     <span class='ocr_line' id='line_1_4' title="bbox 1437 563 2796 668; baseline 0.001 -2"><span class='ocrx_word' id='word_1_8' title='bbox 1437 563 2061 668; x_wconf 77' lang='lat' dir='ltr'><strong>FRANCISCI</strong></span> <span class='ocrx_word' id='word_1_9' title='bbox 2147 564 2796 668; x_wconf 85' lang='lat' dir='ltr'><strong>BLANCHINI</strong></span> 
     </span>
    </p>
   </div>
   <div class='ocr_carea' id='block_1_5' title="bbox 1779 788 2421 853">
    <p class='ocr_par' dir='ltr' id='par_1_5' title="bbox 1779 788 2421 853">
     <span class='ocr_line' id='line_1_5' title="bbox 1779 788 2421 853; baseline 0.002 -2"><span class='ocrx_word' id='word_1_10' title='bbox 1779 788 2421 853; x_wconf 77' lang='lat' dir='ltr'><strong>ADNOTATIONES</strong></span> 
     </span>
    </p>
   </div>
   <div class='ocr_carea' id='block_1_6' title="bbox 479 971 3735 1056">
    <p class='ocr_par' dir='ltr' id='par_1_6' title="bbox 479 971 3735 1056">
     <span class='ocr_line' id='line_1_6' title="bbox 479 971 3735 1056; baseline 0 -18"><span class='ocrx_word' id='word_1_11' title='bbox 479 973 588 1039; x_wconf 77' lang='lat' dir='ltr'><strong>Ad</strong></span> <span class='ocrx_word' id='word_1_12' title='bbox 620 974 978 1056; x_wconf 65' lang='lat' dir='ltr'><strong>Catalogus-</strong></span> <span class='ocrx_word' id='word_1_13' title='bbox 1004 975 1412 1056; x_wconf 68' lang='lat' dir='ltr'><strong>superiores,</strong></span> <span class='ocrx_word' id='word_1_14' title='bbox 1437 990 1692 1038; x_wconf 79' lang='lat' dir='ltr'><strong>necnon</strong></span> <span class='ocrx_word' id='word_1_15' title='bbox 1717 973 1808 1036; x_wconf 78' lang='lat' dir='ltr'><strong>ad</strong></span> <span class='ocrx_word' id='word_1_16' title='bbox 1827 971 2200 1054; x_wconf 74' lang='lat' dir='ltr'><strong>specimina</strong></span> <span class='ocrx_word' id='word_1_17' title='bbox 2223 972 2585 1054; x_wconf 68' lang='lat' dir='ltr'><strong>scriptum</strong></span> <span class='ocrx_word' id='word_1_18' title='bbox 2606 975 2890 1040; x_wconf 72' lang='lat' dir='ltr'><strong>secundi</strong></span> <span class='ocrx_word' id='word_1_19' title='bbox 2913 974 3354 1054; x_wconf 70' lang='lat' dir='ltr'><strong>Corbeiensis,</strong></span> <span class='ocrx_word' id='word_1_20' title='bbox 3387 979 3452 1040; x_wconf 77' lang='lat' dir='ltr'><strong>et</strong></span> <span class='ocrx_word' id='word_1_21' title='bbox 3480 975 3735 1039; x_wconf 70' lang='lat' dir='ltr'><strong>codicis</strong></span> 
     </span>
    </p>
   </div>
   <div class='ocr_carea' id='block_1_7' title="bbox 1668 1069 2542 1148">
    <p class='ocr_par' dir='ltr' id='par_1_7' title="bbox 1668 1069 2542 1148">
     <span class='ocr_line' id='line_1_7' title="bbox 1668 1069 2542 1148; baseline 0 -14"><span class='ocrx_word' id='word_1_22' title='bbox 1668 1071 2110 1148; x_wconf 72' lang='lat' dir='ltr'><strong>Farnesz’anz‘,</strong></span> <span class='ocrx_word' id='word_1_23' title='bbox 2144 1069 2312 1134; x_wconf 66' lang='lat' dir='ltr'><strong>libri</strong></span> <span class='ocrx_word' id='word_1_24' title='bbox 2339 1073 2542 1136; x_wconf 74' lang='lat' dir='ltr'><strong>Pont.</strong></span> 
     </span>
    </p>
   </div>
   <div class='ocr_carea' id='block_1_8' title="bbox 471 1435 3820 1513">
    <p class='ocr_par' dir='ltr' id='par_1_8' title="bbox 471 1435 3820 1513">
     <span class='ocr_line' id='line_1_8' title="bbox 471 1435 3820 1513; baseline 0.002 -23"><span class='ocrx_word' id='word_1_25' title='bbox 471 1435 716 1492; x_wconf 86' lang='lat' dir='ltr'><strong>Consilii</strong></span> <span class='ocrx_word' id='word_1_26' title='bbox 751 1437 934 1494; x_wconf 81' lang='lat' dir='ltr'><strong>nostri</strong></span> <span class='ocrx_word' id='word_1_27' title='bbox 960 1437 1107 1494; x_wconf 80' lang='lat' dir='ltr'><strong>ratio</strong></span> <span class='ocrx_word' id='word_1_28' title='bbox 1144 1437 1427 1494; x_wconf 90' lang='lat' dir='ltr'><strong>reddenda</strong></span> <span class='ocrx_word' id='word_1_29' title='bbox 1453 1440 1556 1508; x_wconf 92' lang='lat' dir='ltr'><strong>est,</strong></span> <span class='ocrx_word' id='word_1_30' title='bbox 1593 1452 1698 1493; x_wconf 88' lang='lat' dir='ltr'><strong>cur</strong></span> <span class='ocrx_word' id='word_1_31' title='bbox 1731 1437 1954 1493; x_wconf 84' lang='lat' dir='ltr'><strong>scilicet</strong></span> <span class='ocrx_word' id='word_1_32' title='bbox 1991 1449 2058 1492; x_wconf 87' lang='lat' dir='ltr'><strong>ex</strong></span> <span class='ocrx_word' id='word_1_33' title='bbox 2096 1435 2385 1495; x_wconf 82' lang='lat' dir='ltr'><strong>AItalicis</strong></span> <span class='ocrx_word' id='word_1_34' title='bbox 2422 1441 2708 1498; x_wconf 90' lang='lat' dir='ltr'><strong>ﬁdendum</strong></span> <span class='ocrx_word' id='word_1_35' title='bbox 2750 1455 2873 1497; x_wconf 88' lang='lat' dir='ltr'><strong>esse</strong></span> <span class='ocrx_word' id='word_1_36' title='bbox 2902 1442 3192 1513; x_wconf 80' lang='lat' dir='ltr'><strong>colligam,</strong></span> <span class='ocrx_word' id='word_1_37' title='bbox 3216 1445 3274 1497; x_wconf 91' lang='lat' dir='ltr'><strong>et</strong></span> <span class='ocrx_word' id='word_1_38' title='bbox 3304 1441 3646 1498; x_wconf 83' lang='lat' dir='ltr'><strong>nominatim</strong></span> <span class='ocrx_word' id='word_1_39' title='bbox 3675 1441 3820 1496; x_wconf 90' lang='lat' dir='ltr'><strong>huic</strong></span> 
     </span>
    </p>
   </div>
   <div class='ocr_carea' id='block_1_9' title="bbox 412 1525 2053 1598">
    <p class='ocr_par' dir='ltr' id='par_1_9' title="bbox 412 1525 2053 1598">
     <span class='ocr_line' id='line_1_9' title="bbox 412 1525 2053 1598; baseline -0.002 -17"><span class='ocrx_word' id='word_1_40' title='bbox 412 1525 680 1596; x_wconf 83' lang='lat' dir='ltr'><strong>pluribus</strong></span> <span class='ocrx_word' id='word_1_41' title='bbox 702 1528 963 1598; x_wconf 85' lang='lat' dir='ltr'><strong>antiquis</strong></span> <span class='ocrx_word' id='word_1_42' title='bbox 983 1528 1271 1597; x_wconf 82' lang='lat' dir='ltr'><strong>Catal0gis</strong></span> <span class='ocrx_word' id='word_1_43' title='bbox 1294 1527 1626 1597; x_wconf 78' lang='lat' dir='ltr'><strong>pontificum</strong></span> <span class='ocrx_word' id='word_1_44' title='bbox 1651 1527 2053 1583; x_wconf 69' lang='lat' dir='ltr'><strong>Romanorum:</strong></span> 
     </span>
    </p>
   </div>
   <div class='ocr_carea' id='block_1_10' title="bbox 405 1616 2055 1687">
    <p class='ocr_par' dir='ltr' id='par_1_10' title="bbox 405 1616 2055 1687">
     <span class='ocr_line' id='line_1_10' title="bbox 405 1616 2055 1687; baseline -0.001 -14"><span class='ocrx_word' id='word_1_45' title='bbox 405 1631 550 1686; x_wconf 90' lang='lat' dir='ltr'><strong>quos</strong></span> <span class='ocrx_word' id='word_1_46' title='bbox 574 1616 870 1686; x_wconf 89' lang='lat' dir='ltr'><strong>proferunt</strong></span> <span class='ocrx_word' id='word_1_47' title='bbox 889 1618 1105 1674; x_wconf 89' lang='lat' dir='ltr'><strong>eruditi</strong></span> <span class='ocrx_word' id='word_1_48' title='bbox 1121 1618 1451 1687; x_wconf 84' lang='lat' dir='ltr'><strong>scriptores,</strong></span> <span class='ocrx_word' id='word_1_49' title='bbox 1471 1631 1568 1673; x_wconf 90' lang='lat' dir='ltr'><strong>eos</strong></span> <span class='ocrx_word' id='word_1_50' title='bbox 1585 1631 1706 1672; x_wconf 86' lang='lat' dir='ltr'><strong>esse</strong></span> <span class='ocrx_word' id='word_1_51' title='bbox 1720 1617 2055 1686; x_wconf 79' lang='lat' dir='ltr'><strong>deligendos</strong></span> 
     </span>
    </p>
   </div>
   <div class='ocr_carea' id='block_1_11' title="bbox 406 1705 2053 1776">
    <p class='ocr_par' dir='ltr' id='par_1_11' title="bbox 406 1705 2053 1776">
     <span class='ocr_line' id='line_1_11' title="bbox 406 1705 2053 1776; baseline 0.001 -15"><span class='ocrx_word' id='word_1_52' title='bbox 406 1707 747 1776; x_wconf 88' lang='lat' dir='ltr'><strong>putaverim,</strong></span> <span class='ocrx_word' id='word_1_53' title='bbox 782 1721 925 1776; x_wconf 91' lang='lat' dir='ltr'><strong>quos</strong></span> <span class='ocrx_word' id='word_1_54' title='bbox 972 1707 1066 1761; x_wconf 90' lang='lat' dir='ltr'><strong>hic</strong></span> <span class='ocrx_word' id='word_1_55' title='bbox 1100 1706 1316 1764; x_wconf 85' lang='lat' dir='ltr'><strong>inserui</strong></span> <span class='ocrx_word' id='word_1_56' title='bbox 1364 1711 1481 1762; x_wconf 90' lang='lat' dir='ltr'><strong>tres</strong></span> <span class='ocrx_word' id='word_1_57' title='bbox 1515 1720 1713 1776; x_wconf 89' lang='lat' dir='ltr'><strong>nempe</strong></span> <span class='ocrx_word' id='word_1_58' title='bbox 1752 1721 1782 1762; x_wconf 93' lang='lat' dir='ltr'><strong>a</strong></span> <span class='ocrx_word' id='word_1_59' title='bbox 1821 1705 2053 1762; x_wconf 87' lang='lat' dir='ltr'><strong>Schele-</strong></span> 
     </span>
    </p>
   </div>
   <div class='ocr_carea' id='block_1_12' title="bbox 399 1794 2050 1866">
    <p class='ocr_par' dir='ltr' id='par_1_12' title="bbox 399 1794 2050 1866">
     <span class='ocr_line' id='line_1_12' title="bbox 399 1794 2050 1866; baseline 0.001 -17"><span class='ocrx_word' id='word_1_60' title='bbox 399 1795 624 1860; x_wconf 89' lang='lat' dir='ltr'><strong>stratio,</strong></span> <span class='ocrx_word' id='word_1_61' title='bbox 665 1795 812 1850; x_wconf 91' lang='lat' dir='ltr'><strong>duos</strong></span> <span class='ocrx_word' id='word_1_62' title='bbox 853 1809 880 1849; x_wconf 92' lang='lat' dir='ltr'><strong>a</strong></span> <span class='ocrx_word' id='word_1_63' title='bbox 913 1794 1250 1850; x_wconf 87' lang='lat' dir='ltr'><strong>Mabillonio</strong></span> <span class='ocrx_word' id='word_1_64' title='bbox 1279 1795 1510 1864; x_wconf 86' lang='lat' dir='ltr'><strong>petitos.</strong></span> <span class='ocrx_word' id='word_1_65' title='bbox 1546 1795 1784 1866; x_wconf 88' lang='lat' dir='ltr'><strong>Congeri</strong></span> <span class='ocrx_word' id='word_1_66' title='bbox 1819 1795 2050 1865; x_wconf 88' lang='lat' dir='ltr'><strong>quidem</strong></span> 
     </span>
    </p>
   </div>
   <div class='ocr_carea' id='block_1_13' title="bbox 404 1881 2049 1954">
    <p class='ocr_par' dir='ltr' id='par_1_13' title="bbox 404 1881 2049 1954">
     <span class='ocr_line' id='line_1_13' title="bbox 404 1881 2049 1954; baseline 0.001 -16"><span class='ocrx_word' id='word_1_67' title='bbox 404 1882 848 1951; x_wconf 90' lang='lat' dir='ltr'><strong>poterantmulti</strong></span> <span class='ocrx_word' id='word_1_68' title='bbox 864 1882 1075 1952; x_wconf 82' lang='lat' dir='ltr'><strong>plures,</strong></span> <span class='ocrx_word' id='word_1_69' title='bbox 1091 1883 1140 1938; x_wconf 91' lang='lat' dir='ltr'><strong>si</strong></span> <span class='ocrx_word' id='word_1_70' title='bbox 1159 1883 1388 1938; x_wconf 88' lang='lat' dir='ltr'><strong>animus</strong></span> <span class='ocrx_word' id='word_1_71' title='bbox 1401 1881 2049 1954; x_wconf 88' lang='lat' dir='ltr'><strong>fuissetmultiplicitati</strong></span> 
     </span>
    </p>
   </div>
   <div class='ocr_carea' id='block_1_14' title="bbox 400 1971 2053 2043">
    <p class='ocr_par' dir='ltr' id='par_1_14' title="bbox 400 1971 2053 2043">
     <span class='ocr_line' id='line_1_14' title="bbox 400 1971 2053 2043; baseline 0.002 -16"><span class='ocrx_word' id='word_1_72' title='bbox 400 1972 634 2028; x_wconf 87' lang='lat' dir='ltr'><strong>studere</strong></span> <span class='ocrx_word' id='word_1_73' title='bbox 656 1972 848 2041; x_wconf 90' lang='lat' dir='ltr'><strong>potius</strong></span> <span class='ocrx_word' id='word_1_74' title='bbox 877 1985 1048 2042; x_wconf 90' lang='lat' dir='ltr'><strong>quam</strong></span> <span class='ocrx_word' id='word_1_75' title='bbox 1078 1971 1348 2028; x_wconf 89' lang='lat' dir='ltr'><strong>delectui.</strong></span> <span class='ocrx_word' id='word_1_76' title='bbox 1373 1973 1453 2027; x_wconf 86' lang='lat' dir='ltr'><strong>Ex</strong></span> <span class='ocrx_word' id='word_1_77' title='bbox 1484 1973 1797 2043; x_wconf 89' lang='lat' dir='ltr'><strong>appendice</strong></span> <span class='ocrx_word' id='word_1_78' title='bbox 1817 1973 2053 2030; x_wconf 90' lang='lat' dir='ltr'><strong>Schele-</strong></span> 
     </span>
    </p>
   </div>
   <div class='ocr_carea' id='block_1_15' title="bbox 398 2060 2050 2134">
    <p class='ocr_par' dir='ltr' id='par_1_15' title="bbox 398 2060 2050 2134">
     <span class='ocr_line' id='line_1_15' title="bbox 398 2060 2050 2134; baseline 0.003 -19"><span class='ocrx_word' id='word_1_79' title='bbox 398 2060 590 2115; x_wconf 89' lang='lat' dir='ltr'><strong>stratii</strong></span> <span class='ocrx_word' id='word_1_80' title='bbox 615 2060 683 2114; x_wconf 92' lang='lat' dir='ltr'><strong>ad</strong></span> <span class='ocrx_word' id='word_1_81' title='bbox 707 2073 851 2130; x_wconf 84' lang='lat' dir='ltr'><strong>Opus</strong></span> <span class='ocrx_word' id='word_1_82' title='bbox 872 2060 1341 2132; x_wconf 86' lang='lat' dir='ltr'><strong>chronologicum</strong></span> <span class='ocrx_word' id='word_1_83' title='bbox 1369 2064 1497 2117; x_wconf 90' lang='lat' dir='ltr'><strong>octo</strong></span> <span class='ocrx_word' id='word_1_84' title='bbox 1528 2063 1743 2118; x_wconf 89' lang='lat' dir='ltr'><strong>diversi</strong></span> <span class='ocrx_word' id='word_1_85' title='bbox 1778 2067 2050 2134; x_wconf 88' lang='lat' dir='ltr'><strong>suppete-</strong></span> 
     </span>
    </p>
   </div>
   <div class='ocr_carea' id='block_1_16' title="bbox 399 2148 2046 2225">
    <p class='ocr_par' dir='ltr' id='par_1_16' title="bbox 399 2148 2046 2225">
     <span class='ocr_line' id='line_1_16' title="bbox 399 2148 2046 2225; baseline 0.004 -21"><span class='ocrx_word' id='word_1_86' title='bbox 399 2149 556 2218; x_wconf 89' lang='lat' dir='ltr'><strong>bant,</strong></span> <span class='ocrx_word' id='word_1_87' title='bbox 582 2163 726 2220; x_wconf 90' lang='lat' dir='ltr'><strong>quos</strong></span> <span class='ocrx_word' id='word_1_88' title='bbox 761 2150 862 2205; x_wconf 91' lang='lat' dir='ltr'><strong>ille</strong></span> <span class='ocrx_word' id='word_1_89' title='bbox 894 2149 1171 2205; x_wconf 85' lang='lat' dir='ltr'><strong>distinxit</strong></span> <span class='ocrx_word' id='word_1_90' title='bbox 1208 2152 1466 2206; x_wconf 90' lang='lat' dir='ltr'><strong>numeris</strong></span> <span class='ocrx_word' id='word_1_91' title='bbox 1496 2150 1548 2220; x_wconf 90' lang='lat'><strong>6,</strong></span> <span class='ocrx_word' id='word_1_92' title='bbox 1590 2148 1675 2220; x_wconf 79' lang='grc'><strong>48,</strong></span> <span class='ocrx_word' id='word_1_93' title='bbox 1707 2151 1797 2222; x_wconf 82' lang='lat'><strong>22,</strong></span> <span class='ocrx_word' id='word_1_94' title='bbox 1828 2151 1918 2216; x_wconf 86' lang='lat'>26,</span> <span class='ocrx_word' id='word_1_95' title='bbox 1955 2149 2046 2225; x_wconf 86' lang='lat'><strong>27,</strong></span> 
     </span>
    </p>
   </div>
   <div class='ocr_carea' id='block_1_17' title="bbox 399 2235 2053 2308">
    <p class='ocr_par' dir='ltr' id='par_1_17' title="bbox 399 2235 2053 2308">
     <span class='ocr_line' id='line_1_17' title="bbox 399 2235 2053 2308; baseline 0.003 -14"><span class='ocrx_word' id='word_1_96' title='bbox 399 2235 490 2308; x_wconf 88' lang='lat'>29,</span> <span class='ocrx_word' id='word_1_97' title='bbox 514 2235 604 2302; x_wconf 73' lang='lat' dir='ltr'><strong>3i,</strong></span> <span class='ocrx_word' id='word_1_98' title='bbox 627 2235 715 2307; x_wconf 89' lang='lat'><strong>32,</strong></span> <span class='ocrx_word' id='word_1_99' title='bbox 750 2253 818 2294; x_wconf 86' lang='lat' dir='ltr'><strong>ex</strong></span> <span class='ocrx_word' id='word_1_100' title='bbox 838 2239 1132 2295; x_wconf 85' lang='lat' dir='ltr'><strong>Vaticanis</strong></span> <span class='ocrx_word' id='word_1_101' title='bbox 1161 2239 1463 2296; x_wconf 88' lang='lat' dir='ltr'><strong>codicibus</strong></span> <span class='ocrx_word' id='word_1_102' title='bbox 1484 2240 1848 2298; x_wconf 71' lang='lat' dir='ltr'><strong>bibliotheca:</strong></span> <span class='ocrx_word' id='word_1_103' title='bbox 1879 2243 2053 2298; x_wconf 88' lang='lat' dir='ltr'><strong>Pala—</strong></span> 
     </span>
    </p>
   </div>
   <div class='ocr_carea' id='block_1_18' title="bbox 400 2326 2052 2401">
    <p class='ocr_par' dir='ltr' id='par_1_18' title="bbox 400 2326 2052 2401">
     <span class='ocr_line' id='line_1_18' title="bbox 400 2326 2052 2401; baseline 0.003 -19"><span class='ocrx_word' id='word_1_104' title='bbox 400 2326 557 2393; x_wconf 60' lang='lat' dir='ltr'><strong>tinaa,</strong></span> <span class='ocrx_word' id='word_1_105' title='bbox 585 2326 882 2382; x_wconf 91' lang='lat' dir='ltr'><strong>Urbinatis</strong></span> <span class='ocrx_word' id='word_1_106' title='bbox 901 2326 1321 2396; x_wconf 55' lang='lat' dir='ltr'><strong>Alexandrinae,</strong></span> <span class='ocrx_word' id='word_1_107' title='bbox 1344 2329 1595 2400; x_wconf 88' lang='lat' dir='ltr'><strong>aliisque</strong></span> <span class='ocrx_word' id='word_1_108' title='bbox 1617 2345 1716 2400; x_wconf 90' lang='lat' dir='ltr'><strong>per</strong></span> <span class='ocrx_word' id='word_1_109' title='bbox 1738 2332 1923 2401; x_wconf 89' lang='lat' dir='ltr'><strong>ipsum</strong></span> <span class='ocrx_word' id='word_1_110' title='bbox 1951 2332 2052 2387; x_wconf 91' lang='lat' dir='ltr'><strong>in—</strong></span> 
     </span>
    </p>
   </div>
   <div class='ocr_carea' id='block_1_19' title="bbox 403 2416 2049 2492">
    <p class='ocr_par' dir='ltr' id='par_1_19' title="bbox 403 2416 2049 2492">
     <span class='ocr_line' id='line_1_19' title="bbox 403 2416 2049 2492; baseline 0.002 -19"><span class='ocrx_word' id='word_1_111' title='bbox 403 2416 633 2473; x_wconf 86' lang='lat' dir='ltr'><strong>dicatis.</strong></span> <span class='ocrx_word' id='word_1_112' title='bbox 677 2419 797 2472; x_wconf 89' lang='lat' dir='ltr'><strong>Non</strong></span> <span class='ocrx_word' id='word_1_113' title='bbox 825 2417 1149 2473; x_wconf 13' lang='lat' dir='ltr'><strong>deerantcin</strong></span> <span class='ocrx_word' id='word_1_114' title='bbox 1193 2417 1510 2474; x_wconf 88' lang='lat' dir='ltr'><strong>Galliarum</strong></span> <span class='ocrx_word' id='word_1_115' title='bbox 1554 2419 1767 2488; x_wconf 87' lang='lat' dir='ltr'><strong>pluteis</strong></span> <span class='ocrx_word' id='word_1_116' title='bbox 1794 2421 2049 2492; x_wconf 86' lang='lat' dir='ltr'><strong>Catalogi</strong></span> 
     </span>
    </p>
   </div>
   <div class='ocr_carea' id='block_1_20' title="bbox 403 2505 2048 2580">
    <p class='ocr_par' dir='ltr' id='par_1_20' title="bbox 403 2505 2048 2580">
     <span class='ocr_line' id='line_1_20' title="bbox 403 2505 2048 2580; baseline 0.003 -18"><span class='ocrx_word' id='word_1_117' title='bbox 403 2505 766 2576; x_wconf 86' lang='lat' dir='ltr'><strong>spectabiles,</strong></span> <span class='ocrx_word' id='word_1_118' title='bbox 807 2511 1010 2576; x_wconf 63' lang='lat' dir='ltr'><strong>praeter</strong></span> <span class='ocrx_word' id='word_1_119' title='bbox 1038 2506 1184 2562; x_wconf 92' lang='lat' dir='ltr'><strong>duos</strong></span> <span class='ocrx_word' id='word_1_120' title='bbox 1214 2521 1245 2561; x_wconf 92' lang='lat' dir='ltr'><strong>a</strong></span> <span class='ocrx_word' id='word_1_121' title='bbox 1277 2506 1615 2564; x_wconf 91' lang='lat' dir='ltr'><strong>Mabillonio</strong></span> <span class='ocrx_word' id='word_1_122' title='bbox 1653 2510 2048 2580; x_wconf 86' lang='lat' dir='ltr'><strong>transcriptos,</strong></span> 
     </span>
    </p>
   </div>
   <div class='ocr_carea' id='block_1_21' title="bbox 400 2594 2054 2655">
    <p class='ocr_par' dir='ltr' id='par_1_21' title="bbox 400 2594 2054 2655">
     <span class='ocr_line' id='line_1_21' title="bbox 400 2594 2054 2655; baseline 0.002 -4"><span class='ocrx_word' id='word_1_123' title='bbox 400 2608 530 2651; x_wconf 91' lang='lat' dir='ltr'><strong>cum</strong></span> <span class='ocrx_word' id='word_1_124' title='bbox 551 2595 723 2651; x_wconf 90' lang='lat' dir='ltr'><strong>unica</strong></span> <span class='ocrx_word' id='word_1_125' title='bbox 743 2594 1094 2651; x_wconf 90' lang='lat' dir='ltr'><strong>bibliotheca</strong></span> <span class='ocrx_word' id='word_1_126' title='bbox 1114 2595 1440 2651; x_wconf 88' lang='lat' dir='ltr'><strong>Colbertina</strong></span> <span class='ocrx_word' id='word_1_127' title='bbox 1469 2603 1594 2652; x_wconf 93' lang='lat' dir='ltr'><strong>octo</strong></span> <span class='ocrx_word' id='word_1_128' title='bbox 1612 2598 1869 2655; x_wconf 90' lang='lat' dir='ltr'><strong>diversos</strong></span> <span class='ocrx_word' id='word_1_129' title='bbox 1887 2600 2054 2654; x_wconf 88' lang='lat' dir='ltr'><strong>mini-</strong></span> 
     </span>
    </p>
   </div>
   <div class='ocr_carea' id='block_1_22' title="bbox 2168 1528 3820 1602">
    <p class='ocr_par' dir='ltr' id='par_1_22' title="bbox 2168 1528 3820 1602">
     <span class='ocr_line' id='line_1_22' title="bbox 2168 1528 3820 1602; baseline 0.004 -21"><span class='ocrx_word' id='word_1_130' title='bbox 2168 1528 2548 1600; x_wconf 85' lang='lat' dir='ltr'><strong>Bergomensi,</strong></span> <span class='ocrx_word' id='word_1_131' title='bbox 2586 1533 2858 1587; x_wconf 85' lang='lat' dir='ltr'><strong>Romanis</strong></span> <span class='ocrx_word' id='word_1_132' title='bbox 2889 1532 3011 1587; x_wconf 90' lang='lat' dir='ltr'><strong>illis</strong></span> <span class='ocrx_word' id='word_1_133' title='bbox 3051 1532 3378 1602; x_wconf 89' lang='lat' dir='ltr'><strong>archetypis</strong></span> <span class='ocrx_word' id='word_1_134' title='bbox 3409 1538 3579 1587; x_wconf 86' lang='lat' dir='ltr'><strong>tantae</strong></span> <span class='ocrx_word' id='word_1_135' title='bbox 3609 1536 3820 1587; x_wconf 87' lang='lat' dir='ltr'><strong>aucto-</strong></span> 
     </span>
    </p>
   </div>
   <div class='ocr_carea' id='block_1_23' title="bbox 2166 1618 3819 1691">
    <p class='ocr_par' dir='ltr' id='par_1_23' title="bbox 2166 1618 3819 1691">
     <span class='ocr_line' id='line_1_23' title="bbox 2166 1618 3819 1691; baseline 0.001 -18"><span class='ocrx_word' id='word_1_136' title='bbox 2166 1618 2358 1674; x_wconf 88' lang='lat' dir='ltr'><strong>ritatis</strong></span> <span class='ocrx_word' id='word_1_137' title='bbox 2392 1621 2650 1690; x_wconf 90' lang='lat' dir='ltr'><strong>apprime</strong></span> <span class='ocrx_word' id='word_1_138' title='bbox 2673 1621 3039 1691; x_wconf 82' lang='lat' dir='ltr'><strong>respondenti</strong></span> <span class='ocrx_word' id='word_1_139' title='bbox 3067 1639 3082 1691; x_wconf 85' lang='lat'><strong>;</strong></span> <span class='ocrx_word' id='word_1_140' title='bbox 3107 1620 3205 1676; x_wconf 89' lang='lat' dir='ltr'><strong>ubi</strong></span> <span class='ocrx_word' id='word_1_141' title='bbox 3237 1626 3460 1678; x_wconf 90' lang='lat' dir='ltr'><strong>constet</strong></span> <span class='ocrx_word' id='word_1_142' title='bbox 3497 1635 3819 1677; x_wconf 91' lang='lat' dir='ltr'><strong>consensus</strong></span> 
     </span>
    </p>
   </div>
   <div class='ocr_carea' id='block_1_24' title="bbox 2163 1707 3820 1780">
    <p class='ocr_par' dir='ltr' id='par_1_24' title="bbox 2163 1707 3820 1780">
     <span class='ocr_line' id='line_1_24' title="bbox 2163 1707 3820 1780; baseline 0.001 -18"><span class='ocrx_word' id='word_1_143' title='bbox 2163 1707 2424 1764; x_wconf 90' lang='lat' dir='ltr'><strong>codicum</strong></span> <span class='ocrx_word' id='word_1_144' title='bbox 2451 1714 2530 1765; x_wconf 90' lang='lat' dir='ltr'><strong>tot</strong></span> <span class='ocrx_word' id='word_1_145' title='bbox 2565 1715 2696 1765; x_wconf 89' lang='lat' dir='ltr'><strong>ante</strong></span> <span class='ocrx_word' id='word_1_146' title='bbox 2716 1709 2925 1765; x_wconf 60' lang='lat' dir='ltr'><strong>saecula</strong></span> <span class='ocrx_word' id='word_1_147' title='bbox 2955 1708 3369 1780; x_wconf 89' lang='lat' dir='ltr'><strong>descriptorum</strong></span> <span class='ocrx_word' id='word_1_148' title='bbox 3393 1724 3522 1766; x_wconf 91' lang='lat' dir='ltr'><strong>cum</strong></span> <span class='ocrx_word' id='word_1_149' title='bbox 3557 1709 3820 1765; x_wconf 87' lang='lat' dir='ltr'><strong>numeris</strong></span> 
     </span>
    </p>
   </div>
   <div class='ocr_carea' id='block_1_25' title="bbox 2161 1798 3820 1866">
    <p class='ocr_par' dir='ltr' id='par_1_25' title="bbox 2161 1798 3820 1866">
     <span class='ocr_line' id='line_1_25' title="bbox 2161 1798 3820 1866; baseline 0.002 -16"><span class='ocrx_word' id='word_1_150' title='bbox 2161 1798 2575 1866; x_wconf 88' lang='lat' dir='ltr'><strong>superstitibus</strong></span> <span class='ocrx_word' id='word_1_151' title='bbox 2595 1799 3076 1855; x_wconf 84' lang='lat' dir='ltr'><strong>monimentorum</strong></span> <span class='ocrx_word' id='word_1_152' title='bbox 3098 1799 3416 1856; x_wconf 88' lang='lat' dir='ltr'><strong>illustrium</strong></span> <span class='ocrx_word' id='word_1_153' title='bbox 3431 1801 3699 1855; x_wconf 69' lang='lat' dir='ltr'><strong>Romana:</strong></span> <span class='ocrx_word' id='word_1_154' title='bbox 3711 1799 3820 1854; x_wconf 86' lang='lat' dir='ltr'><strong>Ec-</strong></span> 
     </span>
    </p>
   </div>
   <div class='ocr_carea' id='block_1_26' title="bbox 2161 1885 3822 1958">
    <p class='ocr_par' dir='ltr' id='par_1_26' title="bbox 2161 1885 3822 1958">
     <span class='ocr_line' id='line_1_26' title="bbox 2161 1885 3822 1958; baseline 0.001 -16"><span class='ocrx_word' id='word_1_155' title='bbox 2161 1885 2369 1958; x_wconf 57' lang='lat' dir='ltr'><strong>clesia},</strong></span> <span class='ocrx_word' id='word_1_156' title='bbox 2404 1901 2466 1942; x_wconf 92' lang='lat' dir='ltr'><strong>ea</strong></span> <span class='ocrx_word' id='word_1_157' title='bbox 2490 1903 2603 1958; x_wconf 93' lang='lat' dir='ltr'><strong>qua</strong></span> <span class='ocrx_word' id='word_1_158' title='bbox 2641 1889 2765 1944; x_wconf 88' lang='lat' dir='ltr'><strong>dixi</strong></span> <span class='ocrx_word' id='word_1_159' title='bbox 2797 1893 2962 1944; x_wconf 58' lang='lat' dir='ltr'><strong>aetate</strong></span> <span class='ocrx_word' id='word_1_160' title='bbox 3001 1889 3343 1958; x_wconf 90' lang='lat' dir='ltr'><strong>positorum.</strong></span> <span class='ocrx_word' id='word_1_161' title='bbox 3375 1889 3668 1945; x_wconf 90' lang='lat' dir='ltr'><strong>Delectum</strong></span> <span class='ocrx_word' id='word_1_162' title='bbox 3705 1901 3822 1944; x_wconf 88' lang='lat' dir='ltr'><strong>no—</strong></span> 
     </span>
    </p>
   </div>
   <div class='ocr_carea' id='block_1_27' title="bbox 2159 1977 3822 2048">
    <p class='ocr_par' dir='ltr' id='par_1_27' title="bbox 2159 1977 3822 2048">
     <span class='ocr_line' id='line_1_27' title="bbox 2159 1977 3822 2048; baseline 0.001 -18"><span class='ocrx_word' id='word_1_163' title='bbox 2159 1979 2341 2030; x_wconf 89' lang='lat' dir='ltr'><strong>strum</strong></span> <span class='ocrx_word' id='word_1_164' title='bbox 2373 1977 2596 2048; x_wconf 80' lang='lat' dir='ltr'><strong>egregie</strong></span> <span class='ocrx_word' id='word_1_165' title='bbox 2613 1977 2976 2033; x_wconf 89' lang='lat' dir='ltr'><strong>conﬁrmabit</strong></span> <span class='ocrx_word' id='word_1_166' title='bbox 3010 1992 3324 2035; x_wconf 87' lang='lat' dir='ltr'><strong>consensus</strong></span> <span class='ocrx_word' id='word_1_167' title='bbox 3358 1977 3525 2048; x_wconf 88' lang='lat' dir='ltr'><strong>plane</strong></span> <span class='ocrx_word' id='word_1_168' title='bbox 3556 1977 3822 2033; x_wconf 86' lang='lat' dir='ltr'><strong>admira—</strong></span> 
     </span>
    </p>
   </div>
   <div class='ocr_carea' id='block_1_28' title="bbox 2157 2063 3817 2138">
    <p class='ocr_par' dir='ltr' id='par_1_28' title="bbox 2157 2063 3817 2138">
     <span class='ocr_line' id='line_1_28' title="bbox 2157 2063 3817 2138; baseline 0.002 -20"><span class='ocrx_word' id='word_1_169' title='bbox 2157 2063 2300 2120; x_wconf 91' lang='lat' dir='ltr'><strong>bilis</strong></span> <span class='ocrx_word' id='word_1_170' title='bbox 2335 2066 2582 2122; x_wconf 89' lang='lat' dir='ltr'><strong>duorum</strong></span> <span class='ocrx_word' id='word_1_171' title='bbox 2627 2067 2955 2124; x_wconf 89' lang='lat' dir='ltr'><strong>Italicorum</strong></span> <span class='ocrx_word' id='word_1_172' title='bbox 3003 2069 3267 2126; x_wconf 90' lang='lat' dir='ltr'><strong>codicum</strong></span> <span class='ocrx_word' id='word_1_173' title='bbox 3308 2072 3364 2124; x_wconf 91' lang='lat' dir='ltr'><strong>et</strong></span> <span class='ocrx_word' id='word_1_174' title='bbox 3414 2067 3817 2138; x_wconf 88' lang='lat' dir='ltr'><strong>Catalogorum</strong></span> 
     </span>
    </p>
   </div>
   <div class='ocr_carea' id='block_1_29' title="bbox 2159 2153 3816 2230">
    <p class='ocr_par' dir='ltr' id='par_1_29' title="bbox 2159 2153 3816 2230">
     <span class='ocr_line' id='line_1_29' title="bbox 2159 2153 3816 2230; baseline 0.002 -22"><span class='ocrx_word' id='word_1_175' title='bbox 2159 2153 2298 2209; x_wconf 90' lang='lat' dir='ltr'><strong>huic</strong></span> <span class='ocrx_word' id='word_1_176' title='bbox 2337 2153 2598 2212; x_wconf 91' lang='lat' dir='ltr'><strong>afﬁnium</strong></span> <span class='ocrx_word' id='word_1_177' title='bbox 2633 2158 2816 2228; x_wconf 88' lang='lat' dir='ltr'><strong>pretio</strong></span> <span class='ocrx_word' id='word_1_178' title='bbox 2851 2159 3227 2230; x_wconf 88' lang='lat' dir='ltr'><strong>antiquitatis</strong></span> <span class='ocrx_word' id='word_1_179' title='bbox 3269 2160 3326 2214; x_wconf 88' lang='lat' dir='ltr'><strong>et</strong></span> <span class='ocrx_word' id='word_1_180' title='bbox 3363 2157 3582 2212; x_wconf 87' lang='lat' dir='ltr'><strong>vicinia</strong></span> <span class='ocrx_word' id='word_1_181' title='bbox 3620 2157 3816 2228; x_wconf 90' lang='lat' dir='ltr'><strong>Urbis,</strong></span> 
     </span>
    </p>
   </div>
   <div class='ocr_carea' id='block_1_30' title="bbox 2159 2243 3820 2316">
    <p class='ocr_par' dir='ltr' id='par_1_30' title="bbox 2159 2243 3820 2316">
     <span class='ocr_line' id='line_1_30' title="bbox 2159 2243 3820 2316; baseline 0.002 -20"><span class='ocrx_word' id='word_1_182' title='bbox 2159 2256 2403 2312; x_wconf 90' lang='lat' dir='ltr'><strong>quorum</strong></span> <span class='ocrx_word' id='word_1_183' title='bbox 2450 2244 2694 2300; x_wconf 89' lang='lat' dir='ltr'><strong>alterum</strong></span> <span class='ocrx_word' id='word_1_184' title='bbox 2728 2247 2845 2316; x_wconf 87' lang='lat' dir='ltr'><strong>jam</strong></span> <span class='ocrx_word' id='word_1_185' title='bbox 2875 2248 3032 2303; x_wconf 90' lang='lat' dir='ltr'><strong>edidi</strong></span> <span class='ocrx_word' id='word_1_186' title='bbox 3077 2248 3268 2316; x_wconf 90' lang='lat' dir='ltr'><strong>priore</strong></span> <span class='ocrx_word' id='word_1_187' title='bbox 3298 2253 3450 2302; x_wconf 83' lang='lat' dir='ltr'><strong>tome</strong></span> <span class='ocrx_word' id='word_1_188' title='bbox 3494 2259 3620 2316; x_wconf 86' lang='lat' dir='ltr'><strong>pag.</strong></span> <span class='ocrx_word' id='word_1_189' title='bbox 3659 2243 3712 2310; x_wconf 75' lang='grc'><strong>4,</strong></span> <span class='ocrx_word' id='word_1_190' title='bbox 3751 2259 3820 2300; x_wconf 91' lang='lat' dir='ltr'><strong>ex</strong></span> 
     </span>
    </p>
   </div>
   <div class='ocr_carea' id='block_1_31' title="bbox 2157 2331 3822 2404">
    <p class='ocr_par' dir='ltr' id='par_1_31' title="bbox 2157 2331 3822 2404">
     <span class='ocr_line' id='line_1_31' title="bbox 2157 2331 3822 2404; baseline 0.001 -18"><span class='ocrx_word' id='word_1_191' title='bbox 2157 2331 2394 2386; x_wconf 84' lang='lat' dir='ltr'><strong>Cavensi</strong></span> <span class='ocrx_word' id='word_1_192' title='bbox 2429 2334 2625 2389; x_wconf 91' lang='lat' dir='ltr'><strong>codice</strong></span> <span class='ocrx_word' id='word_1_193' title='bbox 2671 2349 2769 2404; x_wconf 90' lang='lat' dir='ltr'><strong>per</strong></span> <span class='ocrx_word' id='word_1_194' title='bbox 2819 2337 3180 2392; x_wconf 90' lang='lat' dir='ltr'><strong>Franciscum</strong></span> <span class='ocrx_word' id='word_1_195' title='bbox 3224 2335 3453 2390; x_wconf 90' lang='lat' dir='ltr'><strong>Peniam</strong></span> <span class='ocrx_word' id='word_1_196' title='bbox 3505 2335 3822 2404; x_wconf 82' lang='lat' dir='ltr'><strong>diligenter</strong></span> 
     </span>
    </p>
   </div>
   <div class='ocr_carea' id='block_1_32' title="bbox 2160 2420 3823 2495">
    <p class='ocr_par' dir='ltr' id='par_1_32' title="bbox 2160 2420 3823 2495">
     <span class='ocr_line' id='line_1_32' title="bbox 2160 2420 3823 2495; baseline 0.002 -21"><span class='ocrx_word' id='word_1_197' title='bbox 2160 2420 2533 2491; x_wconf 91' lang='lat' dir='ltr'><strong>descriptum,</strong></span> <span class='ocrx_word' id='word_1_198' title='bbox 2568 2423 2812 2479; x_wconf 90' lang='lat' dir='ltr'><strong>alterum</strong></span> <span class='ocrx_word' id='word_1_199' title='bbox 2851 2438 2981 2480; x_wconf 92' lang='lat' dir='ltr'><strong>vero</strong></span> <span class='ocrx_word' id='word_1_200' title='bbox 3006 2439 3074 2480; x_wconf 89' lang='lat' dir='ltr'><strong>ex</strong></span> <span class='ocrx_word' id='word_1_201' title='bbox 3108 2425 3307 2480; x_wconf 89' lang='lat' dir='ltr'><strong>codice</strong></span> <span class='ocrx_word' id='word_1_202' title='bbox 3330 2423 3548 2495; x_wconf 85' lang='lat' dir='ltr'><strong>insigni</strong></span> <span class='ocrx_word' id='word_1_203' title='bbox 3573 2423 3823 2478; x_wconf 60' lang='lat' dir='ltr'><strong>abbatis:</strong></span> 
     </span>
    </p>
   </div>
   <div class='ocr_carea' id='block_1_33' title="bbox 2161 2507 3823 2584">
    <p class='ocr_par' dir='ltr' id='par_1_33' title="bbox 2161 2507 3823 2584">
     <span class='ocr_line' id='line_1_33' title="bbox 2161 2507 3823 2584; baseline 0.002 -20"><span class='ocrx_word' id='word_1_204' title='bbox 2161 2507 2450 2566; x_wconf 87' lang='lat' dir='ltr'><strong>Farfensis</strong></span> <span class='ocrx_word' id='word_1_205' title='bbox 2485 2511 2645 2567; x_wconf 91' lang='lat' dir='ltr'><strong>edam</strong></span> <span class='ocrx_word' id='word_1_206' title='bbox 2688 2512 2858 2584; x_wconf 88' lang='lat' dir='ltr'><strong>infra,</strong></span> <span class='ocrx_word' id='word_1_207' title='bbox 2903 2514 2999 2569; x_wconf 91' lang='lat' dir='ltr'><strong>cui</strong></span> <span class='ocrx_word' id='word_1_208' title='bbox 3042 2513 3349 2570; x_wconf 91' lang='lat' dir='ltr'><strong>tribuenda</strong></span> <span class='ocrx_word' id='word_1_209' title='bbox 3375 2518 3462 2568; x_wconf 89' lang='lat' dir='ltr'><strong>est</strong></span> <span class='ocrx_word' id='word_1_210' title='bbox 3497 2512 3823 2582; x_wconf 89' lang='lat' dir='ltr'><strong>antiquitas</strong></span> 
     </span>
    </p>
   </div>
   <div class='ocr_carea' id='block_1_34' title="bbox 2162 2599 3821 2671">
    <p class='ocr_par' dir='ltr' id='par_1_34' title="bbox 2162 2599 3821 2671">
     <span class='ocr_line' id='line_1_34' title="bbox 2162 2599 3821 2671; baseline 0.002 -19"><span class='ocrx_word' id='word_1_211' title='bbox 2162 2599 2653 2671; x_wconf 85' lang='lat' dir='ltr'><strong>septingentorum</strong></span> <span class='ocrx_word' id='word_1_212' title='bbox 2675 2606 2732 2656; x_wconf 89' lang='lat' dir='ltr'><strong>et</strong></span> <span class='ocrx_word' id='word_1_213' title='bbox 2761 2602 2913 2657; x_wconf 89' lang='lat' dir='ltr'><strong>ultra</strong></span> <span class='ocrx_word' id='word_1_214' title='bbox 2943 2616 3247 2659; x_wconf 90' lang='lat' dir='ltr'><strong>annorum.</strong></span> <span class='ocrx_word' id='word_1_215' title='bbox 3283 2602 3599 2658; x_wconf 81' lang='lat' dir='ltr'><strong>Concordia</strong></span> <span class='ocrx_word' id='word_1_216' title='bbox 3638 2601 3821 2656; x_wconf 88' lang='lat' dir='ltr'><strong>trium</strong></span> 
     </span>
    </p>
   </div>
   <div class='ocr_carea' id='block_1_35' title="bbox 401 2684 3821 2762">
    <p class='ocr_par' dir='ltr' id='par_1_35' title="bbox 401 2684 3821 2762">
     <span class='ocr_line' id='line_1_35' title="bbox 401 2684 3821 2762; baseline 0.001 -22"><span class='ocrx_word' id='word_1_217' title='bbox 401 2684 671 2740; x_wconf 89' lang='lat' dir='ltr'><strong>straverit</strong></span> <span class='ocrx_word' id='word_1_218' title='bbox 700 2685 892 2755; x_wconf 89' lang='lat' dir='ltr'><strong>Pagio,</strong></span> <span class='ocrx_word' id='word_1_219' title='bbox 916 2698 1156 2741; x_wconf 86' lang='lat' dir='ltr'><strong>excuses</strong></span> <span class='ocrx_word' id='word_1_220' title='bbox 1189 2685 1248 2739; x_wconf 91' lang='lat' dir='ltr'><strong>in</strong></span> <span class='ocrx_word' id='word_1_221' title='bbox 1275 2687 1525 2742; x_wconf 89' lang='lat' dir='ltr'><strong>secunda</strong></span> <span class='ocrx_word' id='word_1_222' title='bbox 1549 2687 1804 2742; x_wconf 89' lang='lat' dir='ltr'><strong>editione</strong></span> <span class='ocrx_word' id='word_1_223' title='bbox 1826 2688 2054 2744; x_wconf 63' lang='lat' dir='ltr'><strong>Criticaa</strong></span> <span class='ocrx_word' id='word_1_224' title='bbox 2084 2755 2130 2762; x_wconf 78' lang='lat'><strong><em>_</em></strong></span> <span class='ocrx_word' id='word_1_225' title='bbox 2165 2686 2405 2743; x_wconf 88' lang='lat' dir='ltr'><strong>istorum</strong></span> <span class='ocrx_word' id='word_1_226' title='bbox 2441 2689 2702 2746; x_wconf 91' lang='lat' dir='ltr'><strong>codicum</strong></span> <span class='ocrx_word' id='word_1_227' title='bbox 2745 2696 2902 2747; x_wconf 90' lang='lat' dir='ltr'><strong>tanta</strong></span> <span class='ocrx_word' id='word_1_228' title='bbox 2930 2692 3280 2762; x_wconf 86' lang='lat' dir='ltr'><strong>antiquitate</strong></span> <span class='ocrx_word' id='word_1_229' title='bbox 3312 2691 3731 2761; x_wconf 64' lang='lat' dir='ltr'><strong>praestantium,</strong></span> <span class='ocrx_word' id='word_1_230' title='bbox 3764 2696 3821 2744; x_wconf 86' lang='lat' dir='ltr'><strong>et</strong></span> 
     </span>
    </p>
   </div>
   <div class='ocr_carea' id='block_1_36' title="bbox 400 2755 3820 2850">
    <p class='ocr_par' dir='ltr' id='par_1_36' title="bbox 400 2755 3820 2850">
     <span class='ocr_line' id='line_1_36' title="bbox 400 2755 3820 2850; baseline 0.002 -22"><span class='ocrx_word' id='word_1_231' title='bbox 400 2774 754 2844; x_wconf 74' lang='lat' dir='ltr'><strong>Baronianae,</strong></span> <span class='ocrx_word' id='word_1_232' title='bbox 811 2787 922 2828; x_wconf 90' lang='lat' dir='ltr'><strong>una</strong></span> <span class='ocrx_word' id='word_1_233' title='bbox 968 2788 1093 2830; x_wconf 89' lang='lat' dir='ltr'><strong>cum</strong></span> <span class='ocrx_word' id='word_1_234' title='bbox 1132 2774 1358 2830; x_wconf 91' lang='lat' dir='ltr'><strong>duobus</strong></span> <span class='ocrx_word' id='word_1_235' title='bbox 1397 2776 1699 2832; x_wconf 90' lang='lat' dir='ltr'><strong>denarium</strong></span> <span class='ocrx_word' id='word_1_236' title='bbox 1752 2791 2052 2835; x_wconf 90' lang='lat' dir='ltr'><strong>numerum</strong></span> <span class='ocrx_word' id='word_1_237' title='bbox 2084 2755 2138 2816; x_wconf 84' lang='grc' dir='ltr'>Β</span> <span class='ocrx_word' id='word_1_238' title='bbox 2165 2790 2387 2833; x_wconf 92' lang='lat' dir='ltr'><strong>summo</strong></span> <span class='ocrx_word' id='word_1_239' title='bbox 2419 2792 2702 2835; x_wconf 88' lang='lat' dir='ltr'><strong>consensu</strong></span> <span class='ocrx_word' id='word_1_240' title='bbox 2734 2785 2851 2835; x_wconf 91' lang='lat' dir='ltr'><strong>tum</strong></span> <span class='ocrx_word' id='word_1_241' title='bbox 2890 2781 3004 2836; x_wconf 90' lang='lat' dir='ltr'><strong>sibi</strong></span> <span class='ocrx_word' id='word_1_242' title='bbox 3039 2755 3282 2836; x_wconf 81' lang='lat' dir='ltr'><strong>invicem</strong></span> <span class='ocrx_word' id='word_1_243' title='bbox 3312 2755 3820 2850; x_wconf 78' lang='lat' dir='ltr'><strong>respondentium,</strong></span> 
     </span>
    </p>
   </div>
   <div class='ocr_carea' id='block_1_37' title="bbox 406 2861 2054 2934">
    <p class='ocr_par' dir='ltr' id='par_1_37' title="bbox 406 2861 2054 2934">
     <span class='ocr_line' id='line_1_37' title="bbox 406 2861 2054 2934; baseline 0.002 -16"><span class='ocrx_word' id='word_1_244' title='bbox 406 2861 803 2933; x_wconf 90' lang='lat' dir='ltr'><strong>implentibus,</strong></span> <span class='ocrx_word' id='word_1_245' title='bbox 829 2876 939 2918; x_wconf 93' lang='lat' dir='ltr'><strong>uno</strong></span> <span class='ocrx_word' id='word_1_246' title='bbox 957 2863 1260 2918; x_wconf 89' lang='lat' dir='ltr'><strong>scilicetex</strong></span> <span class='ocrx_word' id='word_1_247' title='bbox 1281 2863 1497 2934; x_wconf 84' lang='lat' dir='ltr'><strong>Regiis,</strong></span> <span class='ocrx_word' id='word_1_248' title='bbox 1516 2865 1696 2922; x_wconf 89' lang='lat' dir='ltr'><strong>altero</strong></span> <span class='ocrx_word' id='word_1_249' title='bbox 1712 2879 1780 2921; x_wconf 91' lang='lat' dir='ltr'><strong>ex</strong></span> <span class='ocrx_word' id='word_1_250' title='bbox 1795 2866 2054 2922; x_wconf 90' lang='lat' dir='ltr'><strong>Thuanis</strong></span> 
     </span>
    </p>
   </div>
   <div class='ocr_carea' id='block_1_38' title="bbox 407 2951 2058 3025">
    <p class='ocr_par' dir='ltr' id='par_1_38' title="bbox 407 2951 2058 3025">
     <span class='ocr_line' id='line_1_38' title="bbox 407 2951 2058 3025; baseline 0.002 -18"><span class='ocrx_word' id='word_1_251' title='bbox 407 2951 708 3007; x_wconf 89' lang='lat' dir='ltr'><strong>codicibus</strong></span> <span class='ocrx_word' id='word_1_252' title='bbox 743 2951 1178 3020; x_wconf 89' lang='lat' dir='ltr'><strong>manuscriptis.</strong></span> <span class='ocrx_word' id='word_1_253' title='bbox 1223 2951 1485 3024; x_wconf 83' lang='lat' dir='ltr'><strong>Anglicis</strong></span> <span class='ocrx_word' id='word_1_254' title='bbox 1521 2968 1748 3025; x_wconf 89' lang='lat' dir='ltr'><strong>quoque</strong></span> <span class='ocrx_word' id='word_1_255' title='bbox 1778 2969 1845 3010; x_wconf 90' lang='lat' dir='ltr'><strong>ex</strong></span> <span class='ocrx_word' id='word_1_256' title='bbox 1875 2955 2058 3012; x_wconf 88' lang='lat' dir='ltr'><strong>colle-</strong></span> 
     </span>
    </p>
   </div>
   <div class='ocr_carea' id='block_1_39' title="bbox 407 3040 2060 3113">
    <p class='ocr_par' dir='ltr' id='par_1_39' title="bbox 407 3040 2060 3113">
     <span class='ocr_line' id='line_1_39' title="bbox 407 3040 2060 3113; baseline 0.002 -17"><span class='ocrx_word' id='word_1_257' title='bbox 407 3040 701 3096; x_wconf 89' lang='lat' dir='ltr'><strong>ctionibus</strong></span> <span class='ocrx_word' id='word_1_258' title='bbox 739 3044 942 3110; x_wconf 78' lang='lat' dir='ltr'><strong>praesto</strong></span> <span class='ocrx_word' id='word_1_259' title='bbox 974 3045 1138 3096; x_wconf 88' lang='lat' dir='ltr'><strong>erant</strong></span> <span class='ocrx_word' id='word_1_260' title='bbox 1175 3042 1354 3097; x_wconf 91' lang='lat' dir='ltr'><strong>series</strong></span> <span class='ocrx_word' id='word_1_261' title='bbox 1394 3043 1728 3113; x_wconf 86' lang='lat' dir='ltr'><strong>pontiﬁcum</strong></span> <span class='ocrx_word' id='word_1_262' title='bbox 1767 3045 2060 3100; x_wconf 89' lang='lat' dir='ltr'><strong>Romano—</strong></span> 
     </span>
    </p>
   </div>
   <div class='ocr_carea' id='block_1_40' title="bbox 412 3129 2059 3202">
    <p class='ocr_par' dir='ltr' id='par_1_40' title="bbox 412 3129 2059 3202">
     <span class='ocr_line' id='line_1_40' title="bbox 412 3129 2059 3202; baseline 0.001 -15"><span class='ocrx_word' id='word_1_263' title='bbox 412 3144 562 3200; x_wconf 92' lang='lat' dir='ltr'><strong>rum,</strong></span> <span class='ocrx_word' id='word_1_264' title='bbox 588 3129 689 3185; x_wconf 91' lang='lat' dir='ltr'><strong>illa</strong></span> <span class='ocrx_word' id='word_1_265' title='bbox 707 3130 1022 3200; x_wconf 85' lang='lat' dir='ltr'><strong>praesertim</strong></span> <span class='ocrx_word' id='word_1_266' title='bbox 1046 3143 1114 3185; x_wconf 87' lang='lat' dir='ltr'><strong>ex</strong></span> <span class='ocrx_word' id='word_1_267' title='bbox 1132 3130 1436 3188; x_wconf 88' lang='lat' dir='ltr'><strong>Bodleiana</strong></span> <span class='ocrx_word' id='word_1_268' title='bbox 1458 3145 1628 3202; x_wconf 89' lang='lat' dir='ltr'><strong>quam</strong></span> <span class='ocrx_word' id='word_1_269' title='bbox 1659 3133 1918 3189; x_wconf 90' lang='lat' dir='ltr'><strong>videmus</strong></span> <span class='ocrx_word' id='word_1_270' title='bbox 1943 3134 2059 3190; x_wconf 88' lang='lat' dir='ltr'><strong>edi-</strong></span> 
     </span>
    </p>
   </div>
   <div class='ocr_carea' id='block_1_41' title="bbox 413 3220 1488 3290">
    <p class='ocr_par' dir='ltr' id='par_1_41' title="bbox 413 3220 1488 3290">
     <span class='ocr_line' id='line_1_41' title="bbox 413 3220 1488 3290; baseline -0.002 -14"><span class='ocrx_word' id='word_1_271' title='bbox 413 3224 525 3276; x_wconf 88' lang='lat' dir='ltr'><strong>tam</strong></span> <span class='ocrx_word' id='word_1_272' title='bbox 560 3221 620 3275; x_wconf 92' lang='lat' dir='ltr'><strong>in</strong></span> <span class='ocrx_word' id='word_1_273' title='bbox 643 3233 811 3290; x_wconf 83' lang='lat' dir='ltr'><strong>Opere</strong></span> <span class='ocrx_word' id='word_1_274' title='bbox 838 3220 1142 3290; x_wconf 89' lang='lat' dir='ltr'><strong>posthumo</strong></span> <span class='ocrx_word' id='word_1_275' title='bbox 1171 3221 1488 3277; x_wconf 90' lang='lat' dir='ltr'><strong>Pearsonii.</strong></span> 
     </span>
    </p>
   </div>
   <div class='ocr_carea' id='block_1_42' title="bbox 481 3309 2063 3382">
    <p class='ocr_par' dir='ltr' id='par_1_42' title="bbox 481 3309 2063 3382">
     <span class='ocr_line' id='line_1_42' title="bbox 481 3309 2063 3382; baseline 0.003 -19"><span class='ocrx_word' id='word_1_276' title='bbox 481 3309 688 3365; x_wconf 88' lang='lat' dir='ltr'><strong>Verum</strong></span> <span class='ocrx_word' id='word_1_277' title='bbox 717 3309 1028 3364; x_wconf 87' lang='lat' dir='ltr'><strong>habendam</strong></span> <span class='ocrx_word' id='word_1_278' title='bbox 1062 3322 1184 3365; x_wconf 92' lang='lat' dir='ltr'><strong>esse</strong></span> <span class='ocrx_word' id='word_1_279' title='bbox 1224 3311 1500 3366; x_wconf 91' lang='lat' dir='ltr'><strong>rationem</strong></span> <span class='ocrx_word' id='word_1_280' title='bbox 1535 3311 1676 3367; x_wconf 88' lang='lat' dir='ltr'><strong>duxi</strong></span> <span class='ocrx_word' id='word_1_281' title='bbox 1718 3312 2063 3382; x_wconf 68' lang='lat' dir='ltr'><strong>praestantiae</strong></span> 
     </span>
    </p>
   </div>
   <div class='ocr_carea' id='block_1_43' title="bbox 415 3398 2065 3470">
    <p class='ocr_par' dir='ltr' id='par_1_43' title="bbox 415 3398 2065 3470">
     <span class='ocr_line' id='line_1_43' title="bbox 415 3398 2065 3470; baseline 0.002 -17"><span class='ocrx_word' id='word_1_282' title='bbox 415 3398 607 3469; x_wconf 89' lang='lat' dir='ltr'><strong>potius</strong></span> <span class='ocrx_word' id='word_1_283' title='bbox 639 3411 809 3468; x_wconf 89' lang='lat' dir='ltr'><strong>quam</strong></span> <span class='ocrx_word' id='word_1_284' title='bbox 839 3399 1040 3468; x_wconf 85' lang='lat' dir='ltr'><strong>copiae.</strong></span> <span class='ocrx_word' id='word_1_285' title='bbox 1071 3400 1206 3453; x_wconf 90' lang='lat' dir='ltr'><strong>Tres</strong></span> <span class='ocrx_word' id='word_1_286' title='bbox 1244 3399 1426 3470; x_wconf 87' lang='lat' dir='ltr'><strong>igitur</strong></span> <span class='ocrx_word' id='word_1_287' title='bbox 1455 3399 1598 3470; x_wconf 84' lang='lat' dir='ltr'><strong>elegi</strong></span> <span class='ocrx_word' id='word_1_288' title='bbox 1641 3414 1709 3456; x_wconf 84' lang='lat' dir='ltr'><strong>ex</strong></span> <span class='ocrx_word' id='word_1_289' title='bbox 1737 3407 1864 3456; x_wconf 89' lang='lat' dir='ltr'><strong>octo</strong></span> <span class='ocrx_word' id='word_1_290' title='bbox 1892 3401 2065 3457; x_wconf 84' lang='lat' dir='ltr'><strong>Cata—</strong></span> 
     </span>
    </p>
   </div>
   <div class='ocr_carea' id='block_1_44' title="bbox 412 3487 2064 3560">
    <p class='ocr_par' dir='ltr' id='par_1_44' title="bbox 412 3487 2064 3560">
     <span class='ocr_line' id='line_1_44' title="bbox 412 3487 2064 3560; baseline 0.002 -17"><span class='ocrx_word' id='word_1_291' title='bbox 412 3487 561 3560; x_wconf 89' lang='lat' dir='ltr'><strong>logis</strong></span> <span class='ocrx_word' id='word_1_292' title='bbox 577 3501 608 3543; x_wconf 91' lang='lat' dir='ltr'><strong>a</strong></span> <span class='ocrx_word' id='word_1_293' title='bbox 625 3487 1028 3543; x_wconf 90' lang='lat' dir='ltr'><strong>Schelestratio</strong></span> <span class='ocrx_word' id='word_1_294' title='bbox 1049 3489 1244 3558; x_wconf 91' lang='lat' dir='ltr'><strong>editis,</strong></span> <span class='ocrx_word' id='word_1_295' title='bbox 1265 3502 1507 3559; x_wconf 90' lang='lat' dir='ltr'><strong>quorum</strong></span> <span class='ocrx_word' id='word_1_296' title='bbox 1525 3491 1895 3560; x_wconf 89' lang='lat' dir='ltr'><strong>antiquitatis</strong></span> <span class='ocrx_word' id='word_1_297' title='bbox 1930 3497 2064 3548; x_wconf 89' lang='lat' dir='ltr'><strong>nota</strong></span> 
     </span>
    </p>
   </div>
   <div class='ocr_carea' id='block_1_45' title="bbox 414 3575 2062 3649">
    <p class='ocr_par' dir='ltr' id='par_1_45' title="bbox 414 3575 2062 3649">
     <span class='ocr_line' id='line_1_45' title="bbox 414 3575 2062 3649; baseline 0.002 -16"><span class='ocrx_word' id='word_1_298' title='bbox 414 3583 471 3633; x_wconf 89' lang='lat' dir='ltr'><strong>et</strong></span> <span class='ocrx_word' id='word_1_299' title='bbox 490 3575 675 3632; x_wconf 88' lang='lat' dir='ltr'><strong>fontes</strong></span> <span class='ocrx_word' id='word_1_300' title='bbox 697 3590 808 3632; x_wconf 91' lang='lat' dir='ltr'><strong>non</strong></span> <span class='ocrx_word' id='word_1_301' title='bbox 821 3576 1050 3633; x_wconf 82' lang='lat' dir='ltr'><strong>obscuri</strong></span> <span class='ocrx_word' id='word_1_302' title='bbox 1071 3576 1276 3645; x_wconf 87' lang='lat' dir='ltr'><strong>forent,</strong></span> <span class='ocrx_word' id='word_1_303' title='bbox 1294 3592 1549 3649; x_wconf 88' lang='lat' dir='ltr'><strong>ususque</strong></span> <span class='ocrx_word' id='word_1_304' title='bbox 1566 3580 1633 3635; x_wconf 91' lang='lat' dir='ltr'><strong>ad</strong></span> <span class='ocrx_word' id='word_1_305' title='bbox 1653 3580 2062 3636; x_wconf 89' lang='lat' dir='ltr'><strong>illustrandum</strong></span> 
     </span>
    </p>
   </div>
   <div class='ocr_carea' id='block_1_46' title="bbox 416 3667 2063 3726">
    <p class='ocr_par' dir='ltr' id='par_1_46' title="bbox 416 3667 2063 3726">
     <span class='ocr_line' id='line_1_46' title="bbox 416 3667 2063 3726; baseline 0.002 -4"><span class='ocrx_word' id='word_1_306' title='bbox 416 3668 784 3722; x_wconf 88' lang='lat' dir='ltr'><strong>Anastasium</strong></span> <span class='ocrx_word' id='word_1_307' title='bbox 826 3667 1071 3721; x_wconf 84' lang='lat' dir='ltr'><strong>maxime</strong></span> <span class='ocrx_word' id='word_1_308' title='bbox 1105 3669 1584 3724; x_wconf 90' lang='lat' dir='ltr'><strong>accommodatus.</strong></span> <span class='ocrx_word' id='word_1_309' title='bbox 1612 3671 1745 3724; x_wconf 91' lang='lat' dir='ltr'><strong>Tria</strong></span> <span class='ocrx_word' id='word_1_310' title='bbox 1775 3671 1926 3725; x_wconf 91' lang='lat' dir='ltr'><strong>enim</strong></span> <span class='ocrx_word' id='word_1_311' title='bbox 1960 3671 2063 3726; x_wconf 92' lang='lat' dir='ltr'><strong>illa</strong></span> 
     </span>
    </p>
   </div>
   <div class='ocr_carea' id='block_1_47' title="bbox 419 3755 2060 3830">
    <p class='ocr_par' dir='ltr' id='par_1_47' title="bbox 419 3755 2060 3830">
     <span class='ocr_line' id='line_1_47' title="bbox 419 3755 2060 3830; baseline 0.003 -19"><span class='ocrx_word' id='word_1_312' title='bbox 419 3771 544 3827; x_wconf 65' lang='lat' dir='ltr'><strong>quae</strong></span> <span class='ocrx_word' id='word_1_313' title='bbox 574 3762 764 3811; x_wconf 88' lang='lat' dir='ltr'><strong>textus</strong></span> <span class='ocrx_word' id='word_1_314' title='bbox 784 3761 974 3810; x_wconf 90' lang='lat' dir='ltr'><strong>noster</strong></span> <span class='ocrx_word' id='word_1_315' title='bbox 999 3755 1221 3824; x_wconf 89' lang='lat' dir='ltr'><strong>potiora</strong></span> <span class='ocrx_word' id='word_1_316' title='bbox 1244 3758 1435 3825; x_wconf 89' lang='lat' dir='ltr'><strong>prodit</strong></span> <span class='ocrx_word' id='word_1_317' title='bbox 1455 3760 1512 3812; x_wconf 90' lang='lat' dir='ltr'><strong>in</strong></span> <span class='ocrx_word' id='word_1_318' title='bbox 1540 3773 1886 3830; x_wconf 89' lang='lat' dir='ltr'><strong>unoquoque</strong></span> <span class='ocrx_word' id='word_1_319' title='bbox 1910 3774 2060 3829; x_wconf 93' lang='lat' dir='ltr'><strong>pon-</strong></span> 
     </span>
    </p>
   </div>
   <div class='ocr_carea' id='block_1_48' title="bbox 2167 2867 3821 2942">
    <p class='ocr_par' dir='ltr' id='par_1_48' title="bbox 2167 2867 3821 2942">
     <span class='ocr_line' id='line_1_48' title="bbox 2167 2867 3821 2942; baseline 0.001 -21"><span class='ocrx_word' id='word_1_320' title='bbox 2167 2869 2286 2922; x_wconf 88' lang='lat' dir='ltr'><strong>tum</strong></span> <span class='ocrx_word' id='word_1_321' title='bbox 2304 2867 2578 2923; x_wconf 88' lang='lat' dir='ltr'><strong>indicatis</strong></span> <span class='ocrx_word' id='word_1_322' title='bbox 2592 2869 2979 2925; x_wconf 91' lang='lat' dir='ltr'><strong>monumentis</strong></span> <span class='ocrx_word' id='word_1_323' title='bbox 2996 2869 3269 2942; x_wconf 86' lang='lat' dir='ltr'><strong>genuinis</strong></span> <span class='ocrx_word' id='word_1_324' title='bbox 3285 2869 3540 2926; x_wconf 69' lang='lat' dir='ltr'><strong>basilicaa</strong></span> <span class='ocrx_word' id='word_1_325' title='bbox 3556 2869 3609 2923; x_wconf 92' lang='lat' dir='ltr'><strong>S.</strong></span> <span class='ocrx_word' id='word_1_326' title='bbox 3629 2867 3821 2938; x_wconf 91' lang='lat' dir='ltr'><strong>Pauli,</strong></span> 
     </span>
    </p>
   </div>
   <div class='ocr_carea' id='block_1_49' title="bbox 2168 2955 3823 3028">
    <p class='ocr_par' dir='ltr' id='par_1_49' title="bbox 2168 2955 3823 3028">
     <span class='ocr_line' id='line_1_49' title="bbox 2168 2955 3823 3028; baseline 0.002 -20"><span class='ocrx_word' id='word_1_327' title='bbox 2168 2955 2411 3011; x_wconf 90' lang='lat' dir='ltr'><strong>miriﬁce</strong></span> <span class='ocrx_word' id='word_1_328' title='bbox 2432 2956 2765 3027; x_wconf 90' lang='lat' dir='ltr'><strong>comprobat</strong></span> <span class='ocrx_word' id='word_1_329' title='bbox 2790 2959 3180 3028; x_wconf 63' lang='lat' dir='ltr'><strong>praestantiam</strong></span> <span class='ocrx_word' id='word_1_330' title='bbox 3201 2958 3464 3014; x_wconf 85' lang='lat' dir='ltr'><strong>codicum</strong></span> <span class='ocrx_word' id='word_1_331' title='bbox 3488 2957 3823 3013; x_wconf 86' lang='lat' dir='ltr'><strong>Italicorum</strong></span> 
     </span>
    </p>
   </div>
   <div class='ocr_carea' id='block_1_50' title="bbox 2169 3043 3827 3120">
    <p class='ocr_par' dir='ltr' id='par_1_50' title="bbox 2169 3043 3827 3120">
     <span class='ocr_line' id='line_1_50' title="bbox 2169 3043 3827 3120; baseline 0.001 -21"><span class='ocrx_word' id='word_1_332' title='bbox 2169 3043 2228 3099; x_wconf 93' lang='lat' dir='ltr'><strong>in</strong></span> <span class='ocrx_word' id='word_1_333' title='bbox 2256 3045 2549 3114; x_wconf 85' lang='lat' dir='ltr'><strong>pontificia</strong></span> <span class='ocrx_word' id='word_1_334' title='bbox 2578 3047 2952 3118; x_wconf 85' lang='lat' dir='ltr'><strong>chronologia</strong></span> <span class='ocrx_word' id='word_1_335' title='bbox 2973 3047 3261 3120; x_wconf 88' lang='lat' dir='ltr'><strong>germanis</strong></span> <span class='ocrx_word' id='word_1_336' title='bbox 3283 3061 3350 3103; x_wconf 88' lang='lat' dir='ltr'><strong>ex</strong></span> <span class='ocrx_word' id='word_1_337' title='bbox 3380 3046 3636 3103; x_wconf 88' lang='lat' dir='ltr'><strong>fontibus</strong></span> <span class='ocrx_word' id='word_1_338' title='bbox 3657 3045 3827 3101; x_wconf 90' lang='lat' dir='ltr'><strong>deri-</strong></span> 
     </span>
    </p>
   </div>
   <div class='ocr_carea' id='block_1_51' title="bbox 2170 3134 3829 3205">
    <p class='ocr_par' dir='ltr' id='par_1_51' title="bbox 2170 3134 3829 3205">
     <span class='ocr_line' id='line_1_51' title="bbox 2170 3134 3829 3205; baseline 0.001 -17"><span class='ocrx_word' id='word_1_339' title='bbox 2170 3134 2388 3205; x_wconf 81' lang='lat' dir='ltr'><strong>vanda;</strong></span> <span class='ocrx_word' id='word_1_340' title='bbox 2415 3137 2726 3205; x_wconf 74' lang='lat' dir='ltr'><strong>praesertim</strong></span> <span class='ocrx_word' id='word_1_341' title='bbox 2767 3137 2818 3192; x_wconf 92' lang='lat' dir='ltr'><strong>si</strong></span> <span class='ocrx_word' id='word_1_342' title='bbox 2841 3137 3211 3194; x_wconf 86' lang='lat' dir='ltr'><strong>conferantur</strong></span> <span class='ocrx_word' id='word_1_343' title='bbox 3243 3136 3466 3193; x_wconf 91' lang='lat' dir='ltr'><strong>numeri</strong></span> <span class='ocrx_word' id='word_1_344' title='bbox 3509 3137 3569 3191; x_wconf 90' lang='lat' dir='ltr'><strong>in</strong></span> <span class='ocrx_word' id='word_1_345' title='bbox 3605 3136 3700 3190; x_wconf 88' lang='lat' dir='ltr'><strong>his</strong></span> <span class='ocrx_word' id='word_1_346' title='bbox 3720 3149 3829 3191; x_wconf 88' lang='lat' dir='ltr'><strong>ca-</strong></span> 
     </span>
    </p>
   </div>
   <div class='ocr_carea' id='block_1_52' title="bbox 2172 3223 3824 3297">
    <p class='ocr_par' dir='ltr' id='par_1_52' title="bbox 2172 3223 3824 3297">
     <span class='ocr_line' id='line_1_52' title="bbox 2172 3223 3824 3297; baseline 0.001 -20"><span class='ocrx_word' id='word_1_347' title='bbox 2172 3223 2379 3296; x_wconf 88' lang='lat' dir='ltr'><strong>talogis</strong></span> <span class='ocrx_word' id='word_1_348' title='bbox 2403 3225 2483 3280; x_wconf 90' lang='lat' dir='ltr'><strong>ita</strong></span> <span class='ocrx_word' id='word_1_349' title='bbox 2509 3227 2769 3297; x_wconf 91' lang='lat' dir='ltr'><strong>consoni,</strong></span> <span class='ocrx_word' id='word_1_350' title='bbox 2792 3241 2923 3282; x_wconf 92' lang='lat' dir='ltr'><strong>cum</strong></span> <span class='ocrx_word' id='word_1_351' title='bbox 2946 3228 3206 3283; x_wconf 88' lang='lat' dir='ltr'><strong>numeris</strong></span> <span class='ocrx_word' id='word_1_352' title='bbox 3225 3227 3472 3282; x_wconf 91' lang='lat' dir='ltr'><strong>aliorum</strong></span> <span class='ocrx_word' id='word_1_353' title='bbox 3495 3229 3824 3282; x_wconf 86' lang='lat' dir='ltr'><strong>exterorum</strong></span> 
     </span>
    </p>
   </div>
   <div class='ocr_carea' id='block_1_53' title="bbox 2171 3313 3826 3388">
    <p class='ocr_par' dir='ltr' id='par_1_53' title="bbox 2171 3313 3826 3388">
     <span class='ocr_line' id='line_1_53' title="bbox 2171 3313 3826 3388; baseline 0.002 -22"><span class='ocrx_word' id='word_1_354' title='bbox 2171 3313 2434 3368; x_wconf 90' lang='lat' dir='ltr'><strong>codicum</strong></span> <span class='ocrx_word' id='word_1_355' title='bbox 2481 3313 2619 3386; x_wconf 90' lang='lat' dir='ltr'><strong>(sive</strong></span> <span class='ocrx_word' id='word_1_356' title='bbox 2662 3316 2784 3385; x_wconf 88' lang='lat' dir='ltr'><strong>pari</strong></span> <span class='ocrx_word' id='word_1_357' title='bbox 2831 3317 3204 3388; x_wconf 88' lang='lat' dir='ltr'><strong>antiquitatis</strong></span> <span class='ocrx_word' id='word_1_358' title='bbox 3243 3317 3430 3386; x_wconf 89' lang='lat' dir='ltr'><strong>laude,</strong></span> <span class='ocrx_word' id='word_1_359' title='bbox 3481 3317 3602 3371; x_wconf 85' lang='lat' dir='ltr'><strong>sive</strong></span> <span class='ocrx_word' id='word_1_360' title='bbox 3648 3315 3826 3370; x_wconf 88' lang='lat' dir='ltr'><strong>etiam</strong></span> 
     </span>
    </p>
   </div>
   <div class='ocr_carea' id='block_1_54' title="bbox 2175 3402 3830 3477">
    <p class='ocr_par' dir='ltr' id='par_1_54' title="bbox 2175 3402 3830 3477">
     <span class='ocr_line' id='line_1_54' title="bbox 2175 3402 3830 3477; baseline 0.001 -21"><span class='ocrx_word' id='word_1_361' title='bbox 2175 3402 2376 3471; x_wconf 87' lang='lat' dir='ltr'><strong>majori</strong></span> <span class='ocrx_word' id='word_1_362' title='bbox 2397 3406 2843 3477; x_wconf 90' lang='lat' dir='ltr'><strong>commendetur)</strong></span> <span class='ocrx_word' id='word_1_363' title='bbox 2861 3406 3022 3462; x_wconf 88' lang='lat' dir='ltr'><strong>valde</strong></span> <span class='ocrx_word' id='word_1_364' title='bbox 3038 3407 3067 3461; x_wconf 92' lang='lat' dir='ltr'><strong>d</strong></span> <span class='ocrx_word' id='word_1_365' title='bbox 3080 3405 3520 3463; x_wconf 88' lang='lat' dir='ltr'><strong>issentientibus</strong></span> <span class='ocrx_word' id='word_1_366' title='bbox 3538 3409 3660 3460; x_wconf 91' lang='lat' dir='ltr'><strong>tum</strong></span> <span class='ocrx_word' id='word_1_367' title='bbox 3675 3404 3830 3459; x_wconf 89' lang='lat' dir='ltr'><strong>inter</strong></span> 
     </span>
    </p>
   </div>
   <div class='ocr_carea' id='block_1_55' title="bbox 2175 3491 3830 3567">
    <p class='ocr_par' dir='ltr' id='par_1_55' title="bbox 2175 3491 3830 3567">
     <span class='ocr_line' id='line_1_55' title="bbox 2175 3491 3830 3567; baseline 0.001 -22"><span class='ocrx_word' id='word_1_368' title='bbox 2175 3504 2253 3558; x_wconf 89' lang='lat' dir='ltr'><strong>se,</strong></span> <span class='ocrx_word' id='word_1_369' title='bbox 2290 3494 2408 3546; x_wconf 90' lang='lat' dir='ltr'><strong>tum</strong></span> <span class='ocrx_word' id='word_1_370' title='bbox 2436 3491 2505 3547; x_wconf 90' lang='lat' dir='ltr'><strong>ab</strong></span> <span class='ocrx_word' id='word_1_371' title='bbox 2539 3493 2995 3551; x_wconf 90' lang='lat' dir='ltr'><strong>indicationibus</strong></span> <span class='ocrx_word' id='word_1_372' title='bbox 3021 3496 3293 3567; x_wconf 87' lang='lat' dir='ltr'><strong>genuinis</strong></span> <span class='ocrx_word' id='word_1_373' title='bbox 3316 3497 3584 3551; x_wconf 84' lang='lat' dir='ltr'><strong>Actorum</strong></span> <span class='ocrx_word' id='word_1_374' title='bbox 3623 3492 3830 3563; x_wconf 89' lang='lat' dir='ltr'><strong>publi—</strong></span> 
     </span>
    </p>
   </div>
   <div class='ocr_carea' id='block_1_56' title="bbox 2172 3582 3831 3656">
    <p class='ocr_par' dir='ltr' id='par_1_56' title="bbox 2172 3582 3831 3656">
     <span class='ocr_line' id='line_1_56' title="bbox 2172 3582 3831 3656; baseline 0.002 -23"><span class='ocrx_word' id='word_1_375' title='bbox 2172 3593 2390 3650; x_wconf 90' lang='lat' dir='ltr'><strong>corum,</strong></span> <span class='ocrx_word' id='word_1_376' title='bbox 2420 3585 2534 3637; x_wconf 91' lang='lat' dir='ltr'><strong>tam</strong></span> <span class='ocrx_word' id='word_1_377' title='bbox 2555 3597 2621 3638; x_wconf 88' lang='lat' dir='ltr'><strong>ex</strong></span> <span class='ocrx_word' id='word_1_378' title='bbox 2643 3584 2912 3640; x_wconf 91' lang='lat' dir='ltr'><strong>conciliis</strong></span> <span class='ocrx_word' id='word_1_379' title='bbox 2940 3599 3113 3656; x_wconf 91' lang='lat' dir='ltr'><strong>quam</strong></span> <span class='ocrx_word' id='word_1_380' title='bbox 3149 3600 3218 3641; x_wconf 86' lang='lat' dir='ltr'><strong>ex</strong></span> <span class='ocrx_word' id='word_1_381' title='bbox 3240 3585 3503 3656; x_wconf 90' lang='lat' dir='ltr'><strong>epistolis</strong></span> <span class='ocrx_word' id='word_1_382' title='bbox 3523 3598 3587 3639; x_wconf 89' lang='lat' dir='ltr'><strong>ac</strong></span> <span class='ocrx_word' id='word_1_383' title='bbox 3623 3582 3831 3651; x_wconf 92' lang='lat' dir='ltr'><strong>diplo—</strong></span> 
     </span>
    </p>
   </div>
   <div class='ocr_carea' id='block_1_57' title="bbox 2175 3667 3825 3744">
    <p class='ocr_par' dir='ltr' id='par_1_57' title="bbox 2175 3667 3825 3744">
     <span class='ocr_line' id='line_1_57' title="bbox 2175 3667 3825 3744; baseline 0.012 -23"><span class='ocrx_word' id='word_1_384' title='bbox 2175 3667 2426 3725; x_wconf 88' lang='lat' dir='ltr'><strong>matibus</strong></span> <span class='ocrx_word' id='word_1_385' title='bbox 2471 3672 2644 3727; x_wconf 88' lang='lat' dir='ltr'><strong>certis</strong></span> <span class='ocrx_word' id='word_1_386' title='bbox 2691 3674 3025 3743; x_wconf 90' lang='lat' dir='ltr'><strong>pontiﬁcum</strong></span> <span class='ocrx_word' id='word_1_387' title='bbox 3083 3674 3447 3744; x_wconf 89' lang='lat' dir='ltr'><strong>aliorumque</strong></span> <span class='ocrx_word' id='word_1_388' title='bbox 3494 3671 3825 3742; x_wconf 66' lang='lat' dir='ltr'><strong>princ&#39;lpum</strong></span> 
     </span>
    </p>
   </div>
   <div class='ocr_carea' id='block_1_58' title="bbox 2169 3756 3827 3834">
    <p class='ocr_par' dir='ltr' id='par_1_58' title="bbox 2169 3756 3827 3834">
     <span class='ocr_line' id='line_1_58' title="bbox 2169 3756 3827 3834; baseline 0.001 -23"><span class='ocrx_word' id='word_1_389' title='bbox 2169 3756 2532 3829; x_wconf 82' lang='lat' dir='ltr'><strong>colligendis.</strong></span> <span class='ocrx_word' id='word_1_390' title='bbox 2569 3762 2683 3818; x_wconf 87' lang='lat' dir='ltr'><strong>Hac</strong></span> <span class='ocrx_word' id='word_1_391' title='bbox 2735 3763 2921 3834; x_wconf 88' lang='lat' dir='ltr'><strong>igitur</strong></span> <span class='ocrx_word' id='word_1_392' title='bbox 2961 3763 3032 3819; x_wconf 90' lang='lat' dir='ltr'><strong>de</strong></span> <span class='ocrx_word' id='word_1_393' title='bbox 3078 3777 3252 3820; x_wconf 90' lang='lat' dir='ltr'><strong>causa</strong></span> <span class='ocrx_word' id='word_1_394' title='bbox 3292 3762 3608 3819; x_wconf 88' lang='lat' dir='ltr'><strong>secundum</strong></span> <span class='ocrx_word' id='word_1_395' title='bbox 3655 3760 3827 3815; x_wconf 89' lang='lat' dir='ltr'><strong>illum</strong></span> 
     </span>
    </p>
   </div>
   <div class='ocr_carea' id='block_1_59' title="bbox 415 3843 3830 3923">
    <p class='ocr_par' dir='ltr' id='par_1_59' title="bbox 415 3843 3830 3923">
     <span class='ocr_line' id='line_1_59' title="bbox 415 3843 3830 3923; baseline 0.001 -23"><span class='ocrx_word' id='word_1_396' title='bbox 415 3844 567 3900; x_wconf 86' lang='lat' dir='ltr'><strong>tiﬁce</strong></span> <span class='ocrx_word' id='word_1_397' title='bbox 608 3843 828 3916; x_wconf 87' lang='lat' dir='ltr'><strong>(saltem</strong></span> <span class='ocrx_word' id='word_1_398' title='bbox 883 3849 945 3899; x_wconf 89' lang='lat' dir='ltr'><strong>ut</strong></span> <span class='ocrx_word' id='word_1_399' title='bbox 1003 3843 1338 3913; x_wconf 77' lang='lat' dir='ltr'><strong>plurimum),</strong></span> <span class='ocrx_word' id='word_1_400' title='bbox 1391 3858 1588 3915; x_wconf 87' lang='lat' dir='ltr'><strong>nempe</strong></span> <span class='ocrx_word' id='word_1_401' title='bbox 1625 3847 2055 3920; x_wconf 87' lang='lat' dir='ltr'><strong>chronologiam</strong></span> <span class='ocrx_word' id='word_1_402' title='bbox 2165 3845 2516 3920; x_wconf 85' lang='lat' dir='ltr'><strong>CataIOgum,</strong></span> <span class='ocrx_word' id='word_1_403' title='bbox 2555 3864 2587 3905; x_wconf 90' lang='lat' dir='ltr'><strong>a</strong></span> <span class='ocrx_word' id='word_1_404' title='bbox 2615 3852 2974 3923; x_wconf 89' lang='lat' dir='ltr'><strong>Bergomensi</strong></span> <span class='ocrx_word' id='word_1_405' title='bbox 3007 3853 3205 3908; x_wconf 90' lang='lat' dir='ltr'><strong>codice</strong></span> <span class='ocrx_word' id='word_1_406' title='bbox 3236 3851 3675 3921; x_wconf 86' lang='lat' dir='ltr'><strong>transcriptum,</strong></span> <span class='ocrx_word' id='word_1_407' title='bbox 3727 3849 3830 3902; x_wconf 91' lang='lat' dir='ltr'><strong>in-</strong></span> 
     </span>
    </p>
   </div>
   <div class='ocr_carea' id='block_1_60' title="bbox 417 3926 3830 4014">
    <p class='ocr_par' dir='ltr' id='par_1_60' title="bbox 417 3926 3830 4014">
     <span class='ocr_line' id='line_1_60' title="bbox 417 3926 3830 4014; baseline 0 -23"><span class='ocrx_word' id='word_1_408' title='bbox 417 3935 571 3991; x_wconf 90' lang='lat' dir='ltr'><strong>sedis</strong></span> <span class='ocrx_word' id='word_1_409' title='bbox 600 3933 790 4002; x_wconf 89' lang='lat' dir='ltr'><strong>annis,</strong></span> <span class='ocrx_word' id='word_1_410' title='bbox 825 3932 1139 4001; x_wconf 87' lang='lat' dir='ltr'><strong>mensibus,</strong></span> <span class='ocrx_word' id='word_1_411' title='bbox 1171 3945 1236 3987; x_wconf 88' lang='lat' dir='ltr'><strong>ac</strong></span> <span class='ocrx_word' id='word_1_412' title='bbox 1264 3932 1469 3988; x_wconf 90' lang='lat' dir='ltr'><strong>diebus</strong></span> <span class='ocrx_word' id='word_1_413' title='bbox 1499 3934 1858 4006; x_wconf 85' lang='lat' dir='ltr'><strong>explicatam,</strong></span> <span class='ocrx_word' id='word_1_414' title='bbox 1892 3938 2062 3993; x_wconf 84' lang='lat' dir='ltr'><strong>ordi—</strong></span> <span class='ocrx_word' id='word_1_415' title='bbox 2165 3926 2258 3988; x_wconf 56' lang='lat' dir='ltr'><strong>i-er</strong></span> <span class='ocrx_word' id='word_1_416' title='bbox 2292 3936 2802 3995; x_wconf 89' lang='lat' dir='ltr'><strong>Schelestratianos</strong></span> <span class='ocrx_word' id='word_1_417' title='bbox 2841 3941 3049 4014; x_wconf 88' lang='lat' dir='ltr'><strong>delegi,</strong></span> <span class='ocrx_word' id='word_1_418' title='bbox 3092 3940 3482 4011; x_wconf 73' lang='lat' dir='ltr'><strong>chronologize</strong></span> <span class='ocrx_word' id='word_1_419' title='bbox 3515 3937 3830 4010; x_wconf 71' lang='lat' dir='ltr'><strong>pontiﬁciaa</strong></span> 
     </span>
    </p>
   </div>
   <div class='ocr_carea' id='block_1_61' title="bbox 421 4021 3831 4102">
    <p class='ocr_par' dir='ltr' id='par_1_61' title="bbox 421 4021 3831 4102">
     <span class='ocr_line' id='line_1_61' title="bbox 421 4021 3831 4102; baseline 0 -22"><span class='ocrx_word' id='word_1_420' title='bbox 421 4025 682 4080; x_wconf 89' lang='lat' dir='ltr'><strong>nationes</strong></span> <span class='ocrx_word' id='word_1_421' title='bbox 724 4022 1142 4093; x_wconf 82' lang='lat' dir='ltr'><strong>episcoporum,</strong></span> <span class='ocrx_word' id='word_1_422' title='bbox 1191 4021 1648 4093; x_wconf 84' lang='lat' dir='ltr'><strong>presbyterorum</strong></span> <span class='ocrx_word' id='word_1_423' title='bbox 1689 4038 1753 4079; x_wconf 91' lang='lat' dir='ltr'><strong>ac</strong></span> <span class='ocrx_word' id='word_1_424' title='bbox 1781 4025 2065 4084; x_wconf 82' lang='lat' dir='ltr'><strong>diacono—</strong></span> <span class='ocrx_word' id='word_1_425' title='bbox 2107 4095 2145 4102; x_wconf 84' lang='lat'><em>_</em></span> <span class='ocrx_word' id='word_1_426' title='bbox 2176 4021 2426 4079; x_wconf 87' lang='lat' dir='ltr'><strong>indicem</strong></span> <span class='ocrx_word' id='word_1_427' title='bbox 2467 4041 2580 4096; x_wconf 76' lang='lat' dir='ltr'><strong>prae</strong></span> <span class='ocrx_word' id='word_1_428' title='bbox 2647 4030 2868 4084; x_wconf 80' lang='lat' dir='ltr'><strong>caeteris</strong></span> <span class='ocrx_word' id='word_1_429' title='bbox 2923 4030 3123 4102; x_wconf 90' lang='lat' dir='ltr'><strong>ﬁdum,</strong></span> <span class='ocrx_word' id='word_1_430' title='bbox 3171 4037 3227 4086; x_wconf 90' lang='lat' dir='ltr'><strong>et</strong></span> <span class='ocrx_word' id='word_1_431' title='bbox 3290 4030 3559 4086; x_wconf 90' lang='lat' dir='ltr'><strong>idoneum</strong></span> <span class='ocrx_word' id='word_1_432' title='bbox 3609 4026 3831 4083; x_wconf 85' lang='lat' dir='ltr'><strong>haben—</strong></span> 
     </span>
    </p>
   </div>
   <div class='ocr_carea' id='block_1_62' title="bbox 423 4095 2343 4185">
    <p class='ocr_par' dir='ltr' id='par_1_62' title="bbox 423 4095 2343 4185">
     <span class='ocr_line' id='line_1_62' title="bbox 423 4095 2343 4185; baseline -0.002 -15"><span class='ocrx_word' id='word_1_433' title='bbox 423 4128 548 4170; x_wconf 91' lang='lat' dir='ltr'><strong>rum</strong></span> <span class='ocrx_word' id='word_1_434' title='bbox 578 4117 956 4182; x_wconf 91' lang='lat' dir='ltr'><strong>enumeratas,</strong></span> <span class='ocrx_word' id='word_1_435' title='bbox 989 4113 1214 4168; x_wconf 90' lang='lat' dir='ltr'><strong>decreta</strong></span> <span class='ocrx_word' id='word_1_436' title='bbox 1239 4112 1488 4182; x_wconf 90' lang='lat' dir='ltr'><strong>denique</strong></span> <span class='ocrx_word' id='word_1_437' title='bbox 1511 4112 1806 4183; x_wconf 89' lang='lat' dir='ltr'><strong>complura</strong></span> <span class='ocrx_word' id='word_1_438' title='bbox 1832 4120 1888 4170; x_wconf 90' lang='lat' dir='ltr'><strong>et</strong></span> <span class='ocrx_word' id='word_1_439' title='bbox 1912 4122 2069 4185; x_wconf 83' lang='lat' dir='ltr'><strong>gesta</strong></span> <span class='ocrx_word' id='word_1_440' title='bbox 2098 4095 2148 4161; x_wconf 78' lang='lat' dir='ltr'>C</span> <span class='ocrx_word' id='word_1_441' title='bbox 2177 4111 2343 4167; x_wconf 92' lang='lat' dir='ltr'><strong>dum.</strong></span> 
     </span>
    </p>
   </div>
   <div class='ocr_carea' id='block_1_63' title="bbox 424 4202 2068 4272">
    <p class='ocr_par' dir='ltr' id='par_1_63' title="bbox 424 4202 2068 4272">
     <span class='ocr_line' id='line_1_63' title="bbox 424 4202 2068 4272; baseline 0.001 -11"><span class='ocrx_word' id='word_1_442' title='bbox 424 4204 701 4263; x_wconf 90' lang='lat' dir='ltr'><strong>nonnulla</strong></span> <span class='ocrx_word' id='word_1_443' title='bbox 743 4203 1044 4258; x_wconf 88' lang='lat' dir='ltr'><strong>recensita.</strong></span> <span class='ocrx_word' id='word_1_444' title='bbox 1081 4205 1205 4258; x_wconf 69' lang='lat' dir='ltr'><strong>Haec</strong></span> <span class='ocrx_word' id='word_1_445' title='bbox 1246 4202 1379 4265; x_wconf 86' lang='lat' dir='ltr'><strong>tria,</strong></span> <span class='ocrx_word' id='word_1_446' title='bbox 1427 4202 1683 4272; x_wconf 88' lang='lat' dir='ltr'><strong>inquam,</strong></span> <span class='ocrx_word' id='word_1_447' title='bbox 1724 4216 1792 4259; x_wconf 85' lang='lat' dir='ltr'><strong>ex</strong></span> <span class='ocrx_word' id='word_1_448' title='bbox 1831 4205 2068 4262; x_wconf 88' lang='lat' dir='ltr'><strong>totidem</strong></span> 
     </span>
    </p>
   </div>
   <div class='ocr_carea' id='block_1_64' title="bbox 421 4290 2072 4365">
    <p class='ocr_par' dir='ltr' id='par_1_64' title="bbox 421 4290 2072 4365">
     <span class='ocr_line' id='line_1_64' title="bbox 421 4290 2072 4365; baseline -0.001 -13"><span class='ocrx_word' id='word_1_449' title='bbox 421 4294 708 4365; x_wconf 86' lang='lat' dir='ltr'><strong>CataIOgis</strong></span> <span class='ocrx_word' id='word_1_450' title='bbox 729 4291 1121 4348; x_wconf 90' lang='lat' dir='ltr'><strong>Schelestratii</strong></span> <span class='ocrx_word' id='word_1_451' title='bbox 1144 4290 1486 4362; x_wconf 87' lang='lat' dir='ltr'><strong>singillatim</strong></span> <span class='ocrx_word' id='word_1_452' title='bbox 1517 4292 1904 4349; x_wconf 89' lang='lat' dir='ltr'><strong>conﬁrmanda</strong></span> <span class='ocrx_word' id='word_1_453' title='bbox 1933 4310 2072 4351; x_wconf 90' lang='lat' dir='ltr'><strong>sus-</strong></span> 
     </span>
    </p>
   </div>
   <div class='ocr_carea' id='block_1_65' title="bbox 423 4379 2074 4453">
    <p class='ocr_par' dir='ltr' id='par_1_65' title="bbox 423 4379 2074 4453">
     <span class='ocr_line' id='line_1_65' title="bbox 423 4379 2074 4453; baseline -0.001 -13"><span class='ocrx_word' id='word_1_454' title='bbox 423 4385 568 4453; x_wconf 88' lang='lat' dir='ltr'><strong>cepi.</strong></span> <span class='ocrx_word' id='word_1_455' title='bbox 594 4383 726 4437; x_wconf 84' lang='lat' dir='ltr'><strong>Tria</strong></span> <span class='ocrx_word' id='word_1_456' title='bbox 753 4381 854 4435; x_wconf 92' lang='lat' dir='ltr'><strong>illa</strong></span> <span class='ocrx_word' id='word_1_457' title='bbox 871 4379 1274 4450; x_wconf 87' lang='lat' dir='ltr'><strong>complectitur</strong></span> <span class='ocrx_word' id='word_1_458' title='bbox 1293 4379 1597 4452; x_wconf 89' lang='lat' dir='ltr'><strong>Catalogus</strong></span> <span class='ocrx_word' id='word_1_459' title='bbox 1619 4381 1689 4437; x_wconf 90' lang='lat' dir='ltr'><strong>ab</strong></span> <span class='ocrx_word' id='word_1_460' title='bbox 1712 4383 1840 4452; x_wconf 91' lang='lat' dir='ltr'><strong>ipso</strong></span> <span class='ocrx_word' id='word_1_461' title='bbox 1872 4385 2074 4440; x_wconf 89' lang='lat' dir='ltr'><strong>reddi-</strong></span> 
     </span>
    </p>
   </div>
   <div class='ocr_carea' id='block_1_66' title="bbox 421 4468 2075 4543">
    <p class='ocr_par' dir='ltr' id='par_1_66' title="bbox 421 4468 2075 4543">
     <span class='ocr_line' id='line_1_66' title="bbox 421 4468 2075 4543; baseline -0.001 -11"><span class='ocrx_word' id='word_1_462' title='bbox 421 4468 1271 4539; x_wconf 84' lang='lat' dir='ltr'><strong>tusexcodiceoctingentorum</strong></span> <span class='ocrx_word' id='word_1_463' title='bbox 1290 4470 1584 4542; x_wconf 86' lang='lat' dir='ltr'><strong>sexaginta</strong></span> <span class='ocrx_word' id='word_1_464' title='bbox 1608 4472 1865 4543; x_wconf 90' lang='lat' dir='ltr'><strong>quinque</strong></span> <span class='ocrx_word' id='word_1_465' title='bbox 1886 4487 2075 4532; x_wconf 90' lang='lat' dir='ltr'><strong>anno-</strong></span> 
     </span>
    </p>
   </div>
   <div class='ocr_carea' id='block_1_67' title="bbox 426 4558 2073 4635">
    <p class='ocr_par' dir='ltr' id='par_1_67' title="bbox 426 4558 2073 4635">
     <span class='ocr_line' id='line_1_67' title="bbox 426 4558 2073 4635; baseline -0.001 -16"><span class='ocrx_word' id='word_1_466' title='bbox 426 4576 572 4632; x_wconf 88' lang='lat' dir='ltr'><strong>rum,</strong></span> <span class='ocrx_word' id='word_1_467' title='bbox 599 4561 737 4616; x_wconf 90' lang='lat' dir='ltr'><strong>dum</strong></span> <span class='ocrx_word' id='word_1_468' title='bbox 762 4559 883 4630; x_wconf 91' lang='lat' dir='ltr'><strong>ipse</strong></span> <span class='ocrx_word' id='word_1_469' title='bbox 910 4558 1186 4614; x_wconf 91' lang='lat' dir='ltr'><strong>scriberet</strong></span> <span class='ocrx_word' id='word_1_470' title='bbox 1216 4559 1390 4629; x_wconf 91' lang='lat' dir='ltr'><strong>(nunc</strong></span> <span class='ocrx_word' id='word_1_471' title='bbox 1434 4574 1562 4616; x_wconf 93' lang='lat' dir='ltr'><strong>vero</strong></span> <span class='ocrx_word' id='word_1_472' title='bbox 1598 4559 1772 4617; x_wconf 87' lang='lat' dir='ltr'><strong>ferme</strong></span> <span class='ocrx_word' id='word_1_473' title='bbox 1809 4577 2073 4635; x_wconf 87' lang='lat' dir='ltr'><strong>nongen—</strong></span> 
     </span>
    </p>
   </div>
   <div class='ocr_carea' id='block_1_68' title="bbox 422 4647 2068 4725">
    <p class='ocr_par' dir='ltr' id='par_1_68' title="bbox 422 4647 2068 4725">
     <span class='ocr_line' id='line_1_68' title="bbox 422 4647 2068 4725; baseline 0.001 -17"><span class='ocrx_word' id='word_1_474' title='bbox 422 4649 632 4722; x_wconf 87' lang='lat' dir='ltr'><strong>torum)</strong></span> <span class='ocrx_word' id='word_1_475' title='bbox 677 4647 1039 4704; x_wconf 66' lang='lat' dir='ltr'><strong>bibliotheca:</strong></span> <span class='ocrx_word' id='word_1_476' title='bbox 1105 4647 1705 4706; x_wconf 69' lang='lat' dir='ltr'><strong>Palatino-Vaticanaa.</strong></span> <span class='ocrx_word' id='word_1_477' title='bbox 1765 4652 2068 4725; x_wconf 87' lang='lat' dir='ltr'><strong>Catalogus</strong></span> 
     </span>
    </p>
   </div>
   <div class='ocr_carea' id='block_1_69' title="bbox 421 4737 2071 4812">
    <p class='ocr_par' dir='ltr' id='par_1_69' title="bbox 421 4737 2071 4812">
     <span class='ocr_line' id='line_1_69' title="bbox 421 4737 2071 4812; baseline 0.001 -15"><span class='ocrx_word' id='word_1_478' title='bbox 421 4741 586 4812; x_wconf 87' lang='lat' dir='ltr'><strong>alter,</strong></span> <span class='ocrx_word' id='word_1_479' title='bbox 614 4737 999 4809; x_wconf 78' lang='lat' dir='ltr'><strong>chronologiae</strong></span> <span class='ocrx_word' id='word_1_480' title='bbox 1030 4741 1250 4793; x_wconf 89' lang='lat' dir='ltr'><strong>tantum</strong></span> <span class='ocrx_word' id='word_1_481' title='bbox 1276 4739 1445 4794; x_wconf 86' lang='lat' dir='ltr'><strong>index</strong></span> <span class='ocrx_word' id='word_1_482' title='bbox 1476 4745 1579 4809; x_wconf 90' lang='lat' dir='ltr'><strong>est,</strong></span> <span class='ocrx_word' id='word_1_483' title='bbox 1604 4741 1699 4796; x_wconf 89' lang='lat' dir='ltr'><strong>sed</strong></span> <span class='ocrx_word' id='word_1_484' title='bbox 1737 4741 1886 4795; x_wconf 92' lang='lat' dir='ltr'><strong>inter</strong></span> <span class='ocrx_word' id='word_1_485' title='bbox 1924 4742 2071 4798; x_wconf 86' lang='lat' dir='ltr'><strong>fide-</strong></span> 
     </span>
    </p>
   </div>
   <div class='ocr_carea' id='block_1_70' title="bbox 421 4826 2066 4897">
    <p class='ocr_par' dir='ltr' id='par_1_70' title="bbox 421 4826 2066 4897">
     <span class='ocr_line' id='line_1_70' title="bbox 421 4826 2066 4897; baseline 0 -11"><span class='ocrx_word' id='word_1_486' title='bbox 421 4830 678 4886; x_wconf 90' lang='lat' dir='ltr'><strong>lissimos</strong></span> <span class='ocrx_word' id='word_1_487' title='bbox 699 4827 1012 4882; x_wconf 89' lang='lat' dir='ltr'><strong>habendus.</strong></span> <span class='ocrx_word' id='word_1_488' title='bbox 1026 4826 1464 4882; x_wconf 89' lang='lat' dir='ltr'><strong>Describebatur</strong></span> <span class='ocrx_word' id='word_1_489' title='bbox 1470 4828 1640 4897; x_wconf 89' lang='lat' dir='ltr'><strong>jussu</strong></span> <span class='ocrx_word' id='word_1_490' title='bbox 1653 4829 1814 4885; x_wconf 90' lang='lat' dir='ltr'><strong>Pauli</strong></span> <span class='ocrx_word' id='word_1_491' title='bbox 1828 4831 2066 4886; x_wconf 90' lang='lat' dir='ltr'><strong>secundi</strong></span> 
     </span>
    </p>
   </div>
   <div class='ocr_carea' id='block_1_71' title="bbox 418 4917 2072 4991">
    <p class='ocr_par' dir='ltr' id='par_1_71' title="bbox 418 4917 2072 4991">
     <span class='ocr_line' id='line_1_71' title="bbox 418 4917 2072 4991; baseline -0.001 -15"><span class='ocrx_word' id='word_1_492' title='bbox 418 4934 486 4976; x_wconf 90' lang='lat' dir='ltr'><strong>ex</strong></span> <span class='ocrx_word' id='word_1_493' title='bbox 524 4919 718 4976; x_wconf 92' lang='lat' dir='ltr'><strong>codice</strong></span> <span class='ocrx_word' id='word_1_494' title='bbox 748 4917 1442 4989; x_wconf 68' lang='lat' dir='ltr'><strong>EcclesiaePergamensis,</strong></span> <span class='ocrx_word' id='word_1_495' title='bbox 1461 4931 1741 4975; x_wconf 88' lang='lat' dir='ltr'><strong>annorum</strong></span> <span class='ocrx_word' id='word_1_496' title='bbox 1764 4920 2072 4991; x_wconf 84' lang='lat' dir='ltr'><strong>octingen—</strong></span> 
     </span>
    </p>
   </div>
   <div class='ocr_carea' id='block_1_72' title="bbox 420 5005 2074 5079">
    <p class='ocr_par' dir='ltr' id='par_1_72' title="bbox 420 5005 2074 5079">
     <span class='ocr_line' id='line_1_72' title="bbox 420 5005 2074 5079; baseline -0.002 -13"><span class='ocrx_word' id='word_1_497' title='bbox 420 5017 609 5066; x_wconf 90' lang='lat' dir='ltr'><strong>torum</strong></span> <span class='ocrx_word' id='word_1_498' title='bbox 631 5014 851 5065; x_wconf 80' lang='lat' dir='ltr'><strong>aetatem</strong></span> <span class='ocrx_word' id='word_1_499' title='bbox 886 5005 1299 5079; x_wconf 65' lang='lat' dir='ltr'><strong>praeseferente.</strong></span> <span class='ocrx_word' id='word_1_500' title='bbox 1339 5008 1645 5064; x_wconf 91' lang='lat' dir='ltr'><strong>Ostendam</strong></span> <span class='ocrx_word' id='word_1_501' title='bbox 1686 5010 1745 5062; x_wconf 92' lang='lat' dir='ltr'><strong>in</strong></span> <span class='ocrx_word' id='word_1_502' title='bbox 1785 5010 2074 5064; x_wconf 87' lang='lat' dir='ltr'><strong>disserta-</strong></span> 
     </span>
    </p>
   </div>
   <div class='ocr_carea' id='block_1_73' title="bbox 420 5097 2071 5178">
    <p class='ocr_par' dir='ltr' id='par_1_73' title="bbox 420 5097 2071 5178">
     <span class='ocr_line' id='line_1_73' title="bbox 420 5097 2071 5178; baseline -0.002 -23"><span class='ocrx_word' id='word_1_503' title='bbox 420 5099 577 5155; x_wconf 86' lang='lat' dir='ltr'><strong>tione</strong></span> <span class='ocrx_word' id='word_1_504' title='bbox 598 5097 668 5152; x_wconf 93' lang='lat' dir='ltr'><strong>de</strong></span> <span class='ocrx_word' id='word_1_505' title='bbox 688 5098 949 5167; x_wconf 86' lang='lat' dir='ltr'><strong>antiquis</strong></span> <span class='ocrx_word' id='word_1_506' title='bbox 983 5097 1272 5169; x_wconf 86' lang='lat' dir='ltr'><strong>Catalogis</strong></span> <span class='ocrx_word' id='word_1_507' title='bbox 1305 5097 1638 5168; x_wconf 90' lang='lat' dir='ltr'><strong>pontiﬁcum</strong></span> <span class='ocrx_word' id='word_1_508' title='bbox 1665 5098 2071 5178; x_wconf 42' lang='lat' dir='ltr'><strong>Romanorum,</strong></span> 
     </span>
    </p>
   </div>
   <div class='ocr_carea' id='block_1_74' title="bbox 418 5183 2073 5255">
    <p class='ocr_par' dir='ltr' id='par_1_74' title="bbox 418 5183 2073 5255">
     <span class='ocr_line' id='line_1_74' title="bbox 418 5183 2073 5255; baseline -0.002 -11"><span class='ocrx_word' id='word_1_509' title='bbox 418 5201 514 5244; x_wconf 92' lang='lat' dir='ltr'><strong>eos</strong></span> <span class='ocrx_word' id='word_1_510' title='bbox 544 5197 668 5240; x_wconf 91' lang='lat' dir='ltr'><strong>esse</strong></span> <span class='ocrx_word' id='word_1_511' title='bbox 699 5186 922 5240; x_wconf 67' lang='lat' dir='ltr'><strong>caeteris</strong></span> <span class='ocrx_word' id='word_1_512' title='bbox 954 5185 1352 5255; x_wconf 57' lang='lat' dir='ltr'><strong>praeferendos,</strong></span> <span class='ocrx_word' id='word_1_513' title='bbox 1383 5185 1484 5254; x_wconf 87' lang='lat' dir='ltr'><strong>qui</strong></span> <span class='ocrx_word' id='word_1_514' title='bbox 1511 5183 1787 5254; x_wconf 90' lang='lat' dir='ltr'><strong>descripti</strong></span> <span class='ocrx_word' id='word_1_515' title='bbox 1812 5197 1936 5240; x_wconf 91' lang='lat' dir='ltr'><strong>esse</strong></span> <span class='ocrx_word' id='word_1_516' title='bbox 1963 5199 2073 5242; x_wconf 87' lang='lat' dir='ltr'><strong>no-</strong></span> 
     </span>
    </p>
   </div>
   <div class='ocr_carea' id='block_1_75' title="bbox 418 5270 2064 5344">
    <p class='ocr_par' dir='ltr' id='par_1_75' title="bbox 418 5270 2064 5344">
     <span class='ocr_line' id='line_1_75' title="bbox 418 5270 2064 5344; baseline -0.001 -12"><span class='ocrx_word' id='word_1_517' title='bbox 418 5279 664 5332; x_wconf 91' lang='lat' dir='ltr'><strong>scuntur</strong></span> <span class='ocrx_word' id='word_1_518' title='bbox 689 5285 755 5327; x_wconf 84' lang='lat' dir='ltr'><strong>ex</strong></span> <span class='ocrx_word' id='word_1_519' title='bbox 782 5273 1055 5343; x_wconf 91' lang='lat' dir='ltr'><strong>genuinis</strong></span> <span class='ocrx_word' id='word_1_520' title='bbox 1079 5272 1468 5329; x_wconf 90' lang='lat' dir='ltr'><strong>monumentis</strong></span> <span class='ocrx_word' id='word_1_521' title='bbox 1491 5270 1755 5326; x_wconf 68' lang='lat' dir='ltr'><strong>Ecclesia:</strong></span> <span class='ocrx_word' id='word_1_522' title='bbox 1782 5273 2064 5344; x_wconf 67' lang='lat' dir='ltr'><strong>Romanae,</strong></span> 
     </span>
    </p>
   </div>
   <div class='ocr_carea' id='block_1_76' title="bbox 418 5358 2067 5435">
    <p class='ocr_par' dir='ltr' id='par_1_76' title="bbox 418 5358 2067 5435">
     <span class='ocr_line' id='line_1_76' title="bbox 418 5358 2067 5435; baseline 0 -15"><span class='ocrx_word' id='word_1_523' title='bbox 418 5364 651 5435; x_wconf 89' lang='lat' dir='ltr'><strong>publico</strong></span> <span class='ocrx_word' id='word_1_524' title='bbox 693 5359 1002 5432; x_wconf 76' lang='lat' dir='ltr'><strong>praesertim</strong></span> <span class='ocrx_word' id='word_1_525' title='bbox 1043 5367 1217 5432; x_wconf 87' lang='lat' dir='ltr'><strong>atque</strong></span> <span class='ocrx_word' id='word_1_526' title='bbox 1259 5359 1538 5416; x_wconf 88' lang='lat' dir='ltr'><strong>sanctiori</strong></span> <span class='ocrx_word' id='word_1_527' title='bbox 1577 5358 1699 5416; x_wconf 93' lang='lat' dir='ltr'><strong>loco</strong></span> <span class='ocrx_word' id='word_1_528' title='bbox 1735 5362 1962 5432; x_wconf 91' lang='lat' dir='ltr'><strong>positis,</strong></span> <span class='ocrx_word' id='word_1_529' title='bbox 2010 5369 2067 5420; x_wconf 87' lang='lat' dir='ltr'><strong>et</strong></span> 
     </span>
    </p>
   </div>
   <div class='ocr_carea' id='block_1_77' title="bbox 2259 4203 3839 4280">
    <p class='ocr_par' dir='ltr' id='par_1_77' title="bbox 2259 4203 3839 4280">
     <span class='ocr_line' id='line_1_77' title="bbox 2259 4203 3839 4280; baseline 0.003 -24"><span class='ocrx_word' id='word_1_530' title='bbox 2259 4203 2487 4260; x_wconf 89' lang='lat' dir='ltr'><strong>Tertius</strong></span> <span class='ocrx_word' id='word_1_531' title='bbox 2529 4203 2780 4276; x_wconf 90' lang='lat' dir='ltr'><strong>denique</strong></span> <span class='ocrx_word' id='word_1_532' title='bbox 2817 4207 3142 4280; x_wconf 87' lang='lat' dir='ltr'><strong>Catalogus,</strong></span> <span class='ocrx_word' id='word_1_533' title='bbox 3185 4207 3590 4279; x_wconf 88' lang='lat' dir='ltr'><strong>antiquitatem</strong></span> <span class='ocrx_word' id='word_1_534' title='bbox 3637 4206 3839 4276; x_wconf 88' lang='lat' dir='ltr'><strong>prodit</strong></span> 
     </span>
    </p>
   </div>
   <div class='ocr_carea' id='block_1_78' title="bbox 2183 4294 3839 4354">
    <p class='ocr_par' dir='ltr' id='par_1_78' title="bbox 2183 4294 3839 4354">
     <span class='ocr_line' id='line_1_78' title="bbox 2183 4294 3839 4354; baseline -0.004 0"><span class='ocrx_word' id='word_1_535' title='bbox 2183 4309 2463 4354; x_wconf 90' lang='lat' dir='ltr'><strong>annorum</strong></span> <span class='ocrx_word' id='word_1_536' title='bbox 2499 4294 2734 4350; x_wconf 90' lang='lat' dir='ltr'><strong>circiter</strong></span> <span class='ocrx_word' id='word_1_537' title='bbox 2769 4294 2894 4352; x_wconf 83' lang='grc'><strong>650.</strong></span> <span class='ocrx_word' id='word_1_538' title='bbox 2928 4297 3147 4353; x_wconf 89' lang='lat' dir='ltr'><strong>Idcirco</strong></span> <span class='ocrx_word' id='word_1_539' title='bbox 3185 4303 3373 4354; x_wconf 77' lang='lat' dir='ltr'><strong>autem</strong></span> <span class='ocrx_word' id='word_1_540' title='bbox 3417 4296 3652 4352; x_wconf 88' lang='lat' dir='ltr'><strong>additur</strong></span> <span class='ocrx_word' id='word_1_541' title='bbox 3693 4295 3839 4350; x_wconf 86' lang='lat' dir='ltr'><strong>huic</strong></span> 
     </span>
    </p>
   </div>
   <div class='ocr_carea' id='block_1_79' title="bbox 2183 4383 3838 4456">
    <p class='ocr_par' dir='ltr' id='par_1_79' title="bbox 2183 4383 3838 4456">
     <span class='ocr_line' id='line_1_79' title="bbox 2183 4383 3838 4456; baseline -0.002 -15"><span class='ocrx_word' id='word_1_542' title='bbox 2183 4390 2378 4441; x_wconf 87' lang='lat' dir='ltr'><strong>nostro</strong></span> <span class='ocrx_word' id='word_1_543' title='bbox 2407 4383 2676 4455; x_wconf 90' lang='lat' dir='ltr'><strong>delectui,</strong></span> <span class='ocrx_word' id='word_1_544' title='bbox 2720 4387 2870 4456; x_wconf 89' lang='lat' dir='ltr'><strong>quod</strong></span> <span class='ocrx_word' id='word_1_545' title='bbox 2921 4393 3124 4456; x_wconf 62' lang='lat' dir='ltr'><strong>praeter</strong></span> <span class='ocrx_word' id='word_1_546' title='bbox 3177 4386 3456 4442; x_wconf 90' lang='lat' dir='ltr'><strong>nonnulla</strong></span> <span class='ocrx_word' id='word_1_547' title='bbox 3485 4385 3732 4450; x_wconf 89' lang='lat' dir='ltr'><strong>decreta,</strong></span> <span class='ocrx_word' id='word_1_548' title='bbox 3778 4390 3838 4438; x_wconf 90' lang='lat' dir='ltr'><strong>et</strong></span> 
     </span>
    </p>
   </div>
   <div class='ocr_carea' id='block_1_80' title="bbox 2174 4473 3838 4547">
    <p class='ocr_par' dir='ltr' id='par_1_80' title="bbox 2174 4473 3838 4547">
     <span class='ocr_line' id='line_1_80' title="bbox 2174 4473 3838 4547; baseline -0.007 -11"><span class='ocrx_word' id='word_1_549' title='bbox 2174 4481 2334 4547; x_wconf 80' lang='lat' dir='ltr'><strong>gesta</strong></span> <span class='ocrx_word' id='word_1_550' title='bbox 2369 4473 2724 4544; x_wconf 86' lang='lat' dir='ltr'><strong>pontiﬁcum,</strong></span> <span class='ocrx_word' id='word_1_551' title='bbox 2755 4475 2981 4545; x_wconf 88' lang='lat' dir='ltr'><strong>aliquot</strong></span> <span class='ocrx_word' id='word_1_552' title='bbox 3006 4475 3178 4531; x_wconf 92' lang='lat' dir='ltr'><strong>etiam</strong></span> <span class='ocrx_word' id='word_1_553' title='bbox 3210 4489 3402 4531; x_wconf 90' lang='lat' dir='ltr'><strong>sacras</strong></span> <span class='ocrx_word' id='word_1_554' title='bbox 3433 4473 3838 4532; x_wconf 86' lang='lat' dir='ltr'><strong>ordinationes</strong></span> 
     </span>
    </p>
   </div>
   <div class='ocr_carea' id='block_1_81' title="bbox 2179 4562 3836 4636">
    <p class='ocr_par' dir='ltr' id='par_1_81' title="bbox 2179 4562 3836 4636">
     <span class='ocr_line' id='line_1_81' title="bbox 2179 4562 3836 4636; baseline -0.004 -15"><span class='ocrx_word' id='word_1_555' title='bbox 2179 4569 2236 4621; x_wconf 92' lang='lat' dir='ltr'><strong>et</strong></span> <span class='ocrx_word' id='word_1_556' title='bbox 2265 4570 2590 4621; x_wconf 89' lang='lat' dir='ltr'><strong>consuetam</strong></span> <span class='ocrx_word' id='word_1_557' title='bbox 2626 4564 3055 4636; x_wconf 87' lang='lat' dir='ltr'><strong>chronologiam</strong></span> <span class='ocrx_word' id='word_1_558' title='bbox 3097 4578 3400 4635; x_wconf 91' lang='lat' dir='ltr'><strong>annorum,</strong></span> <span class='ocrx_word' id='word_1_559' title='bbox 3453 4562 3739 4618; x_wconf 90' lang='lat' dir='ltr'><strong>mensium</strong></span> <span class='ocrx_word' id='word_1_560' title='bbox 3765 4574 3836 4615; x_wconf 88' lang='lat' dir='ltr'><strong>ac</strong></span> 
     </span>
    </p>
   </div>
   <div class='ocr_carea' id='block_1_82' title="bbox 2176 4653 3833 4724">
    <p class='ocr_par' dir='ltr' id='par_1_82' title="bbox 2176 4653 3833 4724">
     <span class='ocr_line' id='line_1_82' title="bbox 2176 4653 3833 4724; baseline -0.004 -14"><span class='ocrx_word' id='word_1_561' title='bbox 2176 4653 2400 4710; x_wconf 93' lang='lat' dir='ltr'><strong>dierum</strong></span> <span class='ocrx_word' id='word_1_562' title='bbox 2423 4654 2576 4709; x_wconf 91' lang='lat' dir='ltr'><strong>sedis</strong></span> <span class='ocrx_word' id='word_1_563' title='bbox 2597 4653 2912 4723; x_wconf 91' lang='lat' dir='ltr'><strong>unicuique</strong></span> <span class='ocrx_word' id='word_1_564' title='bbox 2936 4653 3307 4724; x_wconf 90' lang='lat' dir='ltr'><strong>tributorum,</strong></span> <span class='ocrx_word' id='word_1_565' title='bbox 3334 4653 3550 4709; x_wconf 90' lang='lat' dir='ltr'><strong>indicet</strong></span> <span class='ocrx_word' id='word_1_566' title='bbox 3573 4656 3833 4719; x_wconf 89' lang='lat' dir='ltr'><strong>tempora</strong></span> 
     </span>
    </p>
   </div>
   <div class='ocr_carea' id='block_1_83' title="bbox 2176 4739 3836 4813">
    <p class='ocr_par' dir='ltr' id='par_1_83' title="bbox 2176 4739 3836 4813">
     <span class='ocr_line' id='line_1_83' title="bbox 2176 4739 3836 4813; baseline -0.002 -15"><span class='ocrx_word' id='word_1_567' title='bbox 2176 4743 2493 4799; x_wconf 87' lang='lat' dir='ltr'><strong>vacationis</strong></span> <span class='ocrx_word' id='word_1_568' title='bbox 2522 4742 2695 4810; x_wconf 88' lang='lat' dir='ltr'><strong>sedis,</strong></span> <span class='ocrx_word' id='word_1_569' title='bbox 2721 4741 2859 4805; x_wconf 82' lang='lat' dir='ltr'><strong>sive,</strong></span> <span class='ocrx_word' id='word_1_570' title='bbox 2886 4748 2949 4798; x_wconf 89' lang='lat' dir='ltr'><strong>ut</strong></span> <span class='ocrx_word' id='word_1_571' title='bbox 2978 4743 3227 4813; x_wconf 85' lang='lat' dir='ltr'><strong>exprimi</strong></span> <span class='ocrx_word' id='word_1_572' title='bbox 3260 4743 3408 4799; x_wconf 86' lang='lat' dir='ltr'><strong>solet</strong></span> <span class='ocrx_word' id='word_1_573' title='bbox 3435 4742 3529 4797; x_wconf 90' lang='lat' dir='ltr'><strong>his</strong></span> <span class='ocrx_word' id='word_1_574' title='bbox 3565 4740 3623 4795; x_wconf 91' lang='lat' dir='ltr'><strong>in</strong></span> <span class='ocrx_word' id='word_1_575' title='bbox 3653 4739 3836 4795; x_wconf 85' lang='lat' dir='ltr'><strong>Cata—</strong></span> 
     </span>
    </p>
   </div>
   <div class='ocr_carea' id='block_1_84' title="bbox 2178 4829 3836 4904">
    <p class='ocr_par' dir='ltr' id='par_1_84' title="bbox 2178 4829 3836 4904">
     <span class='ocr_line' id='line_1_84' title="bbox 2178 4829 3836 4904; baseline -0.002 -18"><span class='ocrx_word' id='word_1_576' title='bbox 2178 4831 2346 4904; x_wconf 87' lang='lat' dir='ltr'><strong>logis,</strong></span> <span class='ocrx_word' id='word_1_577' title='bbox 2372 4832 2585 4902; x_wconf 91' lang='lat' dir='ltr'><strong>quibus</strong></span> <span class='ocrx_word' id='word_1_578' title='bbox 2619 4831 2864 4887; x_wconf 88' lang='lat' dir='ltr'><strong>cessavit</strong></span> <span class='ocrx_word' id='word_1_579' title='bbox 2891 4832 3282 4901; x_wconf 89' lang='lat' dir='ltr'><strong>episcopatus.</strong></span> <span class='ocrx_word' id='word_1_580' title='bbox 3318 4832 3474 4887; x_wconf 90' lang='lat' dir='ltr'><strong>Licet</strong></span> <span class='ocrx_word' id='word_1_581' title='bbox 3498 4830 3651 4885; x_wconf 88' lang='lat' dir='ltr'><strong>enim</strong></span> <span class='ocrx_word' id='word_1_582' title='bbox 3678 4829 3836 4883; x_wconf 88' lang='lat' dir='ltr'><strong>inter</strong></span> 
     </span>
    </p>
   </div>
   <div class='ocr_carea' id='block_1_85' title="bbox 2180 4917 3833 4991">
    <p class='ocr_par' dir='ltr' id='par_1_85' title="bbox 2180 4917 3833 4991">
     <span class='ocr_line' id='line_1_85' title="bbox 2180 4917 3833 4991; baseline -0.002 -15"><span class='ocrx_word' id='word_1_583' title='bbox 2180 4921 2458 4991; x_wconf 87' lang='lat' dir='ltr'><strong>pontiﬁcii</strong></span> <span class='ocrx_word' id='word_1_584' title='bbox 2481 4928 2752 4991; x_wconf 88' lang='lat' dir='ltr'><strong>tempora,</strong></span> <span class='ocrx_word' id='word_1_585' title='bbox 2779 4936 2878 4976; x_wconf 92' lang='lat' dir='ltr'><strong>seu</strong></span> <span class='ocrx_word' id='word_1_586' title='bbox 2891 4920 3212 4977; x_wconf 89' lang='lat' dir='ltr'><strong>vacationis</strong></span> <span class='ocrx_word' id='word_1_587' title='bbox 3224 4921 3398 4987; x_wconf 87' lang='lat' dir='ltr'><strong>sedis,</strong></span> <span class='ocrx_word' id='word_1_588' title='bbox 3418 4932 3528 4975; x_wconf 92' lang='lat' dir='ltr'><strong>non</strong></span> <span class='ocrx_word' id='word_1_589' title='bbox 3554 4918 3634 4974; x_wconf 91' lang='lat' dir='ltr'><strong>ita</strong></span> <span class='ocrx_word' id='word_1_590' title='bbox 3650 4917 3833 4973; x_wconf 88' lang='lat' dir='ltr'><strong>certis</strong></span> 
     </span>
    </p>
   </div>
   <div class='ocr_carea' id='block_1_86' title="bbox 2180 5007 3836 5073">
    <p class='ocr_par' dir='ltr' id='par_1_86' title="bbox 2180 5007 3836 5073">
     <span class='ocr_line' id='line_1_86' title="bbox 2180 5007 3836 5073; baseline -0.002 -7"><span class='ocrx_word' id='word_1_591' title='bbox 2180 5010 2539 5066; x_wconf 90' lang='lat' dir='ltr'><strong>documentis</strong></span> <span class='ocrx_word' id='word_1_592' title='bbox 2583 5014 2787 5066; x_wconf 89' lang='lat' dir='ltr'><strong>testata</strong></span> <span class='ocrx_word' id='word_1_593' title='bbox 2817 5011 2956 5073; x_wconf 91' lang='lat' dir='ltr'><strong>sint,</strong></span> <span class='ocrx_word' id='word_1_594' title='bbox 2987 5016 3051 5066; x_wconf 92' lang='lat' dir='ltr'><strong>ut</strong></span> <span class='ocrx_word' id='word_1_595' title='bbox 3078 5010 3347 5066; x_wconf 86' lang='lat' dir='ltr'><strong>dubitare</strong></span> <span class='ocrx_word' id='word_1_596' title='bbox 3391 5022 3502 5065; x_wconf 92' lang='lat' dir='ltr'><strong>non</strong></span> <span class='ocrx_word' id='word_1_597' title='bbox 3531 5007 3704 5063; x_wconf 90' lang='lat' dir='ltr'><strong>semel</strong></span> <span class='ocrx_word' id='word_1_598' title='bbox 3738 5007 3836 5063; x_wconf 88' lang='lat' dir='ltr'><strong>si—</strong></span> 
     </span>
    </p>
   </div>
   <div class='ocr_carea' id='block_1_87' title="bbox 2183 5097 3830 5170">
    <p class='ocr_par' dir='ltr' id='par_1_87' title="bbox 2183 5097 3830 5170">
     <span class='ocr_line' id='line_1_87' title="bbox 2183 5097 3830 5170; baseline -0.001 -16"><span class='ocrx_word' id='word_1_599' title='bbox 2183 5107 2340 5170; x_wconf 91' lang='lat' dir='ltr'><strong>nant,</strong></span> <span class='ocrx_word' id='word_1_600' title='bbox 2380 5101 2436 5155; x_wconf 91' lang='lat' dir='ltr'><strong>id</strong></span> <span class='ocrx_word' id='word_1_601' title='bbox 2479 5104 2703 5169; x_wconf 91' lang='lat' dir='ltr'><strong>tempus</strong></span> <span class='ocrx_word' id='word_1_602' title='bbox 2743 5113 2843 5170; x_wconf 88' lang='lat' dir='ltr'><strong>pro</strong></span> <span class='ocrx_word' id='word_1_603' title='bbox 2882 5100 3041 5156; x_wconf 89' lang='lat' dir='ltr'><strong>vario</strong></span> <span class='ocrx_word' id='word_1_604' title='bbox 3082 5099 3512 5155; x_wconf 88' lang='lat' dir='ltr'><strong>numerantium</strong></span> <span class='ocrx_word' id='word_1_605' title='bbox 3556 5097 3830 5160; x_wconf 88' lang='lat' dir='ltr'><strong>arbitrio,</strong></span> 
     </span>
    </p>
   </div>
   <div class='ocr_carea' id='block_1_88' title="bbox 2180 5186 3838 5262">
    <p class='ocr_par' dir='ltr' id='par_1_88' title="bbox 2180 5186 3838 5262">
     <span class='ocr_line' id='line_1_88' title="bbox 2180 5186 3838 5262; baseline -0.002 -17"><span class='ocrx_word' id='word_1_606' title='bbox 2180 5189 2490 5262; x_wconf 90' lang='lat' dir='ltr'><strong>aliquando</strong></span> <span class='ocrx_word' id='word_1_607' title='bbox 2520 5189 2772 5244; x_wconf 89' lang='lat' dir='ltr'><strong>inchoati</strong></span> <span class='ocrx_word' id='word_1_608' title='bbox 2805 5203 2838 5252; x_wconf 83' lang='lat' dir='ltr'><strong>a</strong></span> <span class='ocrx_word' id='word_1_609' title='bbox 2865 5189 2960 5245; x_wconf 91' lang='lat' dir='ltr'><strong>die</strong></span> <span class='ocrx_word' id='word_1_610' title='bbox 2980 5188 3298 5246; x_wconf 87' lang='lat' dir='ltr'><strong>decessoris</strong></span> <span class='ocrx_word' id='word_1_611' title='bbox 3336 5186 3663 5253; x_wconf 87' lang='lat' dir='ltr'><strong>emortuali,</strong></span> <span class='ocrx_word' id='word_1_612' title='bbox 3707 5186 3838 5242; x_wconf 88' lang='lat' dir='ltr'><strong>ali—</strong></span> 
     </span>
    </p>
   </div>
   <div class='ocr_carea' id='block_1_89' title="bbox 2179 5274 3836 5350">
    <p class='ocr_par' dir='ltr' id='par_1_89' title="bbox 2179 5274 3836 5350">
     <span class='ocr_line' id='line_1_89' title="bbox 2179 5274 3836 5350; baseline -0.004 -15"><span class='ocrx_word' id='word_1_613' title='bbox 2179 5279 2406 5350; x_wconf 87' lang='lat' dir='ltr'><strong>quando</strong></span> <span class='ocrx_word' id='word_1_614' title='bbox 2437 5292 2467 5333; x_wconf 94' lang='lat' dir='ltr'><strong>a</strong></span> <span class='ocrx_word' id='word_1_615' title='bbox 2489 5278 2868 5348; x_wconf 90' lang='lat' dir='ltr'><strong>depositione,</strong></span> <span class='ocrx_word' id='word_1_616' title='bbox 2896 5286 2952 5332; x_wconf 92' lang='lat' dir='ltr'><strong>et</strong></span> <span class='ocrx_word' id='word_1_617' title='bbox 2978 5277 3235 5347; x_wconf 89' lang='lat' dir='ltr'><strong>protrahi</strong></span> <span class='ocrx_word' id='word_1_618' title='bbox 3270 5290 3426 5332; x_wconf 90' lang='lat' dir='ltr'><strong>nunc</strong></span> <span class='ocrx_word' id='word_1_619' title='bbox 3443 5275 3511 5330; x_wconf 87' lang='lat' dir='ltr'><strong>ad</strong></span> <span class='ocrx_word' id='word_1_620' title='bbox 3536 5275 3690 5330; x_wconf 89' lang='lat' dir='ltr'><strong>diem</strong></span> <span class='ocrx_word' id='word_1_621' title='bbox 3723 5274 3836 5330; x_wconf 91' lang='lat' dir='ltr'><strong>ele-</strong></span> 
     </span>
    </p>
   </div>
   <div class='ocr_carea' id='block_1_90' title="bbox 2176 5365 3834 5433">
    <p class='ocr_par' dir='ltr' id='par_1_90' title="bbox 2176 5365 3834 5433">
     <span class='ocr_line' id='line_1_90' title="bbox 2176 5365 3834 5433; baseline -0.001 -9"><span class='ocrx_word' id='word_1_622' title='bbox 2176 5369 2406 5433; x_wconf 88' lang='lat' dir='ltr'><strong>ctionis,</strong></span> <span class='ocrx_word' id='word_1_623' title='bbox 2423 5381 2576 5423; x_wconf 91' lang='lat' dir='ltr'><strong>nunc</strong></span> <span class='ocrx_word' id='word_1_624' title='bbox 2593 5368 2660 5422; x_wconf 90' lang='lat' dir='ltr'><strong>ad</strong></span> <span class='ocrx_word' id='word_1_625' title='bbox 2679 5366 3122 5429; x_wconf 78' lang='lat' dir='ltr'><strong>ordinationem,</strong></span> <span class='ocrx_word' id='word_1_626' title='bbox 3144 5370 3200 5422; x_wconf 90' lang='lat' dir='ltr'><strong>et</strong></span> <span class='ocrx_word' id='word_1_627' title='bbox 3217 5365 3517 5422; x_wconf 89' lang='lat' dir='ltr'><strong>occasione</strong></span> <span class='ocrx_word' id='word_1_628' title='bbox 3547 5365 3834 5423; x_wconf 85' lang='lat' dir='ltr'><strong>schisma-</strong></span> 
     </span>
    </p>
   </div>
   <div class='ocr_carea' id='block_1_91' title="bbox 416 5448 3833 5525">
    <p class='ocr_par' dir='ltr' id='par_1_91' title="bbox 416 5448 3833 5525">
     <span class='ocr_line' id='line_1_91' title="bbox 416 5448 3833 5525; baseline 0.001 -20"><span class='ocrx_word' id='word_1_629' title='bbox 416 5468 514 5524; x_wconf 84' lang='lat' dir='ltr'><strong>per</strong></span> <span class='ocrx_word' id='word_1_630' title='bbox 545 5466 666 5508; x_wconf 90' lang='lat' dir='ltr'><strong>eam</strong></span> <span class='ocrx_word' id='word_1_631' title='bbox 687 5456 904 5507; x_wconf 65' lang='lat' dir='ltr'><strong>aztatem</strong></span> <span class='ocrx_word' id='word_1_632' title='bbox 927 5463 1053 5520; x_wconf 63' lang='lat' dir='ltr'><strong>quae</strong></span> <span class='ocrx_word' id='word_1_633' title='bbox 1074 5449 1390 5504; x_wconf 89' lang='lat' dir='ltr'><strong>abundaret</strong></span> <span class='ocrx_word' id='word_1_634' title='bbox 1418 5448 1784 5522; x_wconf 88' lang='lat' dir='ltr'><strong>chronologis</strong></span> <span class='ocrx_word' id='word_1_635' title='bbox 1806 5453 2065 5510; x_wconf 88' lang='lat' dir='ltr'><strong>exactio—</strong></span> <span class='ocrx_word' id='word_1_636' title='bbox 2095 5455 2148 5517; x_wconf 93' lang='lat' dir='ltr'>D</span> <span class='ocrx_word' id='word_1_637' title='bbox 2177 5464 2292 5514; x_wconf 90' lang='lat' dir='ltr'><strong>tum</strong></span> <span class='ocrx_word' id='word_1_638' title='bbox 2334 5462 2434 5512; x_wconf 87' lang='lat' dir='ltr'><strong>aut</strong></span> <span class='ocrx_word' id='word_1_639' title='bbox 2465 5455 2924 5525; x_wconf 89' lang='lat' dir='ltr'><strong>persecutionum</strong></span> <span class='ocrx_word' id='word_1_640' title='bbox 2955 5455 3338 5512; x_wconf 88' lang='lat' dir='ltr'><strong>diversimode</strong></span> <span class='ocrx_word' id='word_1_641' title='bbox 3371 5454 3733 5524; x_wconf 89' lang='lat' dir='ltr'><strong>interpolari,</strong></span> <span class='ocrx_word' id='word_1_642' title='bbox 3765 5459 3833 5510; x_wconf 91' lang='lat' dir='ltr'><strong>ut</strong></span> 
     </span>
    </p>
   </div>
   <div class='ocr_carea' id='block_1_92' title="bbox 417 5537 2060 5612">
    <p class='ocr_par' dir='ltr' id='par_1_92' title="bbox 417 5537 2060 5612">
     <span class='ocr_line' id='line_1_92' title="bbox 417 5537 2060 5612; baseline 0.004 -16"><span class='ocrx_word' id='word_1_643' title='bbox 417 5540 579 5596; x_wconf 91' lang='lat' dir='ltr'><strong>ribus</strong></span> <span class='ocrx_word' id='word_1_644' title='bbox 611 5560 624 5596; x_wconf 86' lang='lat'><strong>:</strong></span> <span class='ocrx_word' id='word_1_645' title='bbox 651 5540 910 5611; x_wconf 87' lang='lat' dir='ltr'><strong>qualium</strong></span> <span class='ocrx_word' id='word_1_646' title='bbox 950 5537 1192 5610; x_wconf 87' lang='lat' dir='ltr'><strong>vestigia</strong></span> <span class='ocrx_word' id='word_1_647' title='bbox 1231 5537 1375 5592; x_wconf 85' lang='lat' dir='ltr'><strong>satis</strong></span> <span class='ocrx_word' id='word_1_648' title='bbox 1415 5538 1634 5612; x_wconf 90' lang='lat' dir='ltr'><strong>integra</strong></span> <span class='ocrx_word' id='word_1_649' title='bbox 1675 5539 1954 5612; x_wconf 87' lang='lat' dir='ltr'><strong>proferam</strong></span> <span class='ocrx_word' id='word_1_650' title='bbox 1993 5559 2060 5603; x_wconf 82' lang='lat' dir='ltr'><strong>ex</strong></span> 
     </span>
    </p>
   </div>
   <div class='ocr_carea' id='block_1_93' title="bbox 416 5628 2056 5704">
    <p class='ocr_par' dir='ltr' id='par_1_93' title="bbox 416 5628 2056 5704">
     <span class='ocr_line' id='line_1_93' title="bbox 416 5628 2056 5704; baseline 0.002 -18"><span class='ocrx_word' id='word_1_651' title='bbox 416 5629 718 5702; x_wconf 89' lang='lat' dir='ltr'><strong>parietinis</strong></span> <span class='ocrx_word' id='word_1_652' title='bbox 743 5629 1115 5686; x_wconf 90' lang='lat' dir='ltr'><strong>ecclesiarum</strong></span> <span class='ocrx_word' id='word_1_653' title='bbox 1149 5628 1642 5699; x_wconf 87' lang='lat' dir='ltr'><strong>patriarchalium,</strong></span> <span class='ocrx_word' id='word_1_654' title='bbox 1663 5634 1979 5704; x_wconf 58' lang='lat' dir='ltr'><strong>praesertim</strong></span> <span class='ocrx_word' id='word_1_655' title='bbox 1999 5635 2056 5690; x_wconf 92' lang='lat' dir='ltr'><strong>S.</strong></span> 
     </span>
    </p>
   </div>
   <div class='ocr_carea' id='block_1_94' title="bbox 412 5719 2052 5794">
    <p class='ocr_par' dir='ltr' id='par_1_94' title="bbox 412 5719 2052 5794">
     <span class='ocr_line' id='line_1_94' title="bbox 412 5719 2052 5794; baseline 0.001 -16"><span class='ocrx_word' id='word_1_656' title='bbox 412 5719 576 5778; x_wconf 90' lang='lat' dir='ltr'><strong>Pauli</strong></span> <span class='ocrx_word' id='word_1_657' title='bbox 605 5720 698 5776; x_wconf 89' lang='lat' dir='ltr'><strong>via</strong></span> <span class='ocrx_word' id='word_1_658' title='bbox 733 5719 1008 5777; x_wconf 88' lang='lat' dir='ltr'><strong>Ostiensi.</strong></span> <span class='ocrx_word' id='word_1_659' title='bbox 1038 5719 1482 5792; x_wconf 83' lang='lat' dir='ltr'><strong>Antiquissimis</strong></span> <span class='ocrx_word' id='word_1_660' title='bbox 1523 5723 1718 5794; x_wconf 87' lang='lat' dir='ltr'><strong>itaque</strong></span> <span class='ocrx_word' id='word_1_661' title='bbox 1751 5723 2052 5781; x_wconf 89' lang='lat' dir='ltr'><strong>codicibus</strong></span> 
     </span>
    </p>
   </div>
   <div class='ocr_carea' id='block_1_95' title="bbox 2171 5542 3837 5616">
    <p class='ocr_par' dir='ltr' id='par_1_95' title="bbox 2171 5542 3837 5616">
     <span class='ocr_line' id='line_1_95' title="bbox 2171 5542 3837 5616; baseline -0.003 -14"><span class='ocrx_word' id='word_1_662' title='bbox 2171 5547 2297 5602; x_wconf 92' lang='lat' dir='ltr'><strong>suis</strong></span> <span class='ocrx_word' id='word_1_663' title='bbox 2311 5545 2452 5602; x_wconf 92' lang='lat' dir='ltr'><strong>locis</strong></span> <span class='ocrx_word' id='word_1_664' title='bbox 2465 5542 2808 5616; x_wconf 84' lang='lat' dir='ltr'><strong>singillatim</strong></span> <span class='ocrx_word' id='word_1_665' title='bbox 2822 5543 3110 5601; x_wconf 87' lang='lat' dir='ltr'><strong>constabit</strong></span> <span class='ocrx_word' id='word_1_666' title='bbox 3123 5563 3138 5615; x_wconf 87' lang='lat'><strong>;</strong></span> <span class='ocrx_word' id='word_1_667' title='bbox 3151 5550 3401 5602; x_wconf 89' lang='lat' dir='ltr'><strong>attamen</strong></span> <span class='ocrx_word' id='word_1_668' title='bbox 3417 5558 3486 5600; x_wconf 89' lang='lat' dir='ltr'><strong>ne</strong></span> <span class='ocrx_word' id='word_1_669' title='bbox 3498 5543 3675 5600; x_wconf 88' lang='lat' dir='ltr'><strong>hacin</strong></span> <span class='ocrx_word' id='word_1_670' title='bbox 3703 5556 3837 5614; x_wconf 87' lang='lat' dir='ltr'><strong>par-</strong></span> 
     </span>
    </p>
   </div>
   <div class='ocr_carea' id='block_1_96' title="bbox 2168 5631 3832 5698">
    <p class='ocr_par' dir='ltr' id='par_1_96' title="bbox 2168 5631 3832 5698">
     <span class='ocr_line' id='line_1_96' title="bbox 2168 5631 3832 5698; baseline -0.002 -7"><span class='ocrx_word' id='word_1_671' title='bbox 2168 5633 2557 5692; x_wconf 90' lang='lat' dir='ltr'><strong>tefraudarem</strong></span> <span class='ocrx_word' id='word_1_672' title='bbox 2576 5636 2794 5690; x_wconf 82' lang='lat' dir='ltr'><strong>textum</strong></span> <span class='ocrx_word' id='word_1_673' title='bbox 2812 5631 3254 5692; x_wconf 82' lang='lat' dir='ltr'><strong>Anastasianum</strong></span> <span class='ocrx_word' id='word_1_674' title='bbox 3280 5647 3345 5690; x_wconf 88' lang='lat' dir='ltr'><strong>ea</strong></span> <span class='ocrx_word' id='word_1_675' title='bbox 3374 5633 3497 5692; x_wconf 82' lang='lat' dir='ltr'><strong>sive</strong></span> <span class='ocrx_word' id='word_1_676' title='bbox 3520 5633 3666 5698; x_wconf 91' lang='lat' dir='ltr'><strong>luce,</strong></span> <span class='ocrx_word' id='word_1_677' title='bbox 3701 5633 3832 5688; x_wconf 84' lang='lat' dir='ltr'><strong>sive</strong></span> 
     </span>
    </p>
   </div>
   <div class='ocr_carea' id='block_1_97' title="bbox 2166 5721 3826 5798">
    <p class='ocr_par' dir='ltr' id='par_1_97' title="bbox 2166 5721 3826 5798">
     <span class='ocr_line' id='line_1_97' title="bbox 2166 5721 3826 5798; baseline -0.001 -18"><span class='ocrx_word' id='word_1_678' title='bbox 2166 5723 2595 5798; x_wconf 86' lang='lat' dir='ltr'><strong>suﬁ&#39;ragatione,</strong></span> <span class='ocrx_word' id='word_1_679' title='bbox 2618 5723 3057 5797; x_wconf 84' lang='lat' dir='ltr'><strong>quamCatalogi</strong></span> <span class='ocrx_word' id='word_1_680' title='bbox 3078 5731 3348 5796; x_wconf 70' lang='lat' dir='ltr'><strong>praestare</strong></span> <span class='ocrx_word' id='word_1_681' title='bbox 3362 5726 3606 5796; x_wconf 89' lang='lat' dir='ltr'><strong>possunt</strong></span> <span class='ocrx_word' id='word_1_682' title='bbox 3624 5721 3826 5779; x_wconf 84' lang='lat' dir='ltr'><strong>histo-</strong></span> 
     </span>
    </p>
   </div>
  </div>
