4060 6176
217 267 244 326 4
255 269 321 330 49

1297 271 1502 330 ΝΟΤΕ
1538 269 1633 331 ΑΙ)
1670 271 2073 334 CATALOGOS
2106 275 2548 335 SUPERIORES.

3517 285 3623 350 450

215 400 332 468 riae,
351 396 596 455 tertium
614 395 1230 456 huncaSchelestratio
1251 400 1521 457 mutuand
1533 414 1623 456 um
1644 401 1858 470 putavi.
1891 386 1950 448 A
1979 415 2104 459 nem
2129 403 2188 458 in
2209 403 2483 462 ductibus
2509 403 2832 465 litterarum
2856 412 2910 466 et
2935 411 3206 482 graphica
3234 411 3622 473 delineatione

281 492 440 546 Duos
481 502 612 545 vero
651 494 718 545 ut
758 489 1020 544 adderem
1062 503 1096 545 a
1127 489 1460 546 Mabillonio
1498 489 1768 546 collectos
1797 505 1866 546 ex

211 578 632 636 vetustissimis
653 577 954 634 codicibus
978 577 1342 634 bibliotheca
1365 579 1726 635 Corbeiensis
1748 595 1868 638 cce-

211 669 371 726 nobii
404 668 601 739 plures
634 682 723 723 me
751 682 938 723 causa:
972 667 1346 738 impulerunt.
1383 669 1569 726 Prima
1590 675 1676 725 est
1705 671 1865 726 anti—

210 760 404 830 quitas
437 757 726 825 codicum,
760 771 876 828 quo
907 757 1138 813 nomine
1170 763 1288 813 tum
1317 759 1526 814 editori
1561 759 1641 815 rei
1668 760 1866 830 diplo-

214 848 437 903 maticze
463 846 923 914 consultissimo,
948 852 1070 902 tum
1097 847 1350 903 eruditis
1370 848 1640 904 omnibus
1661 863 1867 923 magno

210 938 271 993 iu
303 937 490 1007 pretio
525 935 847 1004 habentur;
875 950 1004 991 cum
1035 936 1335 1007 Catalogus
1368 939 1544 1010 prior,
1578 940 1647 995 ad
1680 955 1867 997 sarcu—

207 1028 326 1084 lum
349 1032 579 1084 sextum
597 1027 675 1082 sit
697 1025 1050 1096 referendus,
1077 1026 1159 1082 uti
1181 1041 1248 1082 ex
1270 1027 1523 1098 ejusdem
1542 1029 1864 1087 Mabillonii

207 1119 362 1174 uotis
398 1115 726 1172 iudicabam
758 1116 815 1171 in
842 1114 1172 1186 praefatione
1202 1130 1359 1172 num.
1387 1115 1438 1185 4,
1471 1120 1753 1188 posterior
1771 1134 1867 1176 au-

207 1214 318 1264 tem
350 1207 662 1278 Catalogus
706 1206 863 1261 circa
898 1205 1060 1260 tinem
1105 1206 1336 1276 septimi
1382 1208 1577 1264 surculi
1611 1211 1865 1280 scriptus

202 1302 576 1368 agnoscatur.
607 1295 782 1351 istius
809 1295 1109 1363 scriptura:
1131 1295 1414 1364 specimen
1441 1297 1577 1352 dum
1604 1303 1866 1356 contem—

204 1385 401 1458 plarer
433 1386 491 1440 in
526 1385 625 1439 Rei
657 1383 1052 1453 Diplomaticaa
1084 1383 1186 1440 lib.
1219 1399 1272 1453 v,
1308 1384 1420 1439 tab.
1455 1383 1510 1456 8,
1543 1400 1699 1442 num.
1734 1387 1787 1458 5,
1811 1393 1866 1445 et

206 1490 323 1546 pra:
343 1473 615 1530 manibus
639 1472 902 1528 haberem
925 1473 1242 1542 exemplum
1263 1475 1330 1530 ad
1359 1489 1444 1530 me
1460 1478 1863 1535 transmissum

201 1565 277 1620 ab
304 1563 716 1620 illustrissimo
740 1563 861 1617 viro
882 1563 1156 1619 Mauritio
1181 1564 1510 1620 marchione
1529 1566 1598 1621 de
1619 1567 1865 1639 Sanctis,

203 1655 522 1724 scripturae
550 1652 774 1709 codicis
806 1651 1138 1707 Farnesiani
1170 1651 1329 1707 Vitas
1362 1655 1698 1722 pontiﬁcum
1729 1657 1873 1714 Ana-

1980 493 2285 564 utriusque
2328 495 2678 553 characteris
2706 499 2773 554 ad
2807 500 3243 572 archetyporum
3278 503 3441 559 ﬁdem
3473 506 3622 562 dili—

1977 587 2173 652 genter
2196 585 2401 652 exacti,
2428 589 2492 642 ut
2514 588 2669 658 paris
2689 589 3061 660 antiquitatis
3085 592 3366 649 indicium
3391 593 3623 650 utrobi-

1978 685 2086 742 que
2107 686 2378 743 apparere
2405 689 2515 732 non
2537 677 2942 735 dubitaverim.
2965 680 3158 738 Altera
3181 683 3362 754 igitur
3382 684 3500 739 haec
3521 697 3622 739 ra—

1976 760 2058 816 tio
2079 759 2192 818 fuit
2217 763 2461 820 addendi
2492 765 2666 835 hujus
2693 769 2927 824 secundi
2951 771 3202 842 Catalogi
3234 771 3618 844 Corbeiensis,

1975 863 2085 906 non
2107 853 2273 909 modo
2289 854 2356 909 ad
2377 855 2804 928 chronologiam
2829 860 3162 928 pontiﬁcum
3190 861 3614 929 illustrandam,

1973 940 2070 995 sed
2111 943 2282 997 etiam
2328 944 2395 998 ad
2441 947 2799 1002 asserendam
2845 954 3064 1005 :etatem
3107 950 3327 1006 codicis
3369 949 3623 1006 Anasta-

1973 1029 2147 1100 siani,
2167 1032 2423 1088 omnium
2446 1035 2843 1105 antiquissimi
2864 1037 3346 1109 habendijudicio
3363 1040 3617 1096 virorum

1976 1117 2081 1175 hac
2115 1120 2172 1175 in
2196 1126 2316 1177 arte
2338 1126 2754 1196 praestantium,
2789 1126 3093 1198 Holstenii,
3121 1129 3535 1198 Schelestratii,
3565 1134 3620 1186 et

1973 1209 2318 1267 Mabillonii.
2350 1212 2500 1281 Quin
2532 1215 2701 1270 etiam
2737 1221 2797 1271 ut
2821 1217 2997 1286 judex
3024 1231 3147 1274 esse
3179 1220 3360 1290 possit
3390 1221 3620 1277 utrius-

1975 1313 2085 1371 que
2116 1303 2418 1357 vetustatis
2449 1304 2718 1374 quisquis
2751 1320 2865 1362 rem
2899 1307 3329 1377 diplomaticam
3360 1315 3416 1366 et
3440 1315 3616 1367 artem

1975 1389 2443 1462 calligraphicam
2475 1393 2708 1463 excolit,
2745 1395 3053 1466 utriusque
3081 1398 3301 1454 codicis
3330 1400 3615 1469 specimen

1978 1478 2074 1534 hic
2107 1479 2470 1536 inserendum
2503 1483 2720 1538 curavi.
2746 1484 2956 1540 Habeat
2989 1486 3183 1558 itaque
3209 1488 3388 1544 lector
3416 1502 3483 1544 ex
3513 1490 3620 1545 Ma-

1977 1567 2298 1624 billoniano
2345 1571 2600 1641 exemplo
2649 1573 2936 1642 specimen
2986 1577 3334 1635 characteris
3378 1580 3618 1637 secundi

1976 1658 2230 1730 Catalogi
2259 1659 2620 1717 Corbeiensis
2661 1664 2727 1718 ad
2761 1665 3065 1736 septimum
3097 1668 3314 1724 Christi
3345 1673 3619 1728 saeculum

204 1745 504 1800 stasianas
530 1740 840 1812 complexi,
877 1744 1091 1797 tantam
1121 1741 1472 1811 deprehendi
1507 1743 1865 1802 similitudi-
1899 1727 1950 1787 Β
1978 1727 2340 1819 pertinentis,
2373 1751 2524 1820 quod
2556 1750 2668 1807 tale
2697 1757 2800 1808 est.

281 1920 564 1993 Specimen
590 1918 889 1990 Scriptura:
914 1918 1101 1974 seculi
1136 1919 1245 1976 VII
1270 1934 1338 1976 ea
1359 1919 1538 1977 codice
1557 1919 1888 1992 Regularum
1913 1921 2067 1980 Corb.
2095 1931 2159 1980 n°
2182 1921 2289 1982 630
2311 1925 2464 1996 apud
2492 1927 2757 1983 Mabillon
2786 1928 2854 1984 de
2872 1945 2931 1986 re
2951 1932 3099 2002 Dipl.
3126 1933 3223 1989 lib.
3252 1945 3308 1998 v,
3330 1949 3453 2005 cap.
3483 1931 3542 1991 8.

273 2122 1144 2310 Βοωικοαειιθ

1342 2182 1867 2306 ἐξειλεΝΟ

1977 2208 2079 2285 ιε
2093 2202 2240 2282 ue
2257 2159 2912 2311 Νε-τλλΒιῘηιτ
2928 2205 3093 2297 911
3109 2207 3166 2293 S
3190 2200 3350 2320 up
3370 2200 3538 2298 6R

281 2410 1240 2535 Ommatpnztereile
1259 2372 1867 2532 μὸοετριελς

1976 2362 2856 2496 υΙιτλ-ιιοικιεςοιθ
2875 2401 3508 2505 ΝδοΒεδιτιΞ

270 2552 3088 2750 ειεοορλρλθλυςυςνιίμουλιθκιτιωαεδθκυυδιυαθ
3111 2546 3500 2694 ΐσίιέιῖς

383 2921 538 2963 ,λιν-Ι
617 2921 650 2963 Ι
1080 2921 1150 2963 4
1392 2927 1484 2942 _

266 3353 624 3528 Linus
645 3353 1929 3501 δέδιτλιέιηυεκινςοεκεθ

552 3135 1275 3394 Jpc‘l‘ggcepis
1294 3225 1867 3342 κοαηυκω

1976 3140 2578 3308 reclcmw
2599 3149 2998 3298 CONON
3035 3135 3286 3324 ἧς)
3305 3146 3578 3273 εἶεκι

1976 3391 1979 3394 .
2087 3372 2203 3394 -κ
2268 3371 2525 3394 ᾼΑΑμ,
2615 3338 3114 3394 C’cmi-rnc
3170 3324 3525 3394 (-ka

1932 3387 2109 3485 δν
2143 3371 2546 3468 δρεκιι
2607 3338 3117 3512 Sengius
3164 3324 3525 3512 si}?!

274 3829 635 3898 Scripturam
687 3823 859 3882 istius
902 3822 1159 3896 Catalogi
1204 3821 1568 3879 Corbeiensis
1613 3821 1850 3878 secundi
1887 3829 1936 3893 α
1967 3835 2074 3892 pus
2103 3819 2320 3887 exarati
2347 3819 2569 3878 codicis
2595 3821 2945 3893 exprimitur
2968 3823 3026 3880 in
3051 3823 3162 3882 ﬁne
3183 3825 3308 3897 ejus
3335 3828 3511 3897 prout
3537 3824 3600 3881 hi

210 3917 562 3976 referendam
582 3929 708 3972 esse
724 3915 794 3971 ad
819 3913 983 3971 ﬁnem
1005 3913 1204 3970 seculi
1227 3912 1458 3983 septimi
1481 3910 1855 3968 Mabillonius
1966 3911 2198 3983 legitur,
2229 3925 2426 3982 nempe
2454 3913 2606 3983 apud
2624 3915 2928 3969 camubium
2951 3916 3273 3971 Lussovium
3296 3932 3442 3971 anno
3468 3916 3615 3970 duo-

206 4009 566 4063 demonstrat
604 4005 829 4074 duplici
871 4018 939 4060 ex
983 4017 1176 4059 causa.
1215 4003 1469 4058 Primum
1507 4015 1574 4058 ex
1606 4015 1672 4058 eo
1704 4001 1854 4072 quod
1969 4001 2170 4056 decimo
2223 4004 2366 4070 regis
2424 4002 2809 4067 Chlothacarii,
2861 4006 3162 4061 indictione
3213 4007 3610 4069 tertiadecima,

205 4098 433 4153 desinat
464 4096 526 4150 in
553 4096 766 4150 Joanne
795 4096 974 4164 sexto,
1007 4093 1108 4164 qui
1155 4105 1306 4149 anno
1331 4089 1430 4148 704
1468 4092 1660 4148 sedere
1689 4091 1864 4161 cmpit

208 4200 304 4257 per
329 4198 516 4242 annos
548 4189 680 4240 tres.
715 4183 898 4253 Hujus
927 4187 1116 4238 autem
1149 4180 1442 4252 pontiﬁcis
1474 4181 1612 4237 anni
1644 4195 1710 4237 ac
1743 4195 1842 4252 pro

205 4276 348 4334 ximi
389 4273 714 4330 decessoris
752 4272 937 4344 Sergii
979 4285 1091 4326 non
1133 4271 1253 4326 sint
1289 4270 1567 4344 expressi,
1609 4272 1705 4327 sed
1749 4276 1870 4326 tan-

207 4364 506 4422 tummodo
519 4363 883 4432 superiorum
899 4360 1254 4432 pontiﬁcum,
1277 4374 1520 4431 quorum
1543 4365 1863 4431 postremus

205 4454 399 4510 Conon
443 4451 662 4507 sedisse
693 4455 1040 4507 memoratur
1072 4448 1367 4505 mensibus
1397 4462 1456 4504 ιιι
1490 4450 1863 4506 numerandis

205 4559 274 4601 ex
302 4544 404 4600 die
433 4541 890 4598 consecrationis
918 4540 1172 4611 ejusdem
1203 4539 1503 4596 Dominica
1532 4537 1594 4596 24
1631 4539 1858 4597 Octobr.

206 4634 346 4689 anni
372 4630 498 4700 686,
529 4632 598 4687 ad
624 4628 686 4686 24
718 4631 868 4700 Sept.
898 4627 1023 4700 687,
1056 4631 1140 4686 uti
1168 4643 1274 4686 suo
1302 4629 1425 4687 loco
1444 4629 1704 4686 dicemus
1731 4644 1860 4686 cum

206 4721 538 4778 Anastasio.
560 4721 747 4790 Quare
769 4724 895 4790 post
914 4720 1133 4776 obitum
1153 4719 1403 4776 Cononis
1425 4719 1646 4776 vivente
1666 4719 1864 4790 Sergio

206 4813 469 4881 scriptus
489 4809 720 4866 videtur
743 4809 1066 4882 Catalogus,
1091 4809 1187 4865 cui
1211 4808 1459 4866 subinde
1480 4821 1682 4865 nomen
1703 4810 1868 4865 Joan-

207 4902 304 4959 nis
320 4900 678 4957 successoris
701 4899 990 4971 quispiam
1014 4899 1244 4969 adjecit.
1268 4900 1491 4955 Rursus
1512 4899 1867 4956 demonstrat

209 4989 585 5047 Mabillonius
623 4989 879 5045 eamdem
908 4993 1130 5045 aatatem
1164 5003 1288 5046 esse
1313 4988 1678 5046 tribuendam
1711 4989 1868 5044 scri-

210 5087 394 5150 pturae
426 5078 602 5148 hujus
628 5077 881 5150 Catalogi
915 5092 982 5134 ex
1014 5079 1442 5148 comparatione
1470 5078 1865 5134 characterum

1972 4106 2116 4146 anno
2163 4093 2582 4161 quadragesimo
2636 4094 2818 4149 Patris
2866 4097 3042 4150 nostri
3090 4097 3324 4163 feliciter
3376 4100 3614 4165 peracto.

1975 4180 2134 4249 Quod
2184 4181 2592 4250 interpretatus
2641 4197 2766 4238 sum
2811 4184 2882 4239 de
2921 4188 3120 4240 sancto
3167 4183 3540 4255 Columbano,
3573 4188 3630 4240 et

1975 4270 2045 4326 de
2075 4269 2410 4326 Chlothario
2450 4271 2721 4343 secundo,
2763 4273 2932 4342 cujus
2972 4287 3160 4330 annus
3202 4274 3261 4329 in
3294 4273 3629 4344 Burgundia

1974 4360 2351 4416 duodecimus
2394 4375 2521 4416 cum
2555 4375 2706 4418 anno
2735 4363 2954 4419 Christi
2998 4362 3122 4436 625,
3170 4363 3490 4420 indictione
3522 4377 3629 4419 xm

1975 4449 2234 4520 praedito,
2264 4450 2579 4508 coincidit:
2610 4452 2872 4524 idemque
2894 4466 2927 4508 a
2953 4453 3410 4510 Luxoviensibus
3431 4452 3622 4510 forsan

1973 4539 2414 4608 computabatur
2443 4547 2632 4596 annus
2663 4542 3138 4613 quadragesimus
3163 4542 3502 4599 Columbani
3533 4544 3632 4599 ad-

1974 4635 2177 4685 ventus
2211 4628 2270 4684 in
2302 4630 2712 4702 Burgundiam.
2761 4631 2819 4686 Si
2853 4631 2987 4702 quis
3027 4646 3157 4688 vero
3191 4633 3247 4687 id
3281 4633 3349 4688 ad
3386 4647 3621 4704 regnum

1974 4718 2295 4775 Chlotharii
2323 4719 2506 4787 tertii,
2534 4724 2590 4775 et
2609 4719 2676 4775 ad
2712 4720 2961 4792 regimen
2992 4721 3346 4778 Waldeberti
3373 4722 3618 4792 abbatis,

1977 4808 2076 4878 qui
2106 4807 2356 4864 Luxovio
2383 4809 2553 4863 annis
2575 4822 2644 4864 χι,
2670 4808 2922 4880 praefuit,
2950 4811 3327 4866 revocandum
3353 4824 3478 4866 esse
3496 4825 3625 4867 con-

1975 4895 2188 4964 tendat,
2231 4895 2538 4951 dicendum
2581 4902 2749 4966 esset,
2791 4898 3222 4953 Waldebertum
3254 4911 3466 4953 annum
3496 4897 3622 4968 665,

1975 4985 2075 5057 qui
2097 4985 2150 5041 ei
2177 4997 2481 5055 supremus
2503 4986 2788 5057 assignari
2817 4987 2980 5057 solet,
3004 4986 3336 5056 excessisse,
3361 4990 3417 5042 et
3442 5001 3628 5058 perve-

1975 5074 2132 5132 nisse
2152 5074 2218 5130 ad
2244 5087 2457 5129 annum
2480 5069 2604 5145 670,
2628 5073 2728 5144 qui
2753 5074 2861 5129 sub
2885 5073 3206 5130 Chlotharii
3230 5074 3388 5131 tertii
3414 5076 3625 5146 princi-

207 5183 337 5224 cum
365 5167 686 5237 specimine
709 5167 945 5223 omnino
970 5167 1155 5222 simili
1177 5167 1397 5223 codicis
1425 5166 1860 5236 Bellovacensis,
1895 5213 1950 5274 Β
1980 5168 2114 5234 patu
2147 5164 2466 5221 indictione
2493 5177 2600 5219 xm
2635 5163 2911 5234 praeditus
2941 5170 3080 5220 erat.
3118 5181 3144 5215 »

211 5259 269 5314 iu
301 5256 496 5314 eadem
530 5255 727 5312 tabula
755 5254 812 5327 8,
844 5270 1116 5327 expresso
1161 5271 1400 5313 numero
1428 5254 1482 5327 2,
1519 5257 1618 5313 ubi
1651 5256 1863 5326 epocha

208 5346 513 5416 scriptura:
540 5345 912 5418 signiﬁcatur
943 5347 1051 5403 hoc
1079 5347 1413 5402 testimonio
1440 5364 1454 5400 :

275 5436 529 5505 Ezplecit
555 5451 683 5490 vero
712 5451 848 5506 opus
873 5439 1092 5504 fauente
1122 5438 1350 5490 Domino
1375 5435 1528 5505 apud
1559 5434 1866 5491 coenubium

209 5526 533 5583 Lussouium
575 5541 722 5581 anno
768 5522 835 5582 42
872 5529 1016 5595 regis
1056 5526 1429 5582 Chlotacharii
1463 5526 1760 5582 indictione
1802 5520 1868 5580 43

209 5633 351 5673 anno
383 5615 455 5676 40
483 5619 672 5673 Patris
700 5618 879 5674 nostri
905 5616 1140 5686 feliciter
1160 5620 1402 5688 peracto.

279 5708 533 5782 Exponit
560 5706 837 5780 epocham
865 5705 1243 5767 Habillonius
1272 5705 1366 5764 his
1395 5705 1620 5764 verbis:
1657 5725 1686 5760 α
1714 5704 1872 5762 Tem-

2046 5254 2146 5310 His
2173 5255 2354 5326 igitur
2377 5254 2741 5310 documentis
2767 5258 2970 5310 testata
2991 5267 3121 5309 cum
3147 5255 3228 5311 sit
3247 5259 3384 5311 aetas
3403 5255 3623 5312 codicis

1975 5343 2352 5400 Luxovieusis
2391 5349 2447 5401 et
2474 5343 2730 5416 Cata10gi
2773 5343 3156 5413 Corbeiensis,
3202 5357 3446 5416 quorum
3478 5349 3626 5401 uter-

1977 5445 2088 5502 que
2113 5437 2380 5490 exaratus
2419 5438 2507 5490 est
2534 5433 2865 5490 charactere
2896 5433 3063 5505 plane
3101 5432 3418 5502 consimili,
3461 5447 3630 5504 appo-

1977 5524 2225 5580 nendum
2255 5524 2397 5580 duxi
2430 5524 2606 5595 hujus
2633 5525 2890 5597 exemplo
2917 5523 3203 5596 specimen
3229 5523 3450 5580 codicis
3477 5523 3622 5582 Ana-

1975 5612 2240 5685 stasiani,
2265 5612 2614 5685 antiquitate
2632 5616 2855 5672 ueteris
2875 5612 3230 5686 praeferendi,
3244 5613 3472 5684 judicio
3488 5614 3632 5670 utri-

1977 5716 2161 5776 usque
2185 5701 2452 5778 prtesuiis
2480 5703 2763 5760 Holstenii
2792 5707 2849 5759 et
2875 5701 3291 5771 Schelestratii,
3333 5704 3432 5774 qui
3464 5706 3624 5760 tanta
