4060 6176
301 204 410 264 453

1389 196 1592 254 ΝΟΤλΕ
1628 195 1722 253 ΑΙ)
1759 197 2157 258 COTALOGOS
2189 199 2627 259 SUPERIORES.

3607 203 3710 264 454

372 331 521 387 Huic
568 331 963 387 testimonium
1009 330 1294 388 Holstenii
1326 329 1598 386 addebam
1649 328 1708 384 in
1735 327 1948 384 Prafa-
1978 324 2035 384 A
2065 331 2284 400 vocant)
2322 335 2609 401 exaratus,
2644 346 2706 388 ea
2741 335 2896 402 parte
2918 332 3160 389 mutilus
3181 346 3306 403 qua
3336 330 3706 390 desideraba-

298 423 460 478 tione
488 422 760 490 indicata,
797 435 1034 477 numero
1063 421 1116 490 6,
1151 421 1368 477 similia
1413 421 1706 477 observata
1744 419 1949 474 Labbei

297 527 368 568 ac
397 512 683 568 Lambecii
708 512 994 580 judicium
1026 513 1372 581 optimorum
1392 509 1762 581 antiquitatis
1787 509 1956 565 codi—

295 616 427 659 cum
482 601 890 656 aﬂirmantium
933 601 1086 657 visos
1117 616 1148 656 a
1187 614 1247 656 se
1277 602 1500 657 codices
1525 600 1755 670 optima
1807 603 1954 654 nota

305 698 562 762 tempore
605 691 792 747 Caroli
839 692 1029 764 Magni
1092 695 1349 747 exaratos
1409 695 1466 745 et
1506 689 1779 746 Ludocivi
1841 688 1951 760 Pii,

300 797 553 854 quorum
587 783 647 836 in
680 795 798 838 uno
829 783 966 837 Vita
986 785 1219 836 Damaso
1259 781 1642 835 tr-ibuebantur
1661 785 1954 848 antequam

291 877 460 926 natus
486 878 620 926 esset
649 873 1005 933 Anastasius,
1035 877 1131 924 aut
1154 871 1346 924 saltem
1369 887 1435 924 ea
1453 872 1659 939 prioris
1697 869 1954 936 infantia

290 962 621 1032 crepundiis
651 963 972 1022 mersisset,
1008 960 1066 1014 in
1100 960 1236 1014 aliis
1263 959 1569 1030 apparebat
1595 972 1662 1013 ex
1707 958 1952 1013 termino

290 1053 565 1107 Vitarum
594 1051 839 1120 scriptas
865 1051 1087 1105 easdem
1121 1049 1303 1104 fuisse
1337 1049 1506 1103 annis
1532 1053 1758 1103 centum
1784 1051 1953 1100 ante—

287 1155 464 1211 quam
499 1140 844 1195 Anastasius
875 1146 1222 1194 nasceretur.
1241 1138 1343 1192 Vis
1371 1139 1573 1193 horum
1595 1139 1952 1207 argumento-

284 1246 418 1286 rum
457 1232 518 1285 tit
546 1231 867 1285 evidentior
892 1244 959 1284 ex
1012 1229 1236 1285 oculata
1268 1228 1622 1298 inspectione
1647 1227 1948 1294 scriptura

291 1319 904 1378 CodicisFarnesiani.
920 1319 1157 1388 ejusque
1173 1317 1595 1386 comparatione
1616 1329 1743 1370 cum
1763 1313 1945 1368 simili

285 1411 628 1465 charactere
656 1409 910 1479 Catalogi
943 1406 1324 1474 Corbeiensis,
1350 1406 1417 1462 ad
1464 1405 1630 1460 tinem
1657 1404 1886 1473 septimi
1917 1416 1948 1457 a

285 1499 528 1554 Christo
552 1499 750 1553 saculi
791 1498 1127 1566 pertinente.

364 1587 529 1657 Quod
559 1595 748 1642 autem
773 1586 981 1640 attinet
1008 1586 1075 1640 ad
1101 1585 1547 1641 similitudinem
1578 1583 1751 1652 hujus
1775 1594 1956 1636 exem.

2061 425 2158 476 tur
2183 421 2350 476 etiam
2381 426 2544 478 atate
2562 423 2866 489 Holstenii,
2897 422 3039 478 illud
3064 423 3253 492 ipsum
3271 423 3708 492 deniqueexem~

2064 511 2205 580 plar,
2242 512 2391 566 unde
2416 512 2701 567 variantes
2729 512 3003 568 lectiones
3035 511 3242 581 praesul
3277 511 3372 565 ille
3403 512 3705 580 transcrip-

2062 604 2232 668 serat,
2261 598 2546 656 aﬁirmans
2572 610 2804 657 caeteros
2832 601 3057 656 codices
3086 599 3156 655 ab
3210 601 3314 655 hoc
3341 614 3455 656 uno
3494 602 3706 656 Farne-

2061 689 2226 746 siano
2288 692 2637 761 antiquitate
2713 691 2993 761 superari.
3068 691 3125 745 Id
3194 688 3359 745 fratri
3423 704 3528 745 suo
3577 704 3705 745 cum

2061 780 2445 852 significasset
2468 781 2723 836 marchio
2744 780 3052 836 Mauritius
3068 779 3221 835 datis
3246 780 3315 834 ad
3343 793 3470 834 eum
3495 779 3708 834 litteris

2063 869 2158 925 die
2192 867 2258 925 45
2299 871 2448 939 Sept.
2495 871 2630 924 anni
2664 867 2820 936 4749,
2856 878 2981 939 post
3011 883 3268 924 annuum
3301 868 3529 923 scilicet
3566 863 3704 938 spao

2063 960 2208 1014 tium
2237 972 2269 1014 a
2301 960 2483 1028 priori
2503 965 2655 1015 tomo
2681 965 2888 1014 nostra
2907 958 3186 1014 editionis
3213 959 3464 1028 vulgato,
3498 969 3709 1028 easque

2061 1046 2284 1104 litteras
2330 1049 2476 1104 mihi
2500 1050 2929 1105 communicans
2980 1048 3236 1103 marchio
3275 1049 3533 1119 Ignatius
3575 1059 3704 1102 cum

2059 1135 2285 1192 offerret
2317 1139 2624 1209 utriusque
2655 1140 2914 1195 studium
2943 1148 2997 1194 et
3017 1151 3211 1193 curam
3236 1137 3294 1191 in
3322 1136 3582 1206 exemplo
3605 1149 3703 1190 seu

2058 1228 2371 1296 specimine
2397 1230 2698 1299 scriptura
2723 1231 3034 1300 diligenter
3051 1229 3396 1284 eﬁ‘ormando
3423 1242 3522 1296 per
3549 1225 3708 1295 peri-

2059 1321 2177 1371 tum
2225 1318 2664 1389 calligraphum,
2720 1320 2893 1390 elegit
2946 1319 3130 1374 Vitam
3161 1319 3212 1372 S.
3257 1316 3497 1388 Eugenii
3539 1321 3706 1369 tran—

2058 1405 2344 1461 scribere:
2409 1422 2532 1478 qua
2575 1408 2764 1464 brevis
2799 1423 2927 1464 cum
2974 1410 3052 1464 sit
3081 1413 3136 1463 et
3167 1409 3226 1462 in
3263 1407 3447 1462 fronte
3474 1404 3600 1460 folii
3639 1419 3707 1460 ex

2059 1497 2324 1551 columna
2358 1499 2541 1567 prima
2581 1499 2843 1568 incipiat,
2879 1504 3047 1568 atque
3077 1498 3133 1552 in
3167 1498 3416 1552 secunda
3443 1496 3707 1552 columna

2060 1585 2408 1657 absolvatur,
2429 1594 2612 1657 potest
2629 1588 2962 1656 capitalium
2975 1588 3388 1656 characterum,
3416 1585 3709 1654 totiusque

286 1677 370 1746 pli
429 1689 529 1745 per
558 1689 660 1729 nos
705 1674 872 1729 ineisi
915 1687 1040 1728 cum
1086 1672 1441 1744 autographo
1476 1671 1840 1738 Farnesiano,
1866 1683 1957 1724 va-
1987 1663 2041 1725 B
2063 1673 3709 1745 contextusacpostremorumvitaversuumformamexhi-

283 1767 424 1822 dem
454 1779 517 1820 se
540 1764 700 1818 sistit
717 1764 909 1819 eadem
933 1762 1236 1834 diligentia
1257 1761 1609 1817 marchionis
1626 1760 1694 1815 de
1709 1759 1947 1828 sanctis,

285 1857 466 1926 cujus
498 1855 774 1910 beneﬁcio
799 1858 1078 1923 repertus,
1109 1856 1482 1922 praservatus
1527 1864 1591 1905 ac
1619 1849 1950 1919 reipublica

289 1945 601 2001 litteraria
626 1943 776 1999 bono
809 1942 1070 1998 redditus
1098 1947 1183 1996 est
1207 1940 1402 2008 codex,
1431 1940 1534 1995 diu
1564 1939 1945 2007 desideratus,

282 2041 340 2090 et
366 2049 400 2090 a
428 2033 830 2104 compluribus
859 2031 1071 2087 frustra
1095 2031 1393 2102 quasitus,
1413 2030 1592 2085 donec
1609 2029 1717 2083 viri
1737 2028 1950 2083 claris-

283 2124 428 2180 simi
458 2123 786 2179 constantia
814 2122 871 2176 in
906 2121 1315 2176 benemerendo
1340 2121 1410 2174 de
1438 2118 1730 2188 pontiﬁcia
1759 2117 1951 2172 histo-

286 2215 382 2268 ria
408 2213 836 2268 delitescentem
872 2211 930 2265 in
971 2210 1181 2282 angulo
1231 2214 1286 2264 et
1334 2207 1508 2264 ferme
1533 2207 1947 2262 conclamatum

292 2317 489 2359 usura
531 2301 683 2357 lucis
737 2299 1011 2356 restituit.
1049 2301 1178 2354 Post
1217 2298 1438 2354 obitum
1489 2297 1640 2351 enim
1683 2296 1947 2366 prasulis

275 2391 683 2447 Schelestratii
706 2404 836 2446 cum
855 2388 1207 2445 serenissimi
1235 2388 1526 2458 principes
1539 2386 1793 2442 Farnesii
1814 2387 1946 2440 Par-

289 2495 444 2537 mam
492 2479 793 2535 transferri
818 2480 1133 2549 jussissent
1171 2478 1396 2548 aliquot
1436 2481 1690 2532 vetustos
1719 2475 1947 2530 codices

291 2571 669 2626 bibliotheca
715 2583 883 2639 quam
916 2571 1102 2624 Roma
1149 2567 1463 2637 possident,
1519 2566 1668 2621 inter
1714 2571 1946 2621 cateros

276 2661 423 2716 huic
435 2658 1444 2716 delectuiaccensitosAnastasianus
1462 2657 1946 2712 illetransmissus

278 2750 417 2806 fuit.
453 2751 658 2805 Verum
686 2750 736 2804 is
759 2749 855 2805 cui
876 2748 1330 2804 ordinandorum
1353 2746 1634 2802 librorum
1652 2759 1790 2802 cura
1815 2745 1948 2802 fue—

276 2847 374 2896 rat
402 2839 754 2906 concredita,
778 2839 929 2893 hunc
949 2851 1058 2893 non
1088 2836 1310 2892 modica
1339 2837 1431 2891 sui
1464 2841 1619 2906 parte
1652 2836 1945 2908 mutilum,

276 2930 370 2986 uti
399 2943 532 2984 eum
558 2929 747 2983 Roma
774 2927 1380 2982 viderantHolstenius
1406 2932 1461 2981 et
1479 2926 1940 2992 Schelestratius,

2060 1763 2208 1819 bere.
2246 1767 2548 1835 Postquam
2574 1768 2630 1822 id
2663 1767 2934 1835 prastitit
2959 1766 3225 1835 ofﬁciose,
3259 1765 3358 1818 ari
3389 1763 3570 1819 incidi
3597 1760 3704 1816 feci

2059 1855 2247 1911 Roma
2267 1857 2334 1910 ad
2355 1857 2598 1925 exempli
2620 1857 2687 1911 ad
2711 1870 2796 1911 me
2817 1855 3145 1911 transmissi
3165 1867 3419 1909 normam
3441 1851 3704 1923 singulos

2059 1944 2412 1999 characteres
2443 1945 2574 1999 vita
2603 1945 2656 1999 S.
2689 1944 2950 2016 Eugenii,
2983 1948 3038 1998 et
3070 1942 3470 2013 impressionis
3497 1947 3705 1996 nostra

2062 2041 2254 2104 typum
2301 2048 2429 2090 cum
2486 2038 2784 2104 prototypo
2830 2032 3236 2089 conferendum
3295 2031 3478 2086 eidem
3540 2030 3702 2085 reddi

2057 2124 2254 2179 curavi
2280 2141 2294 2194 ;
2328 2138 2472 2193 quos
2495 2123 2575 2178 ita
2608 2124 2932 2178 consentire
2951 2121 3348 2191 deprehendit,
3378 2124 3442 2174 ut
3461 2119 3550 2174 edi
3581 2121 3706 2174 tuto

2059 2226 2223 2283 posse
2253 2227 2382 2269 cum
2417 2212 2765 2268 imitationis
2792 2215 3000 2267 exacta
3027 2215 3454 2265 auctoramento
3485 2219 3706 2275 suoque

2059 2304 2393 2359 testimonio
2415 2307 2642 2357 censeat
2658 2303 2752 2356 die
2777 2299 2848 2355 29
2869 2299 3090 2370 Aprilis
3108 2299 3354 2353 labentis
3379 2297 3515 2351 anni
3545 2293 3700 2364 4720,

2058 2393 2136 2448 ita
2164 2393 2230 2447 ad
2263 2406 2350 2446 me
2375 2392 2636 2447 scribens
2663 2409 2675 2445 :
2709 2411 2734 2442 (ι
2767 2392 2885 2446 Ρυο
2911 2389 3019 2444 ella
3053 2387 3291 2444 interire
3320 2386 3704 2442 francamente

2057 2482 2474 2552 l’impressione
2513 2481 2664 2536 nella
2689 2481 2748 2535 di
2780 2480 2853 2535 lei
2881 2493 3070 2549 opera,
3113 2476 3567 2546 assicurandola,
3600 2475 3705 2530 che

2059 2571 2099 2627 il
2144 2578 2420 2627 carattere
2451 2585 2482 2626 e
2511 2571 2880 2626 similissimo
2913 2570 3008 2625 all’
3046 2567 3349 2639 originale,
3378 2581 3408 2622 e
3437 2566 3541 2620 che
3588 2577 3700 2621 non

2056 2666 2255 2731 poteva
2290 2661 2539 2717 imitarsi
2581 2661 2789 2732 meglio
2828 2660 2962 2715 dall’
3001 2659 3270 2728 lncisore,
3325 2658 3390 2712 ed
3434 2656 3491 2711 io
3521 2668 3608 2710 me
3635 2642 3704 2708 ne

2056 2751 2301 2820 rallegro
2359 2750 2467 2806 ben
2514 2751 2704 2806 molto.
2751 2768 2777 2800 »
2823 2749 3110 2817 Quantum
3153 2761 3282 2803 vero
3339 2744 3702 2815 diligentiam

2056 2839 2180 2909 ipse
2207 2840 2458 2911 exegerit
2484 2853 2515 2894 a
2541 2839 2898 2910 calligrapho
2928 2839 2985 2893 in
3025 2852 3090 2893 eo
3134 2835 3441 2904 exemplari
3475 2831 3702 2889 descri—

2054 2928 2257 2995 bendo,
2285 2930 2434 2999 quod
2456 2929 2592 2984 huic
2619 2928 2893 2984 incisioni
2919 2929 3185 2983 Romana
3206 2925 3562 2996 propositum
3590 2920 3703 2977 fuit

279 3018 432 3073 totis
468 3017 893 3088 quinquaginta
925 3021 1049 3072 octo
1081 3016 1413 3086 pontiﬁcum
1454 3015 1603 3069 Vitis
1628 3028 1660 3070 a
1689 3015 1740 3069 S.
1779 2990 1940 3071 Petro
1975 2990 2024 3054 δ
2052 3020 2120 3074 ad
2157 2990 2522 3088 imitandum,
2574 3023 2745 3074 testes
2771 3025 2910 3074 sunt
2944 3019 3150 3074 littera
3198 2990 3483 3070 i’lacentia
3513 3013 3581 3068 ad
3617 3024 3702 3066 me

276 3107 348 3162 ad
380 3108 436 3161 S.
472 3109 790 3177 Agapetum
821 3105 1156 3175 deperditis,
1191 3119 1250 3160 se
1272 3107 1485 3174 posuit,
1515 3107 1571 3158 et
1600 3117 1727 3158 cum
1758 3105 1941 3173 rejec—

275 3196 473 3251 taneis
501 3193 799 3250 fasciculis
833 3193 1316 3264 incompactorum
1347 3193 1616 3248 foliorum
1656 3193 1937 3248 oblivioni

278 3285 460 3341 ferme
489 3284 892 3355 demandavit;
923 3284 1042 3339 sive
1064 3283 1723 3354 distuleritdiligentius
1751 3283 1940 3353 inqui-

278 3390 404 3432 rere
431 3376 603 3444 cujus
631 3375 821 3445 Operis
855 3388 985 3443 pars
1017 3373 1116 3428 illa
1144 3377 1435 3443 superstes
1467 3372 1644 3442 foret;
1695 3373 1816 3427 sive
1845 3377 1936 3427 at‘

281 3465 543 3520 tenderet
567 3477 638 3518 an
671 3463 741 3519 ab
766 3462 914 3517 Urbe
940 3463 1468 3518 transmitterentur
1488 3462 1604 3516 alia
1627 3460 1939 3532 fragmenta

285 3569 408 3625 qua
435 3555 504 3608 ad
544 3554 696 3609 hunc
737 3553 925 3622 ipsum
965 3553 1216 3607 codicem
1249 3552 1534 3622 pertinere
1563 3555 1809 3620 possent.
1852 3551 1936 3606 Ad

281 3643 427 3698 alias
448 3642 704 3698 subinde
733 3655 934 3697 manus
954 3641 1317 3696 bibliotheca
1349 3654 1487 3696 cura
1521 3642 1576 3696 in
1608 3640 1936 3711 principum

284 3731 656 3789 successione
682 3745 808 3786 cum
834 3731 1177 3797 devenisset,
1205 3731 1419 3785 nemini
1453 3730 1767 3800 quidquam
1790 3729 1936 3784 sub-

284 3822 433 3878 oluit
459 3823 531 3876 de
560 3820 866 3875 Anastasio
893 3821 1046 3875 inter
1068 3820 1186 3874 hac
1218 3820 1550 3874 retrimenta
1579 3819 1937 3888 conquiren—

281 3910 372 3966 do.
413 3912 531 3965 Nos
554 3915 744 3966 autem
777 3909 962 3963 Roma
992 3909 1324 3964 delitescere
1361 3908 1576 3963 librum
1630 3907 1931 3976 suspicati,

282 3999 545 4054 studiose
574 3998 843 4068 conquiri
872 3999 930 4053 in
961 3997 1173 4067 pluteis
1195 3996 1416 4052 archivi
1439 3995 1768 4051 Farnesiani
1793 4010 1937 4051 sere-

285 4089 544 4144 nissima
569 4090 774 4143 domus
799 4089 855 4142 in
885 4087 1099 4158 palatio
1125 4086 1333 4142 celebri
1361 4086 1429 4141 ad
1458 4087 1727 4155 Campum
1759 4085 1937 4141 Flora

283 4179 451 4233 enixe
499 4177 918 4248 ﬂagitabamus.
948 4177 1162 4232 lllustr.
1202 4176 1312 4230 viri
1344 4189 1409 4230 ac
1449 4175 1702 4247 germani
1732 4173 1964 4239 fratres,

286 4268 356 4323 de
410 4268 660 4337 Sanctis,
709 4267 964 4322 marchio
1019 4267 1248 4321 scilicet
1293 4265 1548 4336 Ignatius
1594 4266 1936 4334 prapositus

2049 3109 2194 3164 data
2219 3106 2288 3165 ‘20
2314 3108 2651 3164 Novembris
2693 3105 2850 3178 4749,
2886 3109 2945 3163 in
2994 3108 3139 3162 hanc
3168 3105 3533 3174 sententiam,
3558 3114 3701 3173 quas

2048 3198 2220 3254 etiam
2250 3197 2431 3253 refero
2455 3211 2582 3252 cum
2606 3198 2922 3252 evidentem
2955 3197 3195 3263 reddant
3247 3192 3572 3250 Farnesiani
3599 3207 3702 3247 co—

2047 3288 2200 3343 dicis
2219 3287 2651 3356 antiquitatem:
2679 3309 2703 3339 «
2728 3289 2799 3343 Le
2815 3287 2978 3356 copie
3013 3286 3276 3342 suddette
3301 3284 3469 3354 (della
3496 3282 3612 3336 vita
3638 3281 3698 3335 di

2047 3377 2100 3432 S.
2136 3377 2411 3448 Eugenio,
2441 3391 2470 3433 e
2500 3378 2559 3432 di
2599 3391 2674 3432 un
2703 3375 3040 3430 frammento
3088 3374 3147 3428 di
3177 3371 3366 3441 quella
3396 3371 3455 3423 di
3484 3366 3699 3437 Sergio)

2048 3477 2162 3521 non
2209 3479 2349 3522 sono
2389 3470 2535 3521 state
2585 3465 2877 3519 trascritte
2907 3478 2974 3516 su
3004 3463 3058 3515 la
3112 3463 3268 3513 carta
3297 3457 3498 3511 Cinese
3523 3455 3594 3509 da
3622 3455 3696 3510 lei

2051 3554 2371 3615 inviatami,
2427 3567 2523 3622 per
2547 3554 2658 3607 due
2704 3553 2851 3618 capi.
2897 3549 3018 3603 Uno
3057 3561 3088 3602 e
3124 3551 3294 3616 stato,
3337 3558 3436 3615 per
3464 3545 3694 3613 essersi,

2047 3646 2227 3697 attesa
2246 3641 2589 3707 l’antichita,
2614 3638 2744 3692 nell’
2758 3637 3045 3709 originale
3062 3635 3263 3690 scritto
3287 3635 3344 3689 in
3364 3645 3698 3704 pergamena

2048 3731 2198 3786 assai
2226 3728 2540 3785 diminuita
2573 3728 2621 3782 la
2652 3739 2879 3782 nerezza
2903 3725 3035 3781 d’ell
3071 3724 3413 3793 inchiostro,
3443 3723 3503 3778 in
3532 3723 3698 3778 modo

2046 3821 2150 3877 che
2172 3833 2282 3874 non
2309 3817 2621 3887 trasparira
2641 3831 2673 3872 a
2696 3815 3019 3872 sufﬁcienza
3036 3815 3204 3886 (sotto
3233 3813 3286 3868 la
3308 3819 3463 3868 carta
3478 3813 3718 3887 Cinese—_

2046 3924 2146 3980 per
2177 3919 2367 3980 potere
2397 3912 2765 3963 esattamente
2789 3905 3017 3961 imitare
3040 3905 3094 3960 la
3115 3903 3295 3959 forma
3325 3903 3416 3958 del
3447 3908 3700 3958 caratte—

2047 4012 2148 4068 re;
2205 3999 2412 4068 l’altro,
2465 3997 2518 4052 la
2567 3997 2892 4065 esperienza
2935 3993 3074 4050 fatta
3119 3993 3211 4049 del
3261 3993 3492 4062 Copista
3529 4007 3599 4047 su
3644 3992 3698 4047 la

2046 4095 2197 4144 carta
2232 4089 2452 4155 Cinese;
2483 4085 2563 4156 gli
2599 4085 2669 4141 ha
2701 4082 2842 4140 fatto
2873 4095 3196 4152 conoscere,
3231 4082 3336 4137 che
3364 4080 3696 4137 servendosi

2045 4178 2219 4234 d’una
2243 4189 2424 4248 penna
2443 4175 2728 4231 ancorche
2749 4173 3139 4242 sottilissima,
3170 4172 3227 4226 in
3251 4175 3429 4241 punta
3457 4171 3699 4226 rendeva

2048 4265 2409 4322 l’inchiostro
2439 4265 2592 4320 assai
2631 4276 2849 4335 grosso,
2895 4261 3064 4332 quale
3097 4261 3187 4331 poi
3218 4259 3350 4315 nell’
3375 4258 3696 4330 asciugarsi

287 4358 539 4428 negotiis
571 4357 952 4412 serenissima
972 4357 1177 4412 domus
1211 4355 1626 4426 pertractandis
1676 4354 1734 4408 in
1768 4353 1933 4422 Urbe,
1967 4337 2021 4399 D
2049 4356 2337 4412 ritornava
2365 4354 2578 4422 sottile,
2601 4359 2656 4409 et
2678 4351 3123 4423 ristringendosi
3143 4348 3698 4418 difformavatroppo

284 4455 340 4506 et
358 4447 980 4502 marchioMauritiusa
1000 4444 1389 4502 sanctioribus
1406 4444 1671 4500 consiliis
1689 4443 1936 4513 aliisque

285 4539 444 4594 curis
491 4538 643 4607 apud
713 4537 1028 4607 principem
1078 4549 1246 4592 suum
1299 4535 1540 4590 maxima
1586 4547 1715 4589 cum
1770 4533 1937 4588 laude

285 4627 608 4697 adhibitus,
652 4640 765 4697 qua
791 4633 926 4682 sunt
959 4626 1316 4681 humanitate
1340 4623 1586 4694 praditi,
1622 4637 1687 4678 ac
1718 4623 1787 4678 de
1807 4635 1937 4677 om—

285 4716 458 4773 nibus
515 4717 915 4773 bencmerendi
961 4716 1156 4771 studio
1208 4713 1434 4785 perciti,
1499 4726 1645 4784 agre
1683 4711 1937 4767 ferebant

285 4820 466 4877 neque
507 4806 601 4860 hic
647 4806 885 4876 reperiri
932 4807 1185 4862 codicem
1227 4803 1636 4860 Farnesiauum
1681 4802 1750 4857 ab
1795 4801 1940 4856 Hol—

284 4896 470 4951 stenio
497 4901 792 4964 tantopere
824 4895 1300 4960 commendatum,
1336 4906 1517 4964 neque
1547 4892 1605 4946 in
1627 4893 1758 4948 aula
1786 4891 1940 4961 prin-

289 4984 439 5054 cipis
463 4985 758 5040 Parmensi
785 5002 796 5037 :
828 4998 957 5040 cum
984 4999 1132 5054 sape
1158 4989 1474 5040 tentassent
1499 4982 1641 5036 meis
1672 4981 1936 5051 precibus

287 5072 610 5142 sollicitati,
634 5072 786 5128 inter
811 5073 1060 5144 pretiosa
1083 5073 1313 5129 cimelia
1330 5071 1712 5129 serenissima
1733 5071 1936 5126 domus

287 5159 388 5217 hoc
414 5175 529 5216 non
561 5167 910 5231 postremum
938 5168 1371 5218 monumentum
1394 5160 1662 5231 reperire.
1697 5160 1938 5215 Evolve—

288 5255 420 5305 runt
450 5251 770 5307 Romanum
794 5251 1119 5322 archivum,
1148 5257 1204 5307 et
1231 5253 1587 5307 Parmensem
1614 5249 1938 5306 bibliothe—

284 5351 434 5394 cam:
474 5340 533 5396 in
552 5354 667 5411 qua
690 5341 916 5398 tandem
930 5342 1121 5414 sagaci
1137 5354 1290 5397 cura
1305 5342 1656 5397 marchionis
1675 5341 1934 5398 Mauritii

282 5439 478 5484 omnes
505 5428 753 5501 angulos
785 5430 1160 5501 perlustranti
1183 5430 1412 5488 oblatus
1453 5435 1542 5487 est
1568 5431 1671 5487 diu
1706 5435 1936 5501 optatus

282 5516 478 5587 codex,
530 5517 834 5591 quadratis
879 5518 1094 5579 litteris
1124 5534 1227 5580 seu
1271 5519 1610 5592 majusculis
1638 5517 1724 5591 (ut
1764 5517 1936 5592 vulgo

2049 4445 2103 4499 la
2133 4443 2524 4499 similitudine
2549 4442 2640 4498 del
2668 4446 2984 4510 carattere;
3015 4440 3180 4496 ond’e
3197 4443 3346 4496 stato
3378 4437 3698 4493 necessario

2046 4546 2078 4589 a
2108 4535 2314 4590 valersi
2341 4534 2491 4589 della
2513 4538 2669 4588 carta
2700 4531 3019 4600 ordinaria,
3046 4543 3078 4585 e
3103 4528 3298 4585 fattosi
3322 4531 3422 4584 un’
3440 4525 3700 4582 Alfabeto

2045 4644 2149 4687 con
2183 4630 2835 4700 esattissimadiligenza
2865 4628 2927 4684 di
2954 4633 3100 4684 tutte
3131 4627 3183 4682 le
3206 4627 3405 4682 lettere
3435 4638 3466 4680 a
3495 4624 3702 4681 simili-

2047 4731 2248 4786 tudine
2269 4730 2328 4784 di
2362 4729 2549 4800 quelle
2579 4728 2715 4784 dell’
2744 4727 2978 4787 Autore,
3033 4725 3120 4782 col
3152 4737 3334 4780 mezzo
3363 4724 3425 4780 di
3476 4727 3695 4794 questo,

2045 4843 2076 4885 e
2117 4841 2222 4884 con
2265 4829 2317 4883 la
2363 4828 2691 4896 inspezione
2736 4826 2871 4883 dell’
2928 4825 3212 4897 originale
3263 4825 3334 4878 ha
3381 4821 3501 4876 cosi
3559 4819 3698 4874 bene

2049 4926 2272 4982 imitato
2301 4924 2342 4980 il
2381 4931 2679 4995 carattere,
2730 4938 2760 4979 e
2800 4923 2948 4980 nella
2981 4923 3273 4994 larghezza
3300 4919 3449 4974 delle
3477 4918 3646 4988 linee,
3670 4929 3699 4971 e

2047 5024 2195 5082 nclle
2221 5022 2428 5080 fatezze
2451 5021 2513 5078 di
2547 5023 2820 5078 ciascuna
2851 5023 3072 5092 lettera,
3107 5019 3212 5075 che
3232 5031 3340 5075 neu
3370 5019 3426 5075 vi
3459 5031 3490 5074 e
3520 5017 3574 5074 la
3599 5017 3698 5074 Mi-

2049 5123 2204 5180 nima
2250 5121 2576 5179 ditierenza.
2617 5119 2900 5190 Spiacemi
2932 5118 3036 5176 che
3066 5120 3138 5174 V.
3183 5116 3239 5174 S.
3272 5120 3314 5174 Ι.
3375 5130 3490 5173 non
3530 5128 3698 5186 possa

2047 5221 2208 5279 fame
2231 5237 2297 5280 oc
2308 5223 2620 5280 ularmente
2655 5220 2698 5276 il
2729 5218 3029 5276 confronto
3049 5217 3138 5275 col
3169 5219 3336 5275 Testo
3357 5216 3416 5274 di
3447 5214 3699 5271 Anasta-

2047 5321 2157 5392 sio,
2225 5321 2329 5379 che
2373 5322 2433 5378 in
2478 5319 2607 5378 fatti
2667 5318 2978 5376 vederebbe
3013 5330 3126 5376 una
3157 5330 3290 5375 cosa
3330 5313 3692 5371 miracolosa.

2043 5420 2140 5478 Col
2183 5421 2493 5478 medesimo
2517 5422 2684 5478 Testo
2728 5421 3074 5486 riscontrata
3103 5419 3156 5474 la
3185 5416 3373 5488 c0pia,
3403 5427 3436 5471 e
3462 5413 3578 5471 l’ho
3606 5414 3698 5470 ri—

2046 5524 2266 5578 trovata
2293 5517 2472 5578 fedele
2498 5539 2514 5592 ;
2537 5521 2684 5580 onde
2711 5534 2822 5592 puo
2838 5519 2951 5578 ella
2973 5515 3342 5588 assicurarsi,
3361 5514 3468 5574 che
3488 5513 3544 5571 la
3561 5528 3630 5588 op
3639 5526 3702 5569 θ-
