4060 6176
282 211 385 272 455

1181 201 1276 260 ΑΒ
1313 197 1749 259 ANASTASIUM
1783 191 2310 254 PROLEGOMENA
2344 192 2785 254 παππία.

3575 181 3682 246 456

278 337 508 395 razione
533 349 563 394 e
592 334 795 393 riscita
846 330 998 391 della
1051 327 1393 403 'perfezione,
1423 343 1454 385 e
1483 327 1826 398 squisitezza
1854 324 1927 381 da
1954 319 2011 380 A
2037 330 2091 386 S.
2133 329 2435 387 Evaristus
2525 321 2579 383 8.
2669 323 2754 384 4ο.
2899 321 2962 383 2.
3187 315 3272 377 44.
3384 317 3437 377 3.
3591 313 3680 374 42.

279 429 352 485 lei
381 427 723 484 desiderata.
764 442 791 475 »

349 520 524 573 Nemo
557 529 645 571 me
675 512 1072 585 reprehendat,
1104 510 1155 566 si
1188 508 1476 565 morosius
1509 507 1626 562 hac
1657 517 1931 576 persecu-

281 613 376 665 tus
398 607 597 663 videor
625 619 756 662 cum
789 601 1126 659 illustrandi
1155 599 1310 655 Libri
1351 595 1707 654 Pontiﬁcalis
1737 606 1873 651 cura
1896 607 1929 648 a

283 696 448 753 nobis
471 697 766 763 assumpta
796 692 850 748 id
885 692 1094 761 exigat,
1136 693 1200 744 ut
1229 702 1375 757 opus
1398 685 1701 741 Anastasio
1732 682 1928 739 tribu-

280 792 403 842 tum
450 785 518 841 ad
549 782 910 853 antiquiores
930 779 1242 849 scriptores
1263 790 1388 833 esse
1411 774 1768 831 referendum
1799 785 1930 827 cum

282 874 538 932 laudatis
570 871 915 944 prasulibus
947 869 1277 935 ostendam;
1311 866 1460 936 quod
1490 869 1769 920 assertum
1793 861 1934 931 plu-

285 964 451 1020 ribus
487 961 844 1034 argumentis
883 959 1171 1014 ﬁrmatum
1231 956 1290 1011 in
1339 952 1672 1024 prafatione
1718 949 1935 1020 prioris

288 1053 449 1122 torni,
478 1057 533 1106 et
556 1053 614 1106 in
637 1048 1044 1105 dissertatione
1069 1043 1461 1102 Schelestratii
1484 1056 1611 1098 mox
1629 1038 1931 1107 afferenda,

287 1141 392 1196 hac
412 1141 583 1196 etiam
607 1138 1094 1195 demonstratione
1114 1133 1371 1190 fraudari
1391 1145 1502 1188 non
1515 1131 1736 1200 debuit,
1766 1141 1936 1200 quam

289 1229 584 1285 ministrat
607 1228 928 1298 antiquitas
957 1225 1225 1282 codicum
1247 1235 1524 1293 superans
1549 1224 1768 1276 atatem
1797 1219 1938 1273 Ana-

287 1319 618 1376 stasianam.
652 1317 797 1373 Huic
827 1321 1015 1371 autem
1048 1314 1171 1370 loco
1199 1316 1480 1368 reservata
1510 1310 1610 1365 illa
1647 1307 1780 1378 fuit,
1823 1320 1937 1377 quo

287 1409 356 1464 de
366 1404 1105 1476 CatalogisCorbeiensibus
1117 1415 1302 1458 sermo
1315 1400 1620 1457 surbortus
1635 1411 1756 1453 com
1767 1409 1937 1466 para-

291 1498 503 1553 tionem
537 1496 840 1565 scriptura
891 1492 1127 1549 illorum
1172 1490 1434 1547 exhiberi
1486 1487 1829 1558 postulabat,
1874 1487 1940 1540 ut

292 1587 416 1656 pari
463 1584 815 1641 certitudine
854 1584 1253 1653 judicaremus
1307 1580 1378 1635 de
1406 1583 1691 1634 vetustate
1714 1575 1938 1631 codicis

2039 422 2094 478 S.
2133 421 2452 478 Alexander
2505 417 2590 476 42.
2700 415 2757 474 ’7.
2902 414 2963 472 2.
3219 406 3274 467 '7.
3387 409 3440 466 6.
3625 406 3681 464 6.

2040 513 2094 570 S.
2137 514 2357 582 Xystus
2519 508 2605 566 40.
2713 507 2767 565 2.
2918 503 2975 563 4.
3197 502 3286 560 25.
3398 500 3452 559 2.
3629 497 3683 554 4.

2108 603 2314 658 Mirum
2347 601 2529 657 videri
2570 599 2737 658 debet
2768 598 2962 655 nullos
3005 609 3284 653 annorum
3326 605 3596 649 numeros
3623 590 3686 646 in

2041 697 2284 763 utroque
2330 691 2596 761 Catalogo
2625 689 2987 747 consentire:
3037 686 3320 742 mensium
3352 695 3548 739 omnes
3578 694 3693 751 pa-

2042 782 2184 836 riter
2227 795 2349 837 esse
2389 779 2707 846 discordas,
2762 783 2965 849 prater
2999 778 3171 834 unius
3211 774 3400 844 Xysti,
3445 772 3692 841 diesque

2042 873 2262 926 tantum
2313 870 2374 926 in
2432 872 2573 926 Lino
2622 876 2676 926 et
2730 871 2913 941 Xysto
2952 866 3294 924 consentire.
3345 866 3499 920 Hanc
3556 876 3692 918 vero

2043 959 2389 1015 discordiam
2440 964 2769 1029 reputantes
2806 959 3062 1023 criticos,
3103 969 3342 1026 eamque
3368 957 3692 1025 spectantes

2047 1048 2107 1102 in
2161 1048 2460 1104 codicibus
2508 1049 2653 1104 sexti
2697 1053 2751 1103 et
2815 1047 3044 1116 septimi
3099 1045 3317 1111 saculi,
3365 1042 3695 1113 desperatio

2049 1135 2224 1194 ferme
2256 1138 2571 1194 incessebat
2596 1137 2981 1209 chronologia
3020 1133 3329 1205 pontiﬁcia
3357 1131 3697 1189 ordinanda

2048 1228 2234 1299 primo
2272 1232 2328 1282 et
2356 1227 2535 1284 altero
2580 1225 2798 1282 Christi
2831 1225 3060 1281 saculo.
3113 1222 3458 1294 Chronologi
3494 1221 3699 1277 heter-

2047 1317 2216 1374 odoxi
2271 1316 2520 1372 eamdem
2563 1316 2730 1371 nobis
2771 1330 2898 1371 cum
2952 1313 3377 1384 exprobrarent,
3429 1315 3698 1366 testatam

2048 1405 2348 1462 codicibus
2399 1411 2556 1462 tanta
2602 1410 2885 1462 vetustate
2938 1404 3217 1474 praditis,
3265 1400 3605 1458 revocabant
3636 1399 3696 1454 in

2049 1495 2293 1551 dubium
2347 1496 2616 1566 pleraque
2673 1500 2849 1564 gesta.
2905 1494 3019 1549 imo
3059 1498 3114 1548 et
3161 1491 3500 1561 martyrium
3533 1502 3700 1544 com-

2051 1585 2304 1655 plurium
2362 1586 2576 1642 nostris
2651 1586 2708 1640 in
2776 1585 3064 1654 Catalogis
3129 1582 3480 1638 censitorum
3548 1581 3702 1634 inter

290 1654 644 1744 Farnesiani,
691 1677 1010 1743 opportune
1049 1669 1376 1740 praservati
1424 1669 1491 1723 ad
1542 1665 1930 1722 instruendam
1968 1654 2019 1716 Β
2053 1654 2350 1744 pontiﬁces
2383 1690 2483 1745 ριιο
2539 1674 2756 1732 Christi
2805 1675 3035 1730 nomine
3084 1677 3318 1729 mortem
3379 1681 3699 1740 perpessos,

289 1764 572 1833 ejusmodi
600 1770 938 1833 argumento
969 1761 1115 1815 hanc
1143 1759 1472 1816 Vaticanam
1493 1757 1804 1813 editionem
1830 1753 1938 1809 Vi-

292 1858 480 1908 tarum
534 1851 869 1922 pontiﬁcum
915 1850 1320 1904 Romanorum.
1364 1845 1637 1901 Gratulor
1660 1857 1791 1899 vero
1823 1842 1942 1898 im—

295 1955 463 2011 pense
509 1941 780 1997 sereniss.
825 1939 1034 1996 domus
1085 1937 1368 1993 Farnesia
1414 1932 1779 2004 principibus
1811 1943 1941 1988 vere

293 2030 565 2086 Romanis
591 2047 607 2098 ;
649 2042 896 2098 quorum
927 2026 1122 2082 studio
1149 2025 1386 2096 perinde
1414 2026 1806 2094 praservatam
1833 2022 1942 2077 de-

293 2119 494 2174 bemus
513 2117 942 2187 chronologiam
982 2121 1040 2170 et
1067 2115 1371 2170 historiam
1397 2111 1640 2168 ethnica
1659 2112 1847 2167 Roma
1879 2109 1939 2165 in

296 2207 462 2264 fastis
496 2207 830 2262 marmoreis
855 2219 885 2261 e
914 2203 1038 2262 foro
1059 2203 1302 2274 eﬁossis,
1336 2208 1392 2259 et
1424 2203 1483 2258 in
1508 2200 1793 2271 Capitolio
1813 2198 1942 2255 col-

297 2296 503 2353 locatis
539 2299 670 2351 ante
694 2295 809 2350 duo
833 2294 1068 2350 circiter
1089 2293 1320 2363 sacula,
1351 2305 1416 2347 ac
1441 2296 1606 2346 atate
1627 2295 1821 2346 nostra
1842 2301 1944 2344 ac—

297 2389 513 2456 ceptam
546 2383 786 2441 fecimus
815 2381 1203 2453 chronologia
1232 2387 1290 2437 et
1315 2379 1575 2436 historia
1609 2377 1944 2448 pontiﬁcum

299 2474 679 2531 maximorum
692 2474 1096 2529 documentum
1115 2471 1339 2526 cateris
1359 2482 1468 2525 non
1491 2465 1945 2539 posthabendum

299 2565 360 2620 in
394 2565 739 2620 illustranda
761 2564 936 2619 Roma
955 2561 1306 2617 Christiana.

371 2653 560 2708 Prima
594 2653 778 2723 igitur
799 2664 864 2708 ea
884 2663 1058 2707 causa
1086 2649 1200 2706 fuit
1222 2647 1424 2705 edendi
1450 2645 1754 2716 utriusque
1777 2644 1948 2700 Cata—

300 2740 416 2813 logi
435 2740 801 2797 Corbeiensis
831 2755 960 2797 cum
983 2739 1299 2810 specimine
1327 2737 1628 2808 scriptura
1659 2740 1723 2792 ut
1750 2746 1947 2791 eorum

298 2831 370 2887 de
398 2829 746 2901 antiquitate
786 2833 1092 2886 constaret.

370 2920 564 2976 Altera
593 2919 894 2976 accedebat
935 2919 1104 2986 ratio,
1154 2916 1336 2987 priori
1363 2928 1477 2972 non
1518 2911 1941 2985 posthabenda:

2053 1764 2394 1821 Pearsonius
2449 1765 2591 1821 diss.
2644 1779 2706 1832 Il,
2765 1779 2886 1834 cap.
2939 1764 2991 1834 6,
3039 1764 3175 1819 licet
3205 1762 3358 1817 inter
3397 1757 3705 1816 Acatholi-

2051 1865 2148 1908 cos
2179 1867 2290 1909 non
2335 1853 2666 1920 violentior.
2718 1853 3016 1910 consulere
3046 1856 3234 1908 tamen
3277 1849 3601 1914 videbatur,
3637 1851 3705 1904 ut

2050 1942 2459 1999 conclamatam
2500 1956 2624 1999 esse
2661 1941 2972 1999 fateremnr
3017 1940 3456 2012 productionem
3508 1937 3703 1994 histo-

2049 2030 2151 2084 ria
2207 2035 2263 2086 et
2304 2032 2676 2088 assertionem
2731 2030 3016 2102 martyrii,
3065 2030 3448 2097 decretorum,
3499 2032 3558 2084 et
3609 2025 3702 2081 ri-

2051 2123 2236 2187 tuum,
2269 2118 2341 2175 ab
2371 2122 2530 2176 hisce
2559 2119 2703 2177 viris
2734 2120 3122 2177 sanctissimis
3150 2119 3418 2174 Ecclesia
3445 2115 3705 2173 archivis

2050 2209 2468 2265 concreditum:
2506 2210 2590 2266 uti
2620 2210 2910 2279 percipere
2935 2209 3181 2280 quisque
3213 2211 3396 2276 potest
3421 2206 3480 2261 in
3512 2204 3706 2260 tribus

2053 2297 2230 2353 editis
2259 2297 2773 2354 dissertationibus
2814 2298 2938 2367 ejus
2967 2297 3213 2366 Operum
3242 2295 3703 2367 posthumorum.

2055 2387 2136 2442 Ex
2167 2387 2384 2442 nostris
2423 2392 2610 2442 autem
2643 2386 3029 2456 scriptoribus
3055 2399 3338 2442 nonnemo
3385 2397 3704 2453 suspensus

2055 2476 2250 2532 animo
2280 2476 2419 2546 quid
2451 2476 2686 2532 consilii
2719 2480 2945 2545 caperet
2994 2475 3294 2546 ignorabat
3343 2475 3404 2529 in
3451 2473 3713 2529 chrono-

2056 2564 2207 2636 logia
2237 2564 2531 2634 pontiﬁcia
2566 2564 2930 2620 stabilienda.
2974 2563 3374 2634 Prajudicatis
3397 2562 3550 2618 enim
3573 2561 3714 2631 opi—

2057 2653 2334 2709 nionibus
2368 2654 2579 2710 ductus
2603 2667 2729 2710 cum
2760 2653 3036 2709 rationem
3067 2653 3276 2708 habere
3314 2650 3713 2707 tantummodo

2057 2745 2355 2800 statuisset
2373 2744 2558 2801 solius
2573 2743 2836 2800 codicum
2853 2742 3244 2813 antiquitatis,
3266 2741 3505 2796 minime
3527 2753 3715 2796 neces.

2059 2833 2278 2893 sarium
2301 2833 2546 2891 ducebat
2563 2834 2621 2889 in
2637 2831 2821 2889 fontes
2841 2833 3221 2888 dissimilium
3244 2831 3540 2902 inquirere
3556 2829 3716 2884 Cata-

2060 2923 2322 2994 logorum
2349 2936 2661 2993 eorumque
2696 2922 2767 2978 de
2783 2922 3010 2993 origine
3039 2926 3095 2978 et
3122 2921 3467 2977 auctoritate
3493 2919 3716 2975 certio-

304 3023 429 3080 qua
457 3008 682 3064 scilicet
716 3008 981 3065 ostendat
1013 3011 1293 3078 quantum
1335 3003 1593 3075 praferri
1628 3005 1952 3059 mereantur

2063 3026 2181 3068 rem
2227 3013 2371 3068 ﬁeri.
2422 3012 2538 3068 Nos
2583 3017 2775 3068 autem
2824 3025 2952 3067 cum
2997 3010 3332 3067 Tertuliano
3373 3008 3459 3080 (de
3503 3007 3715 3063 Corona

305 3097 596 3170 pontiﬁcis
645 3097 923 3168 catalogis
973 3101 1338 3153 externorum
1383 3093 1767 3163 archivorum,
1817 3090 1953 3146 licet

304 3201 508 3259 magna
538 3192 818 3242 vetustate
839 3185 1270 3257 praestantibus,
1303 3183 1555 3254 Catalogi
1584 3179 1954 3238 bibliothecis

302 3275 523 3332 Italicis
549 3276 880 3348 antiquitus
908 3274 1311 3344 commendati,
1339 3278 1395 3329 et
1423 3287 1455 3328 a
1486 3272 1757 3344 genuinis
1785 3271 1954 3326 docu-

305 3367 513 3422 mentis
547 3367 811 3423 Romana
852 3365 1120 3421 Ecclesia
1149 3369 1268 3420 tum
1323 3359 1582 3432 profecti,
1607 3365 1728 3417 tum
1757 3373 1958 3416 emen-

302 3456 446 3526 dati,
493 3469 559 3513 eo
607 3469 722 3527 quo
776 3455 925 3512 infra
969 3455 1230 3511 dicemus
1261 3452 1427 3509 modo
1483 3451 1540 3505 in
1590 3455 1784 3506 nostra
1826 3450 1958 3505 dis-

306 3545 617 3601 sertatione
678 3544 748 3600 de
807 3543 1094 3614 Catalogis
1141 3541 1404 3612 antiquis
1451 3539 1785 3610 pontiﬁcum
1838 3539 1958 3594 Ro-

307 3649 626 3704 manorum,
671 3647 984 3704 eorumque
1046 3632 1272 3688 delectu
1317 3635 1372 3687 et
1409 3629 1772 3686 auctoritate.
1819 3629 1960 3684 Bre-

308 3726 476 3782 vibus
528 3729 716 3780 autem
779 3735 903 3778 eam
951 3721 1392 3791 complectemur
1443 3721 1503 3776 in
1578 3724 1954 3788 antecessum,

311 3814 429 3871 hac
468 3811 864 3889 observantes.

379 3900 758 3960 Conferantur
790 3897 1032 3954 invicem
1076 3896 1297 3952 numeri
1332 3900 1576 3966 utroque
1599 3896 1657 3950 in
1693 3895 1960 3967 Catalogo

309 3990 677 4052 Corbeiensis
705 3987 930 4045 archivi
961 3986 1233 4043 attributi
1264 3986 1387 4041 sedi
1419 3984 1783 4055 singulorum
1811 3997 1962 4053 pon—

314 4083 552 4139 tiﬁcum.
609 4081 765 4136 Licet
814 4079 872 4134 in
926 4090 1040 4132 uno
1085 4075 1356 4145 Catalogo
1412 4079 1468 4129 et
1518 4074 1807 4142 scriptura
1855 4084 1962 4128 co-

310 4171 464 4228 dicis
491 4173 765 4241 appareat
806 4165 1134 4237 antiquitas
1171 4163 1436 4220 undecim
1489 4162 1851 4231 saculorum,
1898 4161 1957 4216 in

311 4259 492 4316 altero
551 4259 742 4314 decem
795 4260 852 4310 et
913 4254 1132 4309 idcirco
1207 4265 1319 4307 non
1381 4252 1558 4308 distet
1605 4256 1742 4307 atas
1797 4263 1960 4306 ama-

2060 3103 2318 3172 militum,
2364 3102 2571 3174 pagina
2617 3098 2740 3168 344,
2783 3100 3063 3156 editionis
3093 3099 3242 3156 della
3276 3098 3461 3169 Barre)
3509 3099 3719 3154 decer—

2065 3198 2264 3250 nentes
2309 3191 2380 3247 ab
2435 3190 2768 3263 originibus
2807 3204 2930 3246 esse
2960 3189 3294 3259 repetendas
3346 3186 3610 3244 notiones
3642 3185 3713 3241 ad

2066 3283 2371 3340 historiam
2411 3281 2782 3352 pertinentes,
2807 3280 3106 3350 ipsamque
3137 3279 3195 3334 in
3229 3278 3434 3348 primis
3463 3277 3719 3334 chrono—

2067 3372 2300 3444 logiam,
2322 3385 2448 3441 qua
2481 3369 2639 3425 basis
2669 3373 2954 3442 gestorum
2986 3368 3181 3424 haberi
3213 3367 3379 3423 debet
3406 3380 3471 3422 ac
3501 3365 3721 3422 funda—

2069 3465 2343 3528 mentum,
2394 3459 2670 3516 duximus
2699 3458 2950 3514 eamdem
2994 3456 3065 3513 ab
3106 3456 3182 3512 iis
3208 3455 3496 3528 Catalogis
3529 3455 3722 3511 tutius

2070 3552 2398 3622 perceptum
2431 3548 2529 3616 iri,
2578 3546 2678 3619 qui
2731 3551 2922 3603 essent
2971 3544 3209 3616 profecti
3240 3559 3272 3600 a
3299 3544 3568 3616 genuinis
3603 3543 3724 3600 do-

2068 3638 2354 3698 cumentis
2426 3638 2692 3694 Romana
2758 3635 3043 3703 Ecclesia,
3111 3635 3427 3705 prasertim
3488 3631 3723 3704 publice

2070 3728 2298 3799 positis,
2345 3730 2402 3783 et
2453 3725 2555 3782 illa
2585 3729 2748 3782 atate
2801 3739 2928 3796 qua
2970 3723 3353 3795 diligentibus
3402 3736 3468 3778 ac
3511 3721 3725 3792 peritis

2069 3817 2436 3889 chron010gis
2491 3831 2604 3887 pra
2633 3816 2858 3872 cateris
2900 3814 3245 3870 abundaret:
3292 3826 3457 3884 quam
3485 3812 3724 3868 deﬁniri

2071 3911 2277 3976 quarto
2325 3910 2380 3960 et
2446 3906 2652 3976 quinto
2698 3903 2914 3960 Christi
2966 3903 3178 3959 saculo
3229 3915 3425 3958 omnes
3471 3914 3728 3957 consen—

2071 3995 2246 4062 tiunt,
2302 4007 2367 4048 ac
2420 4007 2510 4049 res
2557 3994 2680 4063 ipsa
2710 3994 2893 4062 docet,
2954 3992 3040 4047 uti
3073 3990 3268 4047 fusius
3309 3991 3603 4048 ostendam
3661 3989 3724 4044 in

2067 4083 2476 4139 dissertatione
2498 4082 2752 4137 indicata
2777 4083 2846 4136 de
2875 4079 3119 4136 vetustis
3151 4082 3536 4136 Romanorum
3573 4091 3728 4149 pon-

2066 4171 2288 4232 tiﬁcum
2308 4173 2615 4244 Cata10gis.
2646 4159 3032 4242 Consequitur
3059 4177 3248 4228 autem
3277 4171 3409 4227 inde
3431 4175 3494 4226 ut
3523 4169 3573 4226 si
3596 4182 3728 4238 qua

2071 4266 2249 4322 series
2287 4262 2569 4319 vetustior
2613 4261 2950 4331 pontiﬁcum
3005 4267 3060 4317 et
3106 4260 3478 4330 chronologia
3522 4261 3728 4314 exsta-

317 4349 622 4404 ηιιθηεῖυπι
673 4359 705 4401 ³
775 4343 994 4415 ﬁnibus
1071 4340 1542 4399 describebant“?
1594 4341 1724 4410 Plus
1788 4352 1959 4410 quam
1992 4349 2158 4412 Dret
2207 4352 2438 4423 publice
2480 4349 2772 4421 proposita
2814 4351 2873 4406 in
2927 4350 3193 4406 basilicis
3232 4347 3726 4420 patriarchalibus

317 4435 525 4492 saculo
583 4447 696 4491 uno
739 4433 824 4489 vel
872 4432 1092 4501 altero;
1149 4436 1394 4486 attamen
1469 4427 1832 4485 incredibilis
1877 4433 1963 4483 est

314 4524 642 4582 differentia
669 4524 978 4592 utriusque
999 4519 1408 4592 chron010gia.
1447 4520 1784 4588 Plerumque
1807 4517 1962 4573 enim

318 4627 500 4685 neque
548 4613 685 4669 anni
736 4612 1130 4681 consentiunt,
1183 4623 1284 4665 nec
1328 4621 1570 4677 menses,
1625 4612 1688 4664 ut
1733 4607 1962 4662 dierum

314 4703 658 4760 discrimina
703 4702 988 4772 negligam
1035 4707 1307 4770 tanquam
1348 4697 1681 4753 minutiora.
1742 4695 1964 4764 Septem

319 4793 653 4864 pontiﬁcum
686 4805 718 4848 a
747 4793 803 4847 S.
837 4792 1002 4847 Petro
1054 4789 1446 4860 proximorum
1498 4787 1674 4843 hosce
1697 4796 1966 4842 numeros

317 4883 579 4940 videmus
607 4881 940 4938 attributos.

566 5008 634 5060 In
681 5007 987 5063 Corbeiensi
999 5008 1046 5062 Ι.

672 5127 777 5183 An.
809 5132 983 5186 Mens.
1021 5131 1172 5186 Dies.
1465 5125 1572 5181 An.
1604 5127 1780 5181 Mens.
1811 5125 1963 5182 Dies.

319 5255 372 5310 S.
419 5254 598 5310 Linus
780 5249 866 5306 44.
1012 5251 1065 5307 3.
1215 5249 1303 5307 42.
1470 5246 1526 5305 2.
1673 5248 1727 5306 5.
1877 5247 1962 5305 42.

321 5343 377 5398 S.
416 5343 610 5398 Cletus
791 5337 876 5396 42.
1027 5338 1078 5395 4.
1259 5337 1314 5396 2.
1479 5336 1534 5393 8.
1670 5335 1723 5395 2.
1909 5337 1962 5395 5.

323 5431 374 5487 S.
417 5430 680 5485 Clemens
831 5427 883 5486 9.
1001 5425 1086 5484 40.
1276 5424 1324 5482 4.
1493 5424 1550 5480 6.
1677 5424 1727 5482 4.
1879 5423 1965 5482 44.

323 5521 378 5578 S.
419 5517 728 5575 Anacletus
903 5517 1084 5576 deest.
1657 5514 1833 5573 deest.

1442 5004 1506 5060 In
1535 5002 1845 5059 Corbeiensi
1877 5002 1960 5058 II.

2072 4447 2264 4501 Roma
2330 4441 2576 4513 (qualem
2631 4442 2872 4511 reperiri
2943 4439 3309 4510 superstitem
3368 4451 3567 4510 magna
3629 4438 3724 4493 sui

2077 4539 2236 4606 parte
2277 4531 2572 4588 ostendam
2632 4530 2694 4585 in
2748 4532 2802 4586 S.
2847 4530 3008 4586 Pauli
3054 4529 3146 4584 via
3189 4528 3484 4598 Ostiensi).
3544 4541 3729 4598 eaque

2074 4621 2389 4682 conformis
2476 4620 2826 4690 reperiretur
2881 4625 3002 4676 tum
3071 4619 3294 4675 cateris
3363 4617 3730 4675 documentis

2075 4713 2345 4770 Actorum
2405 4709 2466 4764 in
2517 4709 2789 4764 conciliis
2853 4712 2908 4764 et
2955 4707 3330 4779 epistolarum
3385 4705 3731 4762 indubitata

2075 4801 2208 4858 ﬁdei
2241 4799 2600 4856 characteres
2638 4797 3033 4863 retinentium,
3085 4800 3206 4852 tum
3254 4797 3542 4868 Catalogis
3566 4795 3734 4851 anti-

2077 4889 2386 4964 quioribus
2462 4887 2823 4958 praservatis
2865 4887 3014 4955 apud
3057 4886 3286 4943 Italicas
3346 4885 3735 4942 bibliothecas

2077 4987 2133 5038 et
2184 4979 2442 5050 archiva,
2477 4976 2810 5047 hujusmodi
2856 4979 3061 5032 seriem
3102 4975 3224 5033 fore
3273 4976 3513 5046 Lydium
3568 4973 3733 5046 lapi-

2075 5071 2203 5128 dem
2228 5069 2296 5126 ad
2322 5081 2486 5140 quem
2507 5065 2647 5122 ﬁdes
2673 5064 3066 5138 Catalogorum
3096 5066 3353 5122 omnium
3379 5066 3730 5136 exigeretur.

2077 5159 2185 5216 Ubi
2211 5164 2400 5214 autem
2447 5155 2641 5226 plures
2681 5154 2957 5228 Catalogi,
2993 5155 3154 5227 iique
3183 5152 3588 5226 antiquissimi
3628 5167 3734 5210 re-

2081 5249 2408 5320 perirentur
2432 5245 2589 5301 Italis
2611 5245 2671 5300 in
2696 5244 3075 5301 bibliothecis
3097 5243 3516 5301 cathedralium
3541 5242 3737 5299 eccle—

2079 5338 2299 5395 siarum
2325 5349 2390 5391 ac
2416 5334 2905 5391 monasteriorum
2932 5334 3276 5406 insignium,
3311 5333 3411 5405 qui
3442 5332 3736 5390 consenti-

2082 5430 2210 5484 rent
2255 5438 2384 5483 cum
2435 5423 2585 5480 serie
2648 5423 2905 5479 indicata
2959 5427 3016 5480 et
3083 5421 3480 5496 chronologia,
3540 5424 3737 5478 essent

1991 5555 2001 5561 -
2084 5516 2288 5573 merits
2343 5511 2681 5586 praferendi
2751 5509 2975 5569 cateris
3032 5510 3520 5583 discrepantibus.
3591 5511 3762 5566 Nam-
