4060 6176
276 272 380 336 457

992 271 1394 332 SCHELESTR.
1436 271 1741 330 DISSERT.
1781 271 1872 330 DE
1910 269 2140 342 ANTIQ.
2181 266 2350 326 ROM.
2390 267 2592 326 PONT.
2629 263 2967 324 CATALOG.

3587 257 3692 319 458

276 400 611 459 Italicarum
671 397 1041 455 ecclesiarum
1100 398 1461 470 proximitas,
1510 412 1637 470 quae
1699 397 1922 468 copiam
1954 396 2008 456 A
2041 395 2484 466 descriptorum.
2528 394 2682 449 Hanc
2710 404 2842 448 vero
2890 388 3282 447 diﬂicultatem
3311 400 3426 459 prae
3465 384 3688 444 caeteris

278 489 651 560 comparandi
689 486 1048 559 frequentius
1092 487 1381 558 praeberet,
1423 489 1670 558 scriptos
1696 487 1929 544 Catalo—

277 595 379 652 gos
425 585 482 634 et
525 577 787 647 exempla
844 591 972 632 cum
1024 578 1342 648 prototypis
1393 577 1763 632 basilicarum
1822 589 1928 646 pa—

278 669 708 729 triarchalium,
746 668 877 736 jure
919 680 1258 736 praesumere
1306 680 1408 723 nos
1449 666 1741 730 suadebat,
1797 679 1932 722 cor-

280 759 498 816 rectius
554 756 844 824 descripta
892 768 960 810 ex
1011 755 1169 810 hisce
1216 756 1489 810 Romanis
1546 755 1804 811 fontibus
1866 767 1931 810 ea

280 849 462 904 fuisse
496 859 621 918 quae
650 858 780 900 cum
817 844 907 898 bis
949 844 1206 913 proxime
1237 844 1645 900 consentirent.
1679 844 1934 899 Dissita—

279 951 406 994 rum
452 940 642 991 autem
697 934 994 1005 regionum
1041 938 1097 987 et
1150 933 1573 1002 provinciarum
1623 935 1933 1002 scriptores

277 1033 332 1082 et
376 1037 778 1091 amanuenses,
821 1021 1034 1091 quibus
1082 1022 1268 1077 minor
1313 1021 1564 1077 facilitas
1600 1028 1722 1077 erat
1768 1035 1936 1077 acce-

277 1116 450 1173 dendi
499 1114 567 1169 ad
623 1112 849 1182 Urbem,
891 1117 945 1166 et
988 1110 1242 1181 exempla
1291 1126 1396 1168 sua
1435 1111 1762 1168 conferendi
1803 1125 1931 1167 cum

279 1204 553 1280 genuinis
595 1203 718 1258 illis
759 1201 1128 1256 monimentis
1172 1201 1544 1256 basilicarum
1578 1201 1767 1268 Urbis,
1820 1215 1931 1256 non

280 1298 360 1352 ita
399 1294 642 1352 ﬁdenter
691 1295 951 1360 poterant
989 1304 1210 1346 errores
1258 1304 1324 1346 ac
1357 1291 1721 1346 diversitates
1759 1291 1935 1346 corri-

279 1399 427 1458 gere,
483 1397 611 1455 quae
660 1381 1059 1437 invenirentur
1114 1380 1173 1435 in
1205 1380 1462 1436 numeris
1493 1382 1755 1437 codicum
1796 1395 1827 1436 a
1874 1394 1934 1436 se

2042 485 2415 556 comprobant
2478 484 2595 540 duo
2652 481 2742 538 illi
2798 479 3051 551 Catalogi
3103 477 3489 546 Corbeienses,
3529 478 3688 531 tanta

2040 574 2428 646 discrepantia
2480 572 2823 643 epocharum
2869 570 3165 626 discordes
3199 569 3256 624 in
3308 571 3465 623 tanta
3511 564 3688 621 aﬁini-

2041 668 2155 720 tate
2183 677 2249 718 ac
2270 661 2659 718 similitudine
2686 659 3011 715 vetustatis.

2114 755 2238 808 Haec
2277 752 2523 807 breviter
2568 751 2854 820 indicasse
2897 747 3164 816 sufficiat,
3214 743 3512 802 occasione
3536 745 3694 796 nota~

2044 857 2171 899 rum
2215 843 2283 898 ad
2329 840 2697 896 Corbeienses
2754 838 3054 909 Catalogos
3107 833 3582 900 adhibendarum,
3629 832 3693 884 ut

2047 937 2326 988 momenta
2375 934 2576 986 czetera
2615 929 3028 1000 perpendamus
3074 940 3201 999 quae
3243 923 3463 980 Italicis
3501 918 3693 976 tribus

2042 1019 2473 1092 antiquissimis
2504 1019 2709 1081 favent,
2745 1016 3241 1075 consentientibus
3282 1019 3403 1070 tum
3428 1013 3579 1068 inter
3609 1021 3688 1076 se,

2045 1115 2164 1168 tum
2207 1109 2477 1181 genuinis
2506 1123 2634 1164 cum
2671 1108 3030 1164 documentis
3083 1107 3345 1161 Romanae
3384 1100 3685 1158 Ecclesiae:

2045 1202 2194 1272 quod
2258 1202 2316 1256 in
2380 1206 2574 1256 nostra
2627 1198 3036 1254 dissertatione
3094 1201 3221 1267 post
3277 1195 3593 1265 proximam
3658 1206 3692 1248 a

2043 1290 2449 1347 Schelestratio
2497 1291 2794 1361 petendam
2842 1287 3092 1345 conabor
3135 1299 3235 1358 pro
3273 1285 3498 1342 viribus
3540 1297 3694 1355 prae-

2045 1388 2215 1438 stare.
2929 1385 2932 1388 ’

280 1553 3660 1580 ______________________._________.___————

919 1707 1730 1820 EMMANUEL-
1819 1709 1898 1820 A
1985 1706 3052 1819 SCHELESTRATE

1339 1918 2628 2038 DISSERTATIO

717 2136 848 2205 DE
949 2138 1474 2226 ANTIQUIS
1593 2139 1996 2210 ROMAN.

2123 2139 2558 2208 PONTIF.
2655 2131 3268 2208 CATALOGIS

1087 2291 1204 2352 Ea;
1240 2288 1486 2371 quibus
1523 2289 1723 2354 Liber
1755 2289 2191 2368 Pontiﬁcalis
2228 2290 2678 2354 concinnatus
2711 2284 2880 2368 fuit,

800 2428 910 2492 ET
947 2431 1060 2493 DE
1100 2432 1325 2496 LIBRI
1369 2433 1953 2497 PONTIFICALIS
2010 2433 2402 2497 AUCTORE
2453 2434 2560 2496 AC
2608 2427 3178 2496 PRESTANTIA.

1789 2582 2185 2596 _

835 2697 1056 2755 CAPUT
1098 2700 1392 2756 PRIMUM.

287 2790 364 2844 De
401 2789 656 2856 antiquis
684 2788 942 2843 Patribus
967 2795 1016 2843 et
1041 2791 1396 2859 scriptoribus
1427 2791 1525 2859 qui
1560 2791 1946 2846 successionem

363 2861 734 2914 Romanorum
791 2863 1112 2931 pontificum
1164 2863 1280 2917 suis
1333 2861 1584 2932 operibus
1632 2866 1730 2916 aut
1780 2863 1945 2917 chro—

361 2933 506 2987 nicis
529 2933 898 2986 inseruerunt.

296 3036 436 3087 Inter
465 3037 912 3101 antiquosPatres
947 3038 998 3086 et
1027 3038 1302 3100 scriptores
1326 3037 1415 3101 qui
1445 3039 1796 3088 Romanorum
1819 3051 1946 3100 pon-

358 3101 554 3150 tiﬁcum
587 3100 889 3162 Catalogum
924 3104 1210 3158 texuerunt,
1237 3100 1357 3149 sunt
1381 3102 1724 3162 antiquissimi
1753 3102 1812 3148 D.
1845 3101 1945 3149 Ire-

356 3177 519 3219 nasus,
544 3164 629 3226 qui
651 3163 745 3226 sub
770 3163 1066 3212 Eleutherio
1090 3165 1307 3212 Romam
1331 3163 1576 3223 venit;’D.
1605 3163 1822 3225 Optatus
1845 3163 1942 3211 Mi-

351 3225 625 3286 levitanus,
659 3225 746 3287 qui
769 3227 823 3274 in
844 3226 1057 3289 Siricio;
1085 3241 1143 3274 ac
1171 3228 1232 3276 D.
1253 3227 1594 3286 Augustinus,
1617 3228 1706 3289 qui
1729 3227 1783 3274 in
1810 3227 1944 3274 Ana-

350 3289 516 3352 stasio
550 3289 754 3336 ﬁniunt.
792 3315 852 3324 —
883 3288 945 3337 lI.
990 3289 1099 3338 Hos
1125 3289 1430 3337 subsecutus
1455 3291 1530 3338 est
1564 3288 1747 3338 Victor
1772 3289 1947 3352 Tunn-

355 3351 552 3409 nensis,
572 3352 634 3398 de
651 3365 754 3413 quo
776 3352 959 3400 lsidori
989 3352 1306 3413 Hispalensis
1326 3352 1678 3400 testimonium
1701 3351 1942 3400 adfertur.

354 3414 564 3462 Editum
593 3415 670 3461 est
695 3412 988 3462 Chronicon
1018 3412 1247 3462 Victoris
1299 3429 1326 3462 a
1359 3413 1644 3474 Scaligero,
1687 3417 1738 3461 et
1767 3413 1947 3462 ultima

358 3475 470 3537 ejus
502 3476 674 3532 verba,
698 3477 751 3523 in
787 3490 902 3538 quae
925 3491 1068 3524 error
1093 3476 1505 3537 tlhronologicus
1537 3477 1756 3538 irrepsit,
1790 3477 1946 3538 corri-

357 3543 570 3599 guntur.
595 3565 657 3575 -
678 3539 748 3601 III
802 3537 967 3587 Aliam
989 3539 1289 3601 pontiﬁcum
1311 3540 1492 3588 seriem
1513 3537 1766 3587 Eusebius
1787 3537 1949 3586 Chro-

359 3603 476 3649 nico
497 3615 611 3659 suo,
633 3600 934 3663 etihistoriae
969 3600 1200 3650 inseruit.
1231 3601 1527 3651 Chronicnn
1553 3616 1582 3649 a
1604 3601 1666 3650 D.
1697 3602 1950 3663 Hierony-

359 3678 444 3711 mo
474 3664 657 3712 Latine
679 3662 865 3711 factum
889 3666 1041 3712 variis
1066 3665 1194 3713 loris
1226 3667 1429 3712 auctum
1455 3667 1532 3712 est
1550 3678 1610 3712 ac
1633 3662 1944 3725 suppletum,

360 3727 423 3774 de
451 3726 606 3786 cujus
636 3727 924 3786 praestantia
966 3726 1251 3775 Marcellini
1282 3726 1632 3774 testimonium
1660 3727 1946 3775 adducitur.

360 3788 434 3836 De
461 3788 694 3836 Historia
719 3801 808 3849 per
827 3788 1072 3850 Ruﬁnum
1095 3790 1274 3838 Latine
1305 3789 1436 3837 facta
1461 3793 1510 3836 et
1530 3789 1766 3850 suppleta
1787 3801 1950 3850 pauca

357 3853 621 3899 notantur.
653 3877 710 3884 ——
748 3850 834 3898 IV.
871 3849 1127 3900 Chronico
1150 3851 1443 3899 Eusebiano
1475 3850 1572 3898 alia
1594 3849 1745 3897 manu
1773 3849 1949 3898 inserti

360 3917 480 3961 sunt
502 3913 623 3961 anni
647 3911 851 3970 Christi,
880 3927 936 3962 ac
962 3915 1012 3962 in
1036 3913 1299 3962 nonnullis
1322 3913 1451 3961 locis
1477 3914 1797 3961 correctione
1823 3912 1952 3960 indi-

360 3980 467 4036 get.
505 4002 564 4010 —
599 3975 664 4023 V.
691 3976 1056 4024 Desiderantur
1080 3978 1258 4026 Graeca
1284 3975 1594 4038 exemplaria
1614 3975 1768 4037 hujus
1789 3973 1951 4038 Chrof

362 4039 502 4094 uici;
540 4041 736 4085 exstant
767 4042 937 4086 tamen
969 4039 1164 4088 Latium
1199 4036 1463 4087 versiones
1505 4036 1827 4098 Hieronymi,
1863 4036 1949 4099 qui

359 4099 779 4163 supplementum
802 4100 1003 4161 adjecit,
1029 4115 1132 4150 non
1164 4102 1373 4163 quidem
1395 4102 1446 4148 in
1465 4100 1683 4161 juvenili
1704 4103 1869 4159 aetate,
1895 4101 1951 4146 ut

361 4162 596 4210 nonnulli
630 4166 823 4223 putant,
858 4164 948 4211 sed
983 4178 1118 4212 anno
1167 4162 1328 4212 aetatis
1364 4164 1438 4220 47,
1487 4165 1541 4210 ut
1574 4177 1634 4210 ex
1663 4176 1798 4210 anno
1846 4175 1950 4224 quo

360 4224 710 4288 Hieronymus
727 4226 870 4282 obiit,
886 4226 1175 4274 deducitur.
1194 4225 1335 4274 -—VI
1349 4261 1360 4273 .
1386 4225 1632 4288 Sequitur
1653 4224 1949 4288 Chronieon

361 4288 526 4350 sancti
559 4287 818 4349 Prasperi,
854 4291 992 4350 quod
1021 4290 1282 4348 integrum
1317 4286 1490 4335 edidit‘
1509 4287 1793 4350 Philippus
1815 4286 1948 4350 Lab-

360 4349 509 4406 beus,
543 4350 630 4414 qui
673 4349 900 4414 Victoris
931 4352 1191 4414 Aquitani,
1228 4354 1279 4399 et
1306 4350 1562 4414 Gennadii
1599 4349 1948 4414 Massiliensis

360 4413 653 4459 testimonia
678 4413 740 4460 de
775 4412 864 4460 illo
893 4411 1120 4462 adducit.
1159 4415 1521 4463 Adnectuntur
1549 4412 1671 4460 huic
1693 4411 1950 4460 Chronico

363 4473 606 4523 consules
627 4475 690 4521 ab
719 4474 1073 4524 Iucarnatione
1099 4475 1306 4535 Christi,
1335 4489 1498 4537 usque
1530 4475 1591 4523 ad
1615 4473 1949 4537 Consulatum

363 4537 714 4585 Valentiniani
739 4537 862 4586 VIII
893 4541 944 4586 et
973 4538 1268 4588 Anthemii:
1306 4535 1485 4587 retinet
1509 4540 1679 4585 tamen
1708 4535 1950 4585 Chronici

361 4599 642 4647 Eusebiani
663 4613 864 4649 errores
881 4603 930 4649 et
946 4601 1224 4649 nonnullos
1249 4600 1376 4648 alios
1394 4602 1530 4648 circa
1546 4600 1789 4648 consules
1815 4597 1892 4658 adj
1902 4612 1950 4645 e-

363 4661 640 4725 cit.-—VII
660 4661 968 4725 Prosperum
983 4663 1294 4712 subsecutus
1321 4665 1398 4709 est
1424 4662 1754 4710 Marcellinus
1775 4674 1951 4725 comes

362 4724 512 4785 cujus
542 4723 1244 4774 Chronici'mentionemfacit
1272 4725 1628 4779 Cassiodorus,
1663 4723 1951 4784 asseritque

359 4786 486 4835 illud
501 4788 802 4850 perduxisse
816 4802 980 4850 usque
1002 4788 1352 4836 adJustiniani
1363 4787 1950 4850 imperatorisjtempora,

364 4847 652 4911 quod’item
679 4847 910 4910 ejusdem
937 4849 1223 4899 Marcellini
1246 4847 1540 4900 testimonio
1560 4847 1945 4911 comprobatur.

376 4944 650 5002 t.Plures
691 4947 922 5019 quidem
964 4953 1158 5004 nostra
1186 4952 1242 5003 et
1280 4952 1576 5017 parentum
1626 4952 1952 5002 nostrorum

304 5037 577 5092 memoria
624 5037 1008 5092 Romanorum
1069 5037 1406 5106 pontiﬁcum
1467 5035 1626 5092 Vitas
1690 5034 1954 5092 conseri-

305 5131 539 5194 pserunt
561 5144 576 5196 ;
599 5125 696 5181 sed
715 5139 782 5181 ex
803 5125 1238 5197 antiquioribus
1263 5126 1430 5196 pauci
1455 5123 1826 5195 reperiuntur
1850 5122 1953 5194 qui

303 5214 361 5268 in
395 5215 502 5271 hac
533 5220 692 5284 parte
723 5215 1001 5272 historica
1031 5229 1259 5286 operam
1295 5214 1756 5284 industriamque
1790 5224 1952 5267 suam

300 5303 676 5360 collocarunt.
705 5305 850 5360 Sunt
877 5309 1063 5361 tamen
1088 5305 1357 5361 nonnulli
1389 5304 1488 5375 qui
1516 5303 1574 5359 in
1605 5300 1878 5371 operibus
1900 5307 1956 5356 et

1975 2702 2027 2763 B
2057 2704 2262 2775 primis
2320 2705 2390 2762 de
2429 2702 2766 2761 auctoribus
2817 2701 2962 2772 ipsis
3010 2697 3289 2757 nonnulla
3333 2692 3697 2766 prtemittere,

2053 2800 2110 2850 et
2141 2795 2503 2866 quandonam
2535 2800 2591 2850 et
2623 2808 2735 2865 qua
2781 2790 3172 2848 exactitudine
3212 2784 3432 2858 singuli
3463 2781 3702 2851 scripse-

2055 2887 2211 2955 runt,
2256 2885 2506 2941 breviter
2537 2883 2903 2954 investigare.
2930 2880 3008 2934 Ac
3032 2879 3217 2949 primo
3249 2875 3479 2946 quidem
3522 2881 3699 2941 agen—

2051 2973 2190 3028 dum
2239 2974 2415 3029 estde
2463 2974 2680 3029 sanctis
2725 2969 3014 3038 Patribus,
3061 2967 3297 3036 illisque
3343 2959 3701 3028 auctoribus,

2055 3062 2155 3132 qui
2197 3063 2580 3119 Romanorum
2625 3061 2981 3134 pontiﬁcum,
3029 3055 3450 3114 successionem
3477 3049 3705 3106 adnota-

2052 3156 2210 3209 runt.
2241 3153 2453 3209 Horum
2495 3151 2947 3223 antiquissimus
2976 3152 3063 3204 est
3099 3148 3164 3202 D.
3207 3148 3457 3201 Irenzeus
3485 3139 3708 3211 Lugdu'

2055 3244 2251 3298 nensis
2305 3243 2362 3296 in
2422 3241 2610 3298 Gallia
2662 3243 2989 3310 episcOpus,
3026 3237 3127 3307 qui
3185 3235 3286 3290 lib.
3339 3247 3424 3301 ιιι,
3481 3244 3606 3299 cap.
3649 3226 3704 3297 3,

2054 3333 2436 3389 Romanorum
2475 3329 2811 3402 pontiﬁcum
2847 3327 3176 3398 Catalogum
3209 3323 3418 3392 texuit,
3450 3321 3543 3375 his
3573 3331 3706 3373 ver-

2054 3423 2146 3479 bis
2197 3423 2286 3478 illi
2345 3421 2512 3478 ﬁnem
2567 3421 2902 3490 imponens:
2963 3437 2988 3468 «
3029 3418 3192 3470 Nunc
3229 3409 3532 3468 duodecim
3584 3407 3707 3461 loco

2055 3512 2449 3583 episcopatum
2481 3510 2553 3564 ab
2582 3507 2860 3577 apostolis
2884 3504 3052 3558 habet
3073 3498 3461 3556 Eleutherius.
3488 3513 3514 3545 υ
3548 3493 3710 3549 Vixit

2058 3599 2424 3656 Eleutherius
2445 3603 2577 3652 ante
2611 3594 2859 3650 medium
2891 3588 3130 3644 secundi
3162 3585 3381 3654 saeculi,
3419 3598 3536 3654 quo
3578 3595 3707 3638 om-

2058 3689 2231 3746 nibus
2288 3688 2358 3743 de
2406 3683 2770 3742 successione
2817 3682 3200 3736 Romanorum
3256 3673 3592 3745 pontiﬁcum
3648 3671 3705 3726 in
3793 3723 3798 3727 .

2059 3777 2206 3834 Urbe
2257 3780 2519 3832 constare
2564 3771 2841 3829 debebat:
2919 3768 3168 3824 nondum
3224 3764 3377 3820 enim
3431 3777 3463 3818 a
3531 3765 3711 3816 morte

2059 3866 2210 3922 Petri
2272 3864 2561 3936 octoginta
2624 3860 2884 3931 quinque
2948 3856 3085 3912 anni
3161 3853 3515 3911 eﬁluxerant.
3566 3850 3706 3905 Cum

2063 3957 2257 4026 itaque
2306 3957 2552 4010 Irenaeus
2597 3951 2705 4007 sub
2763 3947 3083 4004 Eleutherii
3133 3942 3472 4015 pontiﬁcatu
3521 3941 3711 3996 Romae

2060 4045 2256 4112 fuerit,
2287 4050 2343 4100 et
2380 4044 2762 4099 Romanorum
2797 4036 3134 4108 pontiﬁcum
3163 4033 3496 4103 Catalogum
3523 4035 3715 4084 texue-

2059 4136 2156 4205 rit,
2210 4135 2334 4204 ejus
2383 4133 2487 4187 hac
2528 4131 2598 4186 de
2648 4143 2705 4183 re
2736 4125 3129 4183 testimonium
3172 4135 3292 4178 non
3335 4124 3712 4175 contemnen—

2056 4225 2214 4292 dum,
2254 4223 2352 4278 sed
2395 4228 2458 4277 ut
2514 4216 3054 4290 praestantissimum
3106 4209 3478 4282 antiquitatis
3517 4205 3708 4262 moni-

2062 4317 2314 4369 mentum
2365 4311 2554 4382 magni
2597 4307 2923 4364 faciendum
2977 4304 3225 4359 videtur.
3277 4303 3487 4355 [renato
3520 4302 3708 4352 autem

2059 4402 2469 4472 subjungimus
2507 4400 2653 4456 duos
2681 4395 3084 4453 Africanorum
3121 4394 3350 4447 Patrum
3385 4386 3706 4456 Catalogos,

2059 4506 2304 4564 quorum
2357 4491 2600 4546 alterum
2643 4488 2697 4543 S.
2739 4487 2982 4556 Optatus
3031 4481 3400 4538 Milevitanus
3441 4477 3710 4546 episcopo

2059 4582 2167 4638 sub
2192 4580 2421 4651 Siricio,
2455 4579 2698 4635 alterum
2736 4577 2800 4631 D.
2842 4565 3208 4645 Augustinus
3251 4569 3358 4626 sub
3405 4564 3712 4622 Anastasio

2059 4673 2257 4729 Siricii
2317 4680 2644 4726 successore
2690 4663 3017 4721 ediderunt.
3068 4662 3264 4716 Patres
3321 4671 3450 4713 vero
3508 4655 3600 4711 illi
3643 4653 3707 4707 D.

2060 4761 2256 4818 Irenmi
2290 4758 2629 4815 sententiam
2662 4753 2846 4811 secuti
2871 4752 3092 4808 Cletum
3123 4751 3423 4818 omittunt,
3447 4752 3500 4801 et
3522 4744 3708 4800 solum

2059 4850 2394 4906 Anacletum
2438 4851 2776 4918 agnoscunt,
2836 4846 2898 4900 ut
2957 4841 3135 4898 latius
3195 4837 3346 4895 intra
3396 4849 3465 4890 ex
3511 4845 3706 4889 eorum

2060 4938 2347 5007 CataIOgis
2370 4934 2676 5002 constabit,

2131 5027 2186 5086 2.
2232 5029 2407 5084 Porro
2453 5037 2582 5078 cum
2628 5023 2992 5092 superiorum
3036 5020 3266 5074 Patrum
3315 5011 3571 5084 Catalogi
3625 5023 3711 5066 so-

2064 5120 2183 5176 lum
2231 5118 2299 5175 ad
2331 5112 2621 5172 Anastasii
2670 5110 3065 5182 pontiﬁcatum
3112 5105 3460 5178 pertingant,
3495 5113 3710 5172 nosque

2064 5211 2270 5267 seriem
2314 5203 2776 5276 chronologicam
2821 5212 3002 5272 usque
3047 5197 3117 5253 ad
3161 5198 3429 5254 Joannem
3480 5193 3571 5261 III,
3608 5189 3708 5261 qui

2062 5300 2390 5358 Iustiniano
2410 5300 2699 5367 superstes
2711 5290 2846 5363 fuit,
2863 5288 3134 5362 prosequi
3153 5287 3480 5352 debeamus,
3505 5281 3705 5337 horum

298 5391 602 5449 Chronicis
640 5393 768 5450 suis
815 5399 916 5450 aut
976 5370 1422 5451 successionem-
1446 5370 1802 5463 pontiﬁcum,
1857 5379 2034 5446 autD
2065 5393 2298 5448 Patrum
2341 5387 2682 5457 Catalogum,
2729 5381 3131 5454 supplebimus
3177 5392 3246 5434 ex
3282 5371 3567 5463 Ουτοηίφ
3603 5370 3713 5427 νί-

299 5493 480 5539 annos
507 5488 566 5538 et
597 5496 819 5538 menses
849 5483 1286 5552 pontiﬁcatuum
1301 5481 1694 5553 assignarunt,
1713 5491 1957 5550 quorum

300 5584 427 5627 cum
485 5572 586 5629 hic
629 5571 930 5643 Catalogos
989 5571 1200 5630 referre
1244 5571 1571 5643 debeamus,
1629 5569 1848 5642 placuit
1897 5568 1957 5624 in

2065 5480 2264 5546 ctoris,
2298 5478 2400 5550 qui
2430 5474 2800 5534 Tununensis
2840 5477 2900 5529 in
2929 5469 3122 5528 Africa
3146 5460 3625 5540 episcopusgt‘uit,
3656 5469 3709 5516 et

2065 5573 2208 5626 teste
2234 5568 2453 5625 Isidoro
2473 5567 2626 5625 libro
2655 5563 3020 5637 tOriginum,
3043 5558 3230 5628 capite
3256 5553 3462 5612 ultimo
3494 5571 3520 5606 α
3554 5555 3708 5625 gesta
