4048 6168
332 247 434 307 459

1117 241 1212 300 AD
1247 240 1684 302 ANASTASIUM
1719 235 2237 298 PROLEGOMENA
2274 239 2452 300 EDIT.
2493 234 2928 298 ROM.-VATIC.

3623 237 3726 300 460

327 379 692 454 sequentium
737 383 970 437 aetatum
1021 393 1208 451 usque
1246 379 1314 435 ad
1365 377 1727 435 consulatum
1766 359 2052 432 JustiniA
2088 372 2188 440 rit,
2221 387 2288 430 ex
2319 375 2547 432 ultimis
2575 377 2804 434 duobus
2838 375 3094 434 numeris
3121 376 3272 432 XVII
3298 379 3353 431 et
3378 375 3506 432 XVI
3535 375 3728 431 mani-

323 473 582 528 Junioris
606 472 970 540 imperatoris
983 472 1251 540 explevit.
1280 490 1305 520 n
1339 471 1516 526 Habet
1536 483 1761 540 quoque
1786 468 1976 524 Isido-

331 577 428 618 rus
445 562 593 618 libro
606 562 674 617 de
689 562 842 617 Viris
857 562 1206 630 illustribus,
1221 575 1344 630 cap.
1360 559 1530 625 38,de
1543 559 1735 615 eodem
1755 558 1975 614 Victore

326 653 684 722 Tununensi,
735 666 862 708 eum
895 652 1136 719 coepisse
1174 664 1332 706 suam
1365 650 1677 706 Historiam
1710 663 1738 704 a
1771 648 1974 704 mundi

331 741 617 812 principio
640 759 652 807 ;
675 741 753 796 ita
775 741 924 797 enim
951 740 1163 796 ibidem
1186 738 1391 796 refert:
1422 760 1447 791 α
1468 740 1662 796 Victor
1676 739 1978 794 Tununen-

329 832 411 887 sis
464 831 732 886 Ecclesiaa
778 829 1061 885 Africanae
1105 830 1428 899 episcopus.
1463 830 1568 884 Hic
1613 843 1644 883 a
1691 827 1976 897 principio

329 921 526 976 mundi
559 935 738 992 usque
758 921 824 976 ad
850 921 1098 990 primum
1119 920 1330 976 Justini
1360 919 1619 976 Junioris
1642 917 1970 988 imperium,

328 1009 548 1065 brevem
582 1024 680 1080 per
721 1010 987 1066 consules
1015 1024 1237 1066 annuos
1267 1009 1604 1065 bellicarum
1634 1006 1975 1064 ecclesiasti-

326 1111 636 1169 carumque
668 1113 857 1154 rerum
893 1099 1314 1154 nobilissimam
1364 1097 1746 1169 promulgavit
1775 1097 1974 1153 Histo—

328 1191 490 1251 riam,
546 1188 716 1244 laude
763 1194 818 1243 et
875 1189 1170 1244 notatione
1217 1188 1525 1251 illustrem,
1583 1203 1648 1243 ac
1700 1187 1972 1243 memoria

325 1279 747 1350 dignissimam.
767 1277 870 1332 Hic
898 1290 998 1346 pro
1024 1276 1355 1334 defensione
1378 1278 1552 1333 trium
1574 1275 1971 1346 Capitulorum

323 1368 698 1423 aJustiniano
720 1367 975 1438 Augusto
997 1365 1207 1422 exsilio
1230 1366 1608 1436 in‘ngyptum
1627 1369 1974 1435 transporta-

327 1463 449 1511 tur.
514 1456 647 1510 Inde
699 1470 903 1510 rursus
944 1455 1498 1525 Constantinopolim
1531 1461 1786 1516 vocatus,
1835 1455 1971 1510 dum

323 1544 654 1599 Justiniano
685 1544 1039 1614 imperatori,
1065 1550 1120 1599 et
1147 1544 1426 1614 Eutychio
1454 1543 1976 1612 Constantinopoli-

326 1639 468 1688 tanae
498 1633 660 1688 urbis
675 1634 942 1702 episcOpo
954 1633 1435 1690 obtrectatoribus
1451 1634 1776 1690 earumdem
1794 1633 1973 1688 trium

322 1721 716 1790 Capitulorum
749 1723 1060 1789 resisteret,
1098 1738 1302 1779 rursus
1341 1724 1401 1778 in
1433 1723 1780 1778 monasterio
1809 1723 1973 1791 ejus-

320 1811 444 1865 dem
468 1811 726 1866 civitatis
754 1813 1166 1868 custodiendus
1193 1815 1466 1884 mittitur,
1495 1819 1665 1882 atque
1692 1812 1750 1866 in
1777 1811 1968 1867 eadem

325 1899 711 1967 damnatione,
750 1905 810 1956 ut
842 1901 1065 1970 dicunt,
1100 1916 1437 1971 permanens
1468 1902 1739 1957 moritur.
1775 1919 1802 1952 »
1834 1903 1974 1956 Prae-

327 1989 545 2045 clarum
578 1994 665 2044 est
693 1989 798 2045 hoc
826 1990 1031 2046 Isidori
1075 1990 1145 2046 de
1181 1991 1408 2047 Victore
1431 1992 1764 2047 Tununensi
1799 1991 1973 2047 testi-

322 2079 600 2146 monium,
654 2091 721 2133 ex
767 2093 880 2148 quo
913 2093 1025 2135 non
1071 2079 1256 2136 solum
1307 2085 1530 2136 constat
1566 2081 1636 2137 de
1664 2080 1967 2148 Chronico,

324 2169 417 2224 sed
451 2168 622 2222 etiam
664 2167 733 2222 de
773 2182 1011 2237 persona
1061 2173 1116 2224 et
1145 2171 1291 2225 actis
1328 2171 1596 2238 Victoris,
1635 2171 1735 2241 qui
1791 2172 1971 2226 trium

321 2255 716 2326 Capitulorum
738 2255 1285 2328 defensorexistens,
1303 2261 1582 2316 nonnulla
1607 2275 1705 2330 pro
1721 2261 1970 2331 partium

324 2345 521 2404 studio
542 2345 798 2401 historim
817 2361 934 2402 sua:
957 2347 1273 2405 inseruisse
1295 2351 1571 2407 creditur.
1592 2351 1787 2406 Edidit
1803 2351 1973 2407 Chro-

326 2437 494 2492 nicon
525 2435 715 2514 ipsius
748 2436 807 2490 in
828 2437 1118 2493 Thesauro
1146 2442 1466 2509 temporum
1495 2440 1774 2509 Josephus
1798 2441 1973 2496 Scali-

323 2540 438 2598 ger,
468 2526 616 2596 apud
661 2541 826 2597 quem
873 2527 965 2582 his
997 2528 1186 2584 verbis
1216 2530 1460 2598 incipit:
1501 2549 1528 2581 α
1557 2529 1719 2586 Anno
1748 2531 1970 2587 decimo

322 2619 540 2682 oetavo,
573 2616 878 2673 consulatu
907 2617 1212 2674 Theodosii
1243 2619 1503 2675 Junioris
1532 2619 1727 2674 Victor
1755 2620 1971 2690 episco-

325 2717 431 2773 pus
461 2704 828 2759 Tununensis
862 2707 1126 2761 Ecclesiae
1169 2705 1377 2762 Africae
1413 2707 1723 2763 Historiam
1769 2722 1973 2774 prose—

323 2792 543 2862 quitur,
581 2792 677 2848 ubi
711 2793 952 2863 Prosper
985 2795 1243 2866 reliquit.
1278 2813 1304 2846 υ
1339 2795 1473 2866 Quae
1499 2796 1666 2852 verba
1698 2810 1809 2853 non
1837 2801 1974 2853 sunt

322 2881 573 2937 Victoris
593 2883 980 2947 Tununensis,
1017 2885 1110 2939 sed
1131 2885 1373 2942 alterius
1395 2886 1716 2956 scriptoris.
1744 2886 1842 2957 qui
1867 2888 1973 2942 Eu-

322 2968 490 3040 sebii,
524 2969 873 3041 Hieronymi,
909 2973 1173 3043 Prosperi
1215 2979 1270 3030 et
1315 2975 1566 3031 Victoris
1595 2975 1877 3032 Chronica
1912 2976 1969 3030 in

2085 461 2289 521 festum
2325 466 2402 522 fit.
2433 468 2501 522 Hi
2529 468 2679 523 enim
2713 469 2936 524 numeri
2960 468 3193 524 omnino
3216 466 3557 537 respondent
3584 479 3728 522 vera:

2083 553 2442 623 chronotaxi,
2465 571 2589 626 qum
2615 557 2685 612 ab
2705 571 2853 613 anno
2876 555 2943 613 43
2962 557 3205 629 Augusti
3230 572 3410 628 usque
3427 557 3494 612 ad
3514 569 3726 611 annum

2088 645 2335 716 primum
2357 647 2570 702 Justini
2603 662 2782 705 annos
2814 650 3155 721 quingentos
3180 648 3473 720 sexaginta
3513 651 3728 716 septem

2085 740 2410 805 computat:
2458 743 2512 793 et
2561 739 2608 794 si
2665 752 2815 794 anno
2849 739 3048 795 mundi
3093 736 3253 806 5499,
3301 751 3414 808 quo
3462 737 3731 793 Christus

2084 826 2397 881 secundum
2435 827 2718 883 Victorem
2761 830 2930 884 natus
2959 833 3064 896 est,
3101 827 3397 898 quingenti
3433 826 3729 898 sexaginta

2084 918 2294 983 septem
2340 916 2476 971 anni
2509 918 2914 990 adjungantur,
2966 917 3274 973 habebitur
3302 931 3488 973 annus
3525 915 3728 971 mundi

2080 1001 2240 1071 5766,
2266 1006 2366 1074 qui
2397 1006 2562 1062 debet
2591 1021 2713 1063 esse
2736 1009 2957 1078 primus
2980 1007 3191 1063 Justini
3211 1009 3374 1078 juxta
3397 1012 3729 1075 computum

2082 1094 2357 1150 Victoris.
2395 1094 2579 1166 Atque
2619 1097 2735 1152 haec
2770 1098 2999 1168 quidem
3042 1098 3110 1152 de
3145 1111 3335 1152 errore
3366 1097 3465 1166 qui
3495 1095 3734 1165 irrepsit

2084 1183 2142 1238 in
2164 1183 2486 1240 Chronicon
2516 1184 2788 1255 Victoris,
2815 1187 2963 1257 quod
2996 1186 3214 1243 desinit
3241 1186 3424 1255 primo
3461 1199 3612 1241 anno
3640 1187 3734 1240 Ju-

2083 1273 2245 1343 stini,
2282 1289 2394 1344 quo
2415 1275 2584 1330 etiam
2609 1275 2742 1331 finis
2766 1276 3074 1346 impositus
3097 1279 3185 1330 est
3206 1276 3391 1331 Fastis
3415 1273 3735 1330 consulari-

2082 1360 2209 1428 bus,
2233 1376 2298 1417 ac
2313 1365 2679 1420 Justinianus
2697 1366 3007 1434 imperator
3024 1364 3426 1420 mortalitatem
3450 1363 3731 1436 explevit;

2085 1453 2234 1508 unde
2263 1457 2318 1508 et
2355 1454 2548 1510 eodem
2577 1468 2726 1510 anno
2757 1469 2862 1510 nos
2893 1469 3119 1526 quoque
3161 1455 3327 1509 ﬁnem
3357 1453 3526 1509 rebus
3551 1453 3732 1508 chro-

2085 1541 2367 1612 nologicis
2397 1543 2464 1597 ad
2499 1543 2903 1613 antiquitatem
2933 1543 3326 1612 spectantibus
3349 1543 3729 1611 imponemus.

2153 1629 2206 1686 3.
2241 1632 2425 1687 Priori
2455 1632 2793 1688 chronotaxi
2825 1646 2856 1687 a
2888 1634 3053 1688 Petro
3086 1646 3268 1703 usque
3292 1633 3359 1688 ad
3391 1631 3680 1701 Pelagium
3709 1629 3732 1684 Ι

2006 1726 2055 1786 Β
2082 1719 2338 1777 deductae
2359 1722 2670 1791 adjicimus
2698 1723 3026 1788 secundam,
3053 1735 3220 1793 quam
3251 1721 3534 1777 Eusebius
3556 1721 3733 1776 Caesa-

2083 1810 2294 1867 riensis
2316 1811 2375 1866 in
2415 1811 2714 1866 Palmstina
2745 1811 3049 1881 episcopus
3077 1809 3272 1866 Grazco
3293 1823 3549 1865 sermone
3587 1823 3736 1865 con—

2082 1900 2338 1969 scripsit,
2385 1905 2442 1954 et
2468 1901 2534 1954 D.
2567 1901 2947 1970 Hieronymus
2975 1900 3198 1970 aliique
3241 1900 3527 1969 prosecuti
3571 1903 3731 1955 sunt.

2079 1987 2158 2043 Ac
2208 1989 2456 2058 primum
2504 1989 2735 2058 quidem
2771 1989 2979 2056 locum,
3027 1995 3092 2044 ut
3118 1990 3234 2058 jam
3273 1988 3542 2054 indicavi,
3579 1989 3734 2043 inter

2084 2077 2217 2134 illos
2241 2077 2463 2134 obtinet
2493 2078 2797 2149 Eusebius,
2844 2078 2944 2148 qui
2974 2081 3143 2133 natus
3167 2081 3256 2132 est
3294 2077 3465 2132 tertio
3509 2075 3728 2132 Christi

2082 2169 2312 2236 sarculo,
2349 2182 2462 2238 quo
2486 2169 2735 2224 nondum
2767 2167 3054 2238 perierant
3083 2167 3377 2237 complura
3394 2166 3734 2237 apostolico-

2083 2272 2209 2314 rum
2237 2258 2491 2313 virorum
2519 2259 2754 2326 scripta,
2780 2271 2848 2313 ex
2879 2256 3093 2326 quibus
3120 2257 3191 2312 de
3221 2257 3423 2324 primis
3451 2256 3736 2326 pontiﬁci-

2081 2346 2191 2403 bus
2215 2360 2527 2416 eorumque
2570 2345 2731 2401 Actis
2761 2345 3029 2416 praeclare
3071 2347 3384 2402 constabat.
3433 2349 3510 2403 Ex
3553 2349 3631 2404 iis
3658 2346 3733 2404 ab

2080 2435 2329 2492 Eusebio
2352 2436 2768 2491 Chronicorum
2791 2436 3083 2492 Canonum
3116 2438 3500 2494 omnimodam
3540 2437 3736 2494 histo—

2080 2525 2226 2581 riam
2261 2527 2531 2595 scriptam
2567 2524 2766 2595 fuisse,
2800 2527 2966 2581 testis
2988 2530 3073 2582 est
3091 2526 3158 2581 D.
3196 2527 3594 2598 Hieronymus,
3627 2529 3734 2598 qui

2081 2614 2231 2670 libro
2257 2614 2326 2670 de
2355 2615 2747 2684 Scriptoribus
2771 2614 3184 2672 ecclesiasticis
3209 2615 3418 2672 fatetur
3446 2631 3564 2673 eam
3586 2631 3618 2673 a
3649 2631 3729 2687 se,

2080 2709 2137 2760 et
2181 2705 2487 2760 Latinitate
2535 2705 2825 2770 donatam,
2880 2709 2935 2760 et
2978 2705 3158 2761 variis
3202 2707 3261 2761 in
3316 2706 3461 2762 locis
3504 2712 3731 2764 auctam

2082 2792 2298 2851 fuisse:
2334 2815 2358 2846 «
2388 2795 2693 2850 Sciendum
2717 2794 2869 2849 enim
2900 2799 3005 2863 est,
3038 2813 3064 2846 ››
3091 2795 3286 2866 inquit
3312 2796 3372 2852 in
3402 2795 3735 2866 praefatione

2080 2884 2147 2938 ad
2175 2883 2498 2939 Chronicon
2517 2883 2772 2955 Eusebii,
2799 2903 2826 2935 α
2852 2897 2939 2939 me
2963 2888 3019 2940 et
3040 2884 3391 2954 interpretis,
3417 2890 3474 2940 et
3493 2887 3737 2955 scripto-

2082 2973 2164 3029 ris
2194 2986 2261 3029 ex
2295 2978 2452 3043 parte
2476 2972 2662 3029 ofﬁcio
2692 2987 2859 3029 usum
2887 2993 2899 3028 :
2930 2974 3064 3044 quia
3092 2980 3147 3030 et
3175 2975 3366 3031 Graeca
3399 2975 3735 3030 fidelissime

322 3071 499 3132 unum
550 3072 695 3127 opus
723 3060 976 3131 collegit,
1023 3066 1077 3117 et
1127 3077 1252 3132 quae
1282 3063 1637 3134 antiquioris
1665 3064 1971 3134 scriptoris
2000 3055 2049 3121 C
2079 3062 2354 3132 expressi,
2384 3067 2439 3116 et
2466 3061 2762 3133 nonnulla,
2798 3076 2925 3133 quae
2948 3063 3089 3118 mihi
3121 3063 3450 3120 intermissa
3467 3063 3740 3119 videban-

319 3146 604 3202 Chronico
629 3147 880 3216 deerant,
905 3163 972 3206 ex
1014 3153 1353 3220 posterioris
1383 3153 1626 3209 historia
1657 3141 1971 3210 aut'Chro-

323 3235 452 3291 nico
469 3237 756 3307 adjunxit.
782 3239 938 3294 Finit
954 3254 1084 3296 vero
1105 3241 1425 3299 Chronicon
1451 3258 1619 3299 suum
1638 3243 1730 3299 his
1749 3243 1964 3299 verbis:

325 3345 350 3376 ‹‹
378 3326 746 3396 Colliguntur
774 3343 972 3384 omnes
1002 3332 1140 3387 anni
1184 3331 1253 3386 ab
1278 3332 1492 3389 Adamo
1520 3334 1709 3402 primo
1740 3333 1970 3389 homine

322 3428 504 3484 usque
553 3416 621 3470 ad
672 3418 1029 3474 nativitatem
1080 3421 1309 3476 Domini
1345 3421 1528 3477 nostri
1571 3423 1704 3477 Jesu
1751 3422 1966 3478 Christi

320 3505 635 3559 secundum
658 3519 905 3571 carnem,
937 3522 1062 3578 quae
1086 3507 1231 3564 facta
1253 3510 1591 3579 VMCXCIX,
1616 3523 1646 3564 a
1670 3510 1970 3566 nativitate

319 3604 450 3646 vero
480 3592 706 3648 Domini
743 3595 925 3650 nostri
947 3597 1079 3651 .Iesu
1099 3597 1339 3655 Christi.
1371 3611 1490 3670 quae
1515 3597 1663 3654 facta
1689 3603 1774 3654 est
1797 3599 1971 3654 XLIII

317 3679 564 3749 Augusti
583 3681 878 3738 Octaviani
896 3684 1134 3740 Caesaris
1159 3687 1574 3758 imperii'anno,
1596 3701 1776 3758 usque
1800 3687 1858 3742 in
1878 3701 1975 3743 an-

321 3781 458 3823 num
481 3770 694 3824 Justini
730 3771 979 3838 primum
1014 3773 1298 3842 principis
1325 3776 1484 3831 Rom.
1509 3777 1610 3847 qui
1639 3776 1970 3831 Justiniano

322 3855 380 3910 in
414 3857 657 3926 imperio
701 3861 1001 3931 successit,
1032 3863 1169 3916 anni
1201 3863 1471 3934 DXXVll,
1523 3864 1668 3920 fiunt
1697 3864 1871 3920 simul
1899 3863 1970 3919 ab

317 3943 493 3999 Adam
519 3959 702 4015 usque
729 3947 787 4000 in
814 3961 1029 4004 annum
1059 3949 1305 4017 primum
1353 3953 1649 4008 memorati
1677 3951 1970 4021 Principis

319 4033 722 4102 Romanorum,
759 4036 892 4090 anni
926 4037 1354 4094 VMDCCXXVI.
1387 4059 1412 4090 »
1442 4043 1503 4095 In
1538 4041 1751 4112 quibus
1777 4040 1970 4096 verbis

319 4126 536 4177 certum
570 4127 656 4178 est
701 4138 952 4180 errorem
994 4127 1344 4196 deprehendi
1389 4129 1544 4185 circa
1593 4143 1775 4185 annos
1805 4130 1971 4200 quia

319 4210 621 4267 nativitate
640 4213 857 4269 Christi
892 4229 1074 4285 usque
1103 4217 1171 4272 ad
1208 4216 1594 4288 principatum
1627 4218 1845 4274 Justini
1875 4219 1973 4273 in-

319 4301 649 4357 tercessisse
674 4303 984 4373 dicuntur;
1029 4303 1100 4360 ab
1129 4319 1278 4362 anno
1303 4308 1456 4363 enim
1496 4304 1565 4363 43
1590 4307 1837 4380 Augusti
1872 4307 1976 4363 im-

322 4390 625 4461 peratoris,
658 4404 771 4460 quo
799 4391 1015 4448 Christi
1056 4394 1327 4452 nativitas
1358 4410 1390 4452 a
1439 4397 1667 4453 Victore
1708 4398 1964 4468 ponitur,

321 4492 502 4548 usque
527 4479 594 4534 ad
641 4480 886 4550 primum
932 4496 1144 4540 annum
1196 4485 1426 4555 Justini,
1462 4487 1763 4558 quingenti
1795 4499 1966 4542 sexa—

319 4567 479 4639 ginta
518 4577 730 4639 septem
774 4574 912 4628 anni
945 4575 1413 4647 intercesserunt,
1450 4590 1559 4633 non
1605 4582 1794 4632 autem
1823 4577 1962 4632 anni

317 4658 598 4715 duntaxat
641 4659 942 4733 quingenti
987 4665 1196 4736 viginti
1238 4670 1472 4737 septem,
1507 4671 1572 4720 ut
1631 4664 1872 4721 habetur
1902 4665 1961 4720 in

315 4747 508 4804 verbis
537 4763 711 4819 supra
755 4752 972 4807 citatis.
1006 4753 1165 4809 Hunc
1192 4761 1381 4810 autem
1409 4767 1657 4810 errorem
1693 4753 1838 4810 vitio
1870 4763 1964 4809 ta-

317 4837 690 4896 bellariorum
746 4842 1048 4912 irrepsisse
1086 4849 1364 4913 putarem,
1415 4857 1650 4901 numero
1699 4845 1738 4900 L
1795 4844 1855 4900 in
1909 4844 1964 4899 Χ

318 4932 556 4984 mutato.
588 4930 861 4999 Quamvis
903 4933 1055 4988 enim
1097 4933 1339 4990 ultimus
1366 4947 1647 4992 annorum
1691 4948 1964 4992 numerus

317 5015 390 5070 ab
434 5016 610 5074 Adam
660 5035 845 5091 usque
894 5021 952 5076 in
999 5021 1248 5094 primum
1295 5025 1510 5080 Justini
1558 5038 1770 5080 annum
1810 5025 1961 5095 apud

318 5104 602 5162 Victorem
652 5109 980 5179 adjunctus,
1015 5112 1410 5183 supradictum
1464 5126 1716 5168 errorem
1744 5112 1962 5170 Victori

317 5193 500 5251 tribui
523 5195 728 5253 debere
750 5199 971 5271 innuat,
1000 5200 1055 5257 id
1072 5207 1258 5257 tamen
1279 5200 1391 5259 non
1414 5215 1751 5272 magnopere
1765 5216 1965 5259 curan-

317 5283 454 5339 dum
497 5285 744 5352 videtur,
796 5303 922 5346 cum
956 5290 1144 5360 primo
1187 5303 1424 5347 numero
1453 5290 1624 5346 semel
1669 5298 1959 5361 corrupto,

321 5376 601 5444 posterior
649 5391 682 5433 a
733 5378 1053 5434 tabellariis
1102 5379 1171 5434 ad
1223 5380 1470 5448 priorem
1501 5379 1962 5437 accommodatus

320 5463 599 5521 videatur.
630 5467 789 5536 Quod
822 5470 1010 5523 autem
1038 5467 1183 5522 vttio
1214 5465 1665 5538 tabellariorum,
1689 5483 1801 5526 non
1831 5483 1963 5527 vero

321 5555 568 5611 Victoris
595 5554 964 5612 Tununensis
986 5553 1080 5612 hic
1110 5568 1270 5612 error
1298 5555 1357 5612 in
1378 5555 1697 5616 Chronicon
1727 5558 1966 5630 irrepse-

2081 3156 2196 3221 tur,
2232 3151 2434 3221 adjeci,
2470 3151 2530 3206 in
2557 3151 2807 3207 Romana
2835 3153 3080 3208 maxime
3111 3153 3376 3223 historia,
3413 3167 3581 3224 quam
3608 3155 3735 3211 Eu-

2079 3241 2295 3310 sebius,
2320 3242 2496 3310 hujus
2508 3241 2923 3298 conditorlibri
2941 3255 3052 3298 non
3067 3248 3177 3298 tam
3200 3243 3514 3315 ignorasse,
3536 3247 3735 3314 utpote

2080 3329 2540 3400 eruditissimus,
2573 3343 2743 3400 quam
2776 3335 2840 3386 ut
2862 3330 3054 3387 Graece
3085 3332 3345 3388 scribens
3377 3346 3574 3403 parum
3597 3327 3736 3388 'suis

2079 3419 2465 3474 necessarium
2515 3419 2922 3488 perstrinxisse
2969 3421 3113 3475 mihi
3160 3421 3407 3477 videtur.
3458 3423 3654 3492 Itaque
3701 3436 3731 3476 a

2078 3507 2247 3575 Nino,
2271 3512 2328 3563 et
2351 3506 2634 3562 Abraham
2667 3522 2847 3578 usque
2875 3509 2943 3564 ad
2968 3509 3148 3578 Trojaa
3175 3509 3566 3579 captivitatem
3590 3523 3734 3579 pura

2079 3595 2274 3652 Graeca
2316 3596 2619 3652 translatio
2650 3601 2754 3652 est.
2788 3597 2835 3652 A
2873 3598 3038 3667 Troja
3073 3613 3255 3667 usque
3295 3599 3360 3654 ad
3395 3599 3730 3655 vicesimum

2080 3686 2442 3742 Constantini
2492 3699 2707 3741 annum
2753 3699 2906 3742 nunc
2956 3688 3172 3757 addita,
3208 3702 3362 3744 nunc
3402 3690 3571 3745 mista
3596 3695 3736 3745 sunt

2083 3774 2353 3845 plurima,
2385 3789 2510 3845 quae
2549 3775 2618 3830 de
2659 3776 3020 3846 Tranquillo,
3051 3781 3107 3832 et
3140 3777 3362 3833 caeteris
3399 3777 3734 3835 illustribus

2080 3863 2387 3920 Historicis
2431 3864 2830 3919 curiosissime
2879 3867 3354 3935 excerpsimus.»
3405 3867 3577 3923 Vocat
3626 3869 3733 3925 hoc

2079 3965 2224 4021 opus
2247 3952 2410 4023 plane
2428 3952 2752 4010 mirandum
2773 3954 3142 4011 Marcellinus
3163 3970 3370 4028 comes,
3397 3957 3595 4028 aitque
3617 3972 3729 4015 non

2081 4041 2267 4097 solum
2315 4040 2648 4112 Eusebium,
2696 4043 2789 4098 sed
2823 4048 2878 4099 et
2901 4045 2966 4097 D.
2994 4044 3405 4116 Hieronymum
3437 4053 3730 4104 auctorem

2080 4131 2205 4200 ejus
2252 4132 2430 4186 statui
2461 4130 2683 4186 debere.
2715 4132 2836 4200 Qua
2874 4133 2945 4188 de
2989 4148 3048 4189 re
3094 4136 3382 4192 audienda
3430 4141 3566 4192 sunt
3603 4138 3732 4206 ejus

2082 4219 2285 4276 verba:
2315 4221 2490 4276 «Post
2517 4221 2840 4278 mirandum
2863 4236 3027 4292 opus,
3059 4225 3261 4295 quoda
3288 4225 3489 4281 mundi
3514 4224 3729 4282 fabrica

2083 4322 2266 4380 usque
2305 4311 2365 4365 in
2395 4309 2833 4367 Constantinum
2867 4313 3185 4384 principem
3220 4314 3502 4371 Eusebius
3536 4315 3734 4371 Casa-

1995 4398 2049 4459 D
2082 4399 2293 4454 riensis
2342 4399 2518 4468 hujus
2575 4399 2772 4456 saeculi
2833 4403 3138 4475 originem,
3189 4409 3460 4475 tempora,
3521 4417 3724 4473 annos,

2077 4501 2249 4558 regna
2287 4488 2643 4560 virtutesque
2662 4491 3085 4562 mortalium,et
3100 4493 3388 4549 variarum
3411 4494 3626 4549 artium
3648 4507 3732 4550 re-

2075 4582 2348 4647 pertores,
2368 4579 2742 4650 omniumque
2765 4593 2902 4649 pene
2917 4581 3340 4650 provinciarum
3360 4586 3728 4638 monumenta

2071 4681 2517 4724 commemorans
2549 4670 2743 4725 Graeco
2773 4669 2958 4725 edidit
3001 4669 3146 4741 stylo
3185 4677 3490 4742 nosterque
3519 4673 3731 4728 Hiero-

2072 4772 2276 4830 nymus
2307 4758 2603 4813 transtulit
2639 4759 2696 4813 in
2738 4759 3023 4830 Latinum,
3058 4765 3114 4816 et
3140 4774 3322 4831 usque
3353 4761 3412 4816 in
3434 4761 3725 4818 Valentem

2070 4847 2344 4903 Caesarem
2390 4846 2642 4902 Romano
2689 4846 2898 4915 adjecit
2950 4847 3206 4919 eloquio.
3244 4850 3428 4922 Igitur
3484 4854 3725 4922 uterque

2073 4937 2248 5006 hujus
2287 4937 2478 5005 operis
2523 4941 2742 4991 auctor.
2775 4953 2799 4986 ι)
2830 4934 3017 5007 Atque
3057 4937 3175 4992 haec
3217 4939 3448 5009 quidem
3477 4939 3549 4995 de
3573 4955 3726 5010 pra:-

2071 5024 2287 5082 stantia
2306 5024 2576 5082 Chronici
2602 5023 2930 5096 Eusebiani,
2971 5027 3042 5082 de
3073 5040 3184 5098 qua
3223 5027 3389 5098 plura
3417 5027 3533 5084 alia
3559 5028 3731 5085 adde-

2077 5129 2202 5170 mus
2257 5121 2556 5186 postquam
2607 5113 2886 5170 nonnulla
2937 5118 3329 5173 notaverimus
3379 5117 3449 5173 de
3483 5118 3720 5174 Eusebii

2071 5203 2344 5274 Historia,
2369 5204 2466 5259 cui
2497 5203 2675 5258 series
2705 5217 2932 5275 quoque
2956 5205 3289 5274 pontiﬁcum
3334 5207 3548 5263 inserta
3572 5221 3726 5277 repe-

2075 5293 2244 5349 ritur.
2277 5295 2473 5348 Exstat
2495 5291 2554 5347 in
2583 5291 2831 5348 Archivo
2851 5292 3106 5350 basilica:
3129 5295 3415 5368 principis
3441 5296 3725 5367 apostolo-

2076 5397 2200 5440 rum
2229 5383 2299 5438 de
2327 5381 2476 5438 Urbe
2507 5394 2608 5436 ms.
2637 5382 2815 5438 codex
2845 5383 3142 5455 antiquus,
3167 5386 3267 5456 qui
3302 5386 3453 5442 hunc
3483 5385 3721 5442 titulum

2075 5472 2246 5529 habet
2287 5489 2299 5526 :
2359 5472 2428 5527 In
2476 5469 2678 5527 Christi
2730 5473 2947 5527 nomine
2983 5473 3179 5544 incipit
3239 5476 3485 5530 Historia
3527 5477 3724 5532 Eccle—

2074 5563 2319 5626 siastica,
2369 5577 2537 5633 quam
2590 5561 2647 5618 S.
2699 5562 3059 5633 Hieronymus
3103 5565 3168 5619 de
3197 5562 3456 5620 Chronico
3498 5566 3724 5622 Eusebii
