4060 6176
345 282 438 342 164

1061 284 1464 342 SCHELESTR.
1503 283 1803 342 DISSERT.
1847 285 1939 342 DE
1974 285 2202 357 ANTIQ.
2246 285 2412 344 ROM.
2456 288 2654 346 PONT.
2691 288 3026 350 CATALOG.

3654 299 3757 362 462

341 416 695 472 Caesariensis
750 414 1056 470 Palaestina
1090 414 1154 469 de
1188 415 1369 471 Graec
1404 415 1688 471 transtulit
1719 417 1781 470 in
1823 415 1989 470 Lati—
2021 420 2080 482 Α
2118 417 2399 483 peratoris
2427 418 2808 491 Constantini,
2859 423 3010 494 quod
3062 437 3139 479 xx
3166 425 3291 494 ejus
3333 426 3558 497 imperii
3603 443 3753 487 anno

339 522 472 560 num
501 505 577 559 ad
605 506 979 562 Chromatium
1017 508 1340 576 episcopum.
1385 509 1612 576 Verum,
1657 511 1720 562 ut
1759 506 1991 577 quidam

343 595 518 664 hujus
538 594 680 649 libri
713 609 1005 665 possessor
1037 596 1096 651 in
1127 597 1380 667 margine
1402 597 1638 658 notavit,
1663 595 1851 652 versio
1880 609 1994 652 non

341 691 427 740 est
447 686 512 738 D.
535 685 887 754 Hieronymi,
913 685 1008 740 sed
1031 686 1221 741 Ruﬁni
1243 686 1635 757 Aquileiensis
1657 685 1990 756 presbyteri,

339 775 444 844 qui
474 788 595 829 eam
618 775 791 842 jussu
810 775 1126 830 Chromatii
1144 775 1536 846 Aquileiensis
1560 776 1813 846 episcopi
1838 774 1994 838 fecit,

340 868 404 918 ut
426 877 492 918 ex
516 863 853 933 praefatione
877 868 1046 934 patet,
1071 871 1124 919 et
1163 865 1415 920 eamdem
1453 865 1755 920 historiam
1796 877 1998 934 prose-

336 957 509 1007 cutus
531 958 637 1022 est,
664 957 727 1008 ut
752 959 875 1023 post
894 953 1105 1008 librum
1130 968 1211 1024 1x,
1237 955 1295 1008 in
1320 967 1433 1023 quo
1452 953 1736 1009 Eusebius
1755 953 1998 1022 desinit.

338 1040 398 1093 in
431 1043 630 1098 codice
657 1056 760 1097 ms.
795 1044 1068 1098 additur:
1103 1063 1128 1094 α
1160 1044 1466 1114 Hucusque
1491 1043 1773 1100 Eusebius
1803 1057 1990 1098 rerum

337 1133 395 1186 in
441 1132 705 1187 Ecclesia
755 1138 1040 1204 gestarum
1090 1135 1420 1190 memoriam
1468 1135 1727 1190 tradidit.
1781 1133 1991 1189 Caetera

335 1234 488 1288 vero,
525 1235 652 1291 quae
684 1235 869 1291 usque
914 1223 982 1278 ad
1030 1236 1273 1291 praesens
1321 1227 1545 1293 tempus
1592 1237 1690 1292 per
1730 1223 1988 1278 ordinem

333 1310 720 1365 subsecutura
751 1317 908 1382 sunt,
944 1326 1065 1382 quae
1096 1312 1182 1368 vel
1209 1313 1266 1366 in
1300 1313 1578 1382 majorum
1605 1313 1816 1368 litteris
1841 1324 1995 1380 repe-

331 1401 525 1456 rimus
551 1400 641 1456 vel
673 1406 870 1457 nostra
899 1403 1169 1458 memoria
1201 1404 1464 1474 adscivit,
1499 1403 1686 1458 Patris
1727 1401 1989 1473 religiosi

335 1491 639 1560 praeceptis
667 1497 723 1546 et
749 1495 808 1545 in
843 1491 947 1546 hoc
981 1497 1261 1561 parentes,
1306 1506 1417 1562 qua
1458 1493 1774 1562 poterimus
1810 1491 1996 1546 brevi'

332 1585 470 1647 tate,
495 1581 792 1635 addemus.
830 1600 855 1630 ι)
879 1581 1005 1636 Haac
1035 1581 1298 1651 Ruﬁnus,
1333 1582 1433 1652 qui
1463 1582 1610 1639 duos
1641 1582 1825 1638 libros
1845 1583 1992 1651 adje-

332 1669 434 1735 cit,
466 1675 524 1724 et
544 1683 728 1739 usque
749 1671 816 1726 ad
844 1671 1148 1727 Theodosii
1174 1671 1422 1726 senioris
1442 1670 1664 1728 obitum
1690 1671 1986 1727 historiam

2109 506 2453 564 celebratum
2500 509 2679 568 fuisse
2710 526 2822 568 non
2853 513 3037 568 solum
3086 519 3236 584 patet
3265 529 3331 572 ex
3373 517 3528 586 aliis,
3563 521 3657 576 sed
3685 534 3752 576 ex

2106 595 2232 664 ipso
2263 612 2487 668 quoque
2534 601 2780 657 Eusebio
2831 602 2931 656 lib.
2967 617 3052 670 ιιι,
3101 605 3171 659 de
3201 605 3325 659 Vita
3367 606 3748 678 Constantini,

2104 699 2226 755 cap.
2262 682 2347 741 44.
2381 688 2533 744 Adeo
2553 696 2615 745 ut
2638 705 2705 746 ex
2741 691 2830 747 his
2854 693 3125 749 omnibus
3148 701 3417 764 appareat
3430 696 3748 753 Chronicon

2104 775 2336 831 Eusebii
2371 778 2530 834 valde
2577 787 2909 850 corruptum
2951 783 3020 837 ad
3055 797 3257 839 manus
3298 791 3520 840 nostras
3554 800 3752 856 perve-

2106 865 2279 934 nisse,
2315 881 2495 938 neque
2532 870 2603 924 ab
2637 871 2760 941 ipso
2791 872 3021 942 quidem
3063 874 3420 945 Hieronymo,
3452 877 3552 946 qui
3587 877 3749 946 plura

2102 955 2171 1010 de
2211 971 2314 1012 suo
2344 958 2588 1029 addidit,
2623 958 2803 1016 fuisse
2832 962 2991 1031 plene
3017 962 3086 1017 ab
3117 963 3414 1020 erroribus
3445 970 3747 1037 purgatum

2101 1051 2202 1101 aut
2230 1047 2458 1102 veritati
2486 1063 2604 1104 sua:
2626 1049 2839 1120 ubique
2870 1052 3224 1111 restitutum.

2171 1133 2225 1190 5.
2266 1137 2565 1193 Enimvero
2622 1154 2748 1208 quae
2801 1142 2965 1196 modo
3008 1147 3233 1198 exstant
3279 1143 3334 1198 in
3378 1143 3750 1203 bibliothecis

2103 1227 2491 1296 manuscripta
2533 1228 2814 1285 Chronica
2863 1231 3117 1300 Eusebii,
3166 1230 3280 1286 fere
3327 1233 3517 1288 omnia
3550 1235 3749 1290 Latina

2083 1319 2239 1369 "sunt
2267 1328 2334 1370 ex
2377 1317 2640 1372 versione
2665 1320 2726 1372 D.
2771 1320 3121 1390 Hieronymi,
3160 1321 3262 1391 qui
3309 1321 3467 1377 aliud
3501 1322 3571 1377 ab
3602 1336 3748 1379 anno

2101 1404 2373 1459 vicesimo
2402 1406 2781 1478 Constantini,
2819 1408 2878 1464 in
2907 1423 3017 1479 quo
3046 1409 3280 1465 Eusebii
3309 1411 3629 1466 Chronicon
3659 1411 3751 1467 de-

2103 1493 2264 1563 sinit,
2301 1509 2482 1565 usque
2511 1495 2579 1550 ad
2612 1497 2973 1553 consulatum
3009 1499 3261 1554 Valentis
3295 1501 3358 1554 VI
3402 1505 3458 1555 et
3489 1500 3750 1555 Valenti-

2103 1583 2262 1638 niani
2282 1586 2332 1638 ΙΙ
2353 1586 2742 1656 Augustorum
2768 1595 3105 1656 prosecutus
3125 1595 3230 1645 est.
3255 1590 3399 1645 Sunt
3421 1590 3518 1660 qui
3547 1593 3750 1658 putant

2102 1673 2166 1725 D.
2200 1673 2600 1744 Hieronymum
2641 1675 2948 1731 Eusebiani
2987 1678 3257 1733 Chronici
3289 1678 3747 1747 supplementum

331 1759 779 1817 ecclesiasticam
807 1761 1095 1830 perduxit.
1122 1762 1305 1831 Atque
1336 1762 1452 1816 haec
1488 1761 1558 1816 de
1599 1762 1853 1817 Historia
1883 1761 1990 1818 Eu-
2018 1763 2070 1824 B
2102 1762 2405 1830 scripsisse
2450 1763 2506 1817 in
2547 1765 2791 1832 juvenili
2843 1771 3023 1836 aetate,
3079 1767 3332 1836 adeoque
3382 1766 3524 1820 illud
3575 1769 3747 1821 tantae

332 1851 504 1918 sebii,
543 1851 841 1906 redeamus
869 1851 983 1919 jam
1015 1851 1078 1905 ad
1114 1852 1239 1920 ejus
1268 1851 1615 1907 Chronicon.

404 1936 457 1994 4.
493 1942 728 1996 Exstant
750 1940 1057 1996 Eusebiani
1079 1941 1348 1996 Chronici
1375 1942 1659 1997 editiones
1689 1941 1988 2012 quamplu-

334 2029 514 2098 rimte,
549 2030 609 2082 in
641 2029 858 2099 quibus
879 2031 1228 2084 adnotantur
1252 2030 1388 2084 anni
1419 2030 1658 2097 Christi,
1698 2044 1842 2099 quos
1873 2042 1988 2084 cer-

330 2125 453 2174 tum
484 2126 571 2174 est
603 2132 703 2174 nec
732 2119 804 2174 ab
833 2119 1080 2174 Eusebio
1103 2121 1319 2190 positos
1347 2133 1450 2174 nec
1473 2133 1505 2175 a
1537 2122 1601 2173 D.
1644 2121 1985 2189 Hieronymo

328 2209 580 2276 additos,
598 2209 1060 2279 quandoquidem
1079 2209 1387 2265 hicmodus
1405 2209 1738 2264 numerandi
1755 2217 1986 2265 auctore

324 2299 606 2368 Dionysio
627 2300 846 2372 Exiguo
880 2301 1125 2368 primum
1159 2299 1607 2354 introductussi
1639 2304 1764 2367 post
1793 2312 1972 2353 saecu-v

329 2388 448 2443 lum
473 2389 766 2458 quintum,
790 2396 1041 2458 tempore
1058 2388 1370 2444 Iustiniani
1397 2388 1791 2458 imperatoris:
1832 2387 1982 2444 unde

323 2484 383 2534 et
415 2480 474 2532 in
511 2479 902 2548 manuscripto
931 2479 1127 2534 codice
1157 2480 1477 2534 Amandino
1514 2491 1797 2548 nusquam
1837 2477 1974 2532 anni

322 2567 544 2622 Christi
579 2572 871 2622 notantur.
904 2567 1262 2623 Exhibentur
1282 2573 1467 2622 tamen
1503 2567 1561 2621 in
1591 2580 1725 2622 mss.
1751 2566 1982 2622 codici-

322 2656 436 2712 bus
462 2659 598 2712 anni
636 2658 1062 2728 imperatorum,
1098 2658 1312 2728 quibus
1338 2658 1478 2713 adeo
1499 2663 1719 2713 certum
1745 2663 1834 2712 est
1852 2660 1980 2712 acta

323 2748 596 2804 adnotata
637 2745 816 2804 fuisse
860 2747 930 2803 ab
986 2747 1266 2818 antiquis,
1315 2752 1380 2802 ut
1421 2747 1545 2816 ipse
1588 2746 1874 2805 Eusebius
1921 2747 1980 2801 in

323 2838 582 2893 Historia
601 2837 986 2893 ecclesiastica
1013 2838 1224 2907 passim
1249 2850 1345 2906 per
1364 2849 1547 2892 annos
1570 2837 1982 2905 imperatorum

323 2927 584 2997 assignet
623 2929 1003 2983 Romanorum
1047 2926 1382 2997 pontiﬁcum
1427 2932 1699 2996 tempora,
1741 2931 1799 2981 et
1834 2925 1983 2980 illu—

324 3018 538 3072 striora
570 3017 678 3073 sub
704 3017 850 3088 ipsis
879 3019 936 3072 in
968 3018 1221 3074 Ecclesia
1263 3025 1438 3091 gesta.
1482 3020 1624 3073 Hinc
1654 3024 1710 3072 et
1742 3015 1980 3071 Eusebii

2097 1847 2464 1906 auctoritatis
2502 1853 2844 1908 censendum
2878 1868 2987 1909 non
3031 1868 3172 1909 esse.
3209 1854 3548 1922 Opinionem
3582 1867 3744 1909 suam

2095 1940 2429 1995 conﬁrmare
2456 1947 2695 2010 possunt
2729 1942 2804 1996 iis
2831 1942 3175 2014 rationibus,
3217 1942 3430 2012 quibus
3465 1944 3746 2000 Baronius

2095 2029 2164 2084 ad
2195 2043 2408 2085 annum
2441 2027 2544 2086 420
2571 2037 2863 2100 permotus
2887 2033 3291 2102 Hieronymum
3324 2035 3745 2103 septuagesimo

2095 2123 2291 2174 octavo
2322 2121 2508 2175 aetatis
2536 2133 2684 2176 anno
2714 2121 2930 2176 obiisse
2960 2121 3220 2176 tradidit.
3249 2122 3389 2176 Cum
3419 2123 3571 2176 enim
3601 2135 3748 2177 con-

2093 2212 2201 2262 stet
2234 2209 2384 2263 inter
2425 2223 2620 2265 omnes
2672 2211 2735 2264 D.
2771 2211 3174 2280 Hieronymum
3211 2211 3368 2265 circa
3395 2223 3609 2266 annum
3642 2209 3745 2266 420

2091 2297 2325 2368 obiisse,
2349 2306 2404 2353 et
2436 2301 2556 2369 ipse
2581 2301 2960 2370 Hieronymus
2988 2301 3270 2355 Chronico
3297 2314 3401 2356 suo
3435 2300 3600 2356 tinem
3631 2301 3747 2355 im—

2091 2388 2350 2458 posuerit
2373 2401 2521 2444 anno
2545 2389 2797 2444 Valentis
2823 2390 2965 2458 XIV,
2999 2389 3099 2459 qui
3129 2403 3258 2445 cum
3289 2403 3438 2444 anno
3464 2385 3589 2460 377,
3618 2403 3748 2449 con-

2091 2477 2295 2547 currit,
2352 2483 2798 2547 consequeretur
2851 2479 3084 2534 omnino
3129 2480 3530 2549 Hieronymum
3591 2479 3744 2534 circa

2087 2581 2302 2624 annum
2336 2567 2691 2623 tricesimum
2715 2569 2984 2638 quintum
3011 2568 3534 2624 :etatisChronicon
3561 2568 3745 2624 absol—

2091 2657 2259 2712 visse.
2296 2659 2498 2712 Verum
2533 2663 2909 2728 praeterquam
2955 2658 3103 2727 quod
3138 2657 3470 2714 tricesimus
3501 2658 3744 2728 quintus

2094 2760 2280 2804 annus
2309 2747 2439 2802 vita:
2480 2747 2598 2802 dici
2629 2761 2738 2802 non
2781 2748 2962 2817 possit
2996 2747 3276 2817 juvenilis
3305 2748 3511 2817 aetatis,
3549 2752 3745 2803 notant

2096 2838 2199 2892 alii
2234 2837 2382 2892 haud
2420 2839 2560 2893 adeo
2594 2843 2810 2893 certum
2837 2851 2960 2894 esse
2985 2838 3134 2909 quod
3179 2839 3459 2894 Batonius
3491 2837 3747 2907 proban—

2089 2927 2226 2982 dum
2285 2927 2557 2996 suscepit,
2599 2927 3002 2997 Hieronymum
3057 2927 3281 2983 scilicet
3324 2926 3746 2998 septuagesimo

2090 3021 2285 3072 octavo
2316 3016 2506 3071 aetatis
2535 3030 2684 3073 anno
2714 3016 2956 3072 obiisse.
2995 3017 3269 3086 Quinimo
3292 3017 3346 3073 id
3379 3017 3569 3086 rejicit
3597 3029 3745 3071 com-

323 3105 648 3161 Chronicon
684 3119 784 3175 per
808 3119 988 3162 annos
1015 3107 1422 3177 imperatorum
1463 3106 1811 3176 exhibituri,
1848 3119 1980 3160 cer—
2011 3112 2059 3175 α
2094 3107 2286 3161 munis
2317 3105 2698 3162 recentiorum
2724 3106 3006 3162 sententia
3031 3106 3103 3162 ob
3131 3112 3245 3162 tres
3273 3106 3634 3176 potissimum
3665 3117 3748 3159 ra-

326 3189 439 3251 tam
477 3196 642 3264 juxta
681 3197 1023 3252 sententiam
1070 3197 1301 3252 Eusebii
1347 3198 1730 3252 Romanorum
1783 3195 1970 3265 ponti-

325 3287 494 3343 ﬁcum
526 3287 796 3358 epocham
822 3287 1142 3358 ﬁgeremus,
1171 3287 1220 3342 si
1255 3293 1472 3342 certum
1512 3293 1568 3342 et
1595 3285 1759 3341 ﬁdele
1795 3287 1981 3341 Euse~

323 3377 480 3432 biani
499 3378 770 3433 Chronici
784 3378 1072 3448 exemplar
1084 3377 1337 3432 nancisci
1353 3377 1760 3446 potuissemus.
1778 3376 1980 3432 Verum

325 3481 454 3523 cum
497 3470 890 3538 manuscripta
932 3483 1057 3538 qua:
1097 3469 1284 3524 Romte
1336 3467 1611 3537 vidimus,
1665 3469 1980 3522 recentiora

325 3557 462 3626 sint,
501 3563 559 3612 et
595 3559 930 3629 antiquiora
969 3557 1110 3612 alibi
1163 3563 1386 3612 servata
1435 3556 1609 3611 etiam
1661 3557 1883 3611 varient
1918 3554 1977 3608 in

329 3647 598 3702 notandis
624 3649 1032 3716 imperatorum
1054 3647 1242 3715 annis,
1276 3647 1539 3716 idemque
1564 3645 1823 3700 observet
1854 3646 1978 3699 Au-

328 3735 525 3794 bertus
547 3740 597 3792 Μ
607 3738 778 3792 ἱηειιδ
797 3737 864 3792 de
886 3751 1017 3792 mss.
1043 3736 1343 3792 codicibus
1371 3734 1801 3805 Aquicinctinis
1826 3733 1981 3788 Orte—

329 3827 506 3884 lianis
535 3834 591 3883 et
622 3828 951 3898 Lipsianis:
988 3828 1130 3898 quin
1160 3828 1332 3883 etiam
1364 3841 1493 3883 cum
1533 3825 1714 3882 editio
1744 3822 1979 3880 Arualdi

329 3918 559 3974 Pontaci
593 3919 920 3974 Vazatensis
943 3918 1197 3988 episcopi
1229 3932 1297 3973 ex
1325 3917 1594 3988 pluribus
1617 3929 1752 3971 mss.
1785 3927 1984 3970 exem-

331 4007 591 4077 plaribus
629 4007 982 4079 elucubrata,
1015 4021 1048 4062 a
1077 4005 1351 4078 Scaligeri
1383 4005 1635 4062 editione
1665 4005 1980 4076 plurimum

328 4096 574 4165 differat,
612 4104 762 4167 patet
795 4096 1045 4168 profecto
1069 4096 1340 4152 vacillare
1383 4096 1647 4152 codicum
1678 4096 1731 4150 ei
1763 4095 1982 4150 editio-

331 4201 465 4243 num
487 4189 909 4255 auctoritatem,
941 4188 1205 4258 nihilque
1230 4187 1370 4242 certi
1389 4201 1457 4242 ex
1477 4187 1551 4242 iis
1576 4187 1770 4242 haberi
1794 4199 1977 4256 posse.

328 4278 500 4333 Docet
545 4278 601 4333 id
633 4278 814 4333 editio
860 4278 1047 4348 ipsius
1077 4277 1280 4344 Μίνωι,
1314 4290 1440 4346 quae
1481 4275 1666 4344 habet,
1710 4281 1980 4347 regnante

329 4367 474 4423 Atlio
525 4368 817 4423 Pertinace
862 4367 1146 4423 Victorem
1206 4367 1527 4436 suscepisse
1563 4365 1976 4436 episcopatum,

2095 3196 2297 3261 tiones.
2353 3208 2592 3266 quarum
2644 3195 2829 3265 prima
2859 3209 2927 3250 ex
2971 3196 3161 3252 verbis
3194 3197 3382 3266 ipsius
3418 3196 3742 3266 Hieronymi

2091 3284 2436 3356 desumitur,
2473 3290 2666 3355 utpote
2686 3298 2753 3340 ex
2779 3285 2994 3356 quibus
3023 3286 3314 3352 habemus,
3339 3287 3742 3354 Hieronymum

2096 3388 2205 3430 non
2240 3373 2410 3429 semel
2465 3387 2524 3429 se
2576 3387 2785 3444 senem,
2836 3375 3225 3444 Augustinum
3275 3386 3404 3427 vero
3453 3373 3743 3440 juniorem

2092 3477 2338 3520 vocasse.
2370 3463 2508 3518 Cum
2530 3463 2682 3518 enim
2713 3463 3014 3518 constetS.
3046 3461 3433 3530 Augustinum
3459 3473 3608 3515 anno
3641 3457 3744 3516 430

2091 3553 2346 3623 vulgaris
2391 3566 2536 3620 aeraa,
2570 3551 2755 3605 aetatis
2797 3563 2928 3604 vero
2958 3563 3075 3604 suae
3105 3548 3528 3618 septuageSimo
3561 3553 3740 3620 sexto,

2088 3643 2359 3712 Hippona:
2391 3642 2450 3696 in
2491 3639 2677 3695 Africa
2713 3638 2948 3701 obiisse,
2983 3637 3033 3693 si
3079 3639 3142 3691 D.
3184 3637 3564 3708 Hieronymus
3594 3651 3742 3694 anno

2091 3728 2194 3786 420
2224 3738 2279 3787 et
2299 3729 2486 3785 aetatis
2512 3742 2630 3785 sua:
2661 3728 3083 3799 septuagesimo
3109 3732 3305 3782 octavo
3337 3727 3740 3783 mortalitatem

2091 3819 2449 3890 explevisset,
2511 3823 2731 3874 tantum
2780 3817 3082 3872 duodecim
3146 3816 3317 3872 annis
3370 3820 3507 3872 natu
3566 3817 3745 3886 major

2090 3910 2414 3982 Augustino
2445 3907 3065 3977 fuissetHieronymcs,
3098 3907 3170 3962 ob
3188 3920 3432 3976 quorum
3463 3919 3743 3962 annorum

2091 3999 2474 4056 diﬁ’erentiam
2509 3998 2656 4054 idem
2706 3997 3083 4068 Hieronymus
3114 4009 3408 4066 nunquam
3440 4009 3501 4052 se
3530 4008 3742 4065 senem,

2090 4092 2480 4156 Augustinum
2525 4101 2656 4144 vero
2683 4089 2946 4157 juvenem
2995 4086 3259 4141 dixisset.
3309 4085 3567 4140 Secunda
3597 4084 3744 4140 ratio

2091 4178 2415 4234 desumitur
2456 4190 2526 4232 ex
2557 4175 2887 4232 testimonio
2917 4175 2970 4229 S.
3006 4173 3289 4243 Prosperi,
3325 4174 3387 4226 D.
3430 4171 3743 4243 Augustini

2089 4267 2390 4338 discipuli,
2421 4267 2520 4338 qui
2555 4267 2614 4322 in
2646 4266 2929 4322 Chronico
2945 4277 3050 4320 suo
3082 4263 3317 4319 adnotat
3340 4268 3565 4332 tempus
3597 4263 3746 4317 nati-

2097 4358 2295 4413 vitatis
2321 4356 2591 4412 etobitus
2621 4357 2684 4410 D.
2717 4354 3063 4424 Hieronymi.
3097 4356 3179 4408 Ita
3204 4353 3356 4408 enim
3393 4352 3558 4408 habet
3583 4354 3746 4422 juxta

331 4456 427 4511 ubi
463 4457 587 4527 ipse
617 4457 898 4514 Eusebius
927 4456 1436 4527 librovHistoriaa,
1467 4455 1654 4526 capite
1680 4453 1770 4525 20,
1805 4454 1982 4510 tradit
2009 4461 2064 4523 D
2099 4448 2352 4504 codicem
2406 4447 2788 4503 Lodonensem
2850 4444 3001 4514 apud
3055 4444 3365 4500 Pontacum
3413 4460 3425 4496 :
3478 4444 3645 4497 Basso
3699 4459 3749 4512 et

329 4547 724 4604 Eleutherium
755 4548 972 4604 obiisse
1000 4547 1222 4603 decimo
1247 4561 1396 4603 anno
1422 4546 1712 4602 Commodi
1743 4545 1982 4615 impera-

331 4638 494 4708 toris,
525 4637 715 4694 tribus
740 4639 911 4694 annis
935 4643 1238 4709 antequam
1269 4637 1456 4693 jElius
1484 4637 1751 4693 Pertinax
1781 4637 1850 4693 ad
1885 4637 1987 4691 im-

331 4728 554 4797 perium
588 4729 863 4800 pervenit,
896 4733 954 4784 et
983 4736 1118 4784 tunc
1151 4741 1377 4800 quoque
1406 4727 1736 4783 Eleutherio
1769 4739 1988 4783 succes-

334 4817 474 4873 sisse
499 4818 806 4875 Victorem.
839 4818 1016 4874 Habet
1042 4818 1206 4889 plura
1228 4817 1448 4874 similia
1468 4817 1791 4874 Chronicon
1817 4819 1993 4873 Euse-

332 4905 436 4977 bii,
465 4923 593 4978 quze
629 4914 888 4980 pugnant
915 4923 1044 4964 cum
1083 4909 1158 4964 iis
1185 4923 1310 4980 quas
1355 4909 1662 4964 traduntur
1704 4908 1764 4964 in
1797 4909 1985 4979 ipsius

330 4997 619 5068 Historia;
645 4999 786 5069 quin
815 4999 988 5054 etiam
1018 4998 1134 5055 alia
1167 5013 1292 5069 qua:
1322 4999 1673 5055 correctione
1701 4998 1981 5070 indigent,

330 5093 391 5144 ut
420 5100 485 5144 ea
527 5103 654 5159 quae
687 5087 859 5145 refert
887 5090 958 5145 de
984 5089 1316 5146 Marcellino
1362 5094 1416 5145 et
1443 5087 1707 5145 Marcello
1741 5102 1986 5158 quorum

331 5178 687 5249 temporibus
740 5180 960 5249 ﬂoruit,
999 5194 1146 5250 quos
1177 5186 1361 5237 tamen
1395 5194 1496 5250 pro
1530 5193 1644 5236 uno
1677 5179 1988 5250 eodemque

333 5269 601 5338 pontiﬁce
632 5269 849 5341 insigni
876 5283 1068 5326 errore
1091 5269 1317 5325 habuit.
1358 5270 1517 5325 Finit
1537 5269 1780 5326 subinde
1807 5271 1992 5338 ponti-

330 5359 556 5416 ﬁcatum
582 5359 923 5416 Melchiadis
937 5374 1088 5416 anno
1117 5374 1181 5415 ιιι
1211 5361 1594 5430 Constantini,
1618 5374 1745 5416 cum
1770 5363 1990 5416 constet

329 5463 477 5508 anno
502 5464 584 5506 vn
616 5455 719 5506 aut
739 5464 844 5506 VIII
876 5451 1238 5508 Constantini
1264 5451 1372 5507 sub
1402 5451 1717 5506 Melchiade
1746 5449 1990 5506 celebra-

330 5544 448 5596 tum
499 5539 684 5598 fuisse
726 5541 1042 5598 Romanum
1098 5541 1157 5597 in
1211 5554 1384 5597 causa
1409 5541 1608 5596 Donati
1652 5540 1984 5597 concilium.

330 5630 498 5688 Ponit
525 5631 780 5704 denique
803 5632 1097 5690 Nicsenum
1119 5631 1432 5689 concilium
1455 5631 1526 5688 ad
1551 5643 1765 5689 annum
1795 5644 1868 5688 xv
1892 5631 1993 5688 im-

2093 4541 2328 4596 Ablavio
2354 4536 2697 4597 Consulibus,
2723 4537 3084 4603 Hieronymus
3104 4535 3368 4587 nascitur.
3395 4533 3463 4587 Et
3486 4531 3543 4586 in
3571 4531 3750 4587 omni-

2094 4631 2202 4688 bus
2252 4626 2684 4697 manuscriptis,
2717 4631 2774 4681 et
2801 4624 2978 4682 editis
3007 4641 3019 4677 :
3067 4625 3431 4691 Hieronymus
3460 4622 3748 4691 presbyter

2093 4723 2327 4778 moritur
2351 4734 2496 4774 anno
2522 4719 2696 4773 atatis
2717 4715 3065 4783 nonagesimo
3095 4729 3203 4768 uno
3223 4713 3408 4783 pridie
3430 4712 3558 4765 Kal.
3594 4710 3745 4764 Octo-

2099 4813 2211 4867 bris
2285 4810 2576 4865 Theodosio
2639 4808 2714 4863 1X
2784 4810 2835 4860 et
2896 4805 3208 4860 Constantio
3256 4804 3344 4856 III
3411 4799 3744 4854 consulibus.

2096 4901 2451 4958 Theodosius
2490 4907 2546 4953 et
2584 4895 2956 4953 Constantius
2995 4893 3332 4963 praedictum
3376 4887 3741 4944 consulatum

2098 4995 2395 5067 gesserunt
2423 5000 2572 5043 anno
2604 4983 2726 5056 420,
2759 4987 2965 5041 Bassus
3005 4995 3135 5037 vero
3163 4985 3220 5036 et
3269 4976 3548 5067 Ablavius
3597 4990 3747 5034 anno

2096 5065 2218 5141 334.
2253 5080 2336 5137 Ab
2365 5091 2514 5136 anno
2549 5081 2737 5134 autem
2785 5072 2882 5129 334
2921 5084 3104 5142 usque
3132 5071 3201 5127 ad
3239 5083 3451 5127 annum
3477 5065 3587 5125 420
3617 5067 3749 5138 plus

2099 5187 2266 5246 quam
2297 5168 2370 5227 78
2385 5168 2523 5226 anni
2542 5166 2928 5238 reperiuntur,
2958 5175 3088 5219 cum
3107 5159 3178 5218 90
3195 5160 3331 5218 anni
3358 5157 3742 5236 intercedant:

2099 5266 2236 5322 adeo
2267 5268 2331 5320 ut
2364 5263 2417 5318 S.
2447 5262 2685 5329 Prosper
2710 5254 2937 5313 veritati
2972 5254 3230 5325 proxime
3254 5248 3578 5318 accesserit,
3607 5247 3742 5302 dum

2099 5357 2502 5426 Hieronymum
2551 5361 2700 5405 anno
2746 5345 2932 5402 :etatis
2969 5343 3334 5416 nonagesimo
3367 5351 3482 5394 uno
3531 5335 3748 5393 obiisse

2102 5446 2365 5506 tradidit.
2399 5446 2468 5500 Et
2497 5441 2655 5498 hisce
2678 5438 2842 5510 plane
2871 5436 3221 5494 conveniunt
3252 5442 3376 5501 quae
3404 5428 3559 5498 apud
3594 5428 3750 5482 Mar-

2103 5537 2377 5595 cellinum
2407 5533 2672 5590 comitem
2700 5530 3005 5602 leguntur:
3035 5525 3427 5589 Hieronymum
3455 5518 3749 5573 admodum

2093 5642 2271 5700 senem
2311 5626 2436 5682 vitae
2480 5639 2591 5680 suae
2641 5625 2802 5694 ﬁnem
2828 5620 3052 5688 fecisse:
3084 5618 3296 5686 etquae
3331 5609 3486 5681 apud
3535 5608 3590 5666 S.
3622 5606 3752 5666 Au—
3818 5649 3825 5656 .
