4048 6168
332 304 435 367 463

1128 304 1222 360 AD
1256 301 1694 360 ANASTASIUM
1732 295 2248 358 PROLOGOMENA
2283 297 2459 355 EDIT.
2502 298 2938 358 ROM.-VATIC.

3637 302 3742 363 464

329 436 630 507 gustinum
662 435 766 492 lib.
797 449 814 490 ι
868 438 1068 491 contra
1102 432 1417 501 lulianum,
1451 443 1573 500 cap.
1606 424 1661 497 7,
1708 440 1878 495 usque
1903 423 1991 507 ad.
2012 425 2069 484 A
2105 422 2187 480 lio
2216 423 2456 482 Gemino
2490 427 2846 499 consulibus,
2898 427 3251 486 inchoamus.
3289 446 3316 479 ι
3366 430 3435 486 Et
3467 431 3526 486 in
3555 431 3743 488 Chro-

331 493 660 597 aecrepitam
689 529 898 579 atatem
917 524 1248 594 pervenisse.
1281 523 1408 576 Hac
1438 519 1590 575 enim
1621 531 1750 573 cum
1791 515 1862 570 de
1887 493 1991 569 ho}

331 619 486 674 mine
511 615 876 686 septuaginta
905 619 1032 670 octo
1063 626 1343 668 annorum
1384 611 1479 666 vix
1510 609 1625 665 dici
1657 606 1898 678 possint,
1927 608 1984 659 et

327 709 452 762 viro
483 706 795 776 nonaginta
826 716 1107 760 annorum
1144 702 1349 758 melius
1377 699 1738 767 conveniant,
1773 708 1982 765 seque-

329 803 489 854 retur
545 795 779 852 omnino
848 795 911 849 D.
963 794 1367 864 Hieronymum
1421 803 1486 845 eo
1530 793 1801 858 tempore,
1869 797 1981 854 quo

326 885 650 943 Chronicon
697 883 962 952 absolvit,
1017 895 1229 938 annum
1261 881 1447 936 atatis
1479 875 1976 950 quadragesimum

329 977 636 1046 septimum
662 974 867 1045 egisse.
891 972 1049 1027 Unde
1073 972 1216 1026 illud
1249 982 1540 1041 nunquam
1576 980 1674 1038 pro
1701 963 1980 1035 juvenilis

328 1067 515 1121 atatis
571 1078 738 1134 opere
791 1061 1111 1117 habuerunt
1155 1059 1404 1130 antiqui,
1457 1058 1551 1114 sed
1587 1060 1651 1112 ut
1701 1053 1976 1110 eximium

328 1152 654 1223 Hieronymi
676 1166 822 1221 Opus
854 1150 912 1205 in
936 1149 1120 1219 pretio
1139 1147 1485 1204 habuerunt.
1508 1146 1646 1200 Cum
1669 1143 1888 1200 Idatius
1921 1141 1980 1194 in

327 1241 660 1315 prafatione
684 1241 778 1297 sui
808 1238 1080 1296 Chronici
1114 1236 1392 1294 nonnulla
1425 1234 1671 1290 dixisset
1699 1234 1769 1288 de
1797 1231 1983 1286 Chro—

325 1332 454 1390 nico
485 1329 752 1387 Eusebii:
790 1349 815 1381 α
845 1330 977 1384 Post
995 1327 1166 1393 hunc,
1194 1323 1406 1395 inquit,
1436 1335 1733 1379 successor
1752 1331 1988 1391 syngra-

326 1423 509 1494 pheus
553 1419 835 1490 perfectus
880 1417 1169 1474 universis
1217 1413 1518 1484 factorum,
1574 1412 1982 1479 dictorumque

327 1510 696 1567 monimentis
735 1507 1114 1578 Hieronymus
1165 1504 1454 1575 presbyter
1507 1501 1655 1557 idem
1696 1497 1978 1555 Eusebius

327 1604 720 1671 cognomento,
751 1597 822 1652 de
847 1597 1042 1652 Graco
1076 1595 1135 1650 in
1169 1595 1432 1648 Latinum
1464 1591 1767 1660 scriptura
1805 1587 1978 1656 hujus

329 1687 610 1758 interpres
635 1701 665 1742 a
695 1685 969 1742 vicesimo
993 1697 1144 1739 anno
1169 1681 1489 1752 supradicti
1533 1677 1897 1748 imperatoris
1921 1676 1979 1730 in

2097 513 2256 570 nico:
2294 517 2494 586 Incipit
2524 518 2804 572 adnotatio
2834 520 3114 572 consulum
3143 535 3262 573 cum
3290 520 3519 574 historia
3549 523 3742 590 Ruﬁno

2092 604 2333 667 Gemino,
2375 609 2425 659 et
2476 607 2721 660 Rubellio
2764 606 2984 661 Gemino
3035 622 3167 661 coss.
3216 609 3285 662 Et
3327 607 3489 662 ﬁnit:
3533 610 3744 663 Valen-

2093 695 2305 748 tiniano
2338 696 2468 750 VIII
2491 701 2540 750 et
2581 697 2888 751 Anthemio.
2931 696 3107 752 Habet
3141 701 3197 752 et
3221 703 3455 753 sanctus
3503 699 3744 769 Prosper

2096 783 2154 838 in
2205 783 2310 839 hoc
2361 784 2644 842 Chronico
2687 800 2912 842 errores
2949 786 3182 842 Eusebii
3226 787 3380 842 circa
3421 787 3638 843 Cletum
3689 793 3745 844 et

2089 871 2446 936 Anacletum,
2469 888 2533 929 ac
2566 875 2957 930 Marcellinum
2991 880 3047 930 et
3067 875 3414 946 Marcellum,
3439 889 3505 930 ex
3527 876 3744 947 quibus

2089 961 2235 1017 duos
2267 968 2486 1019 tantum
2517 965 2813 1033 pontiﬁces
2843 971 3084 1022 constat.
3120 966 3285 1020 Facta
3316 979 3542 1036 quoque
3571 965 3745 1022 eccle-

2090 1051 2325 1106 siastica
2347 1053 2520 1108 certis
2537 1053 2876 1109 consulibus
2895 1067 3184 1123 perperam
3209 1055 3551 1124 quandoque
3575 1069 3747 1124 appo-

2092 1140 2203 1194 sita
2227 1141 2490 1209 retinuit,
2516 1143 2601 1197 uti
2629 1148 2685 1198 et
2707 1142 2965 1198 lacunam
2991 1141 3346 1198 manifestam
3372 1150 3498 1212 post
3525 1144 3744 1200 Soteris

2093 1230 2485 1300 episcopatum
2529 1232 2858 1302 Aproniano
2887 1239 2944 1286 et
2980 1231 3156 1288 Paulo
3185 1231 3527 1288 consulibus
3551 1233 3742 1288 ascri-

2097 1323 2268 1390 ptam,
2292 1319 2450 1376 deest
2464 1321 2614 1376 enim
2634 1321 2949 1377 Eleutherii
2965 1321 3354 1391 pontiﬁcatus,
3376 1335 3486 1377 non
3511 1323 3740 1393 quidem

2091 1409 2235 1464 vitio
2251 1411 2507 1466 auctoris
2522 1411 2792 1481 omissus,
2813 1411 2907 1467 sed
2928 1412 3202 1482 temporis
3221 1412 3434 1480 injuria
3450 1425 3740 1485 corrosus,

2090 1503 2156 1553 ut
2187 1498 2446 1555 insinuat
2485 1501 2624 1556 ordo
2678 1503 3059 1557 Romanorum
3106 1500 3461 1572 pontiﬁcum,
3497 1516 3740 1573 quorum

2091 1588 2430 1644 undecimus
2454 1588 2534 1644 ibi
2567 1590 2820 1659 scriptus
2849 1595 2934 1646 est
2956 1590 3136 1659 Soter,
3162 1590 3357 1646 Victor
3380 1596 3568 1646 autem
3595 1591 3748 1648 deci-

2090 1692 2220 1735 mus
2263 1679 2488 1750 tertius,
2542 1679 2701 1735 nulla
2743 1680 3030 1736 mentione
3071 1680 3397 1736 duodecimi
3449 1682 3743 1751 pontiﬁcis

326 1784 594 1852 quartum
611 1778 896 1833 decimum
916 1773 1169 1830 Valentis
1185 1772 1430 1844 Augusti
1454 1783 1667 1826 annum
1688 1767 1976 1824 subditam
2010 1761 2059 1822 Β
2093 1767 2258 1824 facta.
2288 1770 2471 1839 Atque
2513 1770 2629 1825 hac
2668 1769 2738 1825 de
2768 1770 3030 1840 Prosperi
3055 1770 3362 1840 Chronico,
3391 1785 3458 1826 ex
3489 1786 3602 1841 quo
3643 1771 3744 1827 iu-

323 1868 468 1925 texit
505 1867 824 1922 historiam.
863 1884 888 1915 »
937 1867 1019 1921 Ita
1067 1862 1286 1920 Idatius
1330 1859 1639 1931 provincia
1695 1854 1979 1913 Gallacia

321 1958 628 2028 episcopus
655 1957 756 2026 qui
797 1969 856 2011 se
891 1955 949 2010 in
975 1953 1220 2023 juvenili
1252 1956 1416 2007 atate
1459 1950 1866 2019 Hieronymum
1917 1945 1977 2000 in

323 2047 586 2117 partibus
606 2045 863 2100 Orientis
891 2045 1108 2099 vidisse
1137 2046 1395 2098 testatur.
1431 2039 1752 2095 Notandum
1786 2042 1976 2092 autem

323 2142 409 2193 est
437 2135 669 2191 verbum
718 2133 862 2188 illud
896 2135 1188 2201 perfectus,
1222 2131 1508 2200 siquidem
1542 2129 1643 2184 illo
1677 2127 1883 2196 utitur,
1915 2129 1980 2180 ut

324 2225 632 2296 signiticet,
658 2222 982 2278 Chronicon
1027 2223 1086 2275 υ.
1118 2221 1445 2291 Hieronymi
1479 2219 1710 2274 maximi
1755 2215 1978 2272 facien—

323 2316 459 2372 dum
481 2326 604 2369 esse
633 2312 703 2369 ob
733 2311 923 2381 operis
946 2309 1369 2380 perfectionem,
1403 2309 1656 2377 adeoque
1685 2304 1973 2362 contemni

327 2418 436 2461 non
462 2401 665 2458 debere
695 2406 967 2471 tanquam
1002 2397 1394 2468 imperfectum
1426 2405 1526 2452 aut
1547 2395 1974 2452 inconsiderate

323 2494 568 2550 editum.
611 2516 620 2523 -

391 2581 444 2637 6.
473 2580 745 2651 Sequitur
771 2578 1094 2635 Chronicon
1122 2576 1408 2646 Prosperi,
1445 2573 1768 2631 ﬁdelissimi
1802 2586 1982 2644 quon-

320 2673 448 2729 dam
473 2671 661 2742 magni
680 2667 989 2740 Augustini
1008 2666 1307 2736 discipuli,
1329 2665 1497 2734 cujus
1518 2663 1976 2734 supplementum

325 2767 450 2832 post
503 2759 829 2816 Chronicon
878 2757 1110 2814 Eusebii
1161 2761 1216 2812 et
1265 2756 1325 2810 D.
1364 2753 1714 2825 Hieronymi.
1765 2752 1976 2824 sapius

321 2851 472 2921 typis
497 2849 731 2920 prodiit.
759 2847 917 2904 Unde
946 2847 1202 2917 plerique
1221 2844 1602 2900 credebants.
1634 2844 1971 2913 Prosperum

322 2940 470 2994 nihil
524 2939 776 3008 amplius
833 2950 1002 3008 quam
1066 2934 1374 2990 Eusebiani
1427 2938 1482 2988 et
1543 2931 1971 3002 llieronymiani

319 3028 588 3085 Chronici
639 3026 1097 3097 supplementum
1130 3023 1566 3092 conscripsisse.
1605 3025 1662 3077 ln
1719 3035 1831 3092 quo
1875 3035 1971 3077 eos

2091 1866 2311 1929 tegrum
2342 1859 2723 1914 Romanorum
2759 1859 3094 1927 pontiﬁcum
3126 1859 3448 1930 catalogum
3478 1859 3744 1916 exhibui-

2091 1962 2217 2002 mus
2251 1948 2306 2002 in
2360 1962 2543 2017 prima
2589 1949 2960 2019 antiquitatis
3004 1949 3296 2018 editione;
3346 1949 3440 2004 hic
3468 1963 3620 2020 vero,
3673 1963 3742 2006 ne

2087 2036 2458 2106 antiquorum
2491 2038 2838 2106 scriptorum
2861 2038 3238 2094 chronotaxes
3266 2037 3741 2108 multiplicemus,

2087 2125 2542 2195 supplementum
2563 2127 2841 2182 duntaxat
2859 2127 3192 2196 pontiﬁcum
3220 2129 3491 2183 tradituri
3513 2142 3736 2184 sumus.

2155 2211 2209 2269 7.
2259 2217 2593 2285 Prosperum
2629 2217 2914 2286 prosecuti
2947 2225 3082 2273 sunt
3119 2217 3222 2273 alii
3269 2219 3597 2287 scriptores,
3633 2219 3739 2288 qui

2087 2304 2389 2362 historiam
2424 2306 2868 2362 ecclesiasticam
2911 2321 3092 2377 usque
3121 2307 3188 2362 ad
3218 2322 3320 2363 sua
3347 2314 3597 2377 tempora
3629 2308 3734 2363 de-

2084 2395 2398 2450 duxerunt.
2435 2397 2584 2450 Inter
2616 2395 2720 2452 hos
2751 2397 3100 2466 pracipuum
3124 2395 3311 2452 locum
3342 2397 3562 2452 obtinet
3584 2399 3739 2451 Mar-

2086 2484 2333 2542 cellinus
2375 2499 2562 2541 comes
2634 2486 3020 2558 lllyricianus,
3083 2487 3153 2542 de
3201 2501 3313 2556 quo
3360 2487 3739 2543 Cassiodorus

2089 2580 2316 2632 senator
2343 2574 2492 2631 libro
2530 2575 2859 2632 divinarum
2893 2576 3245 2646 Lectionum,
3279 2589 3400 2645 cap.
3450 2573 3533 2647 l‘l,
3582 2576 3740 2632 scri—

2090 2663 2212 2719 bit:
2251 2685 2276 2715 ‹‹
2311 2665 2713 2735 Hieronymum
2741 2665 3086 2721 subsecutus
3109 2671 3194 2720 est
3221 2666 3586 2720 Marcellinus
3615 2665 3741 2736 llly—

2086 2754 2364 2826 ricianus,
2392 2755 2491 2826 qui
2521 2756 2710 2810 adhuc
2741 2756 2971 2825 patricii
3001 2755 3315 2810 Justiniani
3346 2754 3526 2811 fertur
3551 2756 3738 2827 egisse

2083 2844 2386 2915 cancellos,
2433 2845 2527 2900 sed
2583 2845 2816 2901 meliore
2856 2845 3110 2902 dictione
3138 2846 3378 2901 devotus
3407 2859 3438 2901 a
3485 2851 3737 2914 tempore

2081 2934 2384 2990 Theodosii
2416 2934 2700 3004 principis
2742 2949 2923 3005 usque
2959 2936 3027 2990 ad
3058 2933 3206 2990 fores
3252 2935 3480 3004 imperii
3519 2936 3734 2990 trium-

2084 3025 2274 3093 phalis
2311 3025 2556 3097 Augusti
2587 3025 2902 3081 Justiniani
2948 3039 3093 3095 opus
3123 3038 3310 3093 suum,
3353 3025 3593 3081 Domino
3629 3025 3738 3094 ju-

320 3119 570 3191 graviter
598 3130 818 3195 errasse
850 3119 1007 3170 notat
1034 3113 1287 3169 Labbeus
1317 3117 1468 3169 tomo
1499 3115 1520 3168 l
1549 3114 1716 3168 Nova
1749 3111 1972 3167 Biblio—
2005 3098 2053 3161 Ο
2082 3121 2266 3174 vante.
2308 3116 2598 3184 perduxit.
2642 3133 2668 3165 »
2714 3115 3052 3172 Audiendus
3083 3120 3168 3170 est
3205 3116 3273 3170 de
3302 3129 3407 3170 suo
3453 3114 3736 3172 Chronico

322 3208 495 3264 theca
518 3206 1038 3274 manuscriptorum
1074 3203 1351 3259 librorum
1386 3203 1443 3258 in
1471 3201 1690 3273 syllabo
1719 3202 1974 3272 scripto—

320 3309 445 3352 rum
502 3296 594 3351 his
642 3295 862 3351 verbis:
921 3315 945 3346 α
979 3296 1249 3363 Deceptos
1281 3292 1463 3348 fuisse
1511 3291 1970 3362 quamplurimos

317 3385 488 3441 etiam
528 3385 979 3451 eruditissimos,
1010 3383 1110 3453 qui
1149 3385 1487 3449 Prosperum
1534 3379 1802 3436 arbitrati
1833 3385 1971 3436 sunt

319 3472 1239 3546 HieronymoduntaxatChronico
1251 3471 1620 3541 appendicem
1633 3472 1965 3526 attexuisse.

314 3563 540 3620 Certum
582 3563 795 3634 quippe
823 3567 927 3631 est,
973 3561 1286 3631 multisque
1330 3566 1583 3616 veterum
1616 3560 1968 3616 testimoniis

315 3652 767 3722 comprobatum,
786 3650 856 3706 ab
881 3651 1052 3706 initio
1079 3663 1266 3706 rerum
1293 3650 1361 3706 ad
1387 3663 1490 3706 sua
1511 3664 1692 3720 usque
1712 3655 1964 3719 tempora

316 3757 432 3799 uno
463 3741 638 3797 veluti
670 3741 786 3810 ﬁlo,
835 3753 900 3794 ac
940 3745 1134 3795 tenore
1161 3739 1490 3794 chronicam
1517 3740 1800 3808 epitomen
1835 3753 1966 3809 per-

313 3832 571 3889 duxisse.
603 3831 869 3885 Testatur
889 3828 945 3884 id
981 3829 1173 3885 Victor
1199 3828 1525 3898 Aquitanus
1550 3829 1608 3883 in
1634 3828 1967 3898 prafatione

313 3921 561 3977 Canonis
584 3918 876 3975 Paschalis
905 3919 972 3975 ad
1003 3917 1260 3974 Hilarum
1284 3917 1444 3983 orbis
1472 3917 1659 3972 Roma
1679 3918 1966 3974 archidia-

314 4023 542 4080 conum,
579 4013 770 4079 postea
816 4021 1049 4079 papam:
1091 4007 1259 4076 cujus
1303 4005 1534 4062 Eusebii
1581 4011 1830 4062 tenorem
1875 4009 1965 4063 vir

317 4098 661 4156 venerabilis
714 4100 955 4168 Prosper
1001 4102 1234 4152 secutus
1270 4096 1472 4151 iisdem
1502 4095 1806 4152 Chronicls
1847 4097 1964 4152 hac

312 4190 504 4246 eadem
525 4188 752 4260 egregia
772 4187 1048 4244 brevitate
1063 4185 1406 4256 composuit,
1425 4192 1488 4241 ut
1507 4199 1703 4242 eorum
1729 4185 1962 4243 initium

312 4293 344 4336 a
376 4280 574 4335 mundi
606 4279 973 4334 inchoaretur
999 4276 1262 4332 exordio.
1302 4294 1327 4326 υ
1360 4275 1535 4331 Addit
1567 4278 1960 4332 testimonium

311 4369 593 4425 Gennadii
624 4368 684 4423 in
707 4367 974 4438 Catalogo
992 4367 1060 4422 de
1086 4366 1243 4422 Viris
1267 4365 1633 4422 illustribus:
1667 4387 1692 4418 α
1725 4368 1962 4436 Prosper

2083 3204 2204 3275 ipse
2227 3205 2613 3270 Marcellinus,
2649 3206 2748 3276 qui
2785 3205 2842 3261 in
2871 3205 3204 3276 prafatione
3236 3211 3533 3274 postquam
3565 3205 3737 3260 Euse-

2080 3294 2240 3350 biani
2272 3303 2328 3350 et
2353 3295 2679 3366 Hieronymi
2705 3295 2976 3351 Chronici
3008 3295 3350 3350 mentionem
3385 3293 3634 3362 fecisset,
3663 3293 3735 3350 de

2079 3385 2472 3455 supplemento
2515 3386 2660 3441 illia
2701 3399 2761 3441 se
2780 3386 3000 3455 adjecto
3029 3385 3115 3441 sic
3144 3384 3343 3440 habet:
3379 3405 3405 3439 α
3458 3386 3568 3456 Ego
3598 3397 3728 3440 vero

2076 3475 2330 3546 simplici
2377 3477 2656 3532 duntaxat
2699 3475 3127 3546 computatione
3152 3474 3430 3532 orientale
3458 3480 3728 3546 tanquam

2077 3571 2309 3620 secutus
2341 3565 2669 3636 imperium,
2704 3564 3074 3633 indictiones,
3108 3578 3320 3635 perque
3349 3565 3613 3621 consules
3648 3565 3732 3619 in-

2078 3653 2432 3724 frascriptos,
2456 3661 2683 3710 centum
2706 3660 2760 3709 et
2783 3653 3203 3724 quinquaginta
3219 3667 3419 3723 annos,
3441 3667 3471 3708 a
3489 3652 3730 3723 septima

2075 3743 2345 3799 videlicet
2360 3744 2695 3814 indictione,
2721 3751 2777 3800 et
2794 3757 2825 3799 a
2843 3743 3146 3800 consulatu
3168 3743 3409 3800 Ausonii
3433 3752 3486 3799 et
3504 3742 3728 3813 Olybrii

2077 3829 2312 3906 [quibus
2332 3835 2502 3890 etiam
2527 3834 2866 3891 consulibus
2881 3834 3236 3889 Theodosius
3250 3835 3484 3903 Magnus
3501 3838 3730 3888 creatus

2072 3929 2159 3979 est
2205 3921 2531 3998 imperator]
2565 3937 2926 3992 enumerans,
2955 3929 3012 3978 et
3056 3936 3237 3993 usque
3263 3924 3323 3979 in
3362 3922 3723 3980 consulatum

2072 4013 2285 4084 Magni,
2320 4013 2659 4068 indictionis
2701 4012 2997 4082 colligens,
3044 4012 3370 4068 eorumdem
3423 4017 3722 4067 auctorum

2072 4101 2232 4171 operi
2265 4101 2590 4172 subrogavi,
2644 4101 2892 4170 itemque
2935 4099 3084 4156 alios
3109 4101 3511 4171 septemdecim
3543 4114 3728 4156 annos

2073 4206 2106 4246 a
2133 4190 2446 4246 Consulatu
2467 4190 2681 4245 Justini
2704 4189 2948 4260 Augusti
2980 4190 3185 4262 primo,
3223 4204 3403 4260 usque
3430 4189 3488 4244 in
3521 4203 3727 4246 consu-

2075 4279 2250 4334 latum
2274 4279 2586 4335 Justiniani
2639 4279 2883 4350 Augusti
2916 4281 2984 4335 IV
3020 4279 3238 4350 suﬁ'eci,
3274 4279 3333 4334 hi
3375 4283 3514 4334 sunt
3543 4279 3722 4336 simul

2070 4368 2206 4423 anni
2255 4381 2394 4423 ccvr.
2449 4385 2476 4418 »
2510 4369 2792 4424 Hactenus
2832 4369 3217 4438 Marcellinus,
3271 4369 3370 4438 qui
3433 4369 3720 4426 Chronico

314 4459 482 4515 homo
512 4458 872 4529 Aquitanica
899 4457 1152 4529 regionis
1173 4469 1432 4511 sermone
1471 4455 1872 4526 scholasticus,
1906 4461 1961 4511 et
1992 4478 2044 4539 ι)
2071 4472 2176 4515 suo
2225 4472 2418 4514 omnes
2450 4459 2750 4529 pontiﬁces
2795 4459 3077 4517 Romanos
3107 4459 3207 4530 qui
3263 4473 3383 4515 CLVI
3433 4473 3718 4516 annorum

310 4548 735 4605 assertionibus
766 4559 1059 4616 nervosus,
1088 4545 1268 4600 multa
1297 4549 1691 4614 composuisse
1714 4545 1954 4600 dicitur.

310 4638 390 4692 Ex
421 4638 635 4708 quibus
672 4651 776 4709 ego
807 4635 1091 4691 Chronica
1133 4633 1389 4689 nominis
1419 4633 1585 4688 illius
1612 4633 1959 4703 pratitulata

311 4727 444 4799 legi,
477 4725 835 4784 continentia
862 4738 895 4780 a
945 4723 1118 4794 primi
1166 4721 1420 4778 hominis
1442 4722 1773 4778 conditione
1794 4723 1960 4791 juxta

307 4817 638 4874 divinarum
690 4815 1118 4884 Scripturarum
1167 4811 1330 4866 ﬁdem
1385 4825 1566 4882 usque
1607 4811 1677 4867 ad
1735 4811 1959 4868 obitum

308 4906 698 4963 Valentiniani
731 4903 999 4975 Augusti,
1027 4906 1084 4958 et
1107 4901 1495 4971 captivitatem
1525 4899 1688 4958 urbis
1710 4901 1896 4958 Roma
1925 4915 1958 4958 a

306 4997 616 5053 Genserico
661 4993 1074 5051 Wandalorum
1124 5005 1254 5064 rege
1287 4989 1512 5049 factam.
1546 5011 1572 5044 υ
1615 4993 1811 5050 Edidit
1855 4994 1960 5050 hoc

306 5085 362 5140 S.
395 5083 660 5149 Prosperi
689 5083 1010 5140 Chronicon
1059 5081 1362 5153 Philippus
1392 5083 1646 5139 Labbeus
1675 5089 1827 5139 tomo
1853 5097 1962 5139 su-

309 5173 507 5242 perius
547 5171 726 5226 citato
771 5171 1011 5225 Parisiis
1055 5185 1206 5227 anno
1252 5169 1408 5240 4657,
1443 5176 1499 5225 et
1528 5184 1596 5226 ex
1626 5170 1728 5225 illo
1767 5171 1962 5227 videre

302 5262 446 5318 licet
464 5262 518 5317 S.
552 5261 888 5328 Prosperum
907 5260 1069 5327 juxta
1097 5259 1327 5315 Eusebii
1355 5265 1411 5314 et
1436 5259 1760 5328 Hieronymi
1793 5259 1958 5316 ﬁdem

340 5364 412 5406 ua
441 5350 722 5406 Chronica
774 5347 978 5404 iisdem
1025 5348 1358 5418 plerumque
1382 5347 1570 5403 verbis
1598 5347 1953 5420 exhibuisse,

311 5443 683 5512 praterquam
711 5439 860 5510 quod
884 5436 1150 5493 consules
1173 5436 1465 5492 addiderit
1482 5450 1515 5492 a
1542 5443 1719 5494 morte
1737 5437 1952 5494 Christi

304 5530 374 5586 ad
403 5543 507 5585 sua
541 5541 722 5598 usque
746 5535 1035 5599 tempora:
1074 5546 1100 5579 α
1135 5525 1430 5598 Consules,
1462 5528 1674 5599 inquit,
1703 5542 1734 5584 a
1764 5529 1957 5585 mani-

306 5617 608 5677 festatione
625 5617 875 5690 Domini,
906 5617 962 5674 id
995 5620 1082 5676 est
1108 5630 1143 5675 a
1173 5615 1376 5676 Ruﬁno
1401 5618 1640 5676 Gemino
1665 5624 1722 5676 et
1752 5619 1967 5696 Rubelg

2070 4548 2257 4618 spatio
2281 4548 2552 4605 sederunt
2579 4549 2845 4618 inseruit,
2874 4557 2930 4605 et
2949 4550 3090 4605 satis
3115 4556 3383 4605 accurate
3411 4548 3722 4620 pontiﬁca-

2068 4645 2162 4694 tus
2195 4638 2427 4696 illorum
2466 4651 2648 4696 annos
2675 4637 2990 4694 adnotavit.

2726 4781 2946 4837 CAPUT
2985 4781 3053 4835 II.

2067 4913 2143 4966 De
2185 4911 2563 4980 antiquissimo
2621 4908 2883 4978 catalogo,
2934 4908 3031 4977 qui
3065 4908 3126 4962 in
3172 4907 3388 4964 Liberio
3433 4924 3588 4980 papa
3627 4909 3715 4964 de-

2810 4998 2963 5053 sinit.

2066 5127 2111 5176 Ι.
2151 5125 2552 5184 Antiquissimus
2583 5123 2935 5172 Romanorum
2970 5122 3267 5184 pontificum
3289 5122 3558 5184 catalogus
3588 5123 3716 5171 tem-

2126 5184 2476 5251 poreALiberii
2489 5199 2632 5251 papa
2655 5189 2909 5251 exat-atus,
2925 5184 3240 5251 Cuspiniano
3257 5187 3515 5251 quondam
3536 5189 3709 5251 notus,

2128 5202 2253 5251 pore
2281 5200 2470 5237 LlDel'll
2489 5200 2632 5296 puga
2655 5200 2909 5245 exat-atus,
2925 5200 3240 5246 uuspimano
3257 5200 3515 5247 quonaam
3536 5200 3709 5244 norus,

2128 5252 2217 5300 sed
2249 5247 2545 5312 Onuphrio,_
2597 5249 3134 5312 anvinioincognitus,
3156 5248 3714 5312 tande-mtypisgescri-

2127 5317 2243 5376 ptus
2271 5316 2346 5362 est
2370 5308 2400 5359 a
2423 5310 2695 5376 Eucherio,
2719 5325 2776 5359 ac
2804 5314 3034 5376 servatur
3046 5308 3494 5376 manuscriptusin
3518 5308 3710 5376 C_odice

2130 5372 2458 5425 Bibliotheca
2491 5372 2758 5424 Caesarea.
2792 5400 2850 5408 —
2876 5373 2943 5422 Il.
2976 5372 3146 5420 Codex
3181 5372 3508 5421 bibliOtheca
3538 5372 3710 5420 Casa-

2127 5453 2225 5490 rea
2260 5453 2360 5488 non
2391 5437 2618 5486 continet
2638 5434 3011 5498 autograhpum
3039 5436 3128 5483 sed
3154 5437 3511 5498 apographum
3538 5449 3715 5483 recen-

2128 5504 2228 5550 tius
2262 5515 2291 5549 a
2307 5513 2398 5550 ccc
2415 5499 2561 5546 annis
2574 5499 2838 5560 scriptum.
2855 5497 2916 5534 ἑ
2941 5497 3034 5546 ΙΙΙ.
3063 5498 3136 5546 Ex
3154 5499 3396 5560 praedicto
3421 5498 3602 5546 codice
3625 5511 3710 5545 va-

2124 5567 2313 5614 riantcs
2350 5563 2598 5612 lectiones
2636 5562 2848 5620 obtinui,
2887 5575 2999 5625 qua
3034 5575 3154 5625 cum
3199 5561 3424 5625 editione
3458 5560 3707 5625 Eucherii

2121 5626 2432 5678 conveniunt
2443 5638 2547 5676 non
2571 5639 2690 5675 cum
2711 5622 2937 5675 editione
2962 5623 3298 5687 Henschenii,
3327 5635 3444 5686 qua
3466 5622 3712 5671 differen-
