4060 6176
315 287 410 347 465

997 289 1419 348 ΒΟΗΕΒΒΕΤΒ
1430 330 1444 347 .
1490 291 1794 351 DISSERT.
1832 296 1924 352 DE

2068 296 2193 367 I‘IQ.
2229 294 2396 355 ROM.
2438 297 2642 355 PONT.
2680 297 3018 357 CATALOG.

3613 302 3720 365 466

367 416 782 496 ξίδψῐξξιξςιξξοῐι
816 416 963 496 obest
978 417 1246 496 'anguitati
1262 407 1466 496 fretis.
1505 419 1596 496 ﬁed
1629 419 1952 496 θδιῐῌωιὲιιὲ
1975 423 2034 483 Α
2065 421 2157 478 nis
2171 423 2604 495 antiquissimis
2623 429 2879 496 tempore
2894 423 3110 480 Liberii
3130 425 3384 482 exaratis
3400 428 3714 487 etiamnum

367 480 716 526 commendat.
750 505 809 513 -—
852 480 941 529 IV.
978 480 1294 531 I-lenschenii
1316 480 1590 540 sententia,
1629 480 1946 544 quod—prior

367 540 584 593 cataloai
611 556 730 593 pars
759 555 922 593 usque
948 544 1011 590 ad
1043 542 1309 592 Urbanum
1331 545 1392 592 ab
1416 544 1644 593 Anthero
1671 559 1803 593 pana
1827 559 1946 592 con-

367 556 584 601 cauuogi
611 556 730 602 pars
759 556 922 605 usque
948 556 1011 590 au
1049 556 1309 592 urbanum
1331 556 1392 592 an
1416 556 1644 593 Antnero
1707 559 1803 606 apa
1827 559 1933 592 cont

368 606 556 673 scripta
575 605 661 673 sit,
685 607 915 673 secunda
935 619 1240 673 paratusque
1261 607 1324 673 ad
1349 607 1608 673 Liberium
1631 559 1830 673 aiiecta
1851 606 1933 673 fue

367 667 478 714 rita
498 670 676 714 sancto
699 668 1019 731 Damaso.—
1034 669 1096 716 V.
1117 667 1502 730 Papebrochius
1524 671 1586 718 de
1608 667 1784 731 prima
1799 669 1954 730 partis

367 733 573 777 auctore
599 743 722 776 cum
751 729 1085 778 Henschenio
1106 729 1364 794 convenit,
1387 729 1628 780 secunda
1655 729 1814 794 partis
1833 746 1956 794 quu-

365 795 482 839 tuor
499 796 737 857 auctores
762 794 957 854 posuit.
988 820 1051 828 -
1081 793 1170 842 VI.
1200 792 1496 842 Ostenditur
1526 792 1671 857 quod
1695 792 1953 857 Anthérus

365 868 497 915 papa
517 868 622 902 non
646 856 713 902 sit
731 859 908 904 auctor
928 857 1116 918 prioris
1137 857 1294 917 partis
1316 856 1556 917 catalogil
1579 884 1639 892 —
1660 857 1777 905 VII.
1802 856 1952 906 Com-

362 919 613 978 probatur
638 931 701 965 ex
725 917 1216 967 duobuserroribus
1241 919 1294 966 in
1328 919 1426 966 hoc
1457 919 1689 978 catalogo
1715 920 1850 967 circa
1876 933 1956 966 or-

362 979 963 1043 dinemisuccedentium
989 981 1086 1043 sibi
1121 980 1422 1042 pontificum
1454 982 1778 1030 commissis:
1811 981 1956 1043 ponit

363 1041 505 1089 enim
531 1041 855 1106 Clementem
882 1047 998 1092 ante
1025 1041 1246 1102 Cletum,
1277 1047 1329 1092 et
1359 1045 1512 1092 Pium
1542 1047 1659 1106 post
1679 1041 1951 1092 Anicetum

361 1116 483 1150 eum
506 1107 710 1152 constet
730 1104 1051 1154 Clementem
1077 1105 1242 1164 Cleto,
1269 1111 1320 1154 et
1346 1104 1619 1155 Anicetum
1641 1107 1734 1154 Pio
1753 1121 1956 1154 succes-

362 1167 514 1212 sisse.
538 1191 597 1200 —
622 1166 772 1242 VIII:
801 1168 877 1216 De
898 1169 1137 1242 secunda
1155 1169 1315 1242 partis
1335 1169 1631 1242 auctoribus
1649 1169 1953 1242 ostenditur,

361 1240 694 1290 nequaquam
729 1229 794 1277 ab
829 1234 1037 1278 auctore
1070 1230 1208 1302 tertii
1244 1230 1418 1279 saculi
1451 1231 1723 1292 pontiﬁces
1754 1231 1956 1279 additos

360 1288 719 1356 fuisseusque
745 1291 808 1339 ad
839 1293 1026 1356 Felicis
1049 1292 1419 1356 pontiﬁcatum,
1443 1294 1600 1355 idque
1626 1293 1874 1356 probatur
1898 1306 1960 1342 ex

361 1352 630 1400 erroribus
651 1352 1065 1417 chronologicis;
1082 1355 1144 1403 ad
1167 1369 1299 1417 quos
1317 1352 1581 1404 evitandbs
1604 1352 1706 1403 n—on
1717 1356 1862 1417 juvat
1882 1369 1959 1403 re-

359 1426 572 1481 currere
601 1416 666 1462 ad
701 1417 1012 1481 vicariatum,
1046 1421 1104 1481 ut
1129 1416 1330 1481 constat
1359 1422 1679 1481 exitempme
1711 1416 1808 1481 que
1841 1417 1955 1466 Ste-

357 1475 568 1537 phanus
591 1478 943 1542 pontiﬁcaium
968 1480 1148 1527 tenuit.
1175 1505 1237 1515 —-
1261 1480 1351 1528 1X.
1384 1475 1700 1530 Monstratur
1724 1475 1950 1542 quoque,

361 1543 653 1604 sequentes
675 1544 792 1604 post
817 1541 1040 1604 Felicem
1067 1541 1338 1604 pontiﬁces
1364 1557 1469 1590 non
1497 1559 1608 1592 esse
1631 1558 1660 1591 a
1680 1541 1955 1590 tribtis’au-

359 1601 596 1667 ctoribus
610 1603 823 1667 diversis
842 1601 1136 1664 adjunctos,
1155 1606 1244 1653 sed
1267 1605 1327 1653 ab
1353 1619 1454 1653 uno
1473 1608 1761 1667 eodemque
1778 1608 1954 1667 aucto-

359 1677 437 1729 ret
458 1689 522 1729 1-
542 1664 606 1729 Χ.
636 1666 787 1729 Quod
808 1669 975 1714 tamen
1001 1667 1081 1714 his
1109 1681 1211 1714 non
1238 1667 1560 1716 obstantibus
1591 1664 1772 1716 auctor
1796 1666 1950 1729 hujus

359 1724 582 1790 calalogi
612 1728 998 1790 antiquissimus
1030 1729 1110 1789 sit,
1142 1733 1193 1778 et
1215 1731 1350 1778 circa
1378 1731 1570 1779 Liberii
1597 1724 1949 1790 pontificatum

357 1788 558 1854 vixerit,
587 1788 1044 1839 variis—rationibus
1071 1788 1454 1854 c'omprobatur.
1482 1820 1540 1828 —
1562 1788 1653 1843 XI.
1688 1793 1833 1840 Idem
1863 1793 1949 1840 ad-

358 1851 619 1900 miserunt
647 1867 750 1900 non
783 1854 951 1902 solum
979 1851 1247 1913 Catholici,
1281 1856 1372 1904 sed
1407 1856 1560 1904 etiam
1591 1855 1838 1914 haeretici,
1865 1869 1949 1903 ex-

358 1917 514 1976 cepto
551 1915 844 1977 Dodwcllo,
875 1916 1024 1979 cujus
1055 1917 1308 1967 sententia
1337 1919 1645 1980 exploditur.

374 2008 425 2064 4.
455 2010 925 2083 Antiquissimus
951 2015 1334 2071 Romanorum
1368 2015 1705 2085 pontiﬁcum
1731 2015 1955 2071 catalo—

291 2115 428 2172 gus,
464 2102 566 2172 qui
616 2101 786 2158 hodie
825 2110 1108 2175 superest,
1163 2105 1260 2160 ille
1292 2106 1524 2176 quidem
1569 2105 1814 2177 videtur,
1849 2104 1950 2174 qui

292 2205 488 2261 usque
516 2191 586 2245 ad
621 2192 808 2248 Liberi
862 2194 1194 2262 pontificum
1241 2195 1517 2264 pervenit,
1560 2207 1628 2249 ex
1674 2207 1786 2264 quo
1834 2194 1954 2249 Cu—

290 2280 612 2349 spinianus
654 2282 921 2339 consules
967 2284 1308 2354 desumpsit,
1352 2297 1497 2354 quos
1542 2283 1952 2340 commentario

289 2383 406 2424 suo
436 2371 497 2425 in
525 2372 750 2427 Aurelii
782 2373 1110 2429 Cassiodori
1138 2375 1334 2430 Fastos
1368 2374 1636 2442 inseruit,
1672 2378 1737 2429 ut
1771 2373 1840 2429 ad
1879 2372 1956 2427 ﬁ-

289 2472 425 2514 nem
450 2459 628 2530 hujus
657 2462 869 2532 capitis
899 2476 966 2518 ex
999 2463 1124 2532 ipso
1153 2464 1564 2518 commentario
1589 2463 1956 2518 demonstra—

288 2548 514 2604 bimus.
540 2551 812 2606 Eumdem
835 2551 1157 2624 catalogum
1181 2552 1387 2608 habuit
1409 2553 1466 2608 in
1490 2552 1752 2623 antiquis
1774 2565 1957 2607 mem-

288 2637 501 2693 branis
526 2639 801 2696 Nicolaus
818 2641 1120 2699 Fabricius
1150 2642 1395 2697 Peiresci
1417 2642 1690 2698 dominus
1723 2646 1780 2696 et
1795 2654 1954 2697 sena-

288 2732 392 2783 tor
416 2729 728 2800 Aquensis,
765 2731 849 2786 uti
899 2737 1142 2788 testatur
1176 2731 1466 2788 Antonius
1508 2731 1838 2802 Cappellus,
1881 2731 1952 2786 de

287 2817 469 2873 Coena
497 2823 556 2874 et
585 2820 855 2876 Passione
883 2821 1124 2885 Christi,
1157 2835 1280 2892 cap.
1312 2819 1366 2890 5,
1399 2826 1475 2889 et,
1509 2822 1559 2876 si
1592 2821 1950 2877 Henschenio

287 2907 785 2977 credamus,hunc
797 2911 1056 2966 eumdem
1069 2910 1389 2982 catalogum
1407 2909 1953 2979 habuitOnuphrius

289 2996 642 3061 Panvinius,
675 2999 776 3068 qui
808 3001 1220 3056 commentario
1245 3000 1300 3055 in
1327 2999 1541 3055 librum
1579 3013 1618 3054 ιι
1651 2999 1951 3055 Fastorum

2063 519 2384 580 superesset
2425 513 2484 569 in
2533 514 2885 572 bibliotheca
2924 515 3196 570 Casarea.
3231 517 3434 585 Magno
3478 519 3717 586 proinde

2061 601 2423 658 addiscenda
2481 605 2745 660 veritatis
2797 604 3090 660 desiderio
3136 606 3346 661 ductus
3396 607 3604 676 scripsi
3645 609 3713 664 ad

2061 702 2123 744 v.
2154 691 2227 747 cl.
2257 692 2578 750 Conradum
2611 695 2918 766 Janingum
2948 708 3048 764 pro
3072 694 3458 764 compilandis
3483 700 3721 753 sancto-

2065 794 2193 836 rum
2214 780 2374 838 Actis
2395 797 2546 839 anno
2566 781 2704 840 4688
2719 783 3104 840 bibliothecas
3124 785 3446 840 Germania
3468 786 3723 841 visitan-

2065 871 2197 939 tem,
2231 876 2288 925 et
2332 873 2441 927 iter
2470 873 2745 929 Viennam
2777 885 2960 942 usque
3002 872 3422 943 instituentem,
3464 881 3525 930 ut
3571 874 3722 930 inter

2063 957 2298 1016 Codices
2321 961 2746 1032 manuscriptos
2772 963 3084 1019 historicos
3106 963 3341 1019 Latinos
3367 963 3721 1036 quinquage-

2066 1047 2277 1103 simum
2327 1055 2547 1106 sextum
2599 1051 2975 1121 pervolveret,
3024 1064 3126 1106 nec
3170 1052 3336 1107 modo
3383 1053 3722 1109 vetustioris

2065 1137 2312 1210 catalogi
2346 1140 2538 1195 varias
2564 1140 2839 1197 lectiones
2864 1147 3213 1212 excerperet,
3245 1142 3343 1197 sed
3375 1142 3550 1198 etiam
3576 1143 3722 1198 cha-

2067 1227 2308 1283 racteris
2339 1229 2648 1299 specimen,
2699 1237 2762 1286 ut
2801 1230 2871 1286 de
2907 1236 3071 1286 atate
3117 1231 3418 1301 scriptura
3457 1230 3721 1300 judicare

2068 1328 2310 1386 possem,
2339 1317 2409 1372 ad
2445 1331 2532 1373 me
2561 1319 2999 1374 transmitteret.
3032 1320 3190 1376 Fecit
3215 1320 3306 1376 vir
3335 1319 3458 1389 ille,
3487 1333 3588 1390 pro
3619 1331 3721 1375 sua

2070 1402 2449 1473 humanitate,
2516 1408 2665 1478 quod
2722 1407 2795 1462 ab
2854 1409 2982 1478 ipso
3043 1410 3338 1480 petieram,
3391 1408 3722 1479 litterisque

2062 1491 2158 1547 die
2202 1491 2273 1548 29
2308 1495 2451 1550 Julii
2495 1509 2645 1552 anno
2689 1494 2826 1552 4688
2867 1498 3099 1554 Vienna
3142 1499 3214 1554 ad
3262 1511 3350 1554 me
3387 1497 3561 1565 datis,
3607 1509 3718 1552 non

2064 1582 2230 1638 modo
2256 1583 2447 1639 varias
2469 1583 2745 1641 lectiones
2769 1586 2943 1643 istius
2962 1587 3183 1642 codicis
3202 1586 3384 1658 misit,
3407 1586 3502 1642 sed
3527 1585 3722 1657 signi—

2064 1669 2255 1727 ﬁcavit
2295 1687 2561 1744 quoque:
2607 1695 2632 1726 α
2668 1677 2747 1730 Ex
2798 1676 2875 1730 iis
2923 1676 3108 1746 palam
3161 1676 3304 1745 ﬁeri,
3339 1689 3523 1746 neque
3569 1675 3721 1731 hunc

1979 1751 2028 1812 B
2061 1760 2382 1832 catalogum
2425 1763 2690 1820 Casarea
2729 1763 3094 1821 bibliotheca
3138 1779 3205 1820 ex
3244 1764 3504 1835 catalogo
3534 1766 3723 1820 Hens-

2062 1849 2277 1921 chenii,
2302 1865 2484 1922 neque
2502 1853 2850 1908 Henschenii
2870 1854 3192 1925 catalogum
3214 1867 3282 1910 ex
3295 1854 3492 1909 codice
3511 1852 3722 1908 biblio-

2063 1938 2239 1994 theca
2282 1939 2549 1996 Casarea
2595 1941 2916 2011 descriptos
2959 1956 3101 2011 esse,
3152 1943 3249 1998 sed
3296 1947 3606 2012 utrumque
3651 1953 3720 1996 ex

2061 2028 2179 2084 alio
2208 2035 2379 2100 atque
2409 2031 2525 2086 alio
2555 2031 2811 2101 exemplo
2849 2031 3237 2101 desumptum,
3286 2032 3436 2086 idem
3481 2031 3717 2100 aliquod

2064 2119 2367 2189 antiquius
2382 2126 2718 2190 prototypon
2739 2120 2858 2175 med
2871 2120 2981 2175 iate
3001 2119 3291 2189 habuisse,
3309 2123 3538 2188 propter
3556 2132 3726 2187 quos-

2062 2207 2190 2262 dam
2233 2209 2459 2264 eosdem
2494 2209 2657 2278 plane
2690 2209 2749 2264 in
2805 2214 3048 2280 utroque
3091 2207 3367 2264 defectus.
3399 2207 3560 2276 Quod
3611 2221 3725 2262 au-

2064 2302 2174 2351 tem
2225 2297 2293 2352 ad
2338 2297 2744 2366 antiquitatem
2795 2302 3033 2366 spectat,
3085 2303 3150 2352 ut
3195 2297 3338 2351 mihi
3391 2295 3723 2350 verosimile

2062 2385 2310 2454 videtur,
2336 2389 2555 2442 atatem
2587 2386 2761 2456 primi
2785 2387 2910 2455 ejus
2931 2386 3188 2441 auctoris
3218 2398 3380 2454 posse
3399 2385 3467 2440 ad
3496 2389 3603 2440 tem
3617 2397 3722 2452 pus

2064 2475 2280 2530 Liberii
2307 2489 2461 2545 papa
2491 2473 2719 2546 referri,
2751 2476 2830 2531 ita
2855 2475 3041 2531 ausim
3066 2473 3364 2544 aﬂirmare,
3397 2474 3504 2530 hoc
3527 2487 3725 2530 exem—

2068 2563 2226 2634 plum
2257 2565 2573 2620 Caesareum
2600 2565 2793 2634 annis,
2823 2568 2889 2620 ut
2910 2578 3219 2634 summum,
3253 2563 3589 2636 quingentis
3619 2577 3722 2618 ve-

2064 2652 2282 2708 tustius
2309 2665 2421 2709 non
2443 2667 2566 2709 esse
2589 2671 2602 2706 :
2631 2653 2804 2724 idque
2829 2653 3114 2723 suadet(si
3144 2665 3256 2708 non
3283 2658 3340 2707 et
3363 2649 3720 2722 persuadeat)

2061 2742 2404 2811 adiunctum
2433 2743 2492 2797 in
2517 2742 2712 2798 eodem
2739 2741 2936 2797 codice
2955 2741 3296 2810 opusculum
3321 2740 3472 2810 quod
3503 2737 3721 2795 inscri-

2062 2831 2228 2887 bitur
2268 2831 2595 2886 Chronicon
2651 2831 3014 2900 Polonorum,
3068 2828 3325 2899 facitque
3376 2833 3717 2884 mentionem

2060 2921 2370 2977 Alexandri
2406 2935 2561 2991 papa
2595 2922 2687 2992 lli,
2720 2926 2783 2976 ut
2821 2921 2892 2976 de
2919 2921 3074 2976 notis
3106 2926 3464 2990 posterorum
3496 2925 3725 2988 tempo-

2064 3024 2212 3078 rum,
2245 3024 2390 3080 quas
2423 3010 2717 3080 inquirere
2763 3009 2900 3065 aliis
2948 3009 3225 3080 impedito
3267 3021 3377 3064 non
3427 3007 3582 3077 licet,
3627 3014 3721 3062 ta-

292 3085 514 3155 incipit
539 3087 720 3142 citare
746 3089 1055 3145 Damasum
1085 3089 1156 3144 de
1175 3089 1326 3145 Vitis
1359 3089 1716 3160 pontiﬁcum,
1744 3102 1776 3144 a
1807 3101 1952 3143 con—

2068 3112 2242 3172 ceam,
2287 3099 2542 3170 adeoque
2585 3098 2752 3155 illius
2795 3104 3014 3154 atatem
3064 3099 3335 3155 excedere
3370 3111 3481 3153 non
3515 3100 3717 3166 potest.

289 3174 500 3230 sulatu
537 3175 838 3233 Saturnini
877 3184 934 3233 et
966 3178 1277 3248 Scipionis,
1319 3178 1429 3234 sub
1462 3178 1676 3249 quibus
1717 3183 1952 3234 sanctus

294 3265 480 3321 Linus
504 3266 565 3321 in
594 3265 828 3337 prafato
853 3269 1109 3339 catalogo
1126 3268 1347 3325 dicitur
1368 3273 1594 3324 creatus
1617 3267 1799 3323 fuisse
1823 3268 1957 3338 epi-

291 3369 530 3424 scopus.
577 3358 780 3413 Verum
823 3364 977 3413 errat
1020 3359 1108 3413 vir
1149 3358 1435 3414 eruditus.
1470 3360 1667 3413 Exstat
1705 3359 1858 3414 enim
1893 3358 1952 3414 in

296 3443 656 3502 Bibliotheca
687 3447 960 3502 Vaticana
989 3451 1115 3518 post
1134 3447 1426 3518 Onuphrii
1457 3447 1720 3503 Panvinii
1749 3448 1954 3502 Fasto-

299 3548 428 3588 rum
475 3534 692 3590 librum
735 3536 907 3592 index
954 3537 1234 3593 librorum
1265 3543 1322 3592 et
1351 3542 1607 3593 actorum
1658 3551 1791 3592 mss.
1829 3531 1955 3608 qua

299 3622 641 3692 Onuphrius
656 3626 970 3682 Panvinius
985 3627 1056 3682 de
1072 3627 1221 3682 Vitis
1240 3627 1575 3697 pontiﬁcum
1590 3626 1834 3697 viderat,
1855 3631 1956 3683 aut

301 3726 472 3781 penes
506 3728 571 3768 se
595 3713 886 3787 habuerat,
921 3716 979 3770 in
1013 3731 1126 3788 quo
1157 3717 1350 3773 indice
1383 3717 1716 3773 nullatenus
1741 3732 1957 3788 supra—

299 3801 494 3859 dictus
517 3803 816 3877 catalogus
836 3811 1142 3878 comparet,
1166 3808 1263 3862 sed
1285 3807 1472 3863 solum
1493 3807 1748 3863 citantur
1757 3809 1958 3877 ponti-

296 3895 458 3962 ﬁcum
488 3897 856 3950 Romanorum
896 3897 1032 3953 Vita
1069 3899 1295 3952 Damasi
1325 3913 1507 3968 papa,
1551 3898 1861 3961 Anastasii,
1910 3902 1961 3953 et

300 3980 583 4038 Guillelmi
627 3983 686 4038 S.
733 3986 795 4040 Η.
845 3987 911 4039 Ε.
958 3987 1519 4049 Bibliothecariorum,
1569 3987 1829 4058 Pandulﬁ
1881 3989 1966 4050 Pi.

299 4076 446 4135 sani,
479 4080 531 4128 et
560 4077 920 4128 recentiorum
959 4081 1259 4138 auctorum,
1297 4091 1329 4130 a
1367 4076 1582 4146 quibus
1620 4077 1961 4147 Onuphrius

303 4169 528 4230 putavit
571 4165 962 4235 conscriptum
995 4163 1176 4221 fuisse
1209 4165 1423 4221 librum
1458 4166 1848 4222 Pontiﬁcalem
1889 4167 1960 4223 de

304 4265 416 4320 quo
441 4249 594 4307 infra
622 4265 875 4324 agemus.
903 4253 1244 4326 Onuphrius
1273 4254 1466 4324 itaque
1489 4269 1783 4326 nunquam
1811 4256 1958 4312 vidit

302 4341 784 4412 antiquissimum
826 4343 1168 4416 eatalogum,
1213 4344 1314 4415 qui
1361 4343 1578 4400 desinit
1623 4345 1680 4399 in
1728 4344 1958 4401 Liberio

2062 3191 2182 3244 .lam
2237 3202 2363 3244 vero
2416 3188 2520 3244 hoc
2553 3188 2897 3257 opusculum
2928 3187 3217 3258 scriptura
3243 3187 3474 3257 quidem
3519 3186 3712 3241 diver-

2066 3291 2192 3334 sum
2221 3291 2252 3333 a
2280 3276 2537 3348 catalogo
2567 3280 2672 3344 est,
2701 3276 2900 3332 charta
2926 3282 3111 3332 tamen
3132 3275 3336 3346 (neque
3361 3275 3514 3329 enim
3541 3288 3724 3329 mem-

2065 3366 2380 3422 branaceus
2427 3370 2512 3421 sst
2539 3366 2716 3421 codex
2750 3365 2863 3435 hic,
2901 3377 3082 3436 neque
3126 3364 3274 3418 idem
3316 3376 3446 3418 cum
3494 3361 3615 3430 illo,
3651 3362 3721 3418 de

2067 3470 2178 3526 quo
2213 3455 2532 3511 Bucherius
2575 3459 2772 3510 noster
2809 3453 2961 3522 apud
3008 3451 3391 3519 Lambecium,
3436 3448 3585 3503 libro
3621 3449 3720 3520 v1),

2063 3545 2206 3600 adeo
2238 3543 2432 3599 simile
2456 3547 2521 3597 ut
2546 3555 2614 3596 ne
2639 3553 2804 3596 ovum
2832 3553 2936 3594 ovo
2962 3537 3196 3609 quidem
3225 3540 3408 3608 magis
3432 3550 3555 3592 esse
3583 3551 3722 3607 pos-

2064 3633 2182 3702 sit;
2213 3645 2394 3700 neque
2419 3643 2547 3685 vero
2570 3630 2862 3683 character
2895 3627 3016 3697 ipse
3040 3625 3286 3698 catalogi
3314 3627 3720 3696 antiquitatem

2071 3722 2335 3790 majorem
2378 3719 2616 3788 indicat,
2659 3717 2708 3772 si
2757 3730 2869 3772 non
2910 3724 2965 3774 et
2995 3717 3295 3771 minorem.
3337 3715 3498 3772 Addo
3535 3721 3721 3771 tamen

2069 3810 2193 3879 ejus
2215 3807 2520 3878 specimen,
2552 3823 2578 3856 ››
2610 3810 2716 3861 etc.
2746 3805 2874 3860 Hac
2907 3804 3024 3873 ille,
3060 3817 3226 3876 quem
3259 3809 3408 3860 recte
3431 3803 3724 3874 judicasse

2070 3900 2139 3956 de
2169 3902 2331 3953 atate
2356 3897 2677 3966 scriptura,
2711 3909 2779 3964 ex
2807 3894 3121 3964 specimine
3153 3894 3279 3963 ipso
3310 3894 3379 3950 ad
3411 3907 3496 3948 me
3526 3898 3726 3948 trans—

2073 3989 2251 4044 misso
2279 3987 2518 4056 conjeci,
2552 3986 2649 4041 vix
2677 3984 2832 4041 enim
2862 3996 2950 4038 ccc
2978 3996 3259 4040 annorum
3293 3987 3515 4039 atatem
3548 3997 3728 4052 supe—

2074 4091 2200 4134 rare
2233 4091 2396 4148 posse
2418 4075 2698 4146 judicavi.

2143 4166 2196 4223 3.
2228 4169 2367 4222 Cum
2414 4167 2607 4235 itaque
2632 4179 2700 4219 ex
2733 4162 2986 4234 prafatis
3032 4161 3244 4218 litteris
3289 4166 3511 4217 constet
3555 4161 3727 4230 hujus

2071 4257 2409 4314 vetustioris
2443 4254 2687 4324 catalogi
2726 4253 3146 4325 autographum
3186 4252 3548 4321 deperditum
3580 4265 3721 4318 esse,

2070 4353 2126 4403 et
2172 4359 2283 4402 non
2317 4345 2430 4400 nisi
2487 4343 2804 4400 recentiora
2854 4345 3244 4413 transumspta
3288 4342 3552 4413 reperiri,
3601 4355 3727 4412 qua

303 4432 1952 4504 papa,quemquenonnullicredebantdeperditumfuisse,
1982 4454 2038 4516 D
2071 4436 2314 4493 multum
2357 4434 2507 4489 inter
2540 4447 2600 4489 se
2627 4431 2858 4489 differre
2895 4437 3323 4503 cognoscuntur
3367 4445 3552 4500 opera
3593 4445 3728 4501 pre-

306 4534 490 4591 usque
508 4520 648 4576 dum
663 4521 926 4593 Egidius
944 4523 1261 4580 Bucherius
1281 4523 1446 4579 illum
1469 4523 1527 4578 in
1548 4523 1956 4580 commentario

306 4622 412 4665 suo
442 4609 510 4664 ad
535 4609 818 4666 Canonem
853 4611 1174 4681 paschalem
1205 4610 1412 4674 edidit,
1446 4616 1651 4667 notans
1681 4618 1958 4684 autogra-

309 4698 484 4768 phum
517 4712 690 4768 penes
729 4714 789 4755 se
828 4700 1100 4756 habuisse
1136 4701 1578 4772 Cuspinianum.
1611 4699 1770 4769 Quod
1821 4701 1958 4756 item

309 4792 554 4844 testatur
591 4788 949 4862 Lambecius,
995 4791 1144 4847 libro
1191 4805 1248 4847 tv
1289 4791 1842 4848 Commentariorum
1891 4793 1962 4848 de

309 4875 659 4933 bibliotheca
707 4878 960 4935 Casarea
1005 4879 1098 4935 his
1146 4881 1371 4937 verbis:
1412 4900 1438 4933 α
1483 4878 1744 4935 Eximius
1783 4881 1961 4938 codex

309 4979 415 5021 ms.
449 4979 618 5037 quem
666 4966 989 5024 Bucherius
1020 4969 1220 5027 laudat
1257 4974 1316 5026 et
1356 4967 1668 5038 desiderat,
1702 4969 1798 5025 sed
1847 4967 1963 5027 fere

306 5060 581 5127 tanquam
618 5058 906 5128 perditum
937 5060 1219 5134 deplorat,
1250 5067 1513 5133 superest
1552 5063 1867 5121 etiamnum
1901 5065 1962 5122 in

308 5147 726 5218 augustissima
739 5147 858 5204 bibl
870 5150 1092 5206 iotheca
1102 5150 1786 5210 CasareaVindobonensi
1802 5169 1964 5226 aque

313 5233 551 5309 integer,
581 5242 646 5294 ut
673 5237 794 5308 ipse
824 5239 1218 5310 Cuspinianus
1247 5254 1311 5297 eo
1334 5241 1472 5298 olim
1498 5257 1639 5298 usus
1668 5248 1774 5311 est,
1802 5245 1967 5302 obti—

311 5329 515 5396 netque
540 5326 694 5382 inter
712 5327 941 5385 codices
965 5331 1253 5386 manuscri
1267 5335 1393 5401 ptos
1415 5330 1726 5389 historicos
1751 5331 1962 5392 latinos

312 5415 499 5472 locum
523 5417 1076 5490 quinquagesimum
1110 5423 1363 5475 sextum.
1399 5438 1426 5471 »

377 5503 431 5563 2.
463 5507 548 5564 Ex
578 5507 740 5565 hisce
770 5508 1056 5566 Lambecii
1085 5508 1276 5566 verbis
1306 5509 1550 5567 dubium
1584 5510 1730 5568 mihi
1772 5517 1961 5572 ortum

312 5600 414 5670 est,
433 5611 575 5656 num
604 5598 1029 5673 autographum
1053 5599 1313 5671 pradicti
1331 5599 1576 5674 catalogi
1599 5601 1660 5659 in
1686 5603 1956 5662 membra.

2070 4526 2216 4582 tium
2251 4537 2337 4580 me
2363 4521 2648 4579 facturum
2674 4521 3024 4587 existimavi,
3050 4521 3098 4576 si
3133 4520 3470 4590 pradictum
3499 4519 3726 4575 catalo—

2071 4628 2202 4687 gum
2264 4610 2418 4668 intra
2471 4625 2600 4668 cum
2650 4610 3012 4666 variantibus
3062 4607 3414 4665 lectionibus
3462 4609 3720 4664 ederem:

2070 4704 2222 4760 unde
2244 4702 2327 4758 nil
2348 4701 2509 4757 aliud
2545 4700 2652 4756 hoc
2673 4699 2797 4756 loco
2823 4699 3154 4769 adjungam,
3179 4711 3348 4768 quam
3379 4697 3724 4768 eatalogum,

2073 4797 2242 4862 prout
2267 4789 2338 4845 ab
2367 4788 2721 4844 llenschenio
2755 4788 2814 4842 in
2841 4787 3002 4842 Actis
3033 4790 3384 4856 sanctorum,
3415 4791 3471 4841 et
3500 4799 3532 4839 a
3558 4783 3726 4840 nobis

2073 4880 2133 4936 in
2163 4877 2524 4947 Antiquitate
2555 4876 2846 4932 illustrata
2870 4875 3066 4932 editus
3085 4873 3217 4943 fuit,
3248 4873 3413 4943 longe
3441 4871 3728 4942 integrio—

2074 4983 2190 5026 rem
2231 4979 2354 5022 esse
2391 4979 2457 5022 eo
2491 4965 2590 5036 qui
2626 4965 2686 5019 in
2717 4964 3069 5020 bibliotheca
3111 4962 3366 5016 Casarea
3410 4960 3725 5018 etiamnum

2075 5056 2380 5128 reperitur.
2407 5056 2469 5110 In
2499 5052 2698 5110 codice
2723 5052 2875 5108 enim
2903 5053 3158 5107 Casareo
3185 5049 3397 5106 desunt
3427 5050 3726 5122 pontiﬁces

2073 5148 2367 5215 Anicetus,
2397 5142 2790 5210 Eleutherius,
2818 5145 2875 5197 et
2902 5139 3277 5212 Zephyrinus,
3307 5141 3410 5213 qui
3440 5141 3500 5197 in
3534 5145 3726 5197 nostra

2074 5237 2331 5296 editione
2367 5240 2633 5292 exstant:
2668 5246 2798 5290 cum
2841 5239 3030 5288 autem
3063 5231 3239 5288 iidem
3279 5237 3396 5289 tres
3425 5230 3727 5288 Pontiﬁces

2075 5329 2247 5386 etiam
2276 5326 2676 5384 desiderentur
2706 5323 2766 5378 in
2794 5321 3050 5378 editione
3081 5321 3370 5392 Bucherii,
3404 5319 3566 5376 valde
3594 5334 3726 5378 vero

2077 5419 2269 5477 simile
2300 5417 2444 5473 mihi
2472 5416 2657 5473 visum
2684 5418 2789 5484 est,
2826 5413 3200 5481 membranas,
3236 5425 3378 5482 quas
3407 5411 3726 5470 Bucherius

2075 5523 2246 5582 penes
2266 5521 2328 5564 se
2348 5506 2572 5578 habuit,
2591 5519 2660 5562 ex
2677 5505 2888 5562 Codice
2903 5504 3156 5560 Casarea
3177 5500 3497 5572 descriptas
3519 5501 3722 5560 fuisse.

2075 5603 2138 5658 In
2185 5612 2296 5670 qua
2325 5596 2606 5655 sententia
2636 5595 2723 5652 vel
2757 5594 3000 5652 maxime
3037 5590 3410 5649 conﬁrmatus
3449 5590 3556 5665 fui,
3585 5593 3724 5651 dum
