4048 6168
399 315 502 376 467

1187 310 1280 367 AD
1323 309 1759 367 ANASTASIUM
1797 306 2314 367 PROLEGOMENA
2348 307 2526 365 EDIT.
2569 307 2998 366 ROM.—VATIC.

3695 306 3794 366 468

397 443 628 501 collatis
685 438 1034 496 lectionibus
1085 436 1283 494 Codici
1340 436 1601 507 Caesarei,
1653 434 1874 490 easdem
1928 413 2043 487 fere
2073 430 2384 490 Acundus
2403 434 2577 490 Linus
2602 433 2732 504 fuit,
2753 434 3446 504 ettertiusAnacletus,et
3470 434 3521 490 si
3542 434 3794 507 plerique

399 547 613 602 omnes,
649 530 875 587 duabus
905 529 991 584 vel
1026 528 1214 584 tribus
1243 527 1514 596 exceptis,
1558 527 1618 580 in
1643 525 1897 580 editione
1928 524 2046 577 Bu-

395 623 579 679 cherii
615 619 853 690 reperiri
888 617 1284 673 animadverti.
1331 617 1458 671 Alio
1500 616 1693 686 itaque
1729 613 2040 684 exemplari

395 712 733 780 Bucherius,
767 710 884 766 alio
909 715 1039 764 ante
1069 721 1170 762 nos
1198 706 1590 762 Henschenius
1613 719 1752 760 usus
1773 709 1876 760 est.
1905 702 2040 770 Qua:

393 809 577 858 tamen
603 800 751 856 nihil
781 799 1009 855 obstant
1034 798 1206 865 hujus
1227 797 1468 866 catalogi
1493 801 1548 851 et
1571 795 1954 866 germanitati,
1982 800 2041 849 et

389 889 753 960 antiquitati,
787 901 916 942 cum
959 886 1126 940 facile
1157 885 1450 955 contigere
1489 884 1758 954 potuerit,
1794 883 1944 938 sicut
1977 882 2036 937 in

389 981 612 1035 caeteris
664 979 1036 1047 antiquorum
1082 975 1352 1046 operibus
1402 973 1730 1045 frequenter
1771 975 2035 1045 contigit,

391 1069 662 1123 librarios
689 1075 744 1122 et
777 1065 1106 1120 tabellarios
1145 1078 1254 1119 non
1305 1072 1496 1121 exacte
1531 1064 1908 1134 descripsisse
1936 1077 2039 1119 co—

387 1158 565 1225 dices,
591 1155 684 1210 sed
713 1169 842 1210 cum
876 1154 1078 1224 multis
1109 1154 1328 1209 mendis
1353 1160 1409 1209 ct
1436 1155 1662 1210 lacunis
1686 1155 1753 1208 ad
1785 1160 2039 1223 posteros

389 1245 801 1301 transmisisse.
839 1244 998 1298 Unde
1027 1242 1311 1298 afﬁrmare
1340 1246 1540 1312 audeo,
1567 1243 1766 1298 menda
1796 1248 1852 1296 et
1890 1242 2040 1297 lacu-

388 1351 488 1392 nas
511 1336 738 1407 signum
764 1347 888 1390 esse
910 1333 1060 1403 quod
1087 1346 1257 1402 opera
1276 1333 1347 1386 ab
1369 1332 1630 1403 antiquis
1656 1332 2038 1401 scriptoribus

387 1424 635 1494 profecta
671 1424 816 1478 sint.
857 1423 993 1491 Qum
1023 1436 1152 1477 cum
1195 1423 1275 1477 ita
1304 1435 1426 1477 esse
1470 1422 1680 1491 passim
1711 1435 1780 1476 ex
1829 1435 2037 1475 manu-

385 1514 623 1583 scriptis
644 1512 948 1569 codicibus
970 1512 1295 1582 doceamur,
1322 1515 1498 1566 restat
1525 1516 1588 1566 ut
1605 1511 1675 1566 de
1699 1509 2036 1566 auctoribus

387 1603 563 1671 hujus
602 1601 866 1673 catalogi,
917 1607 974 1657 et
1015 1601 1229 1671 quibus
1274 1601 1628 1671 temporibus
1669 1600 2030 1670 scripserint,

386 1693 585 1762 paucis
614 1693 999 1762 inquiramus.

2156 521 2488 583 Latinorum
2516 527 2829 581 secundum
2856 530 2981 595 post
2999 527 3224 581 Petrum
3252 525 3572 594 apostolum
3599 531 3794 594 putent

2155 611 2336 668 fuisse
2376 614 2736 671 Clementem.
2787 616 2891 670 Ubi
2938 615 3243 684 opinamur
3284 614 3514 669 nomine
3559 616 3795 670 Latino-

2154 718 2280 758 rum
2317 705 2561 760 indicari
2589 707 2738 761 hunc
2761 706 3097 778 Catalogum
3119 719 3149 761 a
3174 710 3368 761 sancto
3386 707 3625 760 Damaso
3651 705 3791 759 mis-

2152 808 2278 848 sum
2307 795 2375 849 ad
2408 801 2666 850 sanctum
2695 797 3118 865 Hieronymum,
3154 794 3252 864 qui
3281 796 3451 849 etiam
3483 793 3582 847 lib.
3617 808 3656 862 ι,
3685 793 3788 847 ad-

2151 897 2349 940 versus
2377 886 2740 940 Iovinianum
2769 885 3018 955 appellat
3039 885 3380 941 Clementem
3409 896 3792 938 successorem

2149 975 2393 1042 apostoli
2440 976 2610 1043 Petri,
2648 981 2703 1031 et
2751 975 2808 1030 in
2848 991 2967 1044 cap.
3018 990 3115 1046 ιιι,
3159 976 3319 1031 Isaia:
3365 975 3641 1044 scribens,
3687 975 3792 1044 ait,

2149 1077 2277 1118 eum
2307 1071 2434 1134 post
2462 1065 2687 1120 Petrum
2718 1065 3023 1120 Romanam
3060 1065 3276 1120 rexisse
3306 1064 3639 1130 Ecclesium,
3669 1063 3795 1117 sci-

2151 1150 2286 1206 licet
2324 1152 2666 1221 interposito
2705 1154 2772 1208 ad
2820 1153 3106 1209 modicum
3139 1159 3362 1222 tempus
3393 1157 3590 1207 sancto
3633 1152 3793 1218 Lino,

2149 1242 2242 1296 cui
2271 1243 2618 1298 successisse
2645 1243 2986 1298 Clementem
3020 1243 3258 1298 tradunt
3287 1242 3530 1312 Optatus
3561 1241 3794 1296 Milevi-

2148 1335 2339 1401 tanus,
2379 1333 2479 1388 lib.
2515 1347 2577 1403 ιι,
2608 1341 2662 1388 et
2701 1338 2936 1389 sanctus
2971 1333 3352 1402 Augustinus,
3391 1332 3560 1400 epist.
3603 1329 3730 1386 465.
3767 1349 3791 1379 ››

2217 1420 2270 1476 5.
2305 1423 2588 1477 Hactenus
2623 1423 3014 1478 Henschenius
3047 1423 3116 1478 de
3154 1421 3483 1490 antiquiore
3515 1420 3793 1491 catalogo,

2147 1510 2300 1565 circa
2333 1512 2500 1579 cujus
2527 1512 2869 1566 sententiam
2903 1511 3180 1567 nonnulla
3213 1510 3416 1565 habuit
3445 1525 3497 1567 v.
3527 1524 3576 1564 c.
3613 1510 3796 1577 Pape-

2147 1599 2442 1667 brochius,
2470 1615 2594 1671 quae
2620 1602 2958 1671 corrigenda
2978 1601 3166 1656 duxit.
3189 1602 3344 1656 Duos
3365 1601 3515 1655 enim
3544 1601 3791 1668 catalogi

2143 1697 2404 1745 auctores
2430 1690 2568 1746 facit
2597 1691 2990 1746 Henschenius
3028 1691 3341 1746 Antherum
3376 1691 3598 1746 scilicet
3629 1695 3795 1762 prio-

455 1779 506 1835 4.
541 1760 770 1838 Putavit
799 1782 1026 1852 quidem
1066 1781 1458 1836 Henschenius
1496 1784 1650 1836 torno
1676 1779 1862 1849 primo
1892 1791 2034 1834 san-
2060 1760 2111 1821 Β
2146 1781 2245 1835 ris.
2279 1786 2334 1836 et
2359 1783 2661 1837 Damasum
2690 1781 3028 1852 posterioris
3055 1782 3255 1851 partis,
3281 1795 3448 1851 quam
3477 1760 3660 1837 tamen
3688 1797 3799 1852 po-

383 1875 606 1927 ctorum
659 1870 904 1940 Aprilis,
957 1870 1130 1939 hujus
1180 1870 1422 1941 catalogi
1469 1870 1613 1925 duas
1656 1875 1843 1938 partes
1886 1881 2026 1938 esse,

385 1961 1068 2032 singulasqueadiversis
1085 1961 1422 2016 auctoribus
1437 1960 1793 2028 conscriptas
1814 1958 2024 2014 fuisse:

387 2070 412 2100 ‹‹
448 2051 656 2119 Prima,
707 2051 919 2120 inquit,
959 2051 1085 2118 ejus
1127 2064 1257 2118 pars
1295 2050 1613 2119 completur
1659 2061 1788 2105 cum
1833 2053 2030 2102 sancto

385 2137 608 2193 Urbano
641 2139 910 2207 pontiﬁce
936 2152 1085 2193 anno
1115 2137 1220 2193 230
1253 2139 1590 2209 martyrium
1628 2152 1810 2207 passo.
1841 2139 1902 2191 ln
1927 2137 2031 2191 hac

388 2227 566 2294 priori
603 2234 760 2296 parte
789 2227 937 2282 nulli
967 2227 1234 2283 consules
1264 2227 1355 2282 bis
1382 2234 1738 2296 repetuntur,
1768 2225 2031 2298 quamvis

383 2315 490 2369 sub
523 2316 726 2370 iisdem
757 2316 867 2371 sub
912 2316 1128 2386 quibus
1174 2317 1368 2371 sedere
1413 2317 1747 2384 inceperunt
1797 2314 2026 2386 quidam

383 2403 599 2460 fuerint
619 2405 738 2461 vita
759 2404 964 2471 functi,
995 2412 1094 2462 aut
1121 2406 1393 2475 martyrio
1415 2407 1673 2462 coronati
1701 2419 1897 2460 eorum
1925 2405 2032 2458 de-

381 2507 722 2550 cessores....
753 2495 969 2551 Auctor
996 2495 1170 2564 hujus
1199 2495 1380 2564 partis
1410 2495 1638 2550 videtur
1665 2508 1828 2564 posse
1849 2494 2028 2549 statui

380 2591 613 2641 sanctus
642 2587 932 2642 Antherus
956 2599 1120 2656 papa,
1144 2585 1243 2656 qui
1269 2593 1421 2656 gesta
1451 2589 1759 2655 martyrum
1788 2583 2030 2654 diligen-

383 2677 468 2728 ter
497 2687 526 2728 a
555 2674 803 2730 notariis
827 2675 1162 2745 exquisivit,
1211 2679 1268 2730 et
1307 2675 1364 2729 in
1408 2673 1648 2728 ecclesia
1682 2672 2024 2728 recondidit.

379 2762 537 2817 Sedit
570 2764 618 2817 is
645 2764 830 2819 solum
870 2778 983 2819 uno
1015 2777 1207 2819 mense
1238 2764 1295 2818 in
1327 2777 1432 2819 suo
1465 2763 1822 2832 pontiﬁcatu,
1861 2762 2029 2816 vide-

380 2857 587 2921 turque
643 2859 798 2924 gesta
854 2858 1189 2923 martyrum,
1244 2853 1608 2923 potissimum
1669 2866 2023 2908 summorum

379 2945 712 3014 pontiﬁcum
736 2943 1121 3014 exquisivisse
1145 2944 1380 2998 necdum
1406 2941 1661 3012 pontifex
1692 2942 1800 2998 sub
1831 2947 2027 2997 sancto

378 3034 654 3090 Pontiano
697 3047 1026 3090 successore
1069 3033 1252 3088 sancti
1296 3032 1526 3101 Urbani,
1562 3034 1678 3088 imo
1717 3031 1853 3088 Acta
1885 3046 2027 3088 san-

375 3129 596 3180 ctorum
630 3123 842 3179 Urbani
881 3131 936 3179 et
969 3123 1170 3178 Calisti
1205 3122 1380 3192 hujus
1423 3123 1742 3178 decessoris
1774 3123 1956 3178 videri
1993 3136 2026 3178 a

372 3217 570 3269 sancto
587 3212 838 3268 Anthero
860 3213 1097 3281 scripta,
1122 3211 1382 3267 dicemus
1403 3210 1473 3267 25
1495 3212 1652 3278 Maii,
1679 3225 1790 3282 quo
1808 3211 2025 3267 colitur

373 3309 608 3358 sanctus
659 3303 939 3370 Urbanus,
968 3307 1024 3358 et
1058 3300 1122 3357 10
1163 3302 1320 3372 Maii,
1358 3317 1470 3374 quo
1514 3302 1788 3357 coluntur
1837 3302 2021 3357 sancti

369 3392 712 3461 Calepodius
745 3391 1054 3462 presbyter,
1089 3391 1402 3446 Palmatius
1427 3392 1654 3461 consul,
1683 3391 2021 3461 Simplicius

371 3488 617 3551 senator,
642 3480 862 3551 aliique
886 3487 1183 3550 martyres,
1209 3494 1453 3550 quorum
1476 3495 1564 3536 res
1587 3488 1758 3551 gesta:
1782 3481 1838 3535 in
1863 3481 2021 3536 Actis

371 3570 560 3625 sancti
591 3570 794 3624 Calisti
830 3570 1219 3625 continentur.
1255 3570 1508 3626 Secunda
1536 3583 1670 3642 ergo
1704 3586 1832 3641 pars
1867 3571 2023 3626 inci-

373 3665 527 3728 peret
567 3673 598 3712 a
637 3659 794 3714 dicto
843 3659 1142 3726 Pontiano,
1191 3665 1247 3714 et
1291 3659 1348 3715 in
1392 3660 1496 3714 hac
1545 3659 1759 3730 passim
1806 3661 2020 3729 majora

269 3726 282 3742 ⁷
374 3726 714 3817 pontiﬁcum
752 3746 936 3816 elogia
966 3745 1312 3814 referuntur,
1348 3747 1521 3803 iidem
1547 3726 1819 3804 consules
1854 3726 2020 3819 repe-

369 3840 594 3901 tuntur,
620 3835 746 3890 dies
768 3835 1178 3905 ordinationis,
1204 3841 1258 3890 et
1280 3837 1482 3891 mortis
1506 3839 1839 3906 pontiﬁcum
1863 3839 2019 3894 assi-

370 3930 636 3993 gnantur.
673 3925 739 3978 Et
775 3923 892 3978 haec
924 3937 1055 3993 pars
1084 3924 1152 3979 ad
1195 3923 1360 3978 ﬁnem
1403 3923 1520 3978 fere
1560 3926 1872 3982 deducitur
1916 3928 2016 3983 ubi

369 4012 554 4067 sancti
585 4011 726 4067 Julii
771 4012 1024 4083 elogium
1069 4018 1272 4082 prmter
1303 4027 1514 4068 morem
1558 4014 1805 4070 aliorum
1850 4016 2019 4071 habet

366 4103 689 4156 accuratam
715 4101 1086 4156 basilicarum
1112 4101 1182 4156 ab
1205 4115 1270 4156 eo
1291 4107 1714 4158 exstructarum
1741 4105 2017 4160 narratio-

367 4203 514 4259 nem,
547 4204 614 4246 ex
647 4204 758 4261 qua
792 4187 863 4244 42
890 4190 1110 4260 Aprilis
1141 4191 1210 4245 ad
1247 4191 1420 4259 hujus
1451 4192 1635 4246 sancti
1664 4192 1805 4246 Julii
1838 4193 2016 4249 vitam

365 4279 773 4334 conﬁrmamus
798 4279 972 4348 hujus
995 4279 1238 4350 catalogi
1268 4281 1611 4335 eminentem
1639 4281 2010 4338 soliditatem.

363 4367 653 4422 Successit
678 4375 876 4424 sancto
899 4369 1054 4424 Julio
1083 4369 1366 4437 Liberius,
1393 4371 1560 4438 cujus
1587 4375 1838 4440 tempore
1863 4373 2014 4428 hunc

2142 1871 2439 1927 steriorem
2495 1877 2705 1941 partem
2748 1885 2780 1926 a
2831 1878 3079 1941 quatuor
3128 1871 3374 1926 diversis
3417 1871 3794 1940 compositam

2143 1959 2343 2027 fuisse,
2366 1961 2615 2015 credidit
2639 1960 3091 2030 Papebrochius;
3127 1960 3367 2016 unde-in
3396 1961 3683 2030 Propylaeo
3724 1961 3792 2016 ad

2138 2049 2278 2104 Acta
2303 2056 2629 2105 sanctorum
2671 2051 2806 2106 Maii
2839 2050 3137 2121 sequentia
3182 2051 3435 2106 notavit:
3472 2071 3497 2101 α
3534 2050 3794 2106 Secunda

2141 2152 2274 2210 ergo
2320 2153 2451 2208 pars
2491 2139 2770 2210 inciperet
2798 2153 2830 2194 a
2862 2140 3015 2196 dicto
3066 2140 3364 2208 Pontiano,
3409 2145 3463 2194 et
3494 2135 3598 2193 hac
3655 2152 3794 2208 pas-

2143 2229 2250 2282 sim
2273 2229 2483 2298 majora
2507 2229 2841 2298 pontiﬁcum
2859 2229 3043 2300 elogia
3069 2228 3413 2298 referuntur,
3446 2229 3620 2296 iidem
3647 2242 3795 2283 con—

2142 2318 2298 2372 sules
2328 2325 2682 2388 repetuntur,
2711 2319 2838 2374 dies
2869 2319 3254 2374 ordinationis
3292 2323 3346 2374 et
3378 2319 3578 2372 mortis
3611 2317 3795 2386 ponti-

2144 2407 2311 2462 ﬁcum
2358 2409 2749 2478 assignantur.
2785 2413 2850 2464 Et
2883 2410 3000 2466 haec
3030 2423 3160 2479 pars
3191 2415 3437 2478 quatuor
3466 2408 3794 2463 successive

2139 2504 2372 2552 auctore
2414 2498 2641 2554 videtur
2673 2498 2942 2554 habuisse
2974 2499 3250 2555 nonnulla
3296 2497 3427 2568 styli
3455 2497 3797 2552 diversitate

2137 2585 2590 2657 dignoscendos;
2648 2601 2890 2657 quorum
2939 2587 3160 2656 primus
3204 2601 3330 2642 cum
3377 2591 3572 2640 sancto
3604 2585 3795 2640 Felice

2140 2676 2410 2744 ﬁniverit,
2445 2677 2730 2732 secundus
2762 2682 2876 2732 tres
2909 2676 3083 2745 hujus
3106 2689 3464 2732 successores
3492 2676 3792 2744 adjecerit,

2138 2765 2578 2835 Eutychianum,
2608 2765 2827 2834 Caium,
2860 2773 2915 2820 et
2947 2765 3376 2832 Marcellinum;
3411 2765 3617 2819 tertius
3643 2765 3792 2832 jun—

2138 2855 2288 2910 xerit
2319 2855 2645 2912 Marcellum
2675 2863 2731 2911 et
2760 2855 3066 2912 Eusebium
3091 2898 3104 2924 ,
3147 2861 3388 2925 quartus
3417 2868 3447 2909 a
3476 2855 3795 2912 Melchiade

2139 2958 2322 3014 usque
2355 2945 2422 2999 ad
2475 2944 2686 3000 Liberii
2723 2945 2891 3000 initia
2924 2945 3294 3014 scriptionem
3337 2945 3791 3015 continuaverit,

2083 3089 2100 3110 η
2138 3035 2398 3091 floruerit
2427 3040 2615 3096 autem
2651 3035 2758 3091 sub
2808 3036 2983 3106 hujus
3010 3035 3304 3091 decessore
3327 3035 3501 3104 Julio,
3533 3034 3590 3089 in
3618 3035 3794 3104 cujus

2136 3123 2324 3195 e10gio
2351 3129 2553 3194 praeter
2583 3139 2792 3181 morem
2828 3126 2886 3180 in
2920 3125 3212 3195 prioribus
3249 3124 3456 3196 elogiis
3477 3130 3789 3192 servatum,

2138 3212 2379 3269 habetur
2433 3220 2697 3270 accurata
2729 3214 3096 3270 basilicarum
3135 3214 3206 3268 ab
3252 3228 3316 3269 eo
3364 3217 3788 3269 exstructarum

2136 3303 2411 3357 narratio.
2466 3321 2491 3352 ι)
2541 3304 2756 3358 Omitto
2805 3311 3006 3360 caetera
3059 3318 3183 3374 quae
3256 3317 3386 3358 cum
3440 3301 3788 3357 Henschenii

2133 3392 2417 3448 sententia
2437 3395 2708 3462 superius
2729 3394 2976 3449 indicata
3001 3394 3225 3448 coincid
3238 3397 3359 3462 unt,
3379 3393 3517 3448 adeo
3536 3398 3598 3448 ut
3619 3393 3788 3461 juxta

2131 3482 2579 3552 Papebrochium
2614 3485 2761 3539 nihil
2793 3485 3195 3556 corrigendum
3215 3483 3366 3539 sitin
3411 3485 3535 3553 ejus
3570 3482 3785 3543 verbis.

2133 3587 2299 3643 quam
2345 3575 2493 3643 quod
2525 3575 2646 3630 loco
2685 3575 2931 3630 duorum
2964 3575 3363 3645 antiquissimi
3397 3573 3639 3644 catalogi
3663 3585 3784 3628 au-

2129 3670 2376 3731 ctorum,
2399 3665 2656 3736 quinque
2677 3665 2910 3720 omnino
2941 3670 3202 3720 auctores
3224 3664 3613 3720 substituendi
3638 3662 3785 3718 sint.

2127 3754 2290 3809 Circa
2330 3769 2498 3824 quam
2567 3756 2979 3811 correctionem
3031 3768 3101 3809 an
3159 3753 3389 3810 felicius
3437 3753 3788 3824 processerit

2130 3856 2296 3912 quam
2340 3843 2751 3910 Henschenius,
2798 3845 2914 3913 jam
2959 3843 3367 3913 inquirendum
3411 3849 3532 3913 est;
3583 3843 3784 3898 omnia

2127 3932 2277 3984 enim
2311 3945 2437 4001 quae
2461 3933 2531 3987 de
2558 3933 2775 4002 primae,
2807 3937 2864 3986 et
2914 3933 3177 3987 secunda;
3222 3931 3402 4002 partis
3440 3930 3786 3986 auctoribus

2125 4031 2159 4072 a
2179 4019 2406 4074 duobus
2438 4019 2530 4074 his
2560 4020 2704 4075 viris
2733 4020 2827 4075 cll.
2857 4020 3012 4076 dicta
3042 4027 3194 4092 sunt,
3232 4021 3562 4076 nullatenus
3588 4018 3784 4074 subsi.

2129 4112 2278 4161 stere
2307 4108 2596 4164 existimo.

2199 4194 2250 4250 6.
2280 4199 2343 4251 Et
2374 4202 2437 4252 ut
2465 4199 2534 4252 de
2583 4198 2798 4267 prioris
2829 4200 3012 4268 partis
3042 4205 3275 4256 auctore
3309 4200 3363 4254 in
3399 4198 3604 4269 primis
3628 4211 3781 4268 aga-

2129 4301 2274 4354 mus,
2304 4288 2523 4342 dicitur
2551 4293 2752 4344 auctor
2804 4287 2984 4344 fuisse
3015 4297 3248 4346 sanctus
3287 4290 3577 4344 Antherus
3605 4301 3773 4358 papa,

2126 4377 2195 4431 de
2227 4391 2338 4446 quo
2365 4377 2661 4448 catalogus
2691 4379 2995 4449 secundus,
3019 4381 3118 4450 qui
3148 4381 3204 4435 in
3234 4381 3415 4436 Felice
3443 4381 3510 4434 IV
3529 4379 3772 4448 desinit,

363 4462 606 4513 veterem
643 4457 967 4513 indiculum
1000 4460 1384 4514 Romanorum
1423 4460 1756 4528 pontiﬁcum
1787 4469 2012 4518 contex-
2041 4457 2094 4519 D
2126 4467 2334 4522 saeculo
2365 4473 2523 4522 sexto
2549 4469 2913 4538 conscriptus
2945 4488 2956 4524 :
2996 4491 3021 4522 «
3053 4473 3156 4524 Hic
3181 4477 3330 4538 gesta
3360 4474 3664 4538 martyrum
3693 4467 3780 4520 di-

363 4559 484 4612 tum
517 4544 716 4617 fuisse,
747 4548 956 4602 asserit
986 4548 1298 4618 Dionysius
1325 4549 1608 4620 Petavius,
1643 4549 1792 4606 libro
1824 4564 1879 4622 v,
1913 4553 2015 4607 Ra-

364 4634 603 4691 tionarii
637 4641 954 4706 temporum
982 4651 1111 4707 cap.
1145 4635 1197 4707 5,
1225 4638 1323 4708 qui
1349 4651 1477 4693 eum
1504 4652 1672 4708 penes
1697 4653 1758 4694 se
1786 4639 2008 4697 habuit.

361 4724 493 4780 Post
525 4724 746 4782 obitum
777 4726 990 4783 Liberii
1024 4727 1379 4783 constitutus
1411 4735 1496 4784 est
1527 4727 1783 4798 pontifex
1814 4731 2012 4786 Roma-

361 4826 471 4868 nus
502 4820 737 4871 sanctus
767 4817 1090 4885 Damasius,
1125 4817 1225 4888 qui
1261 4824 1494 4890 r0gatus
1518 4832 1550 4874 a
1589 4825 1786 4876 sancto
1818 4820 2010 4877 Hiero-

360 4915 528 4972 nymo
555 4911 712 4974 gesta
743 4904 1099 4975 pontiﬁcum,
1135 4921 1260 4976 quae
1294 4909 1483 4977 potuit
1514 4910 1763 4980 reperire
1798 4909 1857 4965 in
1887 4923 2007 4966 sua:

357 4990 512 5044 sedis
558 4993 774 5065 studio,
820 4995 888 5050 ad
923 5009 1051 5052 eum
1104 4995 1338 5052 direxit.
1381 4997 1516 5067 Quae
1562 4999 1792 5054 Damasi
1837 5000 2005 5055 verba

357 5079 710 5135 arbitramur
757 5083 1131 5156 intelligenda
1177 5087 1248 5143 de
1285 5088 1402 5156 jam
1454 5089 1708 5144 indicato
1744 5089 2004 5160 catalogo

359 5181 542 5238 usque
570 5169 638 5224 ad
674 5168 963 5226 Liberium
1003 5176 1126 5243 ejus
1157 5175 1512 5231 decessorem
1546 5177 1818 5233 deducto.
1858 5179 2004 5248 Epi-

357 5255 532 5311 stolas
565 5258 872 5328 utriusque
902 5259 1006 5314 hac
1035 5263 1105 5316 de
1136 5277 1216 5327 re,
1248 5269 1303 5318 et
1346 5265 1529 5319 sancti
1562 5264 1912 5336 Hieronymi,
1947 5272 2003 5323 et

357 5345 539 5400 sancti
567 5346 794 5402 Damasi
817 5360 884 5402 ex
906 5346 1217 5405 Codicibus
1245 5366 1378 5407 mss.
1414 5353 1813 5422 praeponimus.
1851 5356 2000 5412 [dem

357 5439 557 5490 santus
585 5436 984 5508 Hieronymus,
1015 5438 1084 5494 de
1123 5439 1516 5510 Scriptoribus
1560 5442 1996 5518 ecclesiasticis,

354 5537 477 5594 cap.
512 5522 597 5594 45,
645 5528 850 5584 statuit
880 5534 1142 5585 sanctum
1184 5529 1526 5588 Clementem
1568 5543 1838 5605 quartum
1871 5543 2000 5608 post

353 5615 581 5672 Petrum
613 5614 928 5676 Romanum
961 5618 1307 5694 pontiﬁcem,
1338 5621 1647 5699 siquidem,
1672 5626 1883 5700 inquit,
1919 5643 2000 5686 se-

2127 4557 2355 4624 ligenter
2379 4574 2413 4611 a
2464 4561 2694 4613 notariis
2725 4562 3038 4630 acquisivit,
3071 4563 3205 4614 etin
3259 4561 3477 4614 ecclesia
3518 4559 3772 4613 recondi-

2122 4647 2224 4700 dit.
2251 4665 2276 4696 ››
2310 4647 2476 4703 Alius
2509 4648 2888 4704 Romanorum
2919 4650 3253 4718 pontiﬁcum
3299 4650 3595 4719 catalogus
3618 4653 3774 4702 tem-

2122 4749 2256 4804 pore
2284 4736 2470 4792 Caroli
2508 4737 2692 4808 Magni
2725 4744 3011 4807 exaratus,
3045 4743 3100 4793 et
3129 4739 3187 4793 in
3221 4738 3569 4794 bibliotheca
3597 4736 3773 4792 Pala—

2120 4824 2556 4882 tino-Vaticana
2599 4831 2923 4882 asservatus
2971 4826 3140 4883 habet
3179 4829 3249 4884 de
3295 4828 3568 4883 Anthero.
3602 4846 3627 4876 α
3661 4827 3772 4881 Hic

2115 4919 2266 4982 gesta
2288 4921 2592 4986 martyrum
2617 4917 2904 4985 diligenter
2949 4921 3261 4988 exquisivit.
3310 4937 3335 4969 κ)
3371 4918 3538 4973 Liber
3565 4915 3774 4972 Ponti—

2118 5004 2319 5076 ﬁcalis,
2369 5011 2539 5077 prout
2583 5007 2753 5064 hodie
2782 5013 3000 5079 exstat,
3052 5009 3258 5079 repetit
3299 5008 3466 5064 verba
3511 5005 3765 5076 catalogi

2117 5099 2275 5151 sexto
2303 5097 2510 5153 saeculo
2540 5098 2812 5168 contexti,
2850 5100 2928 5154 ita
2956 5104 3018 5154 ut
3039 5099 3323 5154 constanti
3372 5097 3767 5168 catalogorum

2114 5187 2170 5239 et
2218 5183 2354 5240 libri
2415 5185 2768 5242 Pontiﬁcalis
2809 5188 3121 5244 traditione
3168 5193 3389 5244 constet
3441 5187 3764 5243 Antherum

2114 5286 2313 5345 papam
2351 5281 2504 5345 gesta
2547 5281 2857 5346 martyrum
2888 5277 3198 5348 diligenter
3223 5289 3254 5332 a
3284 5277 3529 5333 notariis
3563 5275 3773 5344 exqui-

2112 5363 2244 5434 sita,
2287 5365 2344 5419 in
2381 5363 2620 5418 ecclesia
2660 5365 3008 5421 condidisse.
3037 5367 3163 5436 Sed,
3201 5382 3410 5437 quaeso,
3455 5366 3593 5437 quid
3637 5364 3762 5420 haec

2112 5449 2333 5508 faciunt
2356 5453 2423 5508 ad
2458 5453 2704 5522 priorem
2735 5460 2946 5522 partem
2987 5456 3254 5529 catalogi,
3288 5458 3346 5512 in
3389 5470 3501 5528 qua
3526 5469 3557 5510 a
3591 5455 3760 5510 Petro

2109 5541 2367 5610 apostolo
2401 5557 2580 5614 usque
2608 5545 2675 5601 ad
2704 5545 3040 5602 Pontianum
3065 5548 3184 5604 sola
3210 5548 3590 5604 Romanorum
3624 5557 3763 5615 pon-

2110 5630 2328 5687 titlcum
2358 5636 2589 5690 nomina
2619 5635 2985 5703 exhibentur,
3039 5639 3311 5710 nullaque
3359 5647 3618 5694 actorum
3651 5644 3766 5694 aut
