4060 6176
246 315 342 372 469

959 319 1362 374 SCllELESTR.
1403 320 1700 375 DlSSERT.
1744 320 1834 373 DE
1880 319 2103 389 ANTIQ.
2150 320 2314 377 ROM.
2360 324 2553 380 PONT.
2596 326 2928 385 CATALOG.

3543 335 3645 396 470

246 447 501 516 martyrii
554 446 773 502 mentio
813 448 1146 517 reperitur;
1183 454 1555 520 praeterquam
1602 451 1660 504 in
1701 450 1888 514 Petro,
1917 448 1966 505 A
2002 448 2272 505 Romanis
2318 452 2692 508 Pontiﬁcibus
2729 452 3267 514 demonstravimus.
3307 461 3497 519 Tertio
3538 480 3647 535 po-

243 536 338 605 qui
386 535 558 589 unico
598 535 769 590 verbo
814 535 921 590 sub
960 538 1181 592 Nerone
1222 550 1422 607 passus
1461 537 1702 601 dicitur,
1742 542 1796 590 et
1833 536 1889 589 in

244 624 538 691 Pontiano,
564 623 663 692 qui
690 623 746 677 in
770 623 1043 678 exsilium
1069 624 1280 679 missus
1304 624 1753 693 perhibetur?Si
1778 624 1894 678 haec

247 726 373 782 pars
392 711 714 765 contineret
749 710 850 765 illa
872 725 1116 780 quorum
1147 712 1373 782 antiqui
1407 712 1650 781 eatalogi
1688 712 1893 766 memi—

247 804 471 867 nerunt,
507 812 698 853 nonne
727 806 883 869 gesta
916 798 1253 867 pontiﬁcum
1285 813 1597 869 eorumque
1632 799 1891 869 martyrii

245 901 421 958 genus
445 888 504 941 in
532 886 634 941 illa
659 888 931 942 adnotata
962 886 1260 943 fuissent?
1278 888 1405 942 Haac
1428 889 1580 943 enim
1610 893 1746 943 sunt
1768 902 1895 958 qua:

245 977 534 1031 Antherus
562 989 702 1044 papa
732 988 763 1030 a
797 976 1044 1031 notariis
1072 977 1384 1046 diligenter
1408 977 1816 1047 conquisiisse,
1841 981 1898 1032 et

246 1067 299 1120 in
347 1064 609 1120 Ecclesia
660 1066 1053 1121 recondidisse
1096 1064 1298 1133 fertur,
1352 1080 1465 1123 non
1508 1073 1698 1121 autem
1743 1078 1897 1121 mera

242 1157 633 1209 Romanorum
681 1153 1019 1223 pontiﬁcum
1075 1154 1308 1210 nomina
1356 1169 1484 1211 cum
1534 1153 1893 1221 consulibus,

239 1242 462 1312 quibus
495 1242 714 1312 singuli
748 1247 1063 1311 coeperunt,
1096 1248 1152 1299 et
1179 1244 1496 1311 desierunt,
1530 1250 1592 1299 ut
1620 1243 1679 1298 in
1714 1243 1897 1312 priori

242 1337 402 1400 parte
424 1330 787 1399 antiquioris
803 1330 1070 1402 catalogi,
1086 1331 1156 1385 de
1172 1332 1354 1401 quain
1371 1332 1633 1400 praesenti
1648 1331 1893 1401 agimus.

238 1419 461 1473 Deinde
489 1418 806 1473 notandum
839 1420 1073 1474 omnino
1103 1425 1207 1487 est,
1234 1419 1541 1473 Antherum
1564 1425 1716 1487 gesta
1743 1422 1903 1472 mar-

240 1513 427 1575 tyrum
440 1508 820 1575 conquisiisse,
842 1520 950 1561 non
965 1507 1090 1562 solu
1102 1521 1151 1561 m
1167 1522 1232 1561 su
1246 1522 1289 1560 m
1304 1521 1521 1563 morum
1540 1507 1896 1577 pontiﬁcum,

239 1595 336 1650 sed
358 1595 613 1649 aliorum
637 1608 1114 1665 quorumcunque
1139 1595 1415 1663 ﬁdelium,
1442 1597 1541 1666 qui
1564 1610 1664 1665 pro
1681 1595 1899 1651 Christi

242 1684 355 1739 ﬁde
384 1684 441 1737 in
476 1683 605 1737 dies
636 1683 975 1749 martyrium
1007 1683 1263 1756 obibant,
1297 1685 1437 1739 adeo
1468 1688 1534 1740 ut
1564 1690 1739 1755 gesta,
1775 1698 1900 1754 quae

2004 537 2088 591 nit
2127 551 2306 593 annos
2348 540 2788 608 pontiﬁcatuum
2814 547 2870 597 et
2905 545 3170 600 consules
3198 549 3434 605 exordio
3460 557 3515 607 et
3545 554 3646 610 ﬁni

2006 625 2336 692 pontiﬁcum
2378 628 2721 699 assignatos,
2763 630 2858 685 sed
2898 630 3040 686 adeo
3082 632 3141 687 in
3179 633 3471 707 plerisque
3509 639 3652 697 locis

2004 713 2118 767 sibi
2161 721 2563 785 repugnantes,
2599 722 2664 771 ut
2707 722 2930 786 tempus
2970 732 3250 776 annorum
3281 727 3338 778 et
3369 728 3651 784 mensium

2003 804 2332 857 adversetur
2352 804 2709 874 consulibus,
2734 811 2790 860 et
2809 806 3112 863 consulum
3137 816 3388 880 tempora
3413 816 3655 883 paucio-

2007 905 2115 959 res,
2172 890 2430 960 pluresve
2467 907 2668 961 annos,
2693 908 2880 976 quam
2920 909 2954 951 a
2987 899 3248 970 catalogo
3285 902 3650 978 exhibentur,

2006 979 2325 1050 designent.
2347 981 3660 1052 Unumepluribusadduxissesuﬁiciet.Habet
3699 1010 3702 1013 '
3806 1006 3813 1009 ’

2008 1069 2078 1123 de
2106 1073 2303 1125 octavo
2338 1070 2605 1138 pontiﬁce
2650 1072 2952 1143 antiquior
2981 1073 3077 1129 hic
3107 1078 3425 1150 catalogus.
3461 1103 3487 1133 α
3517 1083 3657 1140 Six-

2011 1166 2103 1213 tus
2133 1158 2303 1212 annis
2335 1171 2393 1226 x,
2429 1159 2724 1215 mensibus
2751 1174 2837 1230 m,
2871 1162 3078 1218 diebus
3107 1178 3228 1221 XXI.
3261 1167 3395 1223 Fuit
3434 1174 3662 1242 tempo-

2012 1245 2175 1300 ribus
2221 1246 2517 1311 Hadriani,
2569 1262 2602 1303 a
2643 1249 2947 1305 consulatu
3000 1251 3163 1323 Nigri
3218 1258 3275 1310 et
3315 1256 3655 1332 Aproniani,

2014 1346 2195 1403 usque
2242 1335 2384 1390 Vero
2437 1348 2500 1389 III
2542 1341 2599 1391 et
2643 1335 2971 1393 Ambibulo.
3016 1357 3042 1389 »
3087 1340 3240 1397 Anni
3284 1354 3661 1405 numerantur

2010 1421 2225 1488 decem,
2270 1428 2326 1478 et
2374 1437 2597 1480 menses
2643 1429 2780 1493 tres,
2831 1425 2930 1481 ubi
2975 1427 3153 1500 Niger
3195 1437 3250 1487 et
3290 1433 3659 1502 Apronianus

2011 1511 2277 1566 consules
2301 1509 2534 1567 fuerunt
2558 1526 2669 1568 aera
2695 1514 2919 1587 vulgari
2955 1514 3076 1572 447.
3101 1518 3280 1576 Verus
3306 1530 3493 1580 autem
3520 1539 3584 1581 lii
3606 1532 3664 1584 et

2010 1598 2354 1654 Ambibulus
2396 1602 2758 1657 consulatum
2804 1603 3072 1661 obierunt
3102 1621 3214 1663 tera
3246 1606 3365 1665 426.
3399 1612 3483 1668 Ab
3510 1627 3662 1672 anno

2012 1693 2201 1742 autem
2226 1683 2327 1741 447
2346 1688 2415 1742 ad
2439 1685 2556 1757 426,
2582 1703 2693 1745 non
2714 1699 2955 1759 possunt
2976 1697 3267 1751 numerari
3289 1700 3425 1754 anni
3445 1701 3657 1770 decem,

243 1775 369 1842 ipse
418 1773 479 1827 in
536 1772 789 1827 Ecclesia
849 1772 1189 1839 recondidit,
1260 1773 1450 1841 potius
1506 1772 1899 1844 Martyrologii
1927 1764 1979 1823 B
2011 1778 2068 1829 et
2100 1787 2319 1829 menses
2350 1782 2484 1845 tres,
2519 1777 2614 1832 sed
2648 1782 2869 1833 tantum
2899 1780 3034 1834 anni
3070 1794 3265 1838 novem
3296 1802 3310 1851 ;
3346 1785 3587 1858 ideoque
3607 1764 3664 1845 et

241 1875 418 1931 quam
440 1861 688 1932 catalogi
716 1859 950 1915 formam
983 1860 1250 1916 habuisse
1271 1862 1612 1930 Oportuerit.
1641 1861 1901 1929 Subjun—

242 1951 328 2021 git
361 1963 497 2004 vero
526 1955 729 2004 auctor
759 1948 896 2003 libri
945 1949 1303 2004 Pontiﬁcaiis
1337 1951 1396 2005 in
1426 1950 1678 2005 Fabiano
1716 1967 1727 2003 :
1758 1950 1904 2003 Fecit

240 2046 447 2109 septem
477 2038 860 2101 subdiaconos,
895 2038 992 2105 qui
1027 2042 1224 2107 septem
1262 2041 1493 2093 notariis
1540 2040 1900 2100 imminerent,

238 2136 299 2182 ut
354 2132 511 2195 gesta
557 2131 863 2194 martyrum
918 2129 976 2180 in
1034 2129 1306 2195 integrum
1376 2128 1709 2195 colligerent.
1780 2128 1902 2195 Quo

244 2217 530 2288 loquendi
570 2216 737 2272 modo
780 2215 1093 2282 indicatur,
1136 2223 1374 2271 cunctos
1417 2221 1730 2285 martyrum
1765 2228 1902 2284 pro-

241 2319 468 2366 cessus,
513 2308 817 2375 tormenta,
863 2305 1050 2371 verba,
1083 2309 1140 2359 et
1180 2310 1355 2372 gesta,
1389 2318 1420 2359 a
1452 2304 1699 2359 notariis
1731 2304 1903 2373 jussu

242 2394 488 2449 Fabiani
520 2391 834 2460 diligenter
863 2405 1089 2462 quoque
1118 2392 1185 2447 ad
1199 2397 1387 2447 notata
1418 2389 1620 2447 fuisse.

311 2479 371 2537 7.
403 2481 483 2537 Ut
500 2487 693 2536 autem
725 2480 942 2535 clarius
972 2485 1194 2535 constet
1219 2480 1536 2535 Antherum
1562 2493 1761 2549 papam
1788 2491 1900 2535 non

240 2585 369 2627 esse
390 2574 688 2626 auctorem
721 2568 935 2638 prioris
958 2568 1203 2637 catalogi
1234 2569 1433 2638 partis,
1464 2567 1635 2623 refert
1655 2567 1899 2637 cataIOgi

240 2665 454 2716 auctor
494 2658 839 2713 Clementem
890 2660 1020 2712 ante
1062 2656 1281 2711 Cletum
1324 2662 1523 2712 contra
1574 2664 1901 2727 perpetuam

245 2750 520 2803 Romanae
552 2745 815 2801 Ecclesiae
847 2744 1236 2814 traditionem,
1264 2758 1388 2815 quae
1412 2745 1469 2799 in
1492 2744 1903 2815 antiquissimo

241 2849 470 2893 canone
503 2835 694 2890 missa:
733 2834 847 2903 jam
885 2834 1018 2889 inde
1046 2847 1078 2888 a
1112 2833 1284 2889 tertio
1319 2833 1405 2889 vel
1449 2838 1654 2903 quarto
1695 2832 1904 2887 saeculo

243 2923 587 2980 memoriam
623 2921 759 2977 fecit
794 2922 941 2984 Lini,
976 2923 1129 2983 Cleti,
1161 2922 1464 2983 Clementis,
1509 2921 1609 2991 qui
1651 2925 1735 2975 est
1766 2920 1905 2975 ordo

248 3014 576 3082 primorum
627 3010 960 3081 pontiﬁcum
1006 3011 1173 3078 juxta
1214 3010 1522 3065 Romanam
1569 3009 1901 3064 Eeclesiam.

2012 1860 2358 1918 Godefridus
2388 1864 2785 1921 Henschenius
2819 1867 2877 1920 in
2910 1882 3015 1924 sua
3046 1869 3383 1927 chronotaxi
3416 1876 3662 1943 protulit

2015 1950 2410 2019 pontiﬁcatum
2456 1953 2605 2007 Sixti
2658 1953 2726 2008 ad
2768 1968 2982 2011 annum
3034 1954 3154 2013 427.
3208 1960 3369 2029 Quod
3418 1967 3475 2017 et
3516 1964 3660 2020 alibi

2016 2036 2228 2093 factum
2256 2039 2484 2096 videtur
2513 2045 2714 2096 contra
2748 2056 2958 2098 morem
2989 2046 3257 2118 cataIOgi,
3290 2048 3389 2118 qui
3424 2050 3663 2107 ultimos

2013 2127 2279 2182 consules
2325 2127 2595 2184 exhibere
2640 2131 2956 2199 consuevit,
3006 2133 3219 2201 quibus
3268 2136 3665 2195 occubuerunt

2017 2216 2334 2285 pontiﬁces.
2366 2215 2553 2287 Atque
2586 2217 2722 2284 haec,
2759 2218 2818 2273 ni
2851 2216 3041 2286 fallor,
3072 2219 3371 2278 suﬁiciunt
3398 2224 3468 2280 ad
3494 2226 3666 2282 evin-

2012 2304 2254 2359 cendum
2297 2304 2542 2373 priorem
2583 2305 2829 2376 catalogi
2874 2310 3090 2375 partem
3120 2308 3192 2363 ab
3229 2309 3485 2369 Anthero
3519 2328 3662 2386 papa

2012 2391 2298 2447 conscribi
2329 2404 2442 2448 non
2477 2393 2750 2462 potuisse.
3514 2444 3519 2453 .

2082 2478 2136 2535 8.
2181 2480 2486 2536 Videamus
2520 2482 2635 2550 jam
2678 2482 2751 2538 de
2790 2484 3039 2541 secunda
3079 2490 3254 2558 parte,
3296 2502 3466 2560 quam
3502 2491 3661 2549 Hen-

2014 2568 2286 2624 schenius
2325 2567 2395 2623 ab
2436 2582 2551 2625 uno
2589 2574 2846 2640 auctore,
2893 2571 3169 2630 nimirum
3212 2576 3454 2634 Damaso
3493 2593 3657 2651 papa,

2015 2656 2437 2727 Papebrochius
2478 2670 2610 2714 vero
2651 2671 2685 2714 a
2726 2665 2974 2730 quatuor
3010 2661 3258 2720 diversis
3299 2668 3657 2741 auctoribus,

2014 2746 2115 2815 qui
2146 2743 2218 2800 ab
2246 2744 2500 2800 Anthero
2542 2760 2726 2817 usque
2757 2748 2823 2802 ad
2857 2749 3084 2805 Damasi
3121 2756 3374 2823 tempora
3403 2756 3661 2828 scripse—

2015 2837 2171 2901 runt,
2216 2836 2503 2888 exaratam
2549 2832 2731 2890 fuisse
2781 2840 3076 2904 putarunt.
3132 2839 3316 2909 thue
3354 2842 3425 2897 de
3472 2845 3658 2912 primo

2016 2920 2219 2976 horum
2243 2926 2490 2990 quatuor
2506 2934 2761 2993 agamus,
2790 2924 3039 2981 credidit
3065 2926 3506 3000 Papebrochius,
3529 2945 3659 2989 eum

2016 3022 2146 3064 cum
2178 3013 2375 3064 sancto
2416 3008 2600 3064 Felice
2642 3008 2883 3079 ﬁniisse,
2931 3025 3177 3084 cumque
3208 3016 3365 3073 Felix
3394 3018 3657 3090 Dionysii

249 3102 401 3157 Fieri
431 3114 570 3170 ergo
604 3112 714 3154 non
751 3104 935 3168 potest
963 3098 1114 3168 quod
1147 3103 1303 3169 gesta
1333 3104 1646 3168 martyrum
1672 3111 1705 3152 a
1737 3100 1907 3152 nota-
1931 3084 1979 3144 C
2016 3109 2313 3152 successor
2340 3096 2549 3151 vixerit
2578 3097 2735 3153 circa
2777 3111 2990 3155 annum
3021 3097 3148 3171 272,
3178 3104 3304 3173 ejus
3337 3107 3520 3174 partis
3544 3084 3662 3165 au-

248 3190 359 3245 riis
396 3187 679 3244 Romanis
716 3187 1027 3258 diligenter
1064 3187 1415 3257 conscripta,
1454 3193 1510 3241 et
1548 3185 1620 3240 ab
1652 3184 1904 3240 Anthero

248 3292 396 3349 papa
431 3278 491 3331 in
520 3276 761 3331 scriniis
788 3276 1050 3330 Romana:
1080 3275 1349 3331 Ecclesia:
1380 3275 1694 3342 recondita,
1724 3273 1904 3328 alium

248 3366 515 3421 ordinem
552 3362 880 3431 habuerint,
914 3367 969 3420 et
998 3362 1337 3418 Clementem
1377 3361 1534 3417 Cleto
1576 3373 1907 3430 przeposue-

255 3455 390 3509 rint.
443 3454 642 3523 Neque
684 3453 753 3506 ad
804 3452 979 3521 hujus
1019 3450 1265 3521 catalogi
1314 3454 1604 3506 auctorem
1656 3448 1908 3519 respexit

252 3543 425 3597 divus
454 3541 856 3610 Hieronymus,
890 3541 1025 3596 dum
1065 3539 1305 3608 scripsit
1338 3538 1396 3593 in
1436 3538 1741 3606 Clemente,
1774 3550 1906 3591 eum

258 3628 439 3687 fuisse
482 3629 678 3684 ordine
714 3634 992 3698 quartum,
1038 3630 1256 3683 tametsi
1289 3629 1543 3697 plerique
1589 3628 1910 3680 Latinorum

254 3720 557 3773 secundum
624 3723 745 3787 post
808 3718 1027 3771 Petrum
1087 3718 1391 3787 apostolum
1456 3716 1629 3782 fuisse
1690 3717 1906 3783 putent.

257 3808 563 3862 Enimvero
609 3819 709 3875 per
749 3805 1047 3875 plerosque
1094 3806 1424 3860 Latinorum
1465 3816 1576 3858 non
1626 3801 1913 3856 intellexit

256 3896 429 3951 divus
473 3895 856 3965 Hieronymus
898 3894 1206 3950 Romanam
1252 3893 1590 3960 Ecclesiam,
1643 3896 1744 3946 aut
1789 3891 1915 3959 ejus

260 3984 585 4054 pontiﬁces,
644 3984 742 4038 sed
807 3989 1067 4038 sanctum
1139 3982 1429 4051 Optatum,
1492 3978 1917 4049 nonnullosqne

258 4075 578 4142 scriptores
598 4072 847 4139 Latinos,
862 4077 917 4127 et
934 4070 1123 4127 forsan
1141 4076 1431 4126 auctorem
1456 4070 1632 4139 hujus
1648 4068 1914 4139 cataIOgi,

258 4163 357 4232 qui
408 4167 664 4229 tempore
724 4160 936 4215 Liberii
986 4162 1150 4225 vixit,
1204 4165 1261 4214 et
1314 4172 1425 4214 non
1475 4160 1770 4225 Damasus,
1820 4157 1915 4211 sed

263 4251 528 4319 privatus
571 4248 820 4316 scriptor
851 4246 964 4303 fuit
995 4266 1010 4315 ς
1046 4250 1197 4303 unde
1224 4247 1395 4302 divus
1439 4246 1820 4315 Hieronymus
1848 4244 1919 4299 ab

262 4339 442 4407 hujus
472 4337 734 4392 auctoris
762 4340 819 4391 et
846 4337 1029 4391 sancti
1061 4337 1251 4405 Optati
1299 4334 1585 4389 sententia
1629 4332 1915 4401 discessit,

2015 3188 2226 3239 ctorem
2258 3188 2389 3239 ante
2418 3184 2614 3240 saeculi
2648 3186 2806 3241 tertii
2840 3187 3006 3243 ﬁnem
3053 3190 3337 3248 ﬂoruisse.
3370 3194 3575 3251 Verum
3608 3197 3660 3252 si

2015 3278 2217 3326 auctor
2254 3272 2411 3326 tertii
2438 3271 2630 3328 saeculi
2662 3279 2875 3342 partem
2918 3276 3163 3348 cata10gi
3189 3278 3260 3333 ab
3298 3280 3554 3338 Anthero
3590 3282 3661 3338 ad

2020 3359 2257 3414 Felicem
2287 3361 2721 3429 composuisset,
2754 3368 3077 3431 perspectos
3108 3365 3304 3433 procul
3335 3366 3514 3425 dubio
3554 3369 3666 3425 ha—

2016 3446 2240 3503 buisset
2283 3448 2375 3504 sui
2431 3450 2707 3518 temporis
2758 3449 3148 3518 pontiﬁcatus,
3199 3456 3256 3506 et
3303 3455 3660 3527 consulatus,

2018 3537 2256 3606 suisque
2282 3535 2621 3593 consulibus
2652 3535 2951 3605 pontiﬁces
2978 3537 3360 3607 assignasset:
3391 3545 3447 3595 et
3475 3546 3664 3600 tamen

2018 3623 2297 3693 videmus,
2325 3624 2494 3678 etiam
2523 3624 2581 3676 in
2612 3623 2714 3676 hac
2736 3616 2896 3690 parte
2915 3622 3181 3693 catalogi,
3210 3626 3424 3695 saepius
3447 3642 3667 3686 consu-

2024 3710 2104 3766 les
2135 3709 2311 3766 unius
2344 3710 2712 3780 pontiﬁcatus
2738 3708 2968 3765 misceri
2996 3724 3126 3767 cum
3151 3714 3493 3773 consulibus
3516 3717 3671 3775 alte-

2024 3799 2150 3854 rius
2207 3798 2568 3868 pontiﬁcatui
2613 3798 2947 3870 assignatis.
3002 3799 3158 3856 Unde
3205 3804 3467 3872 provenit
3516 3808 3667 3876 quod

2026 3886 2350 3958 frequenter
2386 3887 2793 3943 recurrendum
2833 3888 2914 3943 sit
2949 3889 3018 3944 ad
3058 3890 3420 3960 vicariatum,
3463 3898 3530 3948 ut
3559 3907 3673 3964 quo

2027 3984 2277 4046 tempore
2309 3976 2687 4045 praedecessor
2715 3976 2906 4033 adhuc
2935 3976 3167 4033 sedebat
3197 3991 3367 4035 verus
3394 3980 3671 4052 pontifex,

2030 4065 2349 4121 successori
2393 4065 2789 4134 assignaretur
2832 4065 3149 4121 vicariatus
3180 4073 3246 4122 ut
3273 4067 3359 4122 sic
3388 4068 3672 4125 veriﬁcari

2032 4159 2222 4223 posset
2258 4167 2388 4209 eum
2429 4153 2847 4223 quodammodo
2891 4152 3071 4210 fuisse
3116 4154 3460 4223 pontiﬁcem.
3496 4159 3579 4212 Ita
3608 4158 3678 4213 de

2030 4242 2306 4312 vigesimo
2354 4245 2557 4309 quarto
2603 4241 2871 4310 pontiﬁce
2915 4242 3083 4298 habet
3120 4242 3449 4315 catalogus:
3487 4264 3515 4297 ‹‹
3544 4245 3678 4301 Ste-

2037 4332 2257 4401 phanus
2292 4342 2473 4385 annos
2522 4335 2788 4400 quatuor,
2837 4344 3059 4387 menses
3100 4332 3263 4397 duos,
3304 4333 3429 4389 dies
3465 4332 3678 4404 viginti

259 4435 317 4482 et
344 4428 695 4481 Clementem
727 4438 839 4481 non
888 4425 1225 4491 secundum,
1261 4424 1356 4478 sed
1395 4430 1663 4494 quartum
1696 4436 1726 4476 a
1756 4424 1919 4476 Petro
1949 4423 2003 4484 D
2035 4432 2230 4475 unum.
2256 4418 2389 4473 Fuit
2414 4418 2767 4487 temporibus
2791 4418 3081 4474 Valeriani
3106 4423 3162 4475 et
3185 4420 3458 4490 Gallieni,
3482 4435 3515 4476 a
3535 4436 3683 4479 con-

262 4515 594 4585 pontiﬁcem
627 4512 809 4569 fuisse
834 4514 1060 4569 statuit.
1094 4513 1353 4568 Secundo
1382 4512 1542 4581 ponit
1576 4511 1734 4581 prior
1758 4515 1921 4566 cata—

266 4604 379 4675 l0gi
415 4617 551 4673 pars
588 4604 891 4658 Anicetum
927 4607 1057 4657 ante
1098 4602 1281 4670 Pium,
1327 4601 1476 4671 quod
1518 4614 1642 4655 esse
1676 4600 1919 4655 alterum

262 4693 517 4764 catalogi
588 4704 860 4763 errorem,
919 4692 1232 4747 ostendunt
1296 4689 1543 4744 istorum
1600 4695 1919 4757 temporum

264 4782 618 4850 scriptorum
659 4782 775 4835 duo
817 4780 973 4835 omni
1009 4780 1339 4848 exceptione
1382 4778 1643 4845 majores,
1676 4778 1923 4831 Irenaaus

267 4870 551 4924 nimirum
579 4867 980 4940 Lugdunensis
1008 4870 1066 4922 in
1093 4866 1284 4923 Gallia
1312 4866 1635 4935 episcopus,
1660 4868 1715 4918 et
1742 4864 1925 4933 Hege-

263 4958 472 5027 sippus
521 4957 860 5026 historicus,
914 4956 1013 5027 qui
1061 4955 1169 5011 sub
1213 4956 1452 5010 Aniceto
1494 4960 1549 5008 et
1591 4952 1923 5007 Eleutherio

268 5048 502 5101 Romam
546 5052 845 5113 venerunt,
878 5052 932 5101 et
960 5057 1206 5115 quorum
1238 5042 1569 5099 testimonia
1601 5049 1733 5097 ante
1762 5054 1921 5095 mecm.

268 5149 450 5193 annos
478 5137 540 5189 in
570 5134 742 5189 libris
767 5135 838 5189 de
864 5134 1117 5189 Historia
1146 5132 1548 5188 Ecclesiastica
1580 5129 1781 5185 retulit
1805 5131 1923 5184 Eu—

268 5226 464 5281 sebius
515 5224 900 5280 Cmsareensis
947 5223 1006 5277 in
1056 5221 1360 5277 Palmstina
1403 5219 1727 5289 episcopus.
1780 5218 1924 5273 Sane

269 5320 379 5368 tam
428 5317 686 5370 Irenaeus
732 5326 901 5383 quam
949 5311 1305 5382 Hegesippus
1346 5310 1584 5365 tradunt
1622 5308 1923 5363 Anicetum

272 5400 450 5469 fuisse
470 5411 600 5472 post
628 5403 815 5457 Pium.
840 5400 998 5469 Quod
1021 5400 1194 5455 etiam
1222 5398 1464 5455 tradidit
1483 5411 1609 5452 cum
1633 5394 1923 5451 communi

272 5492 535 5547 Romana:
580 5489 853 5546 Ecclesia:
900 5489 1183 5543 sententia
1222 5488 1393 5543 divus
1435 5487 1829 5555 Hieronymus,
1868 5488 1931 5537 ut

275 5578 441 5635 facile
490 5580 695 5650 colligi
741 5582 926 5646 potert
956 5591 1023 5633 ex
1058 5578 1134 5633 iis
1178 5590 1303 5647 qum
1345 5575 1753 5631 dissertatione
1781 5574 1829 5627 ΙΙ
1857 5572 1927 5627 de

716 5679 948 5731 Parnm.
990 5674 1256 5730 CXXVII.

2032 4507 2227 4563 sulatu
2251 4506 2550 4562 Volusiani
2581 4511 2637 4561 et
2659 4507 2957 4562 Maximini
2994 4521 3176 4577 usque
3200 4506 3501 4566 Valeriano
3524 4512 3598 4567 IIl
3623 4516 3683 4567 et

2031 4595 2292 4652 Gallieno
2314 4596 2380 4649 Il.
2416 4612 2442 4643 »
2477 4594 2824 4650 Volusianus
2846 4602 2901 4651 et
2921 4595 3274 4652 Maximinus
3296 4594 3532 4653 fuerunt
3550 4611 3680 4654 con-

2033 4683 2188 4739 sules
2226 4697 2376 4739 anno
2405 4680 2531 4746 253,
2570 4682 2784 4752 quibus
2822 4682 3060 4753 ponitur
3087 4696 3120 4738 a
3150 4683 3407 4755 catalogo
3438 4684 3676 4742 initium

2035 4771 2401 4841 pontiﬁcatus
2440 4770 2623 4838 Lucii,
2666 4770 2816 4825 unde
2854 4778 2992 4826 tunc
3028 4776 3288 4826 sanctum
3328 4771 3673 4841 Stephanum

2033 4859 2194 4915 Lucii
2222 4859 2502 4913 vicarium
2531 4857 2732 4929 fuisse,
2755 4857 2962 4914 scribit
2982 4857 3396 4927 Henschenius,
3420 4860 3520 4926 qui
3542 4859 3675 4913 Ste-

2037 4948 2222 5017 phano
2253 4951 2473 5001 tantum
2501 4944 2713 5000 tribuit
2746 4958 2964 5001 menses
2995 4945 3252 5015 quinque
3282 4949 3410 5015 post
3440 4949 3672 5001 mortem

2035 5035 2218 5101 Lucii,
2267 5032 2468 5089 iisdem
2513 5032 2851 5087 consulibus
2897 5032 3197 5088 Valeriano
3229 5033 3299 5087 [II
3329 5037 3385 5088 et
3411 5032 3674 5091 Gallieno

2034 5129 2102 5196 II,
2160 5137 2262 5181 seu
2325 5134 2474 5178 anno
2532 5116 2640 5176 255
2695 5120 3043 5190 assignatam
3110 5118 3171 5174 in
3225 5121 3502 5195 catalogo.
3565 5124 3671 5179 Sed

2035 5212 2300 5286 quamvis
2349 5212 2443 5268 hic
2492 5210 2654 5267 locus
2696 5209 3018 5265 communis
3058 5208 3130 5265 de
3178 5209 3459 5267 vicariatu
3501 5217 3673 5280 aptus

2034 5310 2182 5361 esset
2208 5303 2277 5358 ad
2311 5299 2691 5370 supplendum
2736 5296 2950 5354 multos
2991 5294 3237 5370 catalogi
3268 5298 3542 5367 defectus,
3576 5306 3673 5356 ta-

2036 5405 2159 5447 men
2185 5391 2244 5446 in
2270 5378 2602 5459 pontiﬁcatu
2623 5386 2891 5457 Stephani
2914 5387 3006 5442 vix
3027 5386 3145 5443 ulla
3163 5389 3384 5443 ratione
3403 5386 3677 5445 adhibere
3742 5454 3745 5461 η

2038 5484 2247 5550 posset,
2275 5491 2404 5532 cum
2430 5477 2484 5533 ei
2517 5489 2626 5532 non
2658 5476 2844 5532 solum
2874 5476 3021 5532 duos
3047 5481 3150 5532 aut
3177 5482 3293 5532 tres
3315 5487 3496 5529 annos
3528 5488 3677 5545 pon—

2039 5569 2291 5624 tiﬁcatus
2318 5564 2577 5621 tribuant
2605 5564 3046 5636 antiquioreset
3071 5562 3326 5619 moderni
3357 5576 3552 5619 omnes
3580 5562 3680 5621 sed

3363 5660 3399 5716 6
