4060 6176
390 331 485 391 474

1185 328 1274 382 AD
1312 327 1744 383 ANASTASIUM
1782 326 2297 383 PROLEGOMENA
2335 282 2509 385 EDIT.
2555 330 2968 387 ROM.-VATIC.

3690 329 3799 387 472

386 459 583 531 plures
611 473 701 515 res
726 457 850 527 ipsa
881 457 1148 528 postulet.
1176 457 1477 513 Enimvero
1498 463 1759 513 sanctum
1787 455 2032 526 Stepha—
2056 450 2115 509 A
2143 458 2378 514 omnino
2407 461 2590 529 quoad
2619 460 2855 530 stylum,
2877 460 3164 516 scribendi
3189 460 3541 527 methodum,
3565 466 3623 515 et
3644 466 3800 515 tem-

387 562 548 617 num,
598 554 663 604 ut
700 561 893 603 verum
940 546 1265 617 pontiﬁcem
1312 546 1465 601 ultra
1513 546 1771 616 quinque
1812 558 2033 600 menses

385 643 584 694 contra
611 636 1025 707 rebaptizanles
1047 636 1231 706 egisse
1260 639 1505 690 testatur
1528 635 1868 705 Cyprianus,
1894 634 2031 691 dum

388 725 494 782 hac
530 727 590 781 in
617 740 677 781 re
720 740 849 781 cum
879 725 1225 782 auctoritate
1267 724 1564 793 pontiﬁcia
1603 732 1878 793 tanquam
1910 726 2034 792 epi-

385 830 666 885 scoparum
696 817 1003 883 episcopum
1030 814 1217 884 egisse
1248 813 1529 868 insinuat.
1560 812 1712 868 Idem
1740 812 2030 884 signiﬁcat

383 903 764 959 Firmilianus
792 915 967 972 agens
993 901 1064 956 de
1098 907 1254 968 petra
1286 901 1557 957 Ecclesiae
1588 900 2025 970 fundamentali,

383 993 456 1048 de
485 1007 595 1062 qua
626 992 972 1063 Stephanum
1019 990 1259 1063 gloriari
1295 990 1555 1059 solitum,
1591 988 1893 1045 manifeste
1921 990 2029 1045 de—

383 1081 582 1138 clarat.
607 1081 885 1137 Adderem
918 1080 1013 1136 hic
1040 1081 1204 1150 plura
1233 1081 1292 1136 in
1317 1080 1493 1149 hujus
1518 1079 1601 1134 rei
1633 1078 2026 1135 conﬁrmatio—

385 1180 531 1237 nem,
578 1168 694 1225 nisi
725 1167 1151 1238 Papebrochius
1194 1168 1316 1237 ipse
1356 1167 1416 1222 in
1460 1167 1615 1222 notis
1653 1166 1721 1221 ad
1753 1164 2026 1235 Stephani

380 1256 577 1327 vitam,
624 1271 768 1328 quas
804 1257 1037 1313 exhibet
1079 1258 1140 1313 in
1176 1258 1394 1314 Conatu
1432 1255 1706 1312 chronico
1748 1253 2029 1311 historico

378 1344 675 1403 confessus
726 1345 953 1419 fuisset,
1006 1346 1124 1403 haec
1176 1354 1327 1402 recte
1368 1359 1400 1401 a
1452 1360 1538 1401 me
1584 1348 1777 1400 notata
1822 1341 2022 1408 fuisse,

381 1434 619 1507 ipseque
654 1435 1029 1505 observasset,
1069 1436 1326 1506 ejusdem
1364 1434 1692 1490 Firmiliani
1723 1432 2025 1503 epistolam

376 1523 567 1579 datam
583 1538 726 1593 esse,
744 1539 874 1581 cum
893 1524 1011 1581 fere
1025 1524 1340 1596 vigesimus
1362 1522 1652 1580 secundus
1671 1534 1859 1576 annus
1879 1524 2029 1576 esset

377 1624 411 1667 a
442 1617 621 1669 morte
662 1613 973 1669 Alexandri
1016 1613 1404 1683 imperatoris,
1452 1617 1517 1669 ut
1552 1615 1713 1667 notat
1746 1609 2028 1665 Baronius

377 1700 439 1755 In
467 1699 826 1757 Annalibus:
855 1714 921 1758 ea
960 1707 1149 1757 autem
1179 1701 1459 1757 acciderit
1492 1713 1641 1755 anno
1669 1696 1795 1754 235.
1841 1698 2028 1767 Quare

2145 548 2301 616 poris
2335 554 2498 603 notas
2527 549 2816 605 diversum
2847 555 2954 619 est,
2985 550 3285 619 solumque
3319 550 3377 604 in
3408 550 3658 605 Eusebio
3688 550 3799 604 de-

2140 636 2430 691 sideratur
2449 638 2821 692 consulatus:
2848 638 2997 708 quod
3026 642 3211 693 tamen
3236 638 3446 693 mirum
3469 638 3654 693 videri
3682 651 3797 693 non

2139 723 2324 792 debet,
2352 738 2481 779 cum
2505 738 2615 780 non
2649 726 2915 795 pluribus
2943 726 3131 797 annis,
3154 731 3211 780 et
3235 725 3343 781 sub
3367 724 3614 779 diversis
3647 740 3801 780 con-

2140 812 2388 884 sulibus,
2422 814 2515 869 sed
2543 813 2742 883 paucis
2770 814 3050 870 duntaxat
3077 812 3393 881 mensibus,
3421 814 3618 869 eodem
3641 827 3797 870 anno

2139 901 2385 969 sederit;
2416 902 2551 957 huic
2574 908 2766 958 autem
2793 917 2943 959 anno
2969 902 3328 958 consulatum
3355 902 3563 957 addere
3590 909 3802 959 auctor

2137 990 2419 1061 omiserit,
2447 992 2585 1061 quia
2613 992 2673 1047 in
2694 992 3007 1047 Melchiade
3032 990 3266 1046 Eusebii
3294 1004 3622 1046 successore
3647 1006 3798 1047 con-

2138 1078 2363 1136 sulatus
2388 1079 2552 1135 illius
2580 1081 2718 1136 anni
2740 1080 3074 1152 allegandus
3100 1085 3236 1134 erat.
3269 1078 3352 1134 Ita
3382 1080 3536 1134 enim
3568 1081 3800 1135 catalo—

2138 1182 2264 1239 gus.
2295 1188 2322 1221 α
2353 1168 2642 1225 Miltiades
2666 1170 2835 1224 annis
2866 1168 3074 1237 tribus,
3109 1168 3403 1224 mensibus
3432 1182 3552 1236 sex,
3584 1167 3799 1223 diebus

2139 1270 2356 1328 novem,
2397 1271 2465 1313 ex
2502 1257 2598 1312 die
2640 1271 2695 1312 v1
2737 1259 2926 1313 Nonas
2966 1257 3150 1312 Julias
3188 1270 3221 1312 a
3251 1256 3556 1312 consulatu
3600 1258 3799 1311 Maxi—

2140 1345 2330 1402 miano
2358 1346 2480 1402 VIII
2509 1347 2649 1417 solo,
2684 1345 2835 1417 quod
2870 1346 2983 1402 fuit
3011 1359 3198 1402 mense
3229 1344 3567 1415 Septembri,
3606 1346 3797 1401 Volu-

2138 1435 2303 1490 siano
2341 1440 2399 1491 et
2436 1435 2661 1505 Ruﬁno,
2710 1449 2893 1506 usque
2935 1434 2994 1489 in
3035 1437 3110 1489 III
3139 1434 3274 1490 Idus
3310 1434 3570 1489 Januarii
3604 1433 3796 1490 Volu—

2137 1522 2301 1579 siano
2320 1528 2376 1579 et
2396 1524 2617 1579 Aniano
2636 1536 2781 1580 coss.
2809 1540 2834 1572 »
2867 1523 3252 1579 Maximianus
3273 1522 3432 1579 solus
3451 1522 3655 1578 consul
3676 1521 3795 1578 fuit

2135 1624 2304 1680 anno,
2341 1626 2454 1683 quo
2485 1613 2661 1683 periit
2691 1630 2705 1667 :
2743 1619 2979 1683 tumque
3010 1610 3235 1668 suffecti
3269 1617 3406 1667 sunt
3436 1610 3793 1667 Volusianus

2136 1708 2192 1756 et
2224 1699 2488 1771 Ruﬁnus,
2529 1701 2669 1757 adeo
2712 1708 2776 1757 ut
2814 1714 3011 1757 omnes
3052 1700 3110 1755 bi
3152 1700 3422 1756 consules
3466 1700 3525 1755 in
3568 1713 3790 1755 annum

373 1787 702 1845 Firmiliani
753 1789 1052 1859 epistolam
1106 1802 1334 1845 necesse
1380 1794 1467 1844 est
1518 1788 1791 1857 scriptam
1844 1784 2026 1841 fuisse
2058 1772 2109 1832 Β
2136 1788 2420 1859 incidant,
2445 1802 2557 1860 quo
2582 1790 2653 1844 ab
2672 1794 2905 1845 auctore
2929 1788 3171 1860 catalogi
3198 1788 3469 1858 superius
3493 1788 3790 1860 assignata

371 1888 524 1932 anno
546 1877 783 1933 circiter
808 1874 936 1949 257,
969 1891 1084 1948 quo
1109 1882 1360 1946 tempore
1386 1877 1539 1932 inter
1564 1874 1935 1945 Stephanum,
1966 1878 2026 1929 et

370 1964 717 2035 Cyprianum
747 1966 1273 2038 Carthaginensem,
1301 1965 1640 2036 Dionysium
1670 1963 2024 2020 Alexandri—

374 2066 533 2122 num,
586 2053 869 2123 aliosque,
907 2054 1097 2110 adhuc
1138 2053 1468 2125 agitabatur
1513 2052 1905 2110 controversia
1950 2050 2022 2106 de

373 2140 564 2196 valore
632 2141 904 2211 baptismi
974 2142 1046 2197 ab
1117 2141 1408 2198 haareticis
1468 2142 1699 2211 collato,
1764 2142 2021 2212 adeoque

372 2240 522 2284 anno
546 2226 656 2284 255
682 2229 1007 2286 exstinctus
1036 2243 1150 2286 non
1195 2229 1373 2287 fuerit
1401 2231 1744 2302 Stephanus,
1778 2234 1845 2287 ut
1874 2243 2021 2286 con-

370 2317 528 2374 sules
578 2330 611 2373 a
662 2319 920 2390 catalogo
971 2319 1252 2388 assignati
1312 2320 1667 2376 indicabant.
1723 2322 1849 2374 Hac
1902 2318 2020 2375 fere

367 2405 815 2476 Papebrochius,
855 2407 956 2477 qui
995 2406 1210 2464 frustra
1249 2413 1492 2464 conatus
1520 2415 1607 2464 est
1632 2409 1693 2463 in
1730 2408 1885 2464 notis
1910 2423 2018 2463 su-

369 2495 649 2565 pradictis
674 2500 899 2566 tempus
924 2496 1195 2566 Stephani
1226 2497 1283 2551 ln
1315 2497 1636 2567 antiquiori
1670 2496 1925 2567 catalogo
1950 2509 2017 2550 ex

364 2584 706 2641 consulibus
733 2586 1089 2658 assignatum
1121 2600 1239 2641 sua:
1267 2599 1378 2641 :era
1408 2586 1731 2641 restituere.

435 2670 488 2728 9.
522 2676 716 2745 Neque
747 2675 950 2744 majori
996 2674 1366 2730 fundamento
1398 2675 1669 2730 nituntur
1698 2687 1761 2729 ea
1794 2687 1919 2744 qua:
1948 2673 2018 2729 de

365 2762 637 2831 secundo,
665 2762 838 2819 tertio
863 2769 924 2818 et
952 2767 1156 2833 quarto
1182 2762 1445 2819 secundae
1473 2762 1654 2831 partis
1678 2760 2016 2817 auctoribus

364 2855 657 2906 notantur.
675 2852 812 2906 Sine
830 2851 947 2906 ullo
972 2864 1215 2921 namque
1234 2855 1396 2920 teste,
1420 2850 1546 2906 sine
1564 2849 1684 2905 ullo
1709 2849 2010 2917 scriptore.

361 2938 489 2994 sine
515 2939 635 2995 ullo
660 2940 1033 3011 antiquitatis
1060 2946 1427 2996 monumento
1457 2938 1775 2995 aﬁirmatur
1797 2950 2015 2993 secun-

359 3025 490 3081 dam
529 3027 774 3100 cataIOgi
823 3034 1037 3097 partem
1074 3041 1107 3082 a
1142 3032 1227 3084 tot
1270 3027 1609 3083 auctoribus
1648 3025 1831 3082 fuisse
1869 3037 2012 3081 con—

360 3115 656 3184 scriptam,
690 3121 747 3171 et
778 3116 960 3187 gratis
988 3116 1223 3171 omnino
1252 3116 1539 3173 statuitur
1567 3114 1748 3169 altero
1777 3120 2012 3168 auctore

354 3202 800 3271 Eutychianum.
844 3203 1044 3259 Caium
1083 3210 1138 3258 et
1177 3203 1615 3273 Marcellinum;
1645 3201 1825 3257 altero
1857 3201 2012 3255 Mar—

357 3289 567 3345 cellum
636 3296 692 3345 et
758 3292 1069 3347 Eusebium
1124 3309 1138 3362 ;
1198 3291 1378 3347 altero
1458 3292 1686 3347 demum
1755 3289 2014 3360 reliquos

357 3390 554 3433 omnes
582 3392 615 3433 a
645 3378 962 3434 Melchiade
1001 3394 1184 3451 usque
1212 3381 1282 3436 ad
1317 3379 1605 3435 Liberium
1638 3376 1821 3434 fuisse
1850 3384 2014 3431 cata—

356 3462 486 3536 logo
515 3466 785 3534 adjectos.
820 3467 891 3523 Ut
916 3467 1068 3523 enim
1101 3480 1134 3522 a
1163 3467 1348 3537 primo
1380 3467 1751 3538 incipiamus,
1783 3465 1924 3536 quid
1950 3465 2009 3520 in

354 3553 720 3623 Eutychiani,
748 3555 869 3609 Caii
900 3558 956 3610 et
984 3555 1306 3611 Marcellini
1338 3556 1486 3611 actis
1516 3555 1821 3625 reperitur,
1857 3553 2007 3625 quod

355 3653 468 3697 non
512 3642 574 3696 in
610 3642 749 3697 aliis
787 3643 1178 3699 anteriorihus
1226 3642 1599 3713 pontiﬁcibus
1642 3643 1856 3715 legitur
1880 3641 1908 3695 ‘P
1936 3642 2012 3695 De

357 3729 715 3798 Eutychiano
760 3729 931 3784 habet
967 3730 1265 3801 catalogus
1299 3750 1311 3785 :
1349 3752 1375 3782 «
1407 3732 1801 3802 Eutychianus
1838 3731 2009 3785 annis

355 3821 506 3883 octo,
535 3814 827 3870 mensibus
855 3816 1140 3885 undecim,
1162 3816 1369 3871 diebus
1394 3818 1600 3874 tribus.
1628 3819 1760 3875 Fuit
1784 3822 2004 3888 tempo-

359 3903 523 3959 ribus
550 3902 848 3957 Aureliani
878 3904 949 3957 III
977 3908 1034 3957 et
1064 3903 1384 3958 Marcellini
1428 3919 1609 3975 usque
1642 3906 1701 3959 in
1740 3906 1895 3960 diem
1926 3918 2005 3959 vu

359 3991 494 4046 Idus
522 3990 866 4060 Decembris,
897 3990 1040 4046 Caro
1070 4004 1109 4045 ιι
1143 3996 1198 4046 et
1224 3991 1431 4047 Carino
1472 3991 1832 4047 consulibus.
1873 4011 1899 4042 λ)
1930 3994 2011 4047 De

357 4077 633 4148 Dionysio
652 4083 842 4133 autem
864 4092 978 4134 uno
1002 4092 1069 4134 ex
1091 4079 1432 4149 Eutychiani
1458 4079 2004 4150 praedecessoribus:

362 4187 389 4220 α
420 4167 734 4237 Dionysius
777 4167 949 4223 annis
985 4173 1133 4238 octo,
1178 4168 1472 4224 mensibus
1515 4168 1763 4240 duobus,
1802 4168 2009 4224 diebus

360 4260 628 4327 quatuor.
675 4256 809 4311 Fuit
855 4256 1209 4326 temporibus
1250 4257 1498 4313 Gallieni
1549 4271 1617 4312 ex
1659 4258 1754 4313 die
1791 4271 1850 4312 x1
1892 4258 2009 4312 Ka—

362 4344 660 4399 lendarum
721 4345 991 4415 Augusti,
1075 4344 1384 4400 Emiliano
1459 4350 1516 4400 et
1588 4346 1759 4401 Basso
1835 4360 2008 4417 coss.,

365 4445 546 4501 usque
565 4432 625 4486 in
644 4431 795 4486 diem
819 4433 1123 4501 septimum
1145 4433 1266 4487 Kal.
1292 4433 1572 4504 Januarii,
1597 4446 1745 4489 coss.
1769 4434 2008 4489 Claudio

361 4526 419 4577 et
434 4521 691 4575 Paterno.
719 4537 745 4569 »
769 4520 939 4590 Quid,
966 4534 1178 4592 quaaso,
1200 4522 1260 4576 in
1280 4521 1372 4576 his
1387 4520 1615 4577 duobus
1637 4522 2009 4591 pontiﬁcibus

361 4615 450 4666 est
470 4609 621 4681 quod
643 4609 1035 4666 diversitatem
1062 4616 1360 4667 auctorum
1387 4612 1602 4667 indicet
1618 4612 1810 4666 ‘Ildem
1834 4612 2013 4667 omni-

363 4713 438 4757 no
462 4703 549 4755 est
574 4697 778 4769 stylus,
805 4699 997 4755 eadem
1027 4698 1327 4756 methodus
1360 4701 1593 4757 notandi
1626 4706 1868 4769 tempus,
1897 4715 2010 4771 quo

364 4794 607 4859 uterque
638 4786 892 4857 pontifex
929 4787 1099 4859 sedit,
1129 4788 1271 4845 adeo
1312 4797 1374 4845 ut
1402 4790 1595 4845 omnia
1635 4790 1803 4845 verba
1833 4803 2011 4845 unum

361 4880 755 4949 eamdemque,
772 4891 884 4933 non
899 4878 1092 4948 plures
1103 4883 1363 4934 auctores
1374 4877 1554 4936 fuisse
1569 4879 1842 4936 indicent.
1861 4880 2011 4935 Idem

364 4967 531 5035 plane
566 4968 637 5024 de
675 4967 940 5024 Marcello
977 4974 1034 5022 et
1071 4968 1317 5024 Eusebio
1354 4968 1684 5037 dicendum,
1726 4982 1870 5040 quos
1901 4970 2013 5023 Pa—

366 5054 712 5123 pebrochius
740 5056 810 5110 ab
840 5057 1019 5114 altero
1056 5062 1288 5114 auctore
1328 5059 1580 5128 adjectos
1617 5059 1897 5114 credebat.
1932 5059 2011 5114 De

365 5139 630 5198 Marcello
650 5142 801 5194 enim
830 5145 909 5200 ita
937 5146 1103 5200 habet
1124 5148 1452 5217 catalogus:
1484 5167 1509 5198 «
1536 5147 1836 5203 Marcellus
1860 5161 2011 5204 anno

367 5242 501 5296 uno,
527 5226 823 5283 mensibus
846 5238 1077 5299 septem,
1100 5234 1225 5288 dies
1246 5231 1475 5303 viginti.
1501 5233 1634 5287 Fuit
1655 5236 2009 5304 temporibus

366 5315 660 5385 Maxentii,
693 5328 727 5369 a
755 5317 1127 5371 consulatu...
1161 5322 1215 5375 Χ
1243 5327 1300 5374 et
1337 5320 1671 5375 Maximiani
1707 5324 1789 5393 VI,
1826 5339 2007 5395 usque

369 5409 495 5471 post
516 5403 876 5460 consulatum
899 5405 949 5456 X
970 5410 1025 5457 et
1054 5406 1167 5458 VII.
1201 5426 1226 5453 »
1252 5409 1320 5461 Et
1346 5407 1417 5462 de
1447 5408 1693 5465 Eusebio
1719 5427 1731 5463 :
1768 5431 1792 5461 ε(
1827 5412 2009 5467 Euse—

365 5490 499 5545 bius
530 5505 747 5548 menses
777 5505 855 5561 Iv,
886 5491 1011 5546 dies
1040 5504 1160 5559 xvx,
1187 5506 1218 5545 a
1248 5506 1341 5545 xlv
1370 5494 1489 5549 Kal.
1528 5496 1704 5551 Maias
1733 5514 1912 5568 usque
1946 5503 2005 5558 in

361 5579 514 5634 diem
560 5592 655 5633 xv:
693 5580 974 5638 Kalendas
1018 5580 1384 5651 Septembris.
1429 5603 1455 5633 »
1498 5586 1557 5639 In
1599 5588 1811 5656 quibus
1855 5590 2006 5647 nihil

2134 1875 2249 1932 fuit
2305 1891 2458 1933 mors
2501 1877 2772 1933 Marcelli.
2827 1877 2985 1933 Unde
3027 1876 3325 1933 manifeste
3372 1876 3679 1949 colligitur
3726 1877 3789 1931 in

2133 1966 2469 2036 pontiﬁcatu
2488 1966 2826 2022 Marcellin
2842 1972 3076 2023 auctore
3091 1966 3336 2038 catalogi
3355 1966 3550 2022 studio
3572 1967 3790 2021 omissa

2131 2052 2313 2112 fuisse
2337 2055 2637 2111 consulum
2668 2055 2918 2124 nomina,
2946 2068 3099 2110 neea
3132 2059 3522 2124 repeterentur
3550 2056 3604 2109 in
3638 2055 3790 2109 Mel-

2129 2141 2350 2197 chiade.
2386 2141 2545 2211 Quod
2577 2148 2729 2199 certe
2761 2156 3051 2214 nunquam
3085 2141 3297 2197 factum
3327 2146 3494 2208 esset,
3537 2142 3589 2195 si
3624 2140 3788 2197 Mar—

2129 2232 2260 2288 celli
2293 2239 2517 2303 tempus
2548 2246 2581 2287 a
2613 2233 2802 2300 tertio,
2845 2231 3183 2287 Melchiadis
3210 2245 3245 2286 a
3279 2236 3487 2301 quarto
3525 2238 3783 2298 auctore,

2131 2327 2195 2377 ut
2224 2335 2279 2374 v.
2322 2337 2375 2376 c.
2412 2320 2833 2390 Papebrochius
2879 2320 3161 2389 credebat,
3206 2320 3346 2375 huic
3383 2318 3639 2391 catalogo
3685 2319 3789 2374 in—

2129 2415 2280 2465 serta
2306 2408 2572 2464 fuissent.
2599 2410 2684 2464 Ab
2716 2423 2830 2465 uno
2865 2409 3077 2479 itaque,
3105 2415 3162 2463 et
3184 2408 3379 2463 eodem
3424 2414 3657 2462 auctore
3686 2422 3789 2463 se-

2127 2496 2316 2551 cunda
2348 2510 2478 2565 pars
2506 2497 2752 2569 catalogi
2786 2497 3114 2566 conscripta
3146 2495 3277 2565 fuit,
3313 2500 3378 2552 ut
3408 2508 3585 2564 supra
3617 2496 3787 2551 indi--

2127 2584 2402 2655 cavimus,
2446 2590 2784 2656 tantumque
2814 2586 2978 2641 abest
3006 2599 3075 2641 ex
3102 2584 3359 2655 catalogo
3389 2583 3587 2655 colligi
3618 2596 3786 2652 posse

2126 2673 2385 2728 eumdem
2412 2686 2445 2728 a
2472 2674 2720 2729 diversis
2749 2673 3087 2730 auctoribus
3117 2679 3445 2729 contextum
3481 2672 3681 2740 fuisse,
3718 2681 3786 2728 ut

2128 2761 2322 2829 potius
2366 2775 2434 2817 ex
2479 2768 2755 2832 perpetuo
2801 2768 3123 2832 temporum
3169 2776 3318 2818 nexu
3357 2761 3669 2833 colligatur
3707 2761 3785 2815 ab

2126 2861 2240 2904 uno
2278 2850 2590 2920 eodemque
2628 2856 2862 2907 auctore
2895 2850 3218 2907 confectum
3255 2849 3454 2905 fuisse.
3490 2850 3616 2904 Nisi
3646 2850 3783 2920 quis

2123 2935 2316 2992 dicere
2346 2938 2501 3007 velit,
2534 2946 2824 2995 auctorem
2862 2939 3039 3008 hujus
3076 2938 3343 3010 catalogi,
3377 2951 3577 3005 annos,
3614 2951 3785 2993 men—

2124 3037 2235 3096 ses,
2266 3030 2321 3081 et
2345 3027 2470 3082 dies
2509 3041 2577 3082 ex
2604 3027 2801 3098 aliquo
2831 3027 3109 3083 anteriori
3144 3033 3510 3084 monumento
3534 3027 3779 3082 desum-

2041 3090 2089 3152 Ο
2125 3090 2328 3186 psisse,
2352 3128 2417 3171 eo
2435 3117 2585 3186 quod
2606 3090 2989 3186 illi-perpetuo
3010 3130 3042 3171 a
3062 3117 3366 3173 consulum
3391 3117 3544 3172 notis
3563 3116 3785 3172 discre-

2123 3216 2257 3271 pare
2286 3203 2526 3259 soleant.

2195 3287 2282 3346 40.
2326 3293 2498 3348 Porro
2530 3306 2642 3349 non
2679 3308 2712 3349 a
2753 3294 3023 3366 diversis,
3069 3296 3165 3352 sed
3209 3294 3280 3350 ab
3323 3308 3439 3350 uno
3468 3294 3785 3363 eodemque

2120 3384 2355 3435 auctore
2376 3382 2757 3451 compositum
2790 3382 2971 3439 fuisse
3010 3384 3163 3439 hunc
3192 3382 3580 3454 antiquiorem
3613 3389 3785 3437 cata-

2122 3467 2337 3539 logum,
2376 3470 2664 3538 judicavit
2702 3471 3116 3542 Cuspinianus,
3162 3474 3263 3543 qui
3305 3486 3435 3528 eum
3479 3472 3666 3541 primo
3711 3486 3784 3527 ex

2124 3558 2517 3629 manuscripto
2555 3559 2752 3615 codice
2781 3561 2957 3631 eruit,
3001 3566 3057 3616 et
3100 3561 3532 3617 commentariis
3561 3560 3688 3615 suis
3719 3560 3781 3614 in

2118 3643 2445 3701 Cassiodori
2475 3648 2740 3703 consules
2780 3648 3049 3719 inseruit,
3084 3649 3346 3704 scribens
3386 3650 3456 3704 ad
3499 3648 3782 3703 consula-

2121 3738 2241 3788 tum
2267 3735 2514 3790 duorum
2542 3736 2951 3793 Geminorum:
2989 3758 3016 3790 ‹‹
3043 3736 3309 3792 Oblatum
3339 3744 3426 3792 est
3456 3736 3599 3792 mihi
3637 3750 3776 3805 per-

2119 3827 2282 3877 vetus
2320 3824 2664 3893 opusculum
2700 3826 2968 3896 anonymi
3000 3828 3279 3897 auctoris,
3317 3840 3431 3897 quo
3472 3824 3775 3896 pontiﬁces

2120 3910 2355 3965 maximi
2379 3914 2487 3966 sub
2509 3914 2724 3983 quibus
2749 3927 2896 3970 coss.
2924 3913 3145 3970 fuerint
3169 3921 3599 3970 enumerantur.
3626 3916 3689 3969 In
3713 3927 3779 3968 eo

2122 3996 2201 4051 ita
2231 3998 2512 4054 scribitur
2540 4018 2553 4054 :
2585 4003 2902 4071 Imperante
2947 4003 3177 4059 Tiberio
3207 4004 3425 4059 Caesare
3457 4016 3660 4072 passus
3691 4008 3780 4057 est

2118 4087 2397 4143 Dominus
2430 4090 2594 4143 Jesus
2617 4090 2885 4147 Christus
2921 4093 3149 4149 duobus
3187 4093 3449 4149 Geminis
3472 4106 3617 4147 coss.
3646 4106 3777 4163 vm,

2120 4174 2357 4230 Kalend.
2389 4178 2627 4246 Aprilis.
2661 4181 2729 4234 Et
2759 4187 2888 4249 post
2917 4195 3217 4237 ascensum
3243 4184 3371 4252 ejus
3402 4182 3781 4237 beatissimus

2120 4264 2321 4318 Petrus
2362 4264 2697 4336 episcopum
2737 4270 3006 4341 suscipit,
3040 4289 3066 4321 »
3094 4278 3198 4327 etc.
3236 4273 3317 4326 Ex
3359 4271 3565 4342 primis
3598 4270 3781 4340 hujus

2120 4352 2386 4421 opusculi
2404 4355 2613 4426 verbis,
2643 4371 2768 4427 quae
2784 4358 2977 4414 eadem
2999 4360 3234 4415 omnino
3255 4366 3393 4415 sunt
3417 4373 3547 4414 cum
3569 4358 3779 4429 primis

2121 4440 2312 4496 verbis
2353 4442 2619 4515 catalogi,
2652 4446 2724 4501 de
2752 4462 2865 4518 quo
2907 4447 2965 4502 in
3010 4449 3275 4518 praesenti
3320 4449 3569 4520 agimus,
3604 4447 3778 4502 facile

2119 4529 2420 4600 colligitur
2435 4534 2757 4606 catalogum
2776 4537 3036 4591 eumdem
3057 4549 3182 4592 esse
3193 4549 3361 4608 quem
3378 4536 3777 4606 Cuspinianus

2121 4616 2259 4672 olim
2313 4618 2536 4691 habuit,
2593 4637 2878 4694 quemque
2925 4638 3209 4696 anonymo
3254 4626 3480 4682 auctori
3537 4625 3773 4696 tribuit,

2125 4712 2294 4775 prout
2315 4709 2569 4765 tribuere
2600 4712 2786 4784 pergit
2813 4716 2871 4767 in
2899 4715 3089 4783 Operis
3120 4729 3447 4787 progressu,
3480 4714 3578 4770 ubi
3608 4720 3772 4770 cata-

2122 4793 2238 4866 lOgi
2263 4794 2436 4853 istius
2465 4801 2806 4856 mentionem
2830 4800 2987 4872 facit,
3016 4809 3073 4858 et
3094 4807 3392 4875 signanter
3413 4804 3481 4859 ad
3511 4804 3775 4859 consula-

2122 4890 2243 4939 tum
2274 4887 2572 4943 Saturnini
2605 4890 2707 4944 let
2736 4891 2973 4962 Venuvi,
3006 4905 3180 4963 agens
3215 4895 3287 4950 de
3318 4894 3481 4949 Petro
3515 4893 3609 4948 his
3639 4907 3774 4948 ver—-

2122 4973 2254 5029 bis:
2291 4995 2318 5027 «
2352 4977 2815 5033 Vetustissimum
2860 4983 3111 5051 comperi
3154 4983 3217 5038 in
3247 4982 3599 5039 bibliotheca
3638 4996 3773 5052 qua-

2119 5063 2247 5118 dam
2279 5066 2622 5134 opusculum
2648 5070 2913 5138 anonymi
2945 5072 3221 5142 auctoris,
3257 5085 3369 5142 quo
3398 5072 3774 5127 continentur

2121 5153 2419 5221 pontiﬁces
2456 5155 2695 5211 Romani
2729 5158 2837 5213 sub
2874 5158 3090 5229 quibus
3130 5174 3275 5217 coss.
3321 5160 3539 5217 fuerint
3571 5175 3605 5214 a
3629 5160 3773 5215 Divo

2119 5240 2284 5297 Petro
2329 5256 2510 5312 usque
2549 5245 2616 5299 ad
2655 5246 3070 5320 Marcellinum,
3120 5250 3223 5321 qui
3263 5250 3371 5306 sub
3405 5248 3771 5306 Diocletiano

2119 5328 2253 5399 fuit,
2302 5332 2775 5400 quemadmodum
2821 5336 3093 5407 deinceps
3133 5339 3516 5395 narrabimus.
3565 5356 3592 5387 »
3630 5340 3773 5394 Con-

2118 5424 2353 5490 stanter,
2404 5425 2462 5474 et
2512 5428 2663 5478 recte
2714 5422 2957 5481 afﬁrmat
3003 5428 3387 5499 Cupinianus,
3442 5428 3773 5483 vetustissi-

2122 5522 2273 5563 mum
2301 5508 2641 5578 opusculum
2682 5526 2804 5568 esse
2842 5515 3065 5585 antiqui
3111 5519 3420 5587 scriptoris
3451 5518 3766 5588 anonymi;

2117 5598 2211 5651 sed
2247 5599 2519 5655 memoria
2550 5601 2745 5670 lapsus
2788 5603 3041 5677 videtur,
3077 5607 3215 5663 dum
3248 5605 3423 5663 refert
3462 5608 3768 5677 pontiﬁces
