4060 6176
193 379 291 436 173

903 383 1304 439 SCIIELESTR.
1349 385 1646 438 DISS'ERT.
1708 386 1796 439 DE
1833 385 2059 455 ANTIQ.
2112 390 2275 444 ROM.
2323 391 2516 446 PONT.
2561 393 2893 451 CATALOG.

3495 396 3596 464 474

185 514 482 622 ξξῗίξξτξηοξ
1234 515 1519 622 ξῖυῐξίίίξίξίί
1546 515 1696 622 iac?
1869 520 1926 578 Α
1955 538 2088 602 ptus
2121 541 2206 590 est
2246 536 2341 592 hic
2375 537 2678 612 Catalogus
2717 542 2825 597 sub
2866 543 3200 613 pontiﬁcatu
3223 549 3459 622 Liberii,
3500 557 3596 610 cui

184 600 384 655 tineri.
432 601 576 654 Nam
620 608 749 670 post
787 603 1187 658 Marcellinum
1228 617 1294 658 ex
1337 604 1529 659 eodem
1565 603 1844 672 opusculo

188 695 447 744 recenset
472 689 541 744 ad
576 696 705 759 post
731 691 1093 746 consulatum
1136 692 1188 744 Χ
1222 699 1276 747 et
1304 694 1396 747 VII
1428 693 1655 760 iterum,
1689 694 1848 746 Mar—

185 778 398 832 cellum
429 797 445 846 ;
473 779 541 832 ad
576 780 937 834 consulatum
977 781 1208 836 Maximi
1249 781 1366 835 VIII
1391 787 1446 835 et
1466 779 1678 835 Licinii
1702 779 1847 834 Mel-

186 867 454 922 chiadem
486 886 500 937 ;
534 867 605 922 ad
637 867 999 924 consulatum
1035 869 1332 924 Volusiani
1374 875 1431 924 et
1461 869 1664 923 Amani
1714 870 1847 939 Syl-

186 963 443 1010 vestrum
480 961 572 1024 ;et
597 957 665 1012 ad
699 957 1060 1012 consulatum
1104 957 1379 1012 Feliciani
1420 963 1475 1012 et
1513 958 1702 1012 Titani
1741 959 1849 1013 Ju—

186 1044 357 1115 lium,
387 1051 443 1100 et
476 1044 630 1099 hunc
667 1045 898 1115 quidem
929 1045 1020 1100 his
1043 1045 1233 1100 verbis
1267 1064 1278 1099 :
1323 1067 1348 1098 «
1382 1047 1596 1102 Auctor
1621 1047 1717 1101 ille
1751 1046 1850 1100 in—

184 1138 384 1188 certus
405 1133 478 1188 de
497 1133 878 1190 Pontiﬁcibus
911 1133 1112 1189 horum
1131 1135 1288 1190 Coss.
1317 1134 1403 1189 sic
1424 1134 1842 1190 commeminit:

182 1222 372 1274 Julius
421 1224 589 1275 annis
650 1224 769 1276 XV.
820 1224 898 1276 Μ.
948 1223 996 1276 Ι.
1050 1225 1120 1276 D.
1195 1225 1287 1277 XI.
1337 1224 1463 1276 Fuit
1521 1223 1846 1292 temporibus

186 1309 541 1364 Constantini
578 1328 612 1364 ιι
655 1311 798 1365 Coss.
850 1313 1115 1365 Feliciani
1151 1317 1199 1366 et
1254 1315 1458 1366 Titiani
1500 1329 1568 1366 ea:
1609 1313 1697 1365 die
1741 1325 1844 1366 vm

182 1399 321 1453 Idus
343 1399 657 1469 Februarii,
680 1402 739 1454 in
775 1401 917 1454 diem
936 1401 1122 1470 pridie
1151 1402 1284 1455 Idus
1322 1402 1535 1470 Aprilis
1580 1405 1813 1455 Constan
1835 1431 1850 1437 -

186 1490 262 1542 tio
297 1491 347 1543 V
377 1494 427 1540 et
459 1486 774 1542 Constantio
814 1489 1024 1543 Cwsare
1049 1490 1195 1546 Cass.
1223 1491 1512 1546 Hactenus
1548 1495 1750 1545 auctor
1777 1490 1846 1544 de

187 1576 572 1646 pontiﬁcibus
601 1577 889 1646 maximis,
915 1592 1081 1648 quem
1113 1580 1309 1649 citavi,
1335 1579 1716 1651 pregreditur,
1745 1591 1846 1634 nec

187 1665 516 1735 quidquam
536 1665 784 1721 ulterius
802 1666 1033 1735 oﬁ'endi,
1058 1681 1172 1737 quo
1201 1668 1269 1722 ad
1294 1682 1447 1738 papa:
1467 1668 1610 1723 dicti
1641 1673 1840 1723 sunt.»

187 1753 298 1807 Ubi
332 1753 730 1822 Cuspinianus
773 1768 1036 1824 expresse
1071 1753 1336 1823 afﬁrmat,
1374 1756 1670 1826 pontiﬁces
1714 1769 1844 1810 cum

186 1841 541 1897 consulibus
562 1843 712 1898 ultra
743 1843 1138 1898 Marcellinum
1164 1858 1345 1914 usque
1374 1845 1440 1899 ad
1473 1845 1691 1900 Julium
1720 1845 1848 1912 pri—
1875 1837 1930 1898 B

189 1945 354 1985 mum
401 1932 722 2001 procedere,
755 1937 922 2000 prout
951 1933 1265 1988 etiamnum
1300 1934 1614 2002 procedunt
1646 1933 1701 1987 in
1730 1946 1850 1988 .no—

190 2026 314 2073 stra
328 2020 864 2090 catalogieditione,
882 2021 939 2074 in
959 2036 1069 2091 qua
1102 2021 1366 2077 Liberius
1393 2023 1623 2092 quidem
1651 2023 1852 2090 adjun-

190 2107 379 2179 gitur,
417 2108 514 2162 sed
559 2107 776 2178 absque
820 2109 1121 2164 consulum
1153 2111 1540 2180 adnotatione,
1586 2125 1652 2166 eo
1696 2110 1845 2180 quod

189 2203 404 2252 auctor
439 2196 657 2250 Liberii
685 2197 916 2266 quidem
937 2198 1173 2253 initium
1206 2213 1317 2254 non
1347 2204 1533 2254 tamen
1571 2199 1737 2254 tinem
1765 2213 1854 2252 as-

116 2288 124 2293 “
191 2292 436 2340 secutus
461 2285 560 2350 sit,
596 2286 689 2341 sed
717 2293 848 2342 ante
879 2286 1178 2342 Liberium
1201 2288 1429 2343 obierit.

271 2372 362 2428 Η.
391 2374 587 2444 Neque
615 2375 720 2430 hoc
751 2380 1010 2430 nostrum
1042 2377 1338 2442 duntaxat,
1374 2377 1467 2432 sed
1491 2377 1662 2433 etiam
1699 2376 1854 2431 alio-

196 2478 327 2518 rum
355 2465 427 2519 de
456 2463 631 2533 hujus
660 2466 916 2519 auctoris
945 2466 1411 2534 :etatejudicium
1437 2473 1541 2532 est,
1568 2466 1854 2521 scribente

193 2553 507 2620 Bucherio,
555 2553 654 2618 qui
691 2552 976 2624 integrum
1007 2554 1329 2624 catalogum
1363 2555 1584 2623 primus
1627 2554 1810 2609 edidit
1839 2571 1850 2606 :

200 2664 228 2690 α
249 2643 582 2711 Hucusque,
607 2641 676 2695 ad
709 2641 998 2696 Liberium
1021 2642 1264 2713 scilicet,
1302 2643 1636 2711 pontiﬁcum
1663 2644 1861 2697 Roma-

199 2745 414 2786 norum
454 2729 760 2800 Catalogus
792 2736 922 2785 ante
949 2729 1161 2785 Liberii
1197 2737 1433 2786 mortem
1459 2732 1856 2800 concinnatus,

201 2833 381 2890 quam
429 2817 757 2874 membrana
796 2819 1031 2873 nonnisi
1075 2819 1307 2888 punctis
1361 2820 1654 2888 exprimit.
1694 2837 1720 2868 »
1752 2818 1860 2894 Ubi

202 2908 555 2964 membrana:
574 2907 855 2976 meminit,
881 2907 939 2962 in
963 2920 1074 2978 qua
1095 2908 1208 2963 tria
1232 2907 1348 2964 alia
1371 2909 1647 2978 opuscula
1667 2909 1862 2963 eodem

204 3003 468 3066 tempore
507 2996 826 3066 iisdemque
865 2996 1208 3052 consulibus
1233 2998 1447 3067 scripta
1497 2997 1866 3068 reperieban-

207 3092 322 3140 tur.
361 3085 441 3139 Ac
474 3084 724 3153 primum
750 3084 984 3154 quidem
1010 3089 1132 3140 erat
1158 3083 1534 3155 fragmentum
1568 3087 1863 3142 Fastorum

1953 624 2232 712 successit
2288 626 2585 683 Damasus.
2648 629 2783 684 Fuit
2831 631 3013 702 igitur
3059 636 3184 704 ejus
3224 643 3425 693 auctor
3474 641 3598 712 ipso

1953 710 2292 782 Hieronymo
2315 715 2486 784 paulo
2516 718 2833 788 antiquior.
2870 737 2897 768 ››
2932 721 3129 780 Edidit
3161 725 3305 781 hanc
3333 710 3600 784 disserta-

1954 797 2167 854 tionem
2185 801 2523 872 interOpera
2536 807 2662 874 ejus
2681 808 3596 882 posthumaLondini,ann01688,

1954 887 2280 945 Dodwellus
2305 891 2722 966 Dubliniensis,
2752 897 2852 966 qui
2879 898 3014 955 licet
3043 901 3463 969 prolixioribus
3489 919 3600 963 no-

1958 977 2034 1065 tis
2065 982 2120 1032 et
2149 983 2578 1038 commentariis
2607 985 2733 1040 suis
2752 986 3155 1057 antiquitatem
3185 1005 3595 1065 nonnunquam

1960 1063 2254 1122 illustrare
2279 1077 2518 1126 conetur
2538 1076 2595 1127 et
2621 1073 2676 1127 id
2701 1089 2930 1144 quoque
2968 1078 3039 1134 de
3077 1083 3339 1148 przesenti
3363 1063 3598 1141 Catalo—

1957 1167 2035 1243 go
2051 1153 2234 1243 facere
2272 1161 2596 1232 contendat,
2623 1163 2749 1230 ejus
2775 1168 2960 1221 tamen
2999 1169 3342 1240 antiquitati
3383 1171 3597 1243 absque

1956 1241 2076 1298 ullo
2099 1241 2468 1304 fundamento
2492 1255 2594 1305 aut
2618 1251 2837 1308 ratione
2863 1254 3134 1313 detrahit.

2627 1357 2846 1414 CAPUT
2866 1363 2958 1416 III.

1955 1435 2358 1530 AnIanitiq‘uio-r
2400 1443 2690 1530 catalogus
2725 1452 3044 1530 a_Da_maso
3071 1469 3224 1530 papa
3259 1461 3593 1530 conscript-us

2199 1513 2269 1600 Et
2311 1531 2385 1600 an
2428 1517 2548 1571 duae
2593 1510 2837 1600 epistolae
2874 1510 3118 1600 Damasi,
3143 1510 3222 1582 ἐτ

2024 1594 2087 1632 ea
2109 1581 2174 1634 de
2199 1599 2256 1636 re
2276 1586 2433 1640 editae
2452 1581 2812 1658 suppa-simia:
2832 1581 3115 1651 censendai
3125 1581 3284 1654 sint?

1953 1689 1997 1738 Ι.
2033 1691 2611 1764 ‘Antiquior.Cat_alogus
2640 1697 2862 1748 Damaso
2880 1714 3026 1764 papae
3045 1704 3281 1754 tribuitur
3302 1711 3601 1760 auctoritate

2017 1753 2612 1832 (rl‘uafum‘eﬂpistolarum‘,
2628 1773 2845 1820 quarum
2866 1753 3079 1832 altéraa
3099 1766 3165 1814 D.
3184 1753 3598 1832 'HieEinyEﬁEEci

2023 1796 2135 1799 __,_-
2153 1796 2232 1798 ____
2255 1796 2482 1814 νίπτρα..-
2497 1796 2578 1804 υ...-
2629 1796 2748 1820 -ιυ-υι.
2763 1796 2845 1809 uu-
2866 1796 3022 1812 υιυνιιιι
3050 1796 3079 1812 u.
3099 1796 3165 1814 υ.
3199 1796 3512 1832 xucruuytuu
3533 1796 3598 1822 au

2019 1814 2495 1894 Harpasumgltera
2515 1834 2544 1866 a
2574 1796 2795 1894 ﬁa‘maso
2825 1824 2887 1871 ad
2908 1824 2970 1872 D.
3006 1826 3376 1894 Hieronymum
3394 1835 3598 1894 scriptas

2021 1879 2249 1949 sunt“:
2387 1879 2579 1949 Harum
2607 1882 2885 1949 litterarum
2910 1877 3298 1949 germanitatem
3328 1877 3598 1944 éi'éixh’iii

2019 1937 2129 2017 bus
2141 1938 2330 2017 litteris
2346 1941 2479 2017 inter
2500 1956 2656 2017 opera
2680 1937 2944 2017 Damasi};
2975 1948 3159 2017 Martio
3177 1937 3388 2017 Milesio

2019 2000 2317 2078 99mprobat
2363 2000 2672 2078 Godefrid‘us
2709 2007 3095 2078 Henschenius.
3131 2038 3191 2048 —
3227 2000 3313 2063 Ill.
3351 2000 3601 2078 Aqiih'gii

2022 2061 2382 2139 flensc‘heniu‘s
2404 2067 2667 2139 nonnulla,
2688 2070 2953 2139 exquibus
2974 2073 3189 2139 probare
3211 2061 3448 2139 conatur:
3464 2061 3600 2127 8'33;

2021 2123 2159 2171 Libri
2175 2124 2489 2174 Pontiﬁcatis
2505 2123 2737 2177 auctores
2751 2123 2909 2178 fuisse
2924 2123 3208 2182 Ahtherum
3254 2141 3304 2184 et
3320 2123 3600 2188 Da’iﬁaéﬁiﬁ

2019 2197 2200 2258 papas.
2228 2214 2286 2258 ἶ
2435 2189 2664 2258 Primum
2688 2191 3004 2258 II_e_n_schenii
3024 2194 3410 2248 fundamentum
3433 2215 3492 2249 ex
3515 2201 3601 2249 lit-

2021 2249 2142 2316 teris
2177 2262 2205 2294 ει
2235 2249 2646 2316 MartioMilesio
2683 2254 2850 2314 editis,
2876 2255 3138 2316 refutatur,
3170 2273 3231 2306 eo
3255 2263 3392 2316 quod
3421 2263 3601 2311 litterae

2021 2309 2123 2357 illa;
2153 2313 2490 2371 supposititiae
2524 2314 2642 2371 sint,
2669 2319 2805 2363 recte
2841 2309 3045 2365 Erasmi
3070 2309 3346 2370 et'Labbei
3369 2309 3600 2373 censuris

2025 2375 2245 2448 notatae;
2266 2373 2424 2448 -ι
2437 2375 2676 2448 ῌΡὶείοιω
2702 2391 2917 2448 quoque
2930 2379 3135 2448 Damasi
3158 2385 3207 2429 et
3222 2383 3516 2448 Hieronymi
3538 2387 3600 2434 de

2026 2433 2181 2508 Librp
2197 2433 3002 2508 ‘Po'ntificalisupposititizesunt,
3016 2449 3073 2508 u_t_
3086 2443 3140 2508 in
3160 2445 3338 2504 primis
3358 2433 3602 2508 prbbatur

2027 2508 2087 2570 ex
2117 2495 2244 2556 stylo
2268 2495 2586 2570 l‘lierpnymi,
2724 2495 3004 2570 plurimum
3021 2495 3190 2570 differt
3208 2520 3237 2554 a
3262 2495 3390 2568 stylb
3409 2510 3602 2570 episto-

2025 2557 2089 2605 la}
2119 2559 2482 2619 supposititiaz.
2519 2585 2580 2595 —
2612 2561 2703 2609 VI.
2724 2557 2878 2610 idem
2914 2565 3242 2614 conﬁrmatur
3264 2557 3326 2617 ex
3345 2557 3605 2619 non‘nullis

2029 2621 2258 2695 epistola;
2289 2622 2628 2695 supposititize
2673 2624 2893 2684 insertis,
2925 2639 3038 2695 quae
3067 2630 3266 2677 veritati
3299 2635 3602 2695 repugnant,

2030 2683 2156 2756 ut‘in
2182 2683 2381 2756 primis,
2403 2685 2542 2756 quod
2567 2683 2910 2756 Hieronymus
2926 2683 3042 2756 post
3057 2695 3320 2752 sumptum
3349 2683 3608 2756 presbytel

2030 2746 2168 2791 ratus
2187 2745 2400 2816 gradum
2422 2745 2627 2816 Damasi
2647 2745 3080 2816 adpontiﬁeatum
3099 2745 3610 2816 assumptibuem'co-

2033 2806 2282 2872 gnoverit,
2315 2811 2364 2853 et
2389 2808 2520 2855 scire
2544 2806 2758 2872 cupierit
2788 2813 2901 2872 quis
2928 2806 3609 2872 Romanorum.pontificum

2033 2871 2205 2940 contra
2223 2871 2774 2940 .canonesexcessisse
2803 2871 3167 2940 cognoscatur.
3187 2904 3247 2912 —
3277 2871 3398 2940 VII.
3428 2879 3611 2940 Neque

2026 2930 2175 3002 juvat
2206 2930 2397 3002 dicere,
2430 2930 3032 3002 Hieronymumjd—scire
3053 2939 3296 3002 cupiisse,
3327 2939 3448 2988 buia
3481 2930 3614 2988 m‘ar-

2033 2992 2286 3060 tyrologio
2316 2992 2904 3060 operamrdabatugNam
2930 3013 3023 3060 pro
3057 2992 3146 3047 illo
3177 2992 3460 3050 sufficiebat
3481 3003 3613 3050 scire

2075 3055 2246 3125 uiuam
2267 3068 2361 3115 pro
2378 3054 2671 3125 Christiana
2690 3054 2947 3125 religione
2961 3063 3183 3122 martyrii
3201 3063 3422 3125 palmam
3444 3064 3614 3125 adepti

2061 3119 2253 3187 uerunt.
2285 3142 2344 3150 —
2378 3117 2540 3187 VIIi._
2569 3118 2775 3187 Damasi
2794 3117 3304 3187 quoqueep'istolam
3337 3117 3613 3187 suppositi-

205 3174 272 3228 ad
322 3186 482 3227 anno
535 3172 751 3226 Christi
801 3170 907 3227 205
961 3173 1030 3228 ad
1081 3171 1206 3244 354,
1248 3187 1361 3243 quo
1399 3174 1666 3228 consules
1704 3177 1867 3228 erant
1895 3178 1944 3239 ο
2039 3179 2157 3244 tiam
2195 3191 2326 3244 esse,
2355 3192 2414 3226 ex
2434 3179 2577 3244 ⁸ξςῑγιρ
2607 3170 2882 3230 inculto‘et
2916 3170 3030 3232 indi
3055 3170 3609 3236 ’5.t¢naiiar'.“:ix.

206 3262 591 3319 Constantius
610 3264 701 3316 VII
723 3267 778 3317 ct
797 3261 1170 3318 Constantius
1207 3265 1297 3317 III.
1341 3263 1610 3319 Exstabat
1639 3276 1867 3334 quoque

210 3351 562 3422 opusculum
601 3350 672 3406 de
705 3349 991 3406 Prwfectis
1031 3351 1167 3406 Urbi
1200 3366 1329 3407 cum
1378 3352 1483 3407 hoc
1511 3352 1684 3408 titulo
1717 3370 1729 3406 :
1781 3353 1869 3404 Ex

211 3441 544 3510 temporibus
598 3439 852 3494 Gallieni.
896 3443 1018 3509 quis
1043 3445 1311 3509 quantum
1339 3444 1592 3509 temporis
1628 3427 1870 3510 praefec-

214 3537 397 3584 turam
443 3529 604 3583 Urbis
631 3528 1124 3591 administraverit,
1162 3531 1220 3584 in
1263 3543 1376 3599 quo
1409 3529 1582 3584 iidem
1616 3527 1868 3598 prazfecti

214 3621 282 3676 ad
314 3633 471 3675 anno
513 3616 620 3674 254
659 3633 843 3689 usque
871 3619 940 3674 ad
974 3632 1188 3675 annum
1227 3616 1332 3674 354
1363 3623 1749 3682 recensentur,
1795 3616 1871 3672 ti—

217 3710 409 3764 niente
434 3707 538 3763 illo
552 3707 873 3763 hisverbis:
901 3710 1213 3764 Constantio
1241 3710 1347 3764 VII
1365 3714 1414 3762 et
1430 3710 1744 3762 Constantio
1766 3710 1864 3762 ΙΙΙ.

223 3799 503 3851 Viti-asins
548 3796 751 3865 Orﬁtus
791 3799 1089 3866 praefectus
1138 3797 1287 3850 Urbi.
1331 3798 1566 3851 Demum
1598 3795 1872 3850 calenda—

219 3885 370 3941 rium
413 3885 722 3956 antiquum
745 3885 1148 3941 continebatur
1169 3885 1476 3940 Valentino
1501 3885 1732 3939 cuidam
1774 3884 1872 3939 in-

218 3976 505 4044 scriptum
529 3975 635 4029 sub
665 3974 1019 4041 Constantio,
1051 3987 1218 4044 quem
1255 3974 1524 4030 ultimum
1558 3974 1874 4044 imperato-

219 4078 347 4119 rum
381 4068 656 4134 recenset,
685 4069 742 4118 et
774 4076 884 4118 non
916 4063 1112 4118 divum
1161 4069 1227 4118 ut
1254 4069 1490 4118 caeteros
1520 4075 1735 4131 omnes,
1773 4061 1870 4118 sed

218 4153 522 4208 dominum
567 4157 784 4221 vocat;
838 4155 1068 4222 signum
1126 4151 1666 4207 manifestissimum
1721 4151 1872 4220 quod

219 4247 425 4296 auctor
451 4240 560 4296 sub
605 4241 942 4296 Constantio
985 4239 1305 4312 scripserit,
1361 4241 1624 4311 idemque
1669 4240 1768 4294 ille
1799 4239 1877 4294 sit

222 4331 322 4400 qui
363 4343 548 4399 usque
567 4329 637 4384 ad
662 4328 1025 4384 consulatum
1057 4329 1379 4385 Constantii
1409 4329 1717 4398 septimum
1743 4341 1876 4397 pra:-

223 4419 338 4473 fata
381 4418 662 4488 opuscula
706 4419 992 4488 perduxit,
1039 4423 1095 4473 et
1128 4419 1449 4490 catalogum
1490 4420 1874 4474 Romanorum

2036 3240 2393 3309 Antiquior-em
2425 3240 2722 3309 Catalqgum
2754 3257 2920 3309 neque
2950 3261 2979 3293 a
3001 3247 3220 3294 Damaso
3249 3249 3619 3309 conscriptum.

2038 3317 2206 3370 neque
2252 3302 2372 3370 ejus
2406 3304 2706 3370 auctoritate
2740 3302 3011 3370 probatum
3050 3310 3324 3370 prodiisse,
3356 3302 3523 3370 neque
3553 3311 3616 3356 ad

2038 3364 2215 3412 divum
2252 3364 2626 3426 Hieronymum
2655 3364 3013 3416 transmissum
3044 3364 3220 3429 fuisse,
3252 3364 3615 3417 monstramus.

2051 3442 2101 3498 4.
2130 3444 2548 3514 Inquisivimus
2578 3447 2863 3514 superiori
2904 3448 3092 3515 capite
3115 3449 3185 3502 de
3212 3447 3479 3516 pluribus
3505 3461 3620 3504 au-

1977 3532 2256 3603 ctoribus,
2287 3546 2359 3586 an
2385 3531 2454 3586 ab
2487 3531 2608 3586 illis
2640 3533 2809 3587 tertio
2835 3533 3042 3588 saeculo
3072 3534 3369 3604 antiquior
3405 3535 3625 3590 Catalo-

1978 3636 2086 3693 gus
2127 3620 2319 3675 editus
2365 3619 2560 3688 fuerit,
2608 3619 3077 3691 ostendimusque
3116 3627 3404 3678 auctorem
3449 3623 3617 3679 illius

1980 3715 2230 3778 tempore
2292 3707 2612 3762 Constantii
2687 3708 3050 3777 imperatoris
3137 3716 3337 3780 quarto
3411 3711 3621 3768 saeculo

1981 3797 2306 3867 scripsisse,
2355 3797 2451 3852 sed
2508 3809 2709 3851 nomen
2735 3797 3032 3868 hucusque
3093 3799 3417 3870 ignoratum
3475 3814 3616 3856 esse.

1980 3889 2144 3942 Nunc
2176 3885 2586 3956 inquirendum
2611 3889 2697 3941 est
2721 3885 2792 3940 de
2820 3887 3062 3943 Damaso
3093 3901 3253 3958 papa,
3289 3889 3388 3959 qui
3417 3894 3622 3960 quarto

1984 3976 2192 4032 saaculo
2232 3976 2400 4045 sedit,
2440 3989 2574 4030 num
2629 3974 2716 4029 illi
2771 3973 2916 4030 forte
2957 3977 3261 4049 Catalogus
3298 3978 3622 4047 adjudicari

1987 4065 2188 4134 possit.
2211 4064 2579 4119 Occasionem
2609 4063 2744 4118 huic
2776 4065 3080 4134 quazstioni
3104 4065 3469 4134 praebuerunt
3496 4066 3625 4122 duae

1985 4153 2259 4222 epistolae,
2306 4166 2548 4222 quarum
2575 4151 2808 4208 alteram
2843 4165 2875 4206 a
2912 4153 2976 4206 D.
3021 4154 3360 4222 Hieronymo
3398 4154 3467 4208 ad
3506 4155 3626 4209 Da-

1988 4255 2207 4297 masum
2257 4254 2477 4310 papam,
2530 4240 2766 4296 alteram
2798 4255 2830 4296 a
2860 4241 3098 4297 Damaso
3127 4242 3196 4296 ad
3227 4243 3292 4295 D.
3342 4242 3625 4310 Hierony—

1989 4343 2140 4385 mum
2172 4329 2265 4385 his
2296 4329 2484 4385 verbis
2509 4330 2834 4398 concriptas
2861 4327 3039 4384 fuisse
3071 4328 3263 4385 ferunt
3290 4348 3302 4384 :

2063 4439 2086 4467 «
2123 4417 2462 4472 Beatissimo
2492 4431 2646 4486 papa:
2671 4419 2910 4472 Damaso
2939 4417 3335 4487 Hieronymus.

225 4507 566 4576 pontiﬁcum
613 4507 722 4562 sub
753 4507 1090 4563 Constantio
1131 4506 1224 4562 bis
1265 4506 1455 4563 verbis
1499 4507 1829 4561 terminavit
1858 4524 1870 4560 :
1907 4520 1962 4582 ι)
2063 4528 2085 4555 α
2119 4506 2372 4562 Gloriam
2407 4506 2733 4561 sanctitatis
2755 4511 2866 4561 tuas
2892 4512 3084 4561 nostra
3111 4506 3412 4562 humilitas
3435 4506 3629 4576 depre-

225 4596 478 4649 Liberius
507 4591 619 4662 fuit
677 4598 1006 4665 temporibus
1052 4597 1397 4652 Constantini
1429 4601 1478 4650 et
1517 4597 1603 4649 die
1643 4609 1699 4650 χι
1733 4596 1866 4648 Kal.

224 4686 425 4739 Iunias
453 4687 510 4738 in
536 4685 707 4738 diem.
842 4703 877 4739 a
903 4686 1054 4740 Cass.
1093 4685 1398 4740 Constantii
1441 4687 1489 4741 V
1518 4690 1570 4739 et
1611 4685 1875 4740 Constan-

226 4777 298 4828 tio
347 4775 578 4828 Caesare.
627 4773 732 4828 Ubi
787 4788 969 4845 neque
1019 4775 1381 4846 consulatus,
1436 4788 1550 4844 quo
1608 4773 1877 4829 Liberius

226 4864 401 4932 obiit,
444 4877 626 4934 neque
666 4863 792 4919 dies
839 4864 1042 4920 mortis
1085 4865 1210 4933 ejus
1254 4865 1568 4934 apponitur
1607 4864 1764 4934 quia,
1814 4868 1878 4919 ut

229 4958 381 5008 recte
413 4951 732 5008 Bucberius
757 4952 1038 5023 observat,
1065 4959 1196 5009 ante
1225 4953 1441 5022 Liberii
1470 4957 1705 5008 mortem
1732 4965 1878 5008 con-

230 5041 503 5094 cinnatus
531 5037 666 5094 fuit.
701 5041 838 5095 Item
879 5041 1056 5096 sentit
1084 5041 1352 5096 eruditus
1377 5041 1641 5097 Petavius
1671 5039 1774 5094 lib.
1818 5054 1876 5110 v,

230 5141 353 5197 cap.
398 5126 453 5194 5,
489 5127 814 5182 Rationarii
849 5133 1191 5198 temporum,
1224 5129 1323 5184 ubi
1354 5129 1560 5184 scribit
1589 5149 1600 5184 :
1647 5150 1672 5182 «
1707 5131 1882 5184 Vetus

235 5216 531 5272 indiculus
576 5218 961 5272 Romanorum
1000 5219 1335 5287 pontificum
1373 5219 1583 5274 Liberii
1631 5225 1882 5289 tempore

232 5312 556 5375 contextus,
603 5319 773 5377 quem
822 5320 991 5376 penes
1045 5321 1150 5363 nos
1213 5308 1504 5364 habemus.
1553 5328 1579 5357 ››
1633 5310 1701 5364 Et
1755 5314 1883 5378 post

235 5395 524 5450 Petavium
559 5395 925 5465 Pearsonius,
959 5411 991 5452 a
1022 5397 1305 5468 religione
1336 5397 1566 5467 quidem
1599 5397 1883 5454 catholica

235 5483 481 5553 alienus,
515 5484 612 5540 sed
643 5485 732 5540 vir
755 5484 1079 5541 acutissimi
1111 5486 1331 5558 ingenii
1353 5492 1411 5542 et
1439 5487 1880 5559 magnijudicii,

239 5574 359 5642 qui,
387 5575 531 5629 diss.
573 5589 586 5627 ι
618 5574 691 5629 de
718 5575 1083 5630 successione
1114 5576 1430 5645 primorum
1456 5578 1641 5631 Romae
1671 5577 1886 5647 episco-

244 5676 458 5733 porum,
485 5664 678 5733 capite
720 5661 806 5734 13,
837 5680 992 5720 num.
1027 5664 1081 5734 '2,
1114 5666 1358 5736 ingenue
1397 5665 1642 5721 fatetur:
1676 5688 1699 5715 ‹‹
1725 5668 1889 5721 Scri-

1991 4616 2015 4646 α
2057 4600 2222 4650 catur
2252 4601 2317 4650 ut
2341 4595 2653 4650 secundum
2679 4594 3010 4664 apostolicae
3023 4594 3180 4650 sedis
3203 4595 3622 4662 auctoritatem,

1991 4704 2015 4734 «
2060 4697 2229 4753 quam
2273 4683 2644 4754 cognovimus
2675 4695 2774 4752 per
2812 4687 2966 4738 tuam
3005 4682 3367 4738 sanctitatem
3409 4681 3614 4754 guber‘

1990 4792 2014 4822 «
2057 4771 2205 4840 nari,
2229 4776 2391 4826 actus
2413 4775 2696 4840 gestorum
2729 4785 2762 4826 a
2793 4769 2942 4826 beati
2969 4771 3120 4826 Petri
3146 4770 3390 4840 apostoli
3419 4769 3621 4839 princi-

1991 4882 2014 4911 «
2059 4866 2194 4929 patu
2214 4873 2394 4927 usque
2417 4859 2484 4913 ad
2511 4865 2696 4914 vestra
2717 4865 2989 4928 tempora,
3015 4874 3140 4929 qua;
3165 4858 3390 4913 scilicet
3412 4857 3469 4911 in
3492 4856 3624 4911 sede

1990 4971 2014 5001 «
2058 4955 2156 5004 tua
2185 4952 2341 5018 gesta
2366 4950 2521 5012 sunt,
2549 4945 2717 5000 nobis
2743 4948 3113 5016 perordinem
3142 4945 3340 5014 paucis
3358 4957 3626 5000 enarrare

1989 5060 2014 5090 «
2055 5035 2336 5108 digneris,
2366 5041 2649 5106 quatenus
2679 5040 2873 5090 nostra
2913 5033 3214 5089 humilitas
3245 5034 3500 5090 sentiens
3528 5047 3628 5090 re-

1992 5147 2017 5177 «
2059 5133 2361 5197 cognoscat
2382 5125 2516 5194 quis
2538 5123 2748 5179 meruit
2765 5122 2835 5178 de
2863 5122 3150 5192 episcopis
3180 5123 3525 5194 supradicta:
3548 5136 3629 5179 se-

1995 5239 2018 5267 ‹‹
2060 5217 2154 5271 dis
2181 5215 2454 5286 martyrio
2485 5215 2769 5283 coronari,
2801 5213 2884 5269 vel
2913 5213 2962 5269 si
2997 5213 3130 5284 quis
3159 5220 3356 5270 contra
3386 5226 3629 5269 canones

1997 5305 2453 5376 «apostolorum
2523 5303 2834 5360 excessisse
2890 5309 3287 5374 cognoscatur.
3354 5303 3464 5358 Ora
3526 5315 3628 5371 pro

1997 5416 2021 5446 «
2065 5395 2252 5465 nobis,
2286 5394 2616 5451 beatissime
2644 5405 2804 5462 papa.
2839 5411 2865 5442 ››

2067 5505 2094 5537 α
2133 5487 2411 5539 Damasus
2457 5485 2761 5553 episcopus
2831 5481 2995 5538 urbis
3049 5483 3235 5537 Roma:
3286 5479 3629 5549 Hieronymo

1999 5596 2022 5624 α
2067 5573 2416 5645 presbytero.

2071 5685 2094 5714 «
2137 5663 2358 5718 Gaudet
2390 5661 2638 5715 Ecclesia
2672 5668 2769 5715 tuo
2819 5659 2973 5715 fonte
3005 5660 3120 5727 jam
3149 5660 3354 5714 satiata
3383 5677 3398 5728 ς
3428 5665 3484 5712 et
3507 5670 3637 5711 am—
