4060 6176
434 368 537 429 475

1226 370 1320 425 AD
1356 369 1786 425 ANASTASIUM
1823 364 2334 421 PROLEGOMENA
2378 367 2554 421 EDIT.
2599 366 3028 423 ROM.-VATIC.

3732 357 3844 416 176

436 518 462 549 α
507 497 661 566 plius
690 497 819 552 sitit
847 496 1160 552 curiositas
1187 499 1502 563 temporum
1532 489 1998 553 sacerdotalium,
2023 485 2087 543 ut
2107 486 2161 544 A
2192 489 2287 543 sed
2333 490 2676 559 approbator
2712 492 3011 547 duntaxat.
3059 490 3273 545 Auctor
3320 491 3506 543 tamen
3551 486 3703 542 vixit
3729 484 3846 541 sub

437 608 462 638 α
512 586 659 655 quod
692 586 931 655 dignum
958 592 1062 649 est,
1104 587 1481 653 cognoscatur
1513 599 1528 647 ς
1562 580 1711 650 quod
1752 578 2073 645 indignum,

436 695 462 725 α
505 678 827 743 respuatur.
850 674 1242 727 Verumtamen
1275 675 1426 741 gesta
1455 668 1809 737 pontiﬁcum,
1836 678 1961 735 quae
1990 677 2079 732 po-

435 780 461 812 «
499 760 720 815 tuimus
764 760 1013 829 reperire
1052 759 1110 812 in
1142 758 1296 811 sedis
1325 762 1531 811 nostra:
1572 754 1788 824 studio,
1820 753 1887 806 ad
1920 757 2074 805 tuam

435 868 461 899 α
503 849 839 903 charitatem
877 847 1186 916 gaudentes
1225 845 1565 900 direximus.
1610 842 1721 898 Ora
1768 854 1868 910 pro
1910 839 2077 894 nobis

435 957 461 987 α
501 937 569 992 ad
589 941 839 992 sanctam
855 935 1354 1000 resurrectionem,
1374 931 1550 987 frater
1567 936 1751 986 etcom
1764 928 2070 999 presbyter.

434 1045 460 1076 α
502 1025 634 1080 Vale
680 1026 737 1078 in
778 1024 1007 1077 Christo
1042 1023 1156 1077 Deo
1199 1028 1255 1077 et
1286 1022 1529 1077 Domino
1574 1027 1790 1075 nostro.
1836 1020 1985 1073 Dat.’
2013 1030 2069 1070 x.

432 1133 459 1164 α
493 1112 775 1167 Kalendas
824 1110 1004 1180 Junii,
1059 1117 1117 1164 et
1166 1115 1393 1179 accepta
1434 1109 1714 1163 Kalendas
1749 1106 2013 1163 Octobris
2057 1124 2068 1159 :

432 1221 459 1254 α
501 1201 677 1257 missa
705 1200 776 1255 de
800 1203 975 1255 Roma
1006 1199 1474 1269 Hierosolymam.
1511 1216 1536 1247 »

495 1289 550 1346 2.
596 1290 817 1345 Primas
868 1289 969 1343 has
997 1286 1272 1356 epistolas
1325 1288 1478 1356 typis
1520 1286 1831 1355 descripsit
1881 1274 2083 1339 Gode—'

427 1378 616 1434 fridus
638 1377 1033 1433 Henschenius
1066 1395 1079 1429 :
1105 1382 1258 1431 tomo
1284 1376 1437 1430 enim
1469 1376 1652 1444 primo
1681 1373 1899 1443 Aprilis
1940 1378 2071 1427 ante

423 1467 722 1537 Catalogoz.
753 1468 1137 1522 Romanorum
1176 1464 1511 1533 pontiﬁcum
1560 1477 1655 1519 eas
1700 1477 1768 1517 ex
1809 1461 2072 1529 antiquis

426 1570 562 1612 mss.
599 1555 805 1622 edidit,
837 1568 903 1610 ac
930 1568 1031 1623 pro
1066 1553 1352 1624 germanis
1382 1552 1601 1621 habuit,
1632 1552 1873 1607 laudans
1916 1552 2072 1603 Mar—

427 1644 573 1699 tium
595 1642 884 1697 Milesium
909 1641 1278 1696 Sarazanium
1297 1640 1349 1694 J.
1372 1640 1432 1694 C.
1462 1641 1798 1706 Romanum,
1822 1651 1885 1693 eo
1919 1635 2068 1707 quod

426 1731 577 1801 typis
591 1730 884 1785 Vaticanis
902 1742 1052 1784 anno
1081 1726 1218 1783 4638
1251 1729 1399 1782 inter
1418 1728 1599 1795 Opera
1631 1726 1814 1780 sancti
1841 1724 2068 1780 Damasi

2194 578 2438 649 Liberio,
2485 586 2549 635 ut
2592 581 2804 635 Petavii
2852 580 3183 635 testimonio
3227 576 3624 631 Henschenius
3674 589 3847 629 com-

2192 666 2425 734 probat:
2457 669 2707 723 «Sancto
2726 669 2880 723 Julio
2910 667 3195 736 Liberius,
3218 666 3386 734 cujus
3409 671 3660 733 tempore
3682 663 3845 719 hunc

2189 762 2428 810 veterem
2460 757 2784 813 Indiculum
2812 758 3191 811 Romanorum
3228 754 3561 824 pontiﬁcum
3594 758 3847 807 contex—

2189 853 2307 897 tum
2344 844 2542 905 fuisse,
2585 846 2795 899 asserit
2832 844 3141 913 Dionysius
3188 842 3453 897 Petavius
3484 840 3585 895 lib.
3634 856 3687 904 v,
3731 840 3840 909 qui

2185 945 2312 985 cum
2342 946 2508 1000 penes
2538 947 2597 988 se
2625 934 2846 988 habuit.
2880 934 3009 987 Post
3037 932 3257 987 obitum
3292 930 3507 986 Liberii
3539 930 3845 985 constitu—

2185 1025 2279 1073 tus
2309 1028 2395 1075 est
2425 1019 2678 1089 pontifex
2720 1022 3009 1077 Romanus
3035 1021 3087 1076 S.
3120 1022 3418 1086 Damasus,
3453 1019 3553 1088 qui
3600 1024 3840 1089 rOgatus

2182 1122 2216 1163 a
2245 1115 2441 1163 sancto
2484 1112 2845 1180 Hieronymo,
2880 1118 3035 1180 gesta
3075 1107 3435 1178 pontiﬁcum,
3476 1121 3604 1177 quae
3645 1107 3843 1176 potuit

2184 1198 2435 1265 reperire
2467 1197 2523 1251 in
2570 1212 2687 1253 suae
2718 1199 2872 1253 sedis
2902 1198 3118 1261 studio,
3158 1197 3225 1251 ad
3257 1209 3388 1251 eum
3421 1195 3655 1251 direxit.
3698 1192 3839 1261 Quae

2182 1285 2408 1340 Damasi
2437 1286 2605 1341 verba
2635 1287 2989 1342 arbitramur
3015 1278 3392 1355 intelligenda
3422 1284 3492 1339 de
3518 1284 3634 1351 jam
3669 1283 3840 1338 indi-

2182 1378 2308 1428 cato
2336 1374 2602 1445 Catalogo
2638 1389 2822 1445 usque
2864 1376 2932 1429 ad
2966 1374 3259 1428 Liberium
3310 1361 3435 1441 ejus
3474 1371 3836 1427 decessorem

2180 1461 2446 1517 deducto.
2481 1463 2766 1532 Epistolas
2799 1464 3105 1532 utriusque
3138 1462 3242 1516 hac
3269 1460 3341 1515 de
3372 1474 3431 1515 re
3460 1465 3517 1515 et
3539 1461 3594 1515 S.
3622 1459 3839 1515 Hiero—

2182 1552 2335 1620 nymi
2368 1558 2424 1606 et
2452 1552 2505 1606 S.
2540 1554 2765 1606 Damasi
2802 1566 2869 1607 ex
2900 1550 3202 1607 codicibus
3232 1549 3646 1618 manuscriptis
3680 1563 3838 1618 prae—

2184 1640 2471 1707 ponimus.
2502 1641 2652 1694 Idem
2679 1641 2734 1695 S.
2762 1640 3141 1709 Hieronymus
3185 1638 3255 1693 de
3284 1637 3680 1707 Scriptoribus
3721 1638 3837 1691 Bc—

2181 1726 2527 1782 clesiasticis
2560 1728 2746 1797 capite
2778 1726 2844 1783 l5
2867 1728 3076 1782 statuit
3103 1727 3157 1781 S.
3184 1726 3527 1781 Clementem
3561 1731 3833 1796 quartum

422 1800 569 1873 alias
592 1817 865 1887 epistolas
891 1816 984 1871 his
1008 1815 1171 1885 plane
1192 1815 1415 1870 similes
1431 1815 1679 1869 ediderit
1712 1832 1726 1881 ;
1758 1826 1882 1884 pag.
1915 1813 2067 1867 enim
2102 1800 2155 1860 Β
2184 1819 2310 1883 post
2334 1816 2558 1870 Petrum
2584 1816 2896 1871 Romanum
2924 1816 3267 1884 pontiﬁcem,
3302 1814 3591 1884 siquidem
3612 1814 3835 1884 inquit.

426 1904 518 1961 121
556 1910 613 1961 et
650 1905 943 1975 sequentis
972 1904 1139 1959 habet
1171 1902 1473 1973 epistolam
1504 1902 1731 1956 Damasi
1759 1903 1828 1957 ad
1863 1902 2069 1956 Hiero—

423 2007 674 2065 nymum,
711 2007 779 2048 ex
800 2006 911 2063 qua
942 2006 1115 2061 supra
1157 1996 1503 2047 memoratus
1547 1990 1939 2045 lienschenius
1972 2003 2070 2044 se—

423 2082 658 2152 quentia
697 2081 1000 2149 excerpsit.

495 2188 522 2220 α
564 2170 839 2223 Damasus
902 2168 1207 2238 episcopus
1261 2166 1426 2223 fratri
1483 2172 1540 2223 et
1609 2166 2067 2238 compresbytero

427 2276 453 2308 α
494 2256 833 2325 Hieronymo
855 2256 913 2310 in
939 2257 1181 2311 Domino
1210 2257 1473 2312 salutem.

497 2367 524 2398 «
564 2346 710 2400 Dum
756 2344 933 2399 multa
966 2357 1203 2412 corpora
1249 2345 1530 2400 librorum
1566 2346 1623 2399 in
1666 2358 1788 2400 meo
1822 2345 2068 2400 arbitrio

426 2454 453 2486 α
492 2430 942 2499 allatafuissent,
962 2431 1229 2501 contigit,
1250 2437 1385 2487 utet
1406 2432 1616 2487 librum
1638 2433 1989 2487 Psalmorum
2007 2433 2066 2487 in

425 2542 452 2575 «
497 2533 620 2576 meo
648 2519 842 2575 animo
869 2518 1117 2574 festinus
1141 2532 1538 2589 cognoscerem
1568 2521 1837 2589 detineri,
1860 2525 1915 2573 et
1946 2534 2070 2574 me—

425 2630 452 2662 «
496 2609 735 2664 moriam
766 2606 1104 2676 capacitatis
1135 2620 1269 2661 mea:
1302 2607 1557 2663 imbuere
1585 2608 1857 2678 cogitavi,
1893 2607 2068 2663 frater

423 2718 449 2748 α
491 2696 904 2761 amantissime,
936 2700 992 2750 et
1036 2695 1096 2749 in
1126 2694 1354 2750 Christo
1389 2710 1609 2765 semper
1639 2697 1923 2766 sacerdos,
1969 2711 2070 2752 se-

423 2805 449 2837 «
490 2784 742 2841 cundum
765 2782 1127 2852 septuaginta
1160 2784 1592 2849 Interpretes....
1624 2784 1879 2839 invenire
1902 2786 2069 2840 vesti-

422 2893 449 2924 α
492 2871 605 2943 gia.
656 2872 787 2925 Peto
831 2870 1002 2925 etiam
1048 2870 1385 2925 charitatem
1422 2876 1597 2939 tuam,
1641 2878 1704 2926 ut
1736 2874 2063 2928 Graecorum

421 2980 448 3011 α
491 2958 852 3029 psallentiam
877 2958 945 3013 ad
976 2972 1077 3013 nos
1106 2959 1357 3029 dirigere
1388 2963 1485 3013 tua
1517 2958 1849 3015 fraternitas
1869 2962 2065 3016 delec-

422 3068 449 3101 α
490 3054 707 3103 tetur...
736 3047 865 3101 Peto
895 3059 1029 3117 ergo
1061 3060 1159 3116 per
1189 3046 1419 3101 fratrem
1447 3053 1504 3101 et
1540 3049 2062 3118 compresbyterum

2180 1905 2467 1960 secundus
2497 1904 2670 1958 Linus
2698 1903 2829 1968 fuit,
2862 1909 2917 1958 et
2943 1904 3153 1959 tertius
3182 1903 3511 1971 Anacletus,
3542 1908 3599 1957 et
3624 1902 3674 1957 si
3705 1903 3837 1972 ple-

2180 1992 2347 2061 rique
2372 1993 2707 2047 Latinorum
2738 1992 3053 2047 secundum
3086 1998 3211 2061 post
3236 1993 3466 2047 Petrum
3492 1990 3832 2059 Apostolum

2181 2086 2383 2148 putent
2402 2078 2583 2135 fuisse
2601 2080 2974 2135 Clementem:
3002 2080 3105 2135 Ubi
3136 2080 3444 2149 Opinamur
3465 2080 3696 2133 nomine
3721 2081 3836 2133 La-

2180 2168 2434 2223 tinorum
2496 2169 2742 2224 indicari
2796 2169 2950 2224 hunc
3000 2168 3334 2239 Catalogum
3386 2181 3417 2223 a
3472 2168 3527 2222 S.
3587 2168 3833 2223 Damaso

2181 2256 2421 2311 missum
2467 2256 2532 2311 ad
2577 2262 2837 2311 sanctum
2875 2242 3301 2326 Hieronymum,
3336 2256 3437 2326 qui
3468 2255 3642 2310 etiam
3679 2254 3832 2311 libro

2182 2345 2367 2413 primo
2429 2345 2704 2401 adversus
2763 2345 3129 2401 Jovinianum
3183 2343 3433 2414 appellat
3483 2343 3831 2399 Clementem

2179 2446 2563 2488 successorem
2608 2434 2852 2502 apostoli
2899 2434 3071 2488 Petri.
3115 2435 3187 2488 Et
3230 2433 3290 2487 in
3320 2437 3495 2502 caput
3533 2432 3695 2487 Isaiae
3727 2446 3829 2499 ιιι,

2178 2521 2437 2575 scribens
2480 2522 2583 2589 ait,
2629 2535 2758 2577 eum
2808 2527 2936 2591 post
2974 2523 3200 2577 Petrum
3251 2522 3559 2576 Romanam
3610 2521 3832 2575 rexisse

2180 2609 2510 2677 Ecclesium,
2553 2610 2777 2665 scilicet
2811 2612 3156 2679 interposito
3182 2610 3250 2665 ad
3300 2610 3551 2666 medium
3602 2614 3831 2677 tempus

2176 2698 2228 2751 S.
2262 2698 2421 2759 Lino,
2466 2697 2560 2751 cui
2595 2697 2941 2753 successisse
2968 2697 3329 2767 Clementem,
3373 2696 3610 2752 tradunt
3642 2694 3833 2765 Opta—

2178 2791 2272 2840 tus
2337 2784 2703 2841 Milevitanus
2778 2785 2878 2840 lib.
2935 2800 2997 2851 ll,
3062 2790 3119 2841 et
3178 2792 3413 2841 sanctus
3462 2784 3831 2856 Augustinus

2175 2874 2343 2942 epist.
2389 2871 2506 2928 465.
2549 2891 2575 2923 )›

2248 2959 2299 3015 4.
2329 2962 2612 3017 Hactenus
2654 2962 3071 3031 Henschenius,
3104 2963 3205 3032 qui
3241 2977 3309 3018 ex
3341 2962 3556 3019 litteris
3596 2974 3628 3016 a
3668 2962 3830 3016 Mar—

2176 3051 2259 3105 tio
2308 3051 2531 3106 Milesio
2564 3050 2877 3120 publicatis
2922 3053 3161 3121 probare
3228 3052 3441 3107 nititur
3496 3050 3827 3106 litterarum

423 3156 451 3188 «
492 3139 752 3192 nostrum
777 3133 1156 3205 Bonifacium,
1192 3140 1257 3190 ut
1275 3135 1474 3204 jubeat
1501 3135 1835 3191 fraternitas
1861 3144 1957 3193 tua
1980 3139 2063 3193 rei
2096 3130 2145 3192 C
2174 3140 2576 3195 commercium
2607 3140 2756 3194 inter
2777 3141 3079 3195 Damasum
3104 3154 3302 3210 papam
3329 3146 3385 3195 et
3404 3140 3599 3196 divum
3617 3139 3831 3193 Hiero-

424 3245 451 3278 α
494 3225 669 3293 hujus
707 3223 876 3279 nobis
931 3224 1154 3293 aperire
1196 3225 1456 3296 vestigia.
1502 3225 1674 3280 Missa
1723 3240 1775 3279 v.
1824 3226 2062 3281 Kalend.

422 3333 448 3365 α
487 3311 842 3369 Novembris.
886 3330 912 3361 ››
1684 3378 1687 3381 ν

488 3400 787 3456 Subnectit
819 3400 1247 3469 responsionem
1283 3401 1610 3472 Hieronymi
1647 3401 1961 3472 presbyteri
1992 3402 2061 3458 ad

418 3491 741 3545 Damasum.

491 3598 518 3629 α
560 3578 896 3633 Beatissimo
923 3591 1079 3647 papa;
1103 3579 1343 3634 Damaso
1370 3579 1527 3635 sedis
1547 3580 1875 3649 apostolica:
1900 3581 2063 3637 urbis

421 3685 448 3715 α
489 3666 678 3719 Romae
708 3666 1086 3734 Hieronymus
1107 3666 1366 3734 supplex.

494 3771 520 3802 α
563 3752 693 3822 Legi
733 3752 954 3806 litteras
1011 3756 1368 3820 apostolatus
1411 3757 1606 3824 vestri,
1652 3765 1946 3827 poscentes
1998 3763 2063 3815 ut

420 3861 445 3889 α
489 3838 802 3893 secundum
827 3838 1255 3907 simplicitatem
1286 3846 1648 3913 septuaginta
1680 3848 2057 3914 Interpretum

421 3948 446 3978 «
489 3926 805 3981 canendum
824 3925 1327 3995 Psalmographum
1345 3928 1707 3996 interpretari
1725 3930 2054 3990 festinem...

422 4035 449 4062 «
483 4015 753 4068 Precatur
776 4024 911 4082 ergo
928 4011 1110 4067 cliens
1128 4017 1266 4068 tuus
1303 4018 1366 4067 ut
1395 4029 1501 4069 vox
1536 4017 1645 4071 ista
1690 4019 2057 4086 psallentium

419 4122 444 4152 α
490 4102 549 4156 ἱη
580 4102 712 4156 sede
741 4105 838 4157 tua
880 4099 1132 4155 Romana
1165 4101 1261 4156 die
1292 4106 1578 4173 noctuque
1606 4113 1865 4174 canatur,
1899 4114 1954 4163 et
2000 4109 2059 4163 in

418 4211 444 4240 α
487 4189 919 4259 ﬁnecujuslibet
938 4187 1141 4257 psalmi
1164 4190 1435 4261 conjungi
1458 4193 1754 4262 prmcipiat
1770 4201 1824 4250 et
1840 4203 2065 4265 aposto-

418 4298 443 4329 «
486 4278 638 4333 latus
664 4277 750 4332 tui
796 4277 935 4331 ordo
969 4294 981 4330 :
1016 4276 1202 4331 Gloria
1252 4279 1425 4339 Patri,
1458 4285 1507 4332 et
1536 4282 1693 4342 Filio,
1740 4288 1790 4336 ct
1828 4286 2063 4353 Spiritui

418 4385 446 4417 α
485 4370 692 4426 sancto,
726 4366 867 4419 sicut
884 4370 1002 4418 erat
1030 4367 1089 4417 in
1120 4368 1416 4436 principio,
1448 4385 1473 4415 η
1505 4373 1613 4423 etc.

2177 3241 2404 3295 nymum
2424 3228 2494 3283 de
2515 3228 2811 3283 similibus
2838 3229 3114 3298 materiis,
3140 3237 3204 3285 ut
3232 3228 3467 3285 facilius
3488 3228 3831 3298 persuadeat

2177 3314 2400 3370 litteras
2427 3317 2497 3371 de
2524 3317 2699 3387 gestis
2724 3317 3105 3374 Romanorum
3149 3317 3481 3387 pontiﬁcum
3514 3330 3546 3372 a
3584 3330 3644 3371 se
3696 3316 3832 3385 pri—

2177 3416 2329 3457 mum
2360 3404 2563 3472 editas,
2595 3409 2651 3459 et
2681 3420 2978 3477 germanas
3007 3420 3149 3474 esse,
3195 3411 3252 3461 et
3292 3407 3532 3461 Damaso
3565 3418 3722 3474 papa!
3757 3418 3828 3459 ac

2173 3490 2515 3562 Hieronymo
2540 3492 2862 3563 presbytero
2890 3493 3069 3549 tribui
3102 3507 3283 3563 posse.
3318 3495 3519 3549 Verum
3553 3493 3611 3547 in
3637 3492 3827 3562 prima

2172 3579 2554 3648 Antiquitatis
2602 3580 2906 3635 illustratze
2944 3581 3199 3636 editione
3243 3582 3487 3637 miratus
3534 3579 3619 3637 fui
3667 3579 3821 3651 quod

2172 3667 2563 3723 llenschenius
2598 3682 2710 3724 non
2743 3669 3125 3724 observarerit
3160 3669 3436 3739 epistolas
3464 3670 3534 3724 de
3564 3669 3825 3739 psalmo—

2170 3756 2268 3810 dia
2300 3757 2533 3812 Basileze
2566 3772 2716 3814 onno
2766 3756 2906 3814 4516
2951 3759 3274 3828 publicatas
3319 3758 3500 3815 fuisse
3531 3772 3628 3828 per
3674 3760 3825 3813 Era—

2170 3859 2376 3915 smum,
2427 3847 2526 3916 qui
2558 3847 2628 3901 de
2678 3848 2860 3917 priori
2911 3848 3064 3902 circa
3097 3847 3473 3918 psalmodiam
3513 3848 3759 3916 epistola
3791 3860 3823 3902 a

2170 3935 2409 3988 Damaso
2440 3935 2507 3988 ad
2540 3936 2942 4005 Hieronymum
2968 3938 3292 4006 conscripta
3324 3943 3652 4007 sequentem
3681 3950 3825 3991 cen—

2170 4035 2360 4076 suram
2376 4022 2539 4076 tulit:
2578 4043 2603 4073 «
2634 4023 2863 4078 Clarius
2891 4029 2979 4079 est
2996 4037 3164 4094 quam
3184 4032 3249 4081 ut
3276 4025 3569 4081 admoneri
3595 4024 3820 4092 debeat,

2174 4109 2318 4164 hanc
2364 4109 2663 4179 epistolam
2710 4112 2962 4180 ejusdem
2994 4128 3117 4169 esse
3156 4114 3401 4169 artiﬁcis
3431 4115 3599 4183 cujus
3644 4120 3734 4169 est
3759 4128 3824 4169 ea

2173 4213 2298 4267 qua?
2348 4200 2601 4268 proxime
2641 4200 2922 4270 sequitur,
2957 4203 3232 4258 eteadem
3281 4202 3430 4258 febri
3478 4203 3821 4259 laborantis.

2170 4289 2346 4341 Deum
2376 4287 2751 4342 immortalem
2787 4288 2800 4341 ι
2836 4305 2961 4359 quae
3004 4289 3116 4346 fuit
3160 4292 3539 4361 impudentia,
3572 4290 3678 4347 hoc
3708 4293 3827 4347 tri—

2173 4376 2345 4431 buere
2374 4377 2611 4431 Damaso
2649 4377 2677 4430 εἰ
2710 4395 2735 4427 ››
2766 4378 2939 4434 Addit
2965 4381 3034 4435 de
3067 4394 3338 4449 responso
3386 4382 3718 4451 Hieronymi
3750 4381 3820 4436 ad

483 4451 537 4508 3.
573 4452 763 4508 Editis
795 4452 952 4508 hisce
992 4452 1219 4509 duabus
1261 4454 1545 4523 epistolis,
1599 4458 1865 4530 adjungit
1909 4462 2058 4518 idem
2088 4471 2140 4531 1)
2170 4467 2471 4519 Damasum
2504 4465 3414 4538 :«Mirumestinventumfuisse,
3444 4470 3544 4539 qui
3568 4470 3825 4539 speravit

414 4540 808 4596 Henschenius
833 4559 845 4594 :
880 4560 905 4591 «
932 4541 1054 4595 Non
1080 4541 1309 4595 videtur
1333 4547 1522 4598 autem
1554 4545 1609 4599 S.
1636 4547 1908 4603 Damasus
1937 4551 2059 4619 ipse

414 4628 829 4698 conscripsisse
861 4629 1106 4698 priorem
1149 4630 1481 4701 Catalogum
1526 4632 1596 4687 de
1626 4635 1774 4689 Vitis
1818 4639 2058 4706 pontiﬁ—

412 4732 565 4787 cum,
600 4719 694 4773 sed
727 4718 912 4774 solum
949 4718 1052 4773 has
1076 4718 1144 4772 ad
1180 4719 1468 4775 Liberium
1503 4722 1852 4780 decessorem
1886 4743 2053 4784 suum

412 4819 446 4862 a
480 4805 662 4862 variis
700 4806 975 4861 deductas
999 4807 1344 4875 approbasse
1368 4816 1423 4863 et
1464 4809 1532 4865 ad
1561 4817 1820 4867 sanctum
1850 4816 2059 4873 Hiero—

412 4909 643 4966 nymum
691 4895 996 4951 direxisse.
1048 4895 1233 4966 Igitur
1286 4910 1414 4953 cum
1470 4900 1809 4958 Ptolomaeus
1851 4905 2059 4961 Lucen-

411 4982 514 5046 sis,
547 4983 697 5050 apud
743 4983 1030 5039 Milesium
1065 4996 1187 5055 pag.
1233 4981 1321 5055 21,
1362 4985 1509 5043 dicit
1549 4989 1697 5058 quod
1731 5004 1912 5061 usque
1940 4994 2057 5047 Da-

413 5080 634 5121 masum
674 5070 958 5127 Chronica
1014 5086 1370 5130 summorum
1423 5077 1758 5143 pontiﬁcum
1807 5081 2053 5149 vigorem

412 5154 723 5240 recipiunt,
790 5159 1030 5214 Damaso
1081 5162 1386 5229 scribente,
1445 5164 1639 5218 eodem
1683 5168 2051 5240 approbante,

411 5257 514 5298 seu
541 5239 938 5301 subscribente
970 5246 1025 5299 id
1060 5247 1182 5301 ﬁeri
1226 5248 1627 5319 intelligimus,
1675 5257 1732 5305 et
1758 5258 1905 5322 quod
1941 5239 2052 5327 ipsi

415 5332 552 5386 Vita:
571 5328 924 5400 pontiﬁcum,
956 5337 1021 5384 ut
1041 5336 1225 5399 primo
1246 5336 1514 5403 scriptori
1549 5340 1759 5406 passim
1782 5344 2058 5402 tribuan—

413 5426 512 5473 tur
539 5433 572 5473 a
618 5416 920 5483 Sabellico,
955 5418 1229 5475 Panvinio
1259 5428 1315 5476 et
1349 5422 1504 5489 aliis,
1540 5426 1736 5482 minus
1764 5435 2054 5501 approba—

418 5518 541 5560 inus
611 5524 636 5554 υ
687 5509 814 5575 Ipso
860 5506 1055 5574 itaque
1094 5506 1450 5562 llenschenio
1499 5509 1727 5585 fatente,
1776 5520 2053 5578 Damasus

414 5607 524 5650 non
555 5593 666 5647 erit
694 5595 919 5663 proprie
948 5598 1150 5649 auctor
1180 5594 1354 5664 hujus
1383 5600 1733 5671 antiquioris
1770 5609 2045 5682 Catalogi,

2170 4550 2429 4606 futurum
2468 4558 2531 4607 ut
2562 4552 2679 4608 haec
2695 4554 2958 4622 epistola,
2990 4568 3102 4624 qua
3133 4554 3283 4610 nihil
3319 4556 3457 4628 ﬁngi
3497 4557 3689 4625 potuit
3722 4558 3825 4611 in—

2166 4639 2408 4705 sulsius,
2430 4654 2529 4696 nec
2553 4642 2864 4713 indoctius,
2886 4656 2989 4697 nec
3012 4642 3319 4715 infantius,
3340 4658 3371 4700 a
3400 4658 3687 4716 quoquam
3719 4659 3822 4715 pro

2164 4730 2605 4801 llieronymiana
2644 4730 2944 4802 legeretur.
3001 4749 3027 4780 »
3076 4734 3144 4787 Et
3176 4747 3245 4788 ne
3292 4735 3505 4789 Erasmi
3559 4735 3824 4790 auctoris

2166 4820 2418 4887 suspecti
2447 4818 2671 4886 judicio
2717 4820 2826 4874 niti
2859 4818 3001 4874 velle
3027 4820 3344 4889 videamur,
3386 4835 3664 4878 censuras
3693 4824 3822 4892 ejus

2168 4906 2478 4961 novissime
2502 4907 2964 4963 conﬁrmattomo
2982 4907 3819 4967 IlCollectionisConciliorum

2168 4993 2225 5047 in
2272 4996 2426 5050 notis
2469 4995 2888 5065 marginalibus
2927 4996 2994 5051 ad
3021 4996 3167 5051 duas
3210 4997 3486 5066 epistolas
3527 5010 3559 5052 a
3590 4996 3822 5054 Milesio

2168 5081 2487 5151 publicatas
2517 5081 2820 5151 Philippus
2846 5083 3136 5138 Labbeus:
3172 5105 3197 5134 «
3230 5085 3649 5154 Supposititiae,
3672 5099 3824 5156 apo—

2164 5171 2389 5239 crypha}
2432 5176 2489 5224 et
2537 5170 2910 5239 ineptissime
2953 5173 3097 5227 viris
3137 5171 3326 5228 doctis
3371 5173 3653 5229 habentur
3701 5183 3827 5231 tan-

2166 5262 2401 5327 tumque
2426 5270 2458 5310 a
2484 5256 2631 5326 stylo
2653 5258 2878 5313 Damasi
2912 5266 2967 5314 et
2995 5260 3321 5330 Hieronymi
3354 5261 3594 5327 distant,
3623 5275 3826 5332 quan-

2165 5351 2285 5401 tum
2316 5344 2522 5399 coelum
2552 5358 2583 5399 a
2608 5350 2778 5416 terra,
2807 5354 2863 5401 et
2895 5347 3061 5416 polus
3089 5350 3411 5405 antarticus
3439 5349 3511 5407 ab
3540 5352 3747 5406 artico.
3790 5370 3817 5400 ι»

2163 5437 2356 5503 Neque
2395 5434 2657 5489 ulteriori
2694 5434 3027 5503 probatione
3073 5437 3190 5493 haec
3236 5438 3514 5509 indigent,
3549 5452 3681 5494 cum
3727 5440 3818 5496 vel

2162 5522 2385 5577 litteras
2419 5522 2748 5591 inspicienti
2776 5523 2967 5578 eadem
3004 5527 3171 5593 plane
3195 5532 3491 5596 occurant,
3544 5534 3718 5596 prout
3745 5542 3819 5583 ex

2159 5612 2422 5682 epistolis
2443 5625 2540 5681 per
2565 5613 2831 5668 Martium
2854 5614 3139 5671 Milesium
3166 5616 3480 5685 publicatis
3504 5617 3820 5674 adeoclare
