4060 6176
239 202 354 262 4⁵77

957 201 1359 258 SCHELESTR.
1402 201 1707 257 DISSERT.
1749 202 1839 257 DE
1887 168 2129 270 ANTIQ:
2155 199 2320 256 non.
2364 202 2560 257 pom.
2603 200 2937 257 caucos.

3476 226 3483 231 ·
3549 202 3653 262 478

237 333 603 389 ostenderam
639 333 700 387 in
730 331 913 401 prima
935 329 1323 400 Antiquitatis
1342 328 1755 384 Ecclesiastica:
1784 327 1978 386 edi-A
2011 328 2121 384 lam
2166 329 2436 397 scriptam
2490 342 2632 398 esse,
2678 342 2808 385 cum
2844 331 2913 383 D.
2962 330 3342 401 Hieronymus
3371 331 3431 387 in
3485 330 3649 401 Syria

237 422 417 489 tione,
447 426 514 475 ut
555 419 617 472 V.
645 420 706 473 C.
738 418 1162 488 Papebrochius
1194 417 1251 472 in
1283 416 1571 487 Propylaeo
1611 417 1679 471 ad
1714 429 1898 485 quar-

236 516 363 565 tum
398 514 617 563 tomum
663 507 823 571 Maii,
876 520 982 576 pag
1038 520 1124 571 m,
1177 505 1515 560 sententiam
1553 502 1895 558 Henschenii

239 594 681 666 praedecessoris
707 595 800 650 sui
830 593 1248 648 retractandam
1268 591 1520 659 duxerit,
1553 590 1891 660 adjungens,

238 698 302 740 se
343 682 673 738 rationibus
718 682 862 737 meis
886 680 1211 736 convictum
1249 679 1417 734 malle
1450 678 1724 748 epistolas
1763 675 1895 731 illas

233 786 306 827 ex
338 777 489 827 torno
520 772 541 825 Ι
579 770 806 839 Aprilis
835 772 1170 837 expunctas.

307 857 369 914 5.
417 860 742 930 Agnoverat
770 856 1195 926 Papebrochius
1214 870 1380 926 quam
1420 855 1689 927 eleganti,
1724 867 1893 925 quam

235 946 446 1002 ﬁorido
474 945 647 1015 stylo,
682 945 775 1001 usi
818 952 980 1000 erant
1018 946 1085 999 D.
1117 945 1495 1014 Hieronymus
1524 950 1580 999 et
1602 945 1654 998 S.
1684 944 1896 997 Dama-

232 1049 355 1102 sus,
406 1046 659 1103 quorum
695 1032 946 1103 plurima
989 1046 1178 1103 opera,
1218 1032 1290 1088 de
1321 1032 1537 1102 quibus
1581 1031 1779 1086 nullus
1808 1039 1896 1085 est

230 1121 567 1191 ambigendi
594 1122 778 1192 locus,
806 1122 877 1177 ad
907 1134 1107 1177 manus
1129 1128 1356 1176 nostras
1376 1127 1773 1189 pervenerunt.
1802 1119 1893 1173 Ut-

228 1224 341 1281 que
365 1211 442 1266 de
486 1211 561 1264 D.
600 1211 932 1280 Hieronymi
962 1209 1233 1278 operibus
1269 1209 1323 1264 id
1361 1210 1417 1264 in
1454 1209 1658 1278 primis
1685 1208 1896 1278 probe—

229 1314 383 1368 mus,
437 1304 670 1355 exstant
717 1299 1024 1368 Epitaphia
1062 1298 1272 1368 Paulae,
1328 1297 1593 1366 Fabiolm,
1637 1297 1889 1365 Lucinii,

226 1388 519 1443 Marcella:
567 1395 622 1442 et
668 1387 973 1457 Nepotiani
1012 1399 1042 1441 a
1073 1393 1271 1442 sancto
1313 1386 1414 1441 illo
1443 1386 1674 1441 doctore
1704 1385 1892 1452 edita;

226 1481 462 1531 exstant
492 1475 794 1544 complura
832 1475 1109 1544 opuscula
1137 1474 1411 1529 adversus
1440 1474 1785 1542 Helvidium,
1812 1474 1895 1529 Jo-

226 1564 560 1630 vinianum,
598 1563 996 1634 Vigilantium,
1023 1561 1378 1632 Pelagianos,
1407 1564 1758 1629 Montanum,
1788 1557 1896 1616 nu-

2007 418 2259 486 percepit
2277 418 2580 472 Damasum
2609 430 2806 487 papam
2829 418 2949 473 sedi
2975 418 3301 486 apostolicae
3323 417 3647 487 praefectum

2006 503 2220 560 fuisse:
2261 506 2410 574 quod
2453 510 2731 576 repugnat
2780 505 2855 561 iis
2887 518 3011 575 qua:
3043 505 3103 559 in
3143 506 3393 561 secunda
3420 507 3646 563 Damasi

2003 592 2245 660 epistola
2271 600 2709 662 supponuntur:
2748 592 2831 647 ibi
2861 592 3013 648 enim
3043 593 3311 648 innuitur
3338 593 3409 647 D.
3444 594 3649 649 Hiero-

2006 693 2256 749 nymum,
2284 694 2413 735 cum
2438 681 2582 735 hanc
2606 680 2906 750 epistolam
2931 680 3190 749 scripsit,
3218 679 3401 736 fuisse
3427 680 3651 752 presby-

2007 776 2192 823 terum
2218 788 2230 823 :
2263 768 2449 824 factus
2476 775 2565 825 est
2589 776 2778 825 autem
2810 769 3100 839 presbyter
3123 786 3156 825 a
3188 770 3434 825 Paulino
3458 770 3652 826 Antio-

2004 855 2150 910 chite
2223 856 2511 926 episcopo,
2571 863 2871 927 postquam
2932 857 3278 912 discesserat
3328 870 3395 912 ex
3462 870 3651 913 eremo

2003 943 2201 1013 Syriae,
2223 958 2290 999 ex
2322 960 2433 1015 qua
2464 946 2610 1001 duas
2630 959 2802 1014 supra
2826 951 3164 1001 memoratas
3195 944 3471 1012 epistolas
3496 946 3652 1001 scri-

1986 1039 2195 1102 pserat
2222 1033 2292 1087 ad
2316 1034 2617 1089 Damasum
2644 1047 2864 1103 papam.
2896 1032 3048 1089 Adeo
3079 1038 3144 1088 ut
3174 1031 3383 1089 falsum
3413 1034 3649 1089 omnino

2002 1121 2083 1175 sit
2123 1123 2185 1175 D.
2219 1121 2623 1192 Hieronymum
2650 1123 2765 1191 jam
2796 1122 3181 1191 presbyterum
3216 1122 3402 1192 primo
3430 1135 3646 1193 cogno-

2004 1210 2157 1265 visse
2187 1211 2414 1265 Damasi
2456 1211 2871 1280 promotionem
2893 1211 2962 1265 ad
2997 1210 3412 1279 pontiﬁcatum,
3458 1218 3516 1265 et
3541 1223 3648 1280 pa-

2004 1303 2138 1365 teat,
2176 1298 2245 1352 ab
2280 1299 2508 1354 homine
2555 1298 2753 1368 aliquo
2795 1306 3054 1354 actorum
3093 1298 3420 1369 Hieronymi
3448 1299 3648 1368 ignaro

2008 1385 2334 1454 praedictam
2374 1387 2676 1455 epistolam
2712 1388 3099 1457 conscriptam
3130 1385 3329 1442 fuisse.
3363 1389 3556 1457 Neque
3578 1399 3646 1441 ex

2007 1472 2114 1527 hoc
2162 1474 2631 1541 parachronismo
2679 1479 2924 1544 tantum,
2954 1474 3049 1529 sed
3084 1475 3255 1529 «tiam
3285 1486 3354 1529 ex
3385 1472 3646 1543 sequenti

2005 1559 2379 1629 harbarismo,
2432 1569 2698 1630 quatenus
2742 1567 2929 1616 nostra
2970 1562 3251 1616 humilitas
3280 1565 3516 1617 sentiens
3554 1577 3655 1615 re-

229 1652 437 1722 ﬁnum,
466 1652 735 1721 aliosque
777 1651 965 1721 ipsius
992 1651 1319 1720 Hieronymi
1348 1652 1431 1705 vel
1461 1650 1765 1720 religionis
1788 1664 1891 1705 ca-
1926 1637 1975 1696 Β
2003 1656 2306 1716 cognoscat,
2339 1656 2581 1718 constat,
2628 1652 2957 1720 praedictam
2996 1652 3295 1720 epistolam
3344 1654 3405 1706 D.
3441 1652 3648 1708 Hiero—

228 1741 467 1798 tholicaa
524 1740 889 1796 adversarios
943 1739 1294 1808 composita:
1353 1746 1578 1795 exstant
1632 1738 1892 1807 plerique

226 1837 520 1885 tractatus
548 1829 620 1883 de
664 1827 999 1897 virtutibus,
1046 1828 1345 1883 innumera
1374 1827 1791 1884 Commentaria
1821 1826 1891 1881 de

223 1918 560 1987 Scripturis
588 1917 791 1985 sacris,
820 1923 876 1971 et
901 1922 966 1971 ut
995 1916 1211 1985 ﬁniam,
1238 1914 1389 1971 inter
1412 1916 1670 1971 diversas
1685 1916 1893 1983 episto-

226 2006 328 2071 las,
368 2006 508 2062 duae
556 2005 814 2076 insignes
842 2004 911 2059 ad
943 2006 1244 2060 Damasum
1288 2017 1487 2073 papam
1527 2004 1886 2073 conscriptae,

223 2109 478 2164 quarum
503 2095 704 2163 altera,
731 2093 934 2149 ordine
956 2089 1045 2161 57,
1074 2092 1161 2147 sic
1188 2092 1430 2162 incipit:
1463 2113 1487 2143 α
1513 2092 1890 2161 Hieronymus

220 2184 491 2237 Damaso.
537 2180 819 2249 Quoniam
850 2187 1072 2237 vetusto
1112 2180 1317 2235 Oriens
1362 2182 1513 2235 inter
1550 2194 1610 2235 se
1641 2180 1885 2249 populo-

224 2285 348 2325 rum
384 2269 588 2326 furore
608 2270 870 2339 collisus,
892 2270 1258 2326 indiscissam
1289 2270 1519 2324 Domini
1552 2270 1805 2324 tunicam
1832 2276 1888 2324 et

220 2359 480 2428 desuper
520 2365 732 2414 textam
784 2359 1113 2413 minutatim
1146 2372 1246 2428 per
1288 2358 1470 2414 frusta
1501 2357 1803 2427 discerpit,
1831 2364 1889 2413 et

216 2448 443 2503 Christi
495 2448 721 2503 vineam
751 2447 1136 2502 exterminant
1178 2446 1396 2515 vulpes,
1432 2452 1495 2502 ut
1542 2447 1691 2501 inter
1734 2447 1885 2501 lacos

217 2537 537 2604 contritos,
566 2538 669 2607 qui
700 2550 907 2606 aquam
942 2550 1053 2591 non
1087 2535 1317 2601 habent,
1342 2534 1598 2603 diﬁicile,
1631 2536 1731 2590 ubi
1756 2533 1886 2590 fons

217 2628 515 2697 signatus,
534 2632 594 2679 et
612 2624 814 2680 hortus
835 2623 936 2678 ille
951 2624 1260 2679 conclusus
1279 2624 1377 2689 sit,
1404 2624 1585 2693 possit
1608 2623 1879 2694 intelligi.

218 2716 349 2770 Ideo
383 2713 535 2768 mihi
579 2712 906 2767 cathedram
962 2712 1130 2782 Petri,
1164 2717 1220 2766 et
1251 2711 1415 2767 ﬁdem
1443 2713 1760 2781 apostolico
1790 2726 1887 2768 ore

217 2802 520 2858 laudatam
547 2800 746 2855 censui
770 2799 1177 2855 consulendam
1202 2818 1217 2866 ;
1253 2800 1386 2855 inde
1418 2814 1568 2855 nunc
1595 2814 1729 2855 mea:
1750 2802 1888 2856 ani—
1938 2810 1941 2815 ‘

217 2905 315 2946 mae
368 2888 676 2959 postulans
694 2888 911 2957 cibum,
954 2887 1105 2942 unde
1135 2887 1269 2942 olim
1302 2887 1519 2943 Christi
1552 2890 1887 2944 vestimenta

2004 1751 2172 1806 nymo
2191 1738 2632 1807 abjudicandam
2660 1752 2801 1808 esse,
2829 1741 2928 1810 qui
2959 1742 3213 1796 eamdem
3236 1752 3530 1808 nunquam
3556 1740 3648 1794 his

2000 1825 2189 1881 verbis
2237 1827 2639 1896 conclusisset,
2678 1828 2761 1881 vel
2803 1830 2853 1881 si
2881 1831 3003 1896 quis
3027 1833 3217 1882 contra
3252 1843 3481 1881 canones
3510 1843 3651 1897 apo-

1999 1915 2259 1968 stolorum
2285 1917 2573 1969 emcessissc
2612 1921 2981 1983 cognoscatur.
3021 1918 3161 1971 Nam
3194 1928 3399 1971 sensus
3440 1915 3645 1971 horum

1998 2002 2303 2059 verborum
2334 2004 2617 2059 obscurus
2646 2010 2750 2070 est,
2782 2010 2981 2060 contra
3014 2018 3223 2060 morem
3257 2004 3548 2061 scribendi
3577 2006 3644 2058 D.

1997 2092 2346 2162 Hieronymi,
2381 2094 2481 2162 qui
2502 2094 2847 2149 declarasset
2875 2094 2946 2149 de
2975 2092 3323 2163 quibusnam
3351 2093 3650 2162 apostolo—

1998 2196 2125 2237 rum
2166 2181 2505 2238 canonibus.
2538 2188 2594 2237 et
2640 2182 2711 2237 de
2744 2195 2992 2252 quonam
3030 2194 3301 2237 excessus
3330 2194 3533 2252 genere
3564 2180 3647 2236 ibi

1996 2273 2219 2343 agebat.

2064 2359 2119 2417 7.
2158 2362 2430 2431 Quamvis
2449 2368 2638 2417 autem
2664 2361 2910 2431 supponi
2946 2365 3135 2428 posset
3166 2360 3316 2431 quod
3341 2361 3407 2415 D.
3438 2361 3646 2417 Hiero-

1997 2465 2200 2521 nymus
2234 2460 2372 2507 tunc
2420 2450 2827 2521 Martyrologio
2876 2463 3104 2519 Operam
3134 2448 3325 2519 dabat,
3357 2456 3414 2505 et
3456 2450 3585 2505 ideo
3613 2463 3645 2504 a

1993 2543 2234 2596 Damaso
2298 2554 2441 2611 papa
2480 2540 2812 2609 CataIOgum
2870 2539 3255 2595 Romanorum
3308 2537 3643 2608 pontiﬁcum

1998 2629 2242 2699 petebat,
2276 2635 2340 2683 ut
2369 2641 2437 2683 ex
2466 2641 2532 2683 eo
2561 2627 2925 2698 dignosceret
2950 2626 3184 2696 quinam
3218 2626 3480 2695 martyrii
3513 2625 3644 2695 pal-

1998 2731 2144 2772 mam
2190 2717 2381 2786 adepti
2426 2721 2625 2780 erant;
2667 2722 2851 2770 tamen
2882 2714 3092 2769 mirum
3131 2714 3315 2769 videri
3363 2719 3547 2783 potest
3572 2715 3639 2768 D.

1997 2805 2403 2874 Hieronymum
2434 2804 2669 2871 petiisse
2694 2816 2725 2857 a
2755 2804 2996 2858 Damaso
3027 2809 3091 2857 ut
3121 2803 3404 2858 indicaret
3424 2802 3474 2858 si
3508 2802 3642 2872 quis

2000 2892 2335 2962 pontiﬁcum
2352 2891 2749 2960 praavaricator
2765 2890 3210 2959 apostolicorum
3233 2904 3514 2946 canonum
3527 2892 3644 2948 exi-

216 2978 442 3047 accepi,
480 2974 509 3026 ὼ
537 2983 645 3031 etc.
679 2975 874 3032 Altera
894 2982 1084 3030 autem
1107 2972 1178 3030 58
1206 2975 1291 3030 sic
1330 2975 1591 3031 orditur:
1622 2996 1647 3027 α
1683 2978 1890 3033 lliero—
1918 2967 1965 3028 C
1997 2988 2154 3036 stens
2179 2993 2247 3034 ex
2277 2978 2385 3035 hoc
2414 2978 2626 3034 mundo
2653 2977 3036 3045 discessisset,
3068 2992 3196 3033 cum
3223 2979 3293 3035 ad
3333 2979 3638 3036 Damasum

217 3080 433 3137 ny.nus
455 3067 720 3121 Damaso.
747 3067 1080 3134 Importuna
1114 3065 1173 3118 in
1199 3063 1502 3135 Hvangelio
1535 3063 1745 3120 mulier
1768 3073 1886 3120 tan.

216 3156 341 3211 dem
407 3153 625 3209 meruit
673 3152 909 3208 audiri:
967 3157 1021 3206 et
1075 3152 1274 3208 clauso
1311 3165 1440 3207 cum
1485 3152 1667 3207 servis
1704 3154 1876 3227 ostio,

219 3243 409 3300 media
444 3241 583 3297 licet
627 3247 812 3310 nocte,
843 3240 916 3295 ab
949 3240 1137 3295 amico
1169 3253 1341 3309 panes
1383 3240 1607 3295 amicus
1635 3242 1873 3309 accepit.

217 3333 370 3387 Deus
404 3332 551 3400 ipse,
578 3328 681 3399 qui
708 3328 893 3385 nullis
920 3334 1121 3384 contra
1152 3341 1211 3383 se
1240 3327 1465 3383 viribus
1491 3328 1750 3397 superari
1785 3345 1879 3398 po-

217 3427 347 3487 test,
377 3418 676 3488 publicani
700 3415 969 3487 precibus
980 3415 1254 3471 vincitur.
1279 3415 1484 3469 Ninive
1500 3416 1729 3479 civitas,
1751 3430 1875 3485 quae

220 3514 452 3577 peccato
503 3506 697 3576 periit,
749 3504 982 3560 ﬁetibus
1039 3504 1217 3559 stetit.
1273 3504 1557 3572 Quorsum
1602 3504 1712 3559 ista
1761 3512 1873 3560 tam

220 3597 389 3667 longo
418 3595 661 3665 repetita
687 3594 974 3663 principio
994 3592 1022 3646 ?
1051 3592 1352 3662 Videlicet,
1386 3598 1450 3648 ut
1481 3606 1715 3662 parvum
1750 3607 1874 3648 ma-

218 3699 369 3754 gnus
389 3683 668 3753 aspicias.
699 3702 725 3733 ι
755 3687 866 3737 etc.
895 3682 1080 3751 Atque
1104 3695 1173 3736 ex
1206 3681 1317 3751 his,
1347 3681 1406 3736 ni
1436 3679 1624 3751 fallor,
1647 3680 1873 3737 abunde

218 3778 444 3827 constat
474 3784 646 3840 quam
682 3770 929 3841 eleganti
970 3769 1138 3840 stylo,
1184 3781 1351 3838 quam
1392 3777 1593 3824 ornato
1626 3783 1765 3824 usus
1792 3770 1873 3824 sit

219 3859 603 3930 Hieronymus
652 3859 712 3912 in
770 3858 983 3912 litteris
1028 3857 1097 3912 ad
1143 3858 1448 3913 Damasum
1492 3872 1691 3927 papam
1744 3871 1872 3911 con-

217 3949 480 4018 scriptis,
505 3953 898 4018 quantumque
916 3946 988 4001 ab
1010 3947 1198 4016 ipsius
1219 3947 1508 4002 scribendi
1532 3936 1694 4001 modo
1713 3945 1872 4001 diﬁ'e—

218 4045 302 4093 rat
342 4036 594 4107 epistola
617 4037 689 4091 de
719 4037 895 4108 gestis
928 4035 1261 4105 pontiﬁcum
1293 4035 1563 4105 superius
1587 4033 1867 4090 exhibita.

282 4127 339 4183 6.
386 4129 537 4182 Dum
571 4126 721 4181 enim
753 4127 823 4179 D.
878 4126 1257 4193 Hieronymus
1294 4124 1519 4194 aliquid
1551 4138 1583 4179 a
1631 4126 1870 4178 Damaso

218 4229 362 4286 papa
386 4214 634 4285 petebat,
667 4221 867 4269 ornato
894 4226 1153 4268 sermone
1173 4218 1228 4267 et
1254 4212 1421 4283 longo
1451 4214 1689 4282 repetita
1714 4226 1872 4268 exor-

1994 3069 2306 3138 scripserat
2348 3081 2411 3122 se
2448 3065 2774 3121 cathedram
2829 3066 2978 3122 Petri
3033 3071 3088 3122 et
3117 3066 3283 3122 ﬁdem
3320 3068 3639 3136 apostolico

1992 3171 2090 3213 ore
2120 3156 2405 3212 laudatam
2442 3156 2569 3211 ideo
2595 3154 2914 3223 consulere,
2944 3155 3094 3225 quod
3120 3155 3238 3211 haec
3268 3156 3537 3213 cathedra
3557 3158 3639 3214 sit

1992 3251 2148 3314 petra
2171 3242 2528 3314 Evangelica,
2562 3256 2738 3310 supra
2765 3255 2933 3311 quam
2963 3242 3302 3297 aediﬁcatam
3321 3243 3633 3299 Ecclesiam

1987 3332 2254 3403 sciebat;
2314 3332 2465 3400 quod
2493 3330 2876 3386 Romanorum
2920 3329 3059 3384 ﬁdes
3103 3330 3180 3385 sit
3231 3329 3352 3397 illa,
3402 3344 3571 3400 quam
3599 3344 3633 3386 a

1985 3420 2160 3477 Paulo
2195 3420 2485 3475 laudatam
2526 3425 2583 3475 et
2625 3430 2917 3487 nunquam
2948 3416 3297 3472 defecturam
3341 3417 3627 3487 credebat,

1986 3506 2066 3561 ita
2095 3512 2158 3561 ut
2177 3506 2326 3575 apud
2360 3505 2514 3562 solos
2545 3504 2696 3559 Petri
2722 3514 3080 3557 successores
3112 3501 3504 3570 incorruptam
3536 3503 3638 3558 Pa-

1984 3601 2136 3648 trum
2190 3592 2575 3647 haereditatem
2628 3589 2843 3644 servari
2890 3587 3271 3657 proﬁteretur.
3319 3589 3446 3644 Haec
3473 3589 3626 3645 enim

1981 3695 2111 3736 cum
2132 3681 2511 3748 Hieronymus
2527 3678 2585 3732 in
2603 3676 2868 3746 epistolis
2887 3676 2955 3731 ad
2977 3677 3280 3733 Damasum
3299 3678 3632 3749 tradiderit,

1983 3783 2096 3840 quo
2140 3766 2409 3836 consilio,
2441 3778 2557 3835 qua
2586 3764 2809 3819 ratione
2839 3777 2898 3819 se
2950 3764 3021 3818 de
3047 3765 3427 3834 quorumdam
3472 3767 3626 3823 Petri

1981 3869 2377 3914 successorum
2410 3852 2878 3923 praavaricatione
2902 3851 3189 3922 dubitare,
3223 3853 3293 3907 ad
3318 3853 3624 3910 Damasum

1982 3946 2173 4014 ipsum
2206 3941 2577 4012 scripsisset?
2600 3940 2683 3994 An
2719 3939 2883 4008 forte,
2917 3940 2967 3994 si
3002 3940 3307 4009 quisquam
3335 3942 3627 3998 Romano-

1981 4051 2109 4093 rum
2136 4033 2469 4104 pontiﬁcum
2505 4030 2563 4085 in
2590 4029 2789 4098 aliquo
2817 4028 3183 4098 deliquisset,
3217 4028 3365 4086 illud
3388 4031 3458 4086 ad
3484 4035 3627 4089 Mar-

1980 4124 2326 4197 tyrologium
2397 4123 2462 4175 D.
2514 4118 2841 4189 Hieronymi
2898 4124 3153 4188 spectare
3209 4124 3430 4188 poterat
3470 4122 3499 4175 εἰ
3544 4124 3623 4177 De

1981 4214 2198 4271 sanctis
2221 4209 2592 4281 pontiﬁcibus
2610 4219 2922 4276 eorumque
2944 4206 3237 4277 martyriis
3260 4209 3323 4261 D.
3356 4209 3627 4283 Hierony-

215 4306 311 4362 dio
344 4306 657 4359 Damasum
689 4315 922 4358 exorare
950 4300 1188 4368 solebat,
1225 4308 1288 4356 ut
1316 4316 1384 4357 ex
1412 4302 1639 4357 duobus
1673 4303 1875 4372 przedi_
1896 4320 1952 4382 D
1986 4320 2114 4362 mus
2136 4316 2237 4373 pro
2261 4300 2613 4358 conﬁciendo
2634 4313 2738 4354 suo
2763 4296 3166 4367 Martyrologio
3190 4297 3480 4355 sollicitus
3503 4313 3628 4357 esse

216 4410 442 4459 ctarum
472 4396 800 4451 litterarum
828 4392 1161 4463 fragmentis
1182 4392 1451 4463 colligere
1472 4394 1623 4450 licet.
1657 4402 1729 4455 At
1756 4406 1863 4474 epi~

218 4492 363 4549 stola
400 4492 477 4546 de
525 4490 707 4559 gestis
744 4487 1127 4544 Romanorum
1162 4489 1496 4557 pontiﬁcum
1526 4492 1865 4565 Hieronymo

216 4582 441 4638 tributa
487 4578 640 4647 stylo
667 4576 897 4644 humili,
925 4583 982 4631 et
1017 4576 1237 4645 abjecto
1268 4578 1393 4633 sine
1427 4580 1611 4635 ullius
1642 4582 1864 4638 exordii

217 4674 558 4726 ornamento
588 4666 784 4721 statim
814 4666 1035 4721 indicat
1062 4667 1210 4736 quod
1254 4668 1491 4737 petitur,
1528 4674 1591 4723 ut
1620 4675 1771 4738 patet
1800 4685 1868 4727 ex

218 4759 325 4815 hoc
351 4760 521 4814 illius
554 4758 761 4813 initio:
794 4756 1035 4811 Gloriam
1061 4759 1372 4811 sanctitatis
1406 4762 1512 4811 tum
1536 4763 1722 4812 nostra
1756 4761 1867 4813 hu-

215 4850 425 4902 militas
464 4849 809 4917 deprecatur.
856 4847 989 4903 Post
1031 4846 1179 4917 quod
1214 4848 1406 4903 statim
1454 4849 1863 4918 prosequitur:

224 4939 291 4991 Ut
354 4937 659 4992 secundum
714 4936 857 4990 sedis
909 4937 1217 5002 apostolicae
1257 4939 1653 4997 auctoritatem,
1704 4953 1869 5006 quam

218 5030 566 5094 cognovimus
601 5042 705 5094 per
749 5032 899 5079 tuam
953 5027 1291 5079 sanctitatem
1348 5026 1663 5092 gubernari,
1717 5031 1869 5080 actus

218 5123 486 5183 gestorum
526 5132 561 5168 α
603 5116 747 5169 beati
774 5116 921 5169 Petri
964 5116 1196 5184 apostoli
1216 5117 1537 5184 principatu
1586 5130 1755 5183 usque
1798 5115 1872 5167 ad

218 5212 397 5258 uestra
437 5213 705 5274 tempora,
756 5218 877 5272 qua:
921 5204 1122 5257 scilicet
1146 5206 1205 5257 in
1243 5205 1365 5257 sede
1395 5210 1489 5257 tua
1536 5211 1684 5272 gesta
1722 5212 1872 5265 sunt,

219 5296 371 5349 nobis
398 5312 497 5365 per
520 5294 769 5348 ordinem
784 5294 978 5362 paucis
1008 5308 1267 5346 enarrare
1291 5294 1549 5361 digneris.
1573 5295 1677 5349 Ubi
1701 5295 1872 5350 etiam

220 5384 465 5438 notanda
499 5390 641 5438 sunt
675 5382 778 5437 illa
798 5380 999 5435 verba:
1036 5381 1208 5446 Quam
1228 5384 1570 5448 cognovimus
1600 5398 1699 5452 per
1724 5387 1873 5436 tuam

221 5476 564 5529 sanctitatem
578 5472 886 5541 gubernari
908 5489 925 5524 :
949 5470 1162 5541 quibus
1180 5471 1475 5527 indicatur
1499 5474 1641 5527 hanc
1667 5472 1876 5542 episto-

1980 4398 2238 4467 debebat,
2264 4402 2320 4451 et
2348 4408 2476 4449 cum
2498 4393 2685 4447 Romae
2709 4389 2767 4445 in
2786 4390 3083 4458 juventute
3100 4401 3204 4443 sua
3225 4387 3537 4461 studuerit,
3560 4401 3628 4445 ac

1977 4489 2192 4557 saepius
2207 4491 2434 4555 cryptas
2464 4484 2776 4549 martyrum
2795 4490 2860 4531 ac
2881 4475 3272 4546 apostolorum
3304 4478 3533 4547 templa,
3562 4481 3622 4536 in

1979 4576 2193 4651 quibus
2257 4575 2349 4629 SS.
2412 4569 2747 4641 pontiﬁcum
2795 4580 3038 4636 corpora
3090 4566 3385 4622 recondita
3435 4576 3618 4639 erant,

1979 4662 2430 4738 perlustraverit,
2462 4659 2558 4713 vix
2587 4655 2865 4713 credibile
2898 4661 2985 4709 est
3010 4655 3072 4709 E.
3099 4654 3501 4724 Hieronymum
3532 4656 3626 4713 la—

1978 4757 2161 4812 tuisse
2190 4756 2569 4810 Romanorum
2620 4746 2952 4816 pontiﬁcum
2984 4745 3277 4815 martyria,
3328 4746 3626 4814 multoque

1981 4842 2427 4901 inverisimilius
2467 4843 2553 4894 est
2581 4840 2887 4891 Damasum
2915 4848 3114 4904 papam
3155 4834 3341 4889 solum
3385 4834 3498 4888 tria
3518 4841 3621 4889 aut

1980 4938 2229 5005 quatuor
2255 4926 2587 4997 pontiﬁcum
2626 4929 2916 4993 martyria,
2949 4928 3415 4978 enumeraturum
3441 4920 3622 4977 fuisse

1983 5024 2041 5078 in
2070 5015 2392 5086 antiquiori
2419 5012 2707 5081 Catalogo,
2739 5012 2789 5065 si
2824 5012 2988 5066 illum
3017 5009 3085 5063 ad
3117 5010 3181 5062 D.
3214 5008 3619 5080 Hieronymum

1982 5125 2109 5167 cum
2141 5105 2382 5176 epistola
2424 5101 2693 5171 superius
2715 5100 2887 5154 allata
2920 5099 3354 5155 transmisisset.
3391 5100 3511 5170 Qua
3552 5103 3623 5157 de

1986 5215 2047 5257 re
2086 5198 2278 5254 statim
2316 5208 2567 5265 agemus,
2608 5203 2738 5245 cum
2774 5190 3300 5255 monstraverimus,
3354 5194 3503 5261 quod
3553 5191 3622 5247 de
3674 5192 3679 5195 ’

1983 5289 2209 5346 Damasi
2237 5285 2479 5357 epistola
2500 5296 2569 5339 ex
2603 5281 2750 5351 stylo
2776 5280 3089 5349 dijudicari
3121 5280 3322 5351 possit,
3346 5294 3470 5336 eam
3500 5294 3624 5338 esse

1986 5378 2438 5449 supposititiam.

2054 5468 2109 5525 8.
2140 5470 2370 5537 Ineptus
2398 5462 2660 5535 equidem
2691 5458 2982 5517 scribendi
3033 5458 3235 5515 modus
3260 5456 3359 5527 qui
3389 5457 3448 5514 in
3492 5461 3626 5530 epi—
