4048 6168
403 174 510 232 479

1183 176 1278 232 Αἰ)
1327 177 1757 233 ANASTASIUM
1804 178 2315 236 PROLEGOMENA
2371 181 2544 237 EDIT.
2588 181 3018 238 ROM.—VATIC.

3703 183 3804 242 480

406 303 554 359 stola
600 304 979 376 conspicitur,
1024 305 1191 376 longe
1227 310 1313 359 est
1341 317 1374 359 a
1405 305 1631 360 Damasi
1665 305 1831 376 stylo,
1859 310 1914 361 et
1956 306 2051 362 lo—
2075 307 2136 367 A
2163 307 2440 364 stolorum
2471 309 2781 365 excessisse
2818 313 3221 381 cognoscatur.
3254 310 3324 366 Et
3360 309 3662 380 respondet
3688 311 3804 365 Da-

406 391 619 460 quendi
667 393 915 461 puritate
959 393 1203 449 alienus.
1257 392 1468 463 Incipit
1518 407 1761 464 namque
1806 394 2050 463 epistola

409 478 502 534 bis
531 479 754 536 verbis:
791 480 1004 536 Gaudet
1030 482 1271 535 Ecclesia
1300 486 1396 534 tua
1437 484 1588 549 fonte
1601 482 1725 551 jam
1753 484 1979 549 satiata,
2000 486 2051 535 et

406 569 644 639 amplius
705 571 825 624 sitit
885 572 1174 625 curiositas
1244 577 1542 641 temporum
1607 572 2046 626 sacerdotalium.

404 654 540 724 Quae
591 655 712 711 sola
759 654 1016 712 suﬁicere
1053 657 1323 714 deberent
1368 660 1438 715 ad
1470 659 1770 730 epistolam
1809 661 2048 715 Damaso

402 740 843 812 abjudicandam
876 761 890 798 :
923 750 1295 816 praeterquam
1322 747 1473 803 enim
1503 748 1653 817 quod
1692 749 1756 801 D.
1784 747 2052 817 Hierony-

403 845 552 900 mus,
601 833 740 888 dum
793 846 1005 889 munus
1045 834 1358 904 presbyteri
1400 835 1648 904 primum
1697 834 2044 904 obtinuerat,

404 934 516 977 non
561 925 674 977 tam
725 921 905 978 multa
951 922 1270 994 scripserit,
1318 928 1385 979 ut
1428 923 1738 979 Ecclesiam
1778 923 2050 994 Operibus

405 1010 532 1065 suis
555 1011 876 1082 repleverit,
916 1011 1170 1083 adeoque
1192 1025 1387 1068 verum
1417 1025 1527 1067 non
1564 1012 1644 1067 sit
1672 1012 1822 1083 quod
1848 1012 2051 1068 Eccle—

404 1102 492 1158 sia
514 1101 628 1171 jam
658 1104 807 1156 esset
841 1100 1028 1169 ipsius
1053 1099 1208 1156 fonte
1233 1100 1461 1169 satiata,
1495 1099 1905 1171 subjungitur:
1936 1103 2053 1155 Ta-

402 1206 525 1245 men
560 1193 613 1243 et
655 1189 893 1258 amplius
938 1190 1058 1243 sitit
1095 1190 1383 1244 curiositas
1408 1194 1705 1259 temporum
1732 1189 2052 1243 sacerdota-

408 1281 561 1333 lium.
593 1277 728 1346 Quae
749 1276 918 1332 verba
938 1277 1092 1333 sicut
1118 1277 1374 1347 ineptum
1418 1290 1649 1333 sensum
1677 1278 1943 1347 reddunt,
1969 1277 2051 1334 ita

404 1370 645 1425 Damaso
670 1379 1028 1437 nequaquam
1072 1366 1254 1422 tribui
1296 1370 1555 1437 possunt.
1582 1364 1731 1433 Quid
1767 1367 1920 1422 enim
1960 1366 2053 1422 si—

407 1457 682 1530 gniﬁcant
734 1461 985 1525 tempora
1041 1454 1415 1511 sacerdotalia
1448 1454 1477 1508 ‘l
1532 1456 1680 1510 Num
1731 1455 2052 1511 sacerdotes

406 1552 545 1602 tunc
570 1544 876 1614 imperium
902 1542 1188 1612 tenebant,
1216 1548 1317 1599 aut
1337 1548 1474 1598 tunc
1500 1543 1752 1613 primum
1779 1544 1839 1598 in
1867 1542 2055 1599 Eccle-

408 1635 495 1691 sia
523 1647 647 1690 esse
669 1637 973 1705 cmperant,
1011 1633 1069 1688 in
1104 1645 1216 1704 qua
1244 1636 1375 1688 ante
1401 1646 1513 1688 non
1541 1630 1819 1688 fuerant?
1854 1634 2053 1688 Nonne

405 1722 762 1794 temporibus
820 1722 1047 1778 Damasi
1098 1734 1255 1792 papae
1321 1722 1692 1791 imperatores
1739 1722 2053 1794 regnabant

405 1813 559 1869 sicut
588 1812 694 1869 sub
721 1813 947 1868 Damasi
984 1809 1499 1883 praedecessoribus
1525 1810 1755 1880 imperii
1779 1810 2055 1882 guberna-

402 1901 534 1957 cula
574 1900 924 1957 tenuerant?
949 1901 1009 1956 Si
1042 1901 1414 1971 imperatores
1436 1904 1567 1955 ante
1593 1900 1898 1955 Damasum
1938 1914 2054 1970 gu-

402 1990 735 2059 bernarunt,
773 1990 824 2046 si
853 1993 1020 2046 antea
1050 1988 1348 2059 pontiﬁces
1392 1993 1448 2044 et
1476 1990 1797 2044 sacerdotes
1837 1989 1897 2044 in
1939 1989 2053 2043 Ec—

403 2079 581 2135 clesia
604 2079 968 2147 exstiterunt,
999 2079 1161 2149 quid,
1189 2090 1403 2148 quaeso,
1430 2075 1544 2132 sibi
1576 2077 1777 2134 volunt
1798 2083 2052 2149 tempora

404 2167 785 2224 sacerdotalia
812 2166 841 2220 ‘l
863 2166 1132 2232 Quomodo
1172 2166 1388 2221 sitiebat
1421 2167 1709 2223 curiositas
1752 2173 2051 2238 temporum

403 2255 825 2310 sacerdotalium
841 2257 869 2309 ?
886 2257 972 2310 An
997 2254 1335 2311 curiositate
1348 2254 1708 2314 ducebantur
1729 2258 2052 2314 sacerdotes

404 2344 477 2400 ad
506 2343 825 2399 audiendas
851 2356 884 2398 a
907 2344 974 2397 D.
1004 2343 1350 2414 Hieronymo
1376 2345 1878 2416 interpretationes
1906 2346 2054 2402 Scri-

403 2440 725 2504 pturarum,
758 2436 823 2488 ut
839 2432 1125 2503 quondam
1154 2432 1531 2490 Athenienses
1560 2448 1749 2490 rerum
1776 2448 2051 2492 novarum

403 2522 604 2592 cupidi
648 2535 683 2577 a
708 2522 774 2576 D.
825 2521 1049 2578 Paulo?
1081 2520 1240 2591 Quod
1273 2524 1324 2579 si
1348 2524 1627 2579 Damasus
1658 2538 1801 2595 papa
1850 2525 2054 2594 expri—

404 2625 557 2667 mere
579 2611 857 2667 voluisset
887 2611 1032 2667 hanc
1056 2613 1414 2669 sacerdotum
1440 2613 1834 2683 cupiditatem,
1858 2613 2053 2669 dixis-

406 2706 492 2755 set
543 2701 832 2753 curiositas
876 2701 1238 2765 sacerdotum,
1279 2714 1393 2757 non
1435 2703 1723 2756 curiositas
1754 2706 2053 2772 temporum

406 2788 850 2852 sacerdotalium,
904 2793 968 2845 ut
1020 2790 1081 2846 in
1139 2792 1325 2861 prima
1365 2790 1754 2861 Antiquitatis
1795 2790 2053 2847 editione

408 2877 939 2935 animadvertimus.
960 2878 1185 2949 Quibus
1207 2881 1518 2951 adjungere
1539 2894 1845 2951 possumus
1875 2884 2051 2935 totam

2161 409 2353 451 masus
2376 395 2705 468 Catalogum
2752 397 3085 467 pontiﬁcum
3120 411 3153 453 a
3182 399 3246 452 D.
3278 398 3616 467 Hieronymo
3652 398 3803 466 peti-

2158 487 2280 539 tum
2306 490 2362 539 et
2385 499 2419 540 a
2456 498 2516 540 se
2559 485 2963 542 transmissum
2993 487 3287 542 continere
3312 487 3484 540 Actus
3513 491 3804 555 gestorum,

2159 577 2255 626 aut
2283 578 2435 639 gesta
2450 576 2789 643 pontiﬁcum,
2817 573 3032 645 quibus
3056 588 3253 630 eorum
3281 572 3494 643 obitus,
3526 578 3583 628 et
3604 574 3807 629 mortis

2160 674 2340 732 genus
2385 661 2811 718 adnectebatur.
2874 663 2953 717 De
3003 661 3097 717 his
3134 667 3322 718 autem
3388 661 3655 717 omnibus
3711 661 3806 715 vix

2160 750 2475 819 quidquam
2527 751 2812 820 reperitur
2858 752 2917 805 in
2959 750 3280 821 antiquiori
3328 749 3612 820 CataIOgo.
3665 750 3808 804 Nam

2111 874 2119 883 .
2160 836 2256 892 vix
2287 837 2406 892 ulla
2443 843 2598 908 gesta
2626 838 2967 908 pontiﬁcum
3001 839 3062 894 in
3087 852 3152 894 eo
3183 842 3722 907 commemorantur,
3752 842 3810 892 et

2162 925 2312 981 inter
2349 931 2435 982 tot
2467 927 2785 996 pontiﬁces,
2833 931 2974 998 quot
3023 940 3057 983 a
3093 931 3289 983 sancto
3340 927 3502 981 Petro
3545 924 3809 995 apostolo

2160 1028 2344 1084 usque
2372 1015 2442 1071 ad
2481 1016 2787 1071 Damasum
2834 1030 3033 1086 papam
3065 1016 3356 1084 sederunt,
3394 1016 3617 1070 tantum
3654 1026 3810 1083 qua-

2160 1107 2295 1158 tuor
2322 1103 2595 1174 martyria
2618 1110 3046 1174 enumerantur,
3079 1103 3229 1159 Petri
3254 1102 3530 1157 nimirum
3561 1108 3619 1157 et
3644 1100 3810 1157 Pauli

2161 1190 2573 1263 apostolorum,
2595 1192 2667 1248 de
2696 1191 2911 1261 quibus
2939 1191 3193 1249 dicitur:
3224 1192 3419 1245 Petrus
3447 1205 3652 1260 passus
3687 1205 3813 1244 cum

2160 1280 2331 1333 Paulo
2361 1280 2449 1334 die
2486 1294 2549 1335 1n
2592 1280 2827 1336 Kalend.
2868 1280 3045 1346 Julii;
3077 1279 3343 1335 Pontiani
3374 1279 3445 1334 de
3470 1291 3583 1348 quo
3624 1276 3812 1333 refer-

2160 1373 2293 1424 tur:
2321 1371 2389 1423 In
2412 1370 2599 1423 eadem
2618 1370 2805 1423 insula
2841 1366 3147 1441 (Sardinia)
3174 1368 3471 1422 discinctus
3497 1371 3574 1421 est
3600 1380 3655 1422 1v
3687 1368 3817 1421 Ka-

2163 1457 2314 1511 lend.
2376 1458 2659 1523 Octobris;
2705 1457 2963 1525 Fabiani,
3015 1457 3086 1512 de
3114 1470 3228 1527 quo
3259 1461 3556 1511 narratur:
3608 1457 3817 1511 Passus

2160 1560 2267 1602 xm
2290 1547 2414 1601 Kal.
2438 1547 2633 1612 Febr.;
2662 1550 2720 1602 et
2752 1545 3043 1616 Cornelii;
3075 1546 3146 1600 de
3176 1558 3289 1615 quo
3318 1544 3631 1600 asseritur:
3668 1544 3817 1599 Cen—

2078 1606 2130 1667 B
2163 1635 2440 1690 tumcellas
2493 1606 2752 1705 expulsus
2778 1635 2857 1689 ibi
2898 1606 3227 1703 cum'gloria
3252 1633 3628 1687 dormitionem
3652 1648 3819 1687 acce-

2156 1727 2259 1794 pit.
2292 1726 2504 1780 Horum
2550 1725 2744 1794 itaque
2781 1723 3117 1793 pontiﬁcum
3149 1722 3423 1793 martyrio
3455 1722 3817 1778 solummodo

2162 1817 2679 1870 commemorantur
2709 1812 2770 1867 in
2808 1811 3096 1883 Catalogo,
3130 1811 3233 1881 qui
3256 1810 3308 1865 si
3338 1824 3371 1865 a
3398 1812 3636 1866 Damaso
3668 1822 3820 1879 papa

2161 1902 2523 1971 conscriptus
2552 1906 2654 1957 aut
2692 1901 2804 1970 ipsi
2848 1899 3123 1970 probatus
3160 1897 3386 1966 fuisset,
3424 1898 3636 1969 illeque
3664 1903 3823 1954 esset

2161 1991 2330 2060 cujus
2363 1990 2422 2044 in
2444 1989 2657 2044 litteris
2687 1990 3031 2044 mentionem
3064 1986 3248 2043 facere
3280 1987 3647 2057 supponitur,
3681 1999 3821 2041 cre—

2160 2080 2296 2135 dine
2340 2084 2524 2148 potest
2552 2079 2854 2133 Damasum
2900 2082 3103 2132 caetera
3150 2075 3486 2146 pontiﬁcum
3541 2074 3822 2145 martyria

2163 2166 2504 2240 ignorasse?
2544 2165 2846 2238 lgnorabat
2894 2163 3088 2220 forsan
3124 2163 3431 2219 Clementis
3471 2163 3819 2233 martyrium

2163 2262 2281 2313 toto
2307 2260 2589 2312 terrarum
2633 2255 2770 2311 orbe
2799 2254 3234 2311 celeberrimum
3256 2252 3285 2308 ?
3316 2252 3551 2308 Nihilne
3579 2253 3822 2309 omnino

2163 2348 2427 2415 supereat
2455 2344 2525 2400 de
2554 2344 2732 2415 gestis
2758 2348 3093 2414 martyrum,
3140 2356 3266 2413 qute
3308 2341 3544 2411 jubente
3561 2341 3822 2397 Anthero

2138 2446 2194 2489 'a
2224 2433 2469 2490 notariis
2512 2432 2759 2491 ﬁdeliter
2794 2432 3120 2502 conscripta
3150 2438 3206 2486 et
3236 2431 3296 2486 in
3327 2430 3578 2486 Ecclesia
3610 2443 3825 2485 recon—

2161 2522 2284 2578 dita
2328 2520 2542 2576 erant?
2568 2521 2653 2575 An
2686 2524 2873 2576 mente
2915 2520 3208 2576 exciderat
3239 2519 3389 2589 quod
3428 2518 3499 2574 de
3542 2517 3820 2588 Stephani

2162 2623 2320 2681 papae
2367 2609 2642 2677 martyrio
2685 2609 2810 2677 ejus
2854 2608 2992 2664 Acta
3030 2605 3437 2663 testabantur?
3478 2608 3823 2679 lgnorarene

2162 2702 2383 2769 poterat
2425 2710 2550 2769 qua:
2578 2697 2649 2752 de
2678 2696 2845 2767 Xysti
2880 2696 3045 2752 obitu
3089 2695 3363 2751 retulerat
3387 2694 3576 2750 clerus
3604 2694 3826 2749 Roma—

2163 2801 2294 2858 nus,
2327 2786 2637 2856 scripserat
2662 2785 3002 2856 Cyprianus,
3030 2790 3087 2840 et
3117 2785 3177 2840 in
3213 2782 3357 2841 festo
3395 2783 3448 2839 S.
3497 2783 3819 2855 Laurentii,

2164 2875 2266 2946 qui
2303 2876 2544 2944 Xystum
2579 2878 2709 2944 post
2737 2874 2997 2929 triduum
3028 2876 3261 2928 secutus
3293 2876 3435 2937 erat,
3463 2871 3682 2943 legebat
3704 2874 3826 2928 Ec—

413 2968 558 3023 hanc
586 2967 815 3023 Damasi
856 2937 1159 3037 epistolam
1189 2937 1337 3040 stylo
1384 2937 1702 3035 adeo.rudi
1746 2974 1802 3024 et
1834 2937 2129 3024 incultoC
2165 2937 2393 3021 clesiai
2447 2937 2751 3018 Latebatne
2798 2962 2987 3032 ipsum
3048 2961 3186 3032 quid
3253 2937 3579 3017 continebat
3624 2961 3823 3017 Canon

410 3057 685 3128 scriptam
736 3070 879 3126 esse,
908 3063 971 3112 ut
1010 3056 1170 3112 nulla
1226 3057 1497 3126 periodus
1529 3058 1588 3113 in
1631 3071 1695 3113 ea
1736 3058 2057 3128 reperiatur

413 3152 529 3202 tam
559 3146 788 3202 erudito
812 3151 868 3201 et
894 3144 1195 3215 eloquente
1221 3144 1489 3214 pontiﬁce
1515 3145 1712 3217 digna,
1742 3146 1814 3201 de
1851 3159 1964 3216 quo
1986 3146 2057 3200 D.

410 3235 789 3305 Hieronymus
818 3233 969 3289 libro
987 3234 1058 3289 de
1076 3233 1469 3304 Scriptoribus
1488 3239 1732 3291 testatur
1762 3236 1912 3306 quod
1939 3235 2064 3291 ele—

414 3336 556 3397 gans
573 3323 634 3379 in
655 3322 919 3379 versibus
937 3323 1346 3393 componendis
1364 3323 1658 3396 ingenium
1677 3323 1899 3380 habuit.
1924 3324 2064 3394 Ejus

414 3411 671 3483 epistola:
696 3411 940 3483 eleganti
969 3410 1118 3483 stylo
1143 3413 1481 3483 conscripta:
1506 3412 1674 3468 editae
1703 3418 1841 3473 sunt
1868 3426 1899 3468 a
1925 3415 2068 3468 Mar-

417 3500 500 3556 tio
520 3500 745 3558 Milesio
773 3505 830 3557 et
859 3514 894 3557 a
922 3503 1071 3558 Luca
1091 3502 1417 3559 Holstenio:
1459 3500 1729 3572 pleraque
1765 3501 1900 3557 item
1931 3514 2068 3556 car—

420 3588 577 3644 mina
608 3588 924 3645 etiamnum
952 3591 1323 3661 reperiuntur
1354 3591 1415 3647 in
1452 3590 1810 3647 Bibliotheca
1834 3592 2064 3648 Patrum

419 3676 596 3745 edita,
625 3681 683 3731 et
705 3677 821 3732 alia
848 3680 1183 3735 marmoreis
1215 3679 1433 3736 tabulis
1469 3680 1780 3751 insculpta,
1813 3680 2067 3751 quibus-

420 3776 550 3818 cum
568 3763 619 3817 si
645 3762 1006 3820 conferamus
1021 3767 1505 3822 constructionem
1524 3769 1782 3838 epistolaa
1799 3769 2069 3839 superius

420 3852 609 3921 edita,
639 3851 808 3906 facile
848 3852 1137 3908 constabit
1162 3853 1264 3908 has
1290 3854 1546 3923 phrases,
1590 3859 1653 3911 in
1697 3861 1897 3910 nostrae
1924 3857 2091 3911 sedis‘

423 3939 626 4003 studio,
670 3944 722 3993 et
760 3940 1063 4008 gaudenter
1107 3940 1431 4004 direximus,
1484 3942 1603 3999 alio
1635 3948 1867 3999 auctore
1898 3958 2069 4014 quam

425 4031 666 4085 Damaso
707 4028 913 4085 editas.
957 4029 1157 4085 Prodit
1188 4034 1378 4086 autem
1418 4043 1477 4086 se
1509 4031 1696 4101 ipsum
1733 4036 1934 4087 auctor
1967 4032 2071 4088 hac

2167 3054 2355 3109 Missae
2384 3052 2592 3108 szeculo
2613 3050 2786 3108 tertio
2810 3050 3165 3121 compositus
3184 3050 3212 3106 τ
3240 3051 3388 3119 Ητεο,
3421 3050 3481 3105 ni
3508 3047 3701 3120 fallor,
3738 3051 3829 3105 ni-

2171 3142 2283 3198 mis
2320 3141 2475 3198 clara
2496 3145 2653 3213 sunt,
2681 3154 2852 3212 quam
2885 3145 3006 3197 uta
3037 3152 3325 3212 quoquam
3352 3139 3413 3194 in
3442 3138 3683 3195 dubium
3715 3152 3828 3194 vo-

2170 3232 2291 3287 cari
2322 3230 2565 3301 possint.

2825 3300 3045 3356 CAPUT
3080 3303 3165 3357 IV.

2175 3375 2250 3428 De
2321 3371 2554 3427 secundo
2611 3371 2885 3442 Catalogo,
2944 3374 3043 3441 qui
3089 3387 3209 3427 cum
3256 3370 3411 3426 Actis
3453 3371 3643 3425 Felicis
3706 3372 3833 3440 ejus

2692 3446 2929 3497 nominis
2951 3446 3140 3512 quarti
3166 3444 3307 3513 ﬁnit.

2176 3524 2217 3574 Ι.
2254 3523 2531 3585 Catalogus
2564 3537 2627 3573 ex
2659 3536 2755 3572 ms.
2792 3523 2973 3571 codice
3005 3523 3194 3583 regine
3225 3522 3427 3571 Sueciaz
3461 3521 3645 3579 editus,
3679 3524 3834 3585 etc:

2237 3588 2422 3636 eodem
2439 3581 2591 3647 'post
2622 3586 2838 3648 primam
2868 3581 3166 3648 edition—em
3185 3586 3581 3648 correctusuest,
3616 3597 3674 3632 ac
3693 3581 3834 3648 _Cle-

2238 3649 2397 3697 menti
2428 3645 2576 3696 locus
2605 3645 2729 3695 s'uus
2757 3647 3019 3695 restitutus
3061 3674 3122 3682 —
3158 3646 3223 3695 II.
3252 3646 3505 3695 Doduelli
3536 3646 3631 3694 hae
3676 3645 3745 3693 de
3777 3658 3834 3693 re

2239 3710 2585 3759 cavillationes
2598 3709 2900 3768 refutantur,
2919 3713 2967 3757 et
2994 3707 3297 3769 Catalogum
3327 3707 3683 3771 sextoisaeculo
3706 3720 3836 3771 con-

2241 3774 2487 3835 scriptum
2517 3786 2652 3833 esse,
2678 3772 2917 3835 convenit
2938 3772 3389 3835 interomnesu—
3420 3770 3513 3819 Ill.
3552 3770 3609 3819 In
3627 3770 3837 3835 Codice

2239 3832 2489 3898 msfpost
2516 3834 2741 3883 Felicem
2771 3833 2841 3882 IV
2872 3834 3147 3881 duodecim
3178 3832 3477 3894 pontiﬁcum
3501 3832 3712 3880 nomina
3748 3832 3841 3879 ad-

2240 3899 2434 3941 duntur
2451 3910 2569 3941 cum
2591 3900 2711 3941 nota
2734 3898 3044 3941 temporum.
3068 3908 3181 3941 ausa
3202 3894 3264 3941 ab
3284 3895 3520 3941 imperito
3542 3893 3716 3941 aliauo
3743 3894 3840 3941 ad-

2240 3894 2434 3945 duntur
2451 3910 2569 3945 cum
2591 3900 2711 3943 nota
2734 3898 3044 3955 temporum,
3068 3908 3181 3958 quaa
3202 3894 3264 3943 ab
3284 3895 3520 3956 imperito
3542 3894 3716 3955 aliquo
3743 3894 3840 3941 ad-

2234 3958 2373 4020 jecta
2401 3972 2534 4029 esse,
2556 3972 2626 4029 ex
2657 3956 3075 4029 erroribus,"qui
3091 3959 3145 4029 in
3174 3957 3307 4005 hanc
3334 3958 3670 4029 appendicem
3698 3956 3841 4029 irre-

2244 4016 2474 4081 pserunt,
2489 4019 2790 4081 ostenditur.
2827 4045 2886 4052 —
2912 4016 3011 4067 IVI
3036 4019 3211 4068 Codex
3241 4016 3432 4079 reginae
3469 4017 3670 4067 Succia:
3694 4016 3842 4081 lianc

2244 4078 2579 4143 appendicem
2603 4079 2868 4143 exhibens,
2902 4093 3005 4127 non
3026 4083 3252 4129 continet
3275 4078 3653 4143 antographum
3682 4078 3843 4129 Cata-

2243 4142 2439 4204 logum,
2459 4144 2547 4191 sed
2569 4145 2685 4204 post
2702 4142 2951 4191 saeculum
2972 4146 3173 4191 sextum
3203 4143 3421 4204 scriptus
3438 4149 3514 4190 est
3537 4142 3674 4204 circa
3696 4154 3843 4204 pon-

2242 4203 2488 4254 tiﬁcatum
2507 4203 2769 4253 Paschalis
2794 4205 2963 4265 primi.
2978 4231 3038 4239 —
3059 4205 3124 4254 V.
3151 4203 3335 4253 Exulio
3360 4203 3632 4266 antiquiori
3652 4203 3846 4251 codice

2242 4268 2528 4328 descriptus
2557 4270 2635 4315 est
2656 4266 2951 4327 Catalogus,
2978 4267 3066 4328 qui
3087 4267 3238 4315 etiam
3265 4267 3553 4315 continetur
3581 4266 3632 4313 in
3652 4266 3848 4328 codice

2245 4326 2823 4401 gemmarum
2848 4326 3483 4401 ’Cveﬁ..Masn.iswst°»
3515 4330 3661 4401 ίφειθ.
3678 4326 3845 4401 νεῖο-

2243 4392 2454 4441 Baluzio
2479 4392 2531 4439 in
2554 4388 2734 4439 litteris
2764 4392 2824 4439 ad
2848 4405 2930 4440 me
2952 4392 3100 4439 datis.
3131 4388 3194 4427 5—
3216 4390 3310 4439 Vl.
3330 4391 3631 4440 Aﬁ‘cruntur
3649 4388 3848 4437 lectio-

2244 4468 2337 4503 nes
2364 4468 2426 4502 ex
2454 4456 2670 4515 utroque
2698 4454 2895 4513 codice,
2934 4467 3048 4515 qua:
3075 4453 3316 4502 diﬁ‘erunt
3344 4453 3407 4501 ab
3441 4453 3666 4515 editione
3697 4450 3853 4515 Hen-

2245 4516 2540 4575 scheniana,
2574 4513 2706 4564 inter
2734 4530 2790 4565 se
2812 4513 2983 4564 tamen
3008 4516 3336 4564 conveniunt.
3353 4542 3417 4552 —-
3434 4515 3557 4564 νυ.
3588 4514 3663 4562 Ex
3685 4513 3853 4561 dictis

2246 4578 2504 4638 colligitur
2533 4580 2803 4639 utrumque
2824 4591 2921 4626 ms.
2954 4578 3187 4626 codicem
3212 4591 3273 4625 ex
3300 4591 3404 4639 uno
3425 4578 3712 4639 eodemque
3744 4588 3846 4622 an-

2244 4642 2283 4690 ti
2322 4641 2465 4689 uiore
2476 4641 2651 4689 codice
2681 4638 2994 4701 descriptum
3015 4653 3147 4688 esse.
3165 4666 3224 4673 —
3240 4638 3382 4688 VIII.
3415 4638 3591 4688 Catalo
3632 4651 3690 4685 us
3706 4650 3852 4685 con-

2248 4656 2405 4751 siﬁes.
2441 4718 2572 4751 auos
2592 4703 2657 4751 ad
2677 4702 2879 4750 initium
2904 4706 2954 4750 et
2979 4701 3132 4749 ﬁnem
3157 4701 3510 4751 pontiﬁcatum
3537 4715 3566 4749 a
3679 4699 3852 4748 Petro

2248 4699 2415 4766 sules,
2441 4718 2572 4766 quos
2592 4703 2657 4751 ad
2677 4699 2879 4766 initium
2904 4706 2954 4750 et
2979 4701 3510 4766 ﬁnempont‘iﬁcatum
3537 4715 3566 4766 a
3588 4699 3650 4749 D.
3679 4699 3853 4766 Petro

2247 4766 2312 4814 ad
2343 4761 2603 4814 Liberium
2629 4764 2855 4823 adducit,
2879 4778 2941 4812 ex
2959 4761 3234 4825 antiquiori
3258 4761 3505 4826 Catalogo
3530 4763 3852 4826 desumpsit.

2248 4853 2309 4864 —
2340 4826 2431 4875 IX.
2470 4826 2776 4876 Pontiﬁcum
2803 4828 2931 4876 Acta
2960 4822 3146 4888 partim
3176 4839 3236 4875 ex
3264 4822 3854 4888 antiquioriCatalogo,

2247 4890 2430 4952 partim
2443 4889 2650 4938 aliunde
2671 4887 3161 4952 desumpsit’auctor
3174 4887 3663 4952 secundiCatalogi,
3682 4888 3743 4932 ut
3762 4899 3860 4952 ya-

2248 4947 2337 5001 i'iis
2357 4952 2605 5014 exemplis
2624 4947 2886 5012 probatur.
2906 4978 2970 4987 —
2992 4950 3063 4999 X.
3104 4950 3248 4998 Idem
3278 4950 3610 5014 conﬁrmatur
3634 4962 3694 5014 ex
3724 4947 3858 4997 aliis

2248 5012 2549 5076 pontiﬁcum
2579 5014 2754 5072 gestis,
2778 5027 2891 5077 qum
2916 5015 3309 5077 commemorat.
3334 5038 3394 5048 —
3420 5012 3517 5077 ΧΙ.
3559 5012 3857 5077 Martyrum

2248 5074 2398 5137 Acta,
2429 5077 2615 5137 quibus
2638 5074 2814 5124 auctor
2843 5076 3071 5135 Catalogi
3104 5075 3279 5135 utitur,
3302 5074 3494 5123 saeculo
3524 5075 3670 5137 sexto
3700 5074 3859 5120 anti-

2248 5135 2599 5200 quiora—sunt.
2628 5137 2989 5187 Ordinationes
3018 5150 3299 5200 earumque
3328 5149 3601 5200 numerum
3627 5135 3861 5200 desum-

2246 5196 2648 5263 psisservidetur
2680 5214 2743 5263 ex
2774 5199 3145 5263 regestggetlis
3176 5196 3490 5263 apostolicae.
3522 5197 3663 5263 quod
3693 5196 3861 5247 αθδὶρ

2246 5260 2398 5315 nebat
2425 5262 2477 5315 in
2508 5262 2807 5313 Hormisda.
2841 5289 2900 5296 —
2924 5260 3044 5310 XII.
3068 5260 3345 5309 Auctorem
3370 5260 3529 5321 igitur
3546 5260 3862 5321 Romanum

2244 5324 2424 5383 fuisse,
2453 5328 2503 5371 et
2537 5324 2708 5386 forsan
2742 5322 3037 5384 praefectum
3066 5322 3282 5384 archivi,
3315 5319 3575 5386 plerisque
3600 5319 3861 5381 Catalogl

2245 5386 2413 5436 verbis
2445 5384 2837 5445 comprobatur.

2257 5455 2308 5514 l.
2337 5456 2683 5530 Catalogum
2719 5457 2790 5513 de
2816 5470 2929 5529 quo
2961 5457 3021 5519 in
3054 5459 3320 5530 praesenti
3346 5460 3593 5531 agimus,
3636 5471 3707 5521 ex
3733 5472 3871 5519 coa-

426 4116 720 4174 clausula:
774 4120 913 4172 Dato
951 4131 990 4172 x
1020 4118 1300 4173 Kalendas
1327 4120 1502 4183 Junii,
1538 4124 1591 4173 et
1623 4123 1841 4189 accepta
1868 4119 2069 4174 Kalen-

428 4206 529 4262 das
568 4208 849 4273 Octobris;
886 4208 1055 4261 missa
1082 4209 1251 4263 Roma
1286 4209 1734 4277 Hierosolymam,
1762 4222 1889 4279 quae
1918 4209 2073 4265 sicut

432 4294 493 4352 in
520 4294 680 4351 nulla
708 4294 953 4350 aliarum
982 4295 1209 4350 Damasi
1240 4296 1615 4365 epistolarum
1649 4298 1953 4368 reperitur,
1990 4297 2070 4352 ita
2100 4282 2153 4342 D

432 4383 503 4439 ab
551 4382 653 4438 illo
684 4381 962 4439 fabricata
1007 4388 1111 4453 est,
1163 4384 1265 4455 qui
1299 4384 1580 4456 integram
1608 4386 1912 4457 epistolam
1954 4388 2073 4444 Da-

434 4484 592 4529 maso
615 4472 938 4543 supposuit.

502 4559 557 4617 9.
603 4561 786 4633 Atque
812 4561 931 4618 haec
959 4562 1190 4633 quidem
1240 4563 1525 4622 sufficient
1566 4564 1638 4622 de
1676 4565 2076 4635 suppositione

431 4648 832 4720 epistolarum.
882 4652 1044 4706 Nunc
1092 4650 1277 4708 solum
1322 4654 1749 4709 monstrandum
1788 4659 1875 4709 est
1915 4654 2079 4709 anti-

435 4738 693 4809 quiorem
717 4738 1046 4811 Catalogum
1083 4753 1151 4796 ne
1183 4740 1413 4811 quidem
1437 4743 1677 4799 Damaso
1705 4742 2075 4799 tribuendum

431 4839 574 4897 esse,
594 4827 731 4884 licet
757 4828 1013 4899 epistolae
1051 4829 1168 4885 illa)
1192 4844 1472 4901 germana:
1494 4838 1701 4888 essent.
1733 4832 1893 4902 Quod
1918 4832 2077 4889 facili

436 4917 664 4987 negotio
715 4918 1137 4990 comprobatur,
1189 4920 1241 4976 si
1297 4922 1639 4991 perpendere
1687 4923 1933 4979 velimus
1976 4923 2079 4979 illa

432 5004 637 5071 quaain
668 5006 848 5073 priori
867 5007 1110 5077 epistola
1137 5009 1281 5079 petit
1299 5010 1697 5082 Hieronymus,
1728 5018 1783 5067 et
1806 5012 1864 5067 in
1897 5017 2080 5082 poste-

433 5088 575 5144 riori
608 5094 906 5160 respondet
935 5096 1212 5155 Damasus
1244 5111 1406 5168 papa.
1434 5099 1583 5155 Petit
1606 5099 1756 5154 enim
1792 5101 1856 5154 D.
1885 5100 2078 5158 Hiero-

433 5188 637 5247 nymus
663 5182 727 5233 ut
765 5184 1233 5243 transmittantur
1254 5188 1431 5245 Actus
1454 5190 1743 5256 gestorum
1775 5201 1807 5243 a
1832 5189 1888 5244 B.
1921 5190 2073 5253 Petri

426 5265 674 5335 apostoli
701 5266 1034 5336 principatu
1059 5286 1243 5343 usque
1265 5272 1337 5328 ad
1358 5286 1464 5331 sua
1485 5279 1759 5344 tempora,
1788 5282 2073 5348 quatenus

428 5360 698 5421 agnoscat
717 5353 852 5425 quis
873 5359 1147 5413 meruerit
1163 5360 1233 5415 de
1252 5359 1541 5430 episcopis
1558 5363 1902 5433 supradicta
1919 5366 2076 5427 sedis

435 5443 704 5511 martyrio
733 5445 1036 5516 ,coronari,
1067 5445 1153 5507 vel
1176 5447 1229 5505 si
1262 5448 1394 5517 quis
1427 5456 1625 5515 contra
1655 5467 1900 5519 canones
1929 5466 2074 5526 apo-
