4060 6176
282 211 381 270 484

1000 208 1407 265 SCHELESTR.
1449 208 1745 264 DISSERT.
1789 208 1879 263 DE
1917 208 2144 277 ANTIQ.
2187 207 2351 263 ROM.
2395 204 2593 260 PONT.
2634 207 2967 264 CATALOG.

3590 210 3695 269 482

276 337 407 392 dice
448 332 783 389 bibliotheca
815 331 1123 389 Christinae
1158 332 1467 388 Suecorum
1507 331 1718 402 reginae
1756 329 1929 400 primi
1955 331 2015 391 Α
2114 326 2168 384 3.
2199 331 2391 399 Neque
2422 329 2515 385 his
2538 328 2763 386 obstare
2790 328 2956 385 debet
2986 331 3137 400 quod
3166 330 3226 385 in
3256 331 3452 386 codice
3479 330 3693 402 regina:

278 425 497 480 nostris
519 422 876 493 temporibus
897 419 1633 491 publicaruntGodefridus
1658 422 1932 475 iiensche-
2040 418 2255 473 Suecim
2284 425 2406 487 post
2427 417 2667 472 Felicem
2696 419 2765 473 IV
2794 418 3079 473 addantur
3102 418 3350 473 aliorum
3383 418 3686 475 duodecim

276 514 415 570 nius
462 520 517 568 et
558 512 763 567 Daniel
808 510 1235 580 Papebrochius
1277 511 1336 565 in
1386 509 1802 580 prolegomenis
1856 510 1926 565 ad

275 608 493 658 tomum
521 603 544 655 Ι
563 600 807 669 Aprilis,
833 613 902 654 ex
919 598 1139 669 quibus
1158 604 1213 655 et
1233 612 1335 669 ego
1357 599 1415 654 in
1440 598 1625 668 prima
1645 597 1929 669 Antiqui-

276 691 414 745 tatis
460 688 769 743 illustrata:
814 687 1072 743 editione
1117 700 1266 742 anno
1305 683 1465 765 i678,
1514 692 1727 755 partem
1762 685 1926 741 illius

276 790 458 848 usque
473 776 543 831 ad
564 776 916 846 Sylvestrum
932 775 1124 849 eadem
1150 774 1257 830 ﬁde
1277 774 1581 843 descripsi,
1609 788 1719 844 qua
1733 773 1923 843 ipsum

271 865 587 922 clarissimi
615 865 730 920 viri
760 865 820 919 in
850 864 1034 920 lucem
1058 863 1384 920 emiserant.
1423 862 1529 918 Ubi
1576 869 1764 918 autem
1804 863 1924 917 Ro-

269 968 420 1009 mam
452 953 860 1024 pervenissem,
879 959 935 1008 et
954 951 1264 1008 nonnullos
1286 965 1508 1008 errores
1527 951 1585 1006 in
1608 951 1920 1007 editionem

266 1043 581 1112 irrepsisse
610 1042 945 1111 suspicatus
969 1055 1170 1111 essem,
1206 1054 1238 1096 a
1261 1041 1693 1111 sapientissima
1724 1040 1921 1111 regina

262 1129 601 1185 facultatem
628 1129 861 1185 videndi
893 1129 1147 1184 codicem
1174 1133 1379 1184 etcum
1405 1129 1562 1184 edito
1588 1127 1918 1183 conferendi

262 1219 436 1291 petii,
470 1218 624 1288 quod
655 1231 758 1287 pro
779 1232 887 1272 suo
906 1231 1039 1287 erga
1059 1230 1147 1273 me
1171 1216 1565 1272 benevolentia
1581 1214 1751 1271 facile
1775 1230 1921 1273 con-

258 1308 464 1364 cessit.
522 1307 789 1363 Codicem
840 1306 1034 1376 itaque
1078 1320 1183 1361 ms.
1231 1319 1400 1376 penes
1451 1319 1537 1361 me
1586 1305 1760 1360 habui
1822 1319 1920 1375 per

259 1410 493 1453 menses
535 1396 839 1465 plurimos,
879 1400 934 1450 et
979 1393 1292 1466 diligenter
1331 1394 1661 1465 Catalogum
1706 1394 1777 1448 de
1806 1407 1919 1464 quo

256 1485 495 1556 agimus
536 1498 667 1538 cum
725 1483 880 1538 edito
935 1484 1178 1553 contuli,
1236 1489 1292 1538 et
1332 1488 1614 1553 quantum
1667 1482 1817 1537 inter
1857 1494 1918 1537 se

252 1571 1076 1642 discreparentanimadverti.
1126 1573 1246 1627 Non
1271 1570 1456 1626 solum
1476 1570 1629 1627 enim
1647 1562 1919 1640 pleraque

254 1660 431 1716 verba
493 1660 554 1715 in
590 1660 750 1715 edito
796 1660 1009 1716 omissa
1047 1665 1204 1729 sunt,
1246 1673 1371 1729 quae
1411 1660 1472 1715 in
1521 1659 1914 1728 manuscripto
1946 1650 2000 1711 Β

252 1750 657 1820 reperiuntur,
683 1749 780 1804 sed
805 1748 1073 1805 nonnulli
1098 1761 1328 1819 quoque
1357 1747 1655 1818 pontiﬁces
1688 1760 1916 1818 praepo-

251 1846 412 1895 stero
447 1839 656 1894 ordine
697 1839 754 1892 in
788 1838 943 1894 edito
969 1836 1338 1906 exhibentur,
1364 1851 1487 1906 quae
1519 1842 1668 1891 recte
1699 1836 1759 1892 in
1786 1850 1914 1892 ma-

252 1929 564 1997 nuscripto
590 1927 879 1998 leguntur.
914 1926 1106 1982 Fidem
1131 1926 1268 1982 huic
1290 1926 1372 1981 rei
1398 1924 1537 1982 facit
1557 1926 1697 1982 ordo
1729 1926 1914 1996 quin-

252 2030 367 2087 que
392 2017 713 2086 primorum
736 2016 1093 2086 pontiﬁcum,
1119 2028 1233 2085 quo
1256 2015 1315 2070 in
1344 2016 1450 2071 hoc
1474 2015 1743 2086 Catalogo
1768 2014 1910 2070 editi

249 2110 394 2161 sunt
413 2106 487 2160 ad
512 2111 728 2161 tomum
753 2106 1002 2175 primum
1022 2104 1263 2175 Aprilis.
1292 2104 1374 2159 Ibi
1397 2104 1551 2159 enim
1574 2104 1759 2173 primo
1786 2103 1911 2159 loco

246 2195 482 2265 Petrus,
515 2194 771 2250 secundo
800 2194 1001 2263 Linus,
1031 2193 1205 2249 tertio
1228 2193 1506 2263 Clemens,
1540 2198 1745 2262 quarto
1778 2191 1911 2247 Cle—

248 2290 365 2351 tus,
401 2288 459 2338 et
489 2283 700 2353 quinto
743 2282 1049 2338 Anacletus
1080 2287 1424 2350 recensetur,
1456 2294 1586 2337 cum
1617 2286 1803 2337 tamen
1848 2282 1907 2336 in

245 2372 657 2441 manuscripto
696 2372 895 2427 codice
935 2372 1145 2443 reginae
1192 2370 1426 2441 Suecize,
1475 2370 1576 2441 qui
1612 2375 1739 2440 post
1784 2371 1909 2439 ejus

247 2466 497 2517 mortem
536 2473 671 2516 cum
697 2461 920 2516 caeteris
958 2459 1319 2516 bibliotheca:
1349 2472 1467 2514 suae
1498 2459 1909 2529 manuscriptis

243 2551 301 2606 in
340 2549 687 2605 Vaticanam
715 2550 1003 2621 migravit,
1022 2561 1287 2619 expresse
1309 2547 1587 2606 habeatur
1600 2549 1738 2604 ordo
1761 2561 1912 2618 pon-

244 2640 507 2708 tiﬁcum,
541 2644 609 2694 ut
637 2638 903 2709 sequitur
931 2657 942 2692 :
979 2635 1029 2692 4.
1064 2639 1286 2707 Petrus,
1315 2634 1371 2693 2.
1397 2638 1594 2706 Linus,
1618 2635 1672 2693 3.
1694 2636 1907 2708 Cletus,

242 2726 295 2783 4.
344 2728 635 2797 Clemens,
678 2725 736 2783 5.
774 2727 1102 2783 Anacletus.
1145 2726 1269 2796 Quo
1318 2726 1492 2785 etiam
1550 2726 1753 2782 ordine
1793 2727 1914 2782 Ro-

246 2830 423 2873 mana
463 2816 720 2873 Ecclesia
766 2816 1064 2886 pontiﬁces
1110 2815 1245 2872 illos
1294 2821 1546 2871 recenset
1589 2815 1648 2869 in
1691 2814 1915 2871 Canone

244 2907 466 2974 Missae,
526 2906 664 2961 dum
716 2905 981 2961 meminit
1021 2906 1169 2968 Lini,
1222 2904 1377 2968 Cleti,
1435 2904 1739 2959 Clementis.
1805 2903 1912 2959 Ubi

2040 507 2373 579 pontiﬁcum
2390 508 2619 564 nomina
2633 508 2758 563 sine
2772 507 3082 563 ullisActis
3095 508 3259 564 modo
3273 510 3683 579 quosequitur.

2105 593 2194 652 57.
2236 595 2566 652 Bonifacius
2591 596 2891 652 seditann.
2916 594 2974 667 2,
2994 597 3121 652 dies
3148 594 3238 652 25.

2104 682 2194 740 58.
2234 686 2475 739 Joannes
2503 685 2801 739 seditann.
2832 682 2885 751 2,
2917 699 3136 741 menses
3159 681 3212 755 3,
3236 685 3361 740 dies
3376 682 3469 740 25.

2101 770 2172 827 59
2210 768 2368 827 Felix
2397 772 2547 827 sedit
2579 786 2711 827 ann.
2743 769 2793 843 4,
2825 786 3044 828 menses
3076 770 3131 843 2,
3154 773 3281 827 dies
3306 769 3390 827 42.

2102 859 2190 916 60.
2232 859 2561 916 Bonifacius
2582 862 2732 917 sedit
2758 875 2888 917 ann.
2921 859 2975 931 2,
2998 861 3124 917 dies
3142 859 3231 917 27.

2101 946 2188 1003 64.
2229 950 2471 1005 Joannes
2500 950 2650 1004 sedit
2668 963 2762 1008 an.
2788 948 2841 1022 2,
2872 964 3090 1006 menses
3109 949 3163 1020 3,
3182 952 3308 1007 dies
3330 948 3382 1006 5.

2100 1036 2189 1093 62.
2229 1038 2509 1109 Agapitus
2528 1039 2677 1094 sedit
2707 1053 2928 1095 menses
2952 1037 3036 1105 44,
3059 1039 3186 1095 dies
3210 1036 3295 1095 47.

2099 1125 2186 1182 63.
2227 1127 2507 1183 Silverius
2537 1128 2687 1184 sedit
2708 1142 2842 1184 ann.
2870 1126 2920 1198 4,
2952 1143 3169 1185 menses
3196 1128 3250 1200 5,
3269 1130 3396 1185 dies
3419 1126 3505 1184 44.

2099 1213 2186 1270 64.
2230 1215 2481 1287 Vigilius
2505 1217 2655 1273 sedit
2674 1230 2807 1273 ann.
2839 1213 2924 1288 46,
2954 1232 3174 1273 menses
3193 1216 3245 1286 6,
3272 1218 3399 1274 dies
3422 1215 3513 1274 25.

2099 1302 2188 1359 6'55.
2229 1304 2494 1377 Pelagius
2522 1306 2671 1361 sedit
2701 1318 2831 1361 ann.
2862 1303 2913 1375 4,
2938 1320 3158 1362 menses
3190 1304 3276 1378 40,
3298 1306 3425 1362 dies
3438 1304 3530 1362 28.

2100 1390 2186 1447 66.
2228 1394 2471 1448 Joannes
2487 1395 2639 1449 sedit
2661 1408 2794 1453 ann.
2827 1391 2916 1462 42,
2944 1409 3120 1452 mens.
3152 1393 3237 1465 44,
3257 1395 3383 1452 dies
3405 1394 3496 1452 26.

2098 1477 2186 1536 67.
2226 1482 2564 1538 Benedictus
2584 1483 2884 1540 seditann.
2910 1481 2962 1539 4.

2097 1567 2184 1625 68.
2228 1571 2493 1643 Pelagius
2509 1573 2658 1629 sedit
2680 1587 2813 1629 ann.
2843 1571 2929 1645 40,
2950 1587 3127 1630 mens.
3152 1572 3207 1640 2,
3234 1571 3458 1632 diesiO.

2096 1658 2146 1711 A
2164 1660 2227 1712 Β.
2250 1661 2407 1714 Petro
2424 1677 2595 1730 usque
2613 1678 2758 1717 nunc
2790 1666 2932 1732 ﬁunt
2965 1665 3102 1717 anni
3126 1660 3231 1718 444
3254 1668 3305 1718 et
3322 1679 3528 1719 menses
3556 1679 3671 1729 sex,

2024 1753 2238 1816 accepto
2264 1750 2549 1812 intervallo
2566 1753 2939 1820 pontiﬁcatus.

2092 1838 2231 1891 Nam
2246 1836 2316 1891 ab
2332 1838 2597 1907 imperita
2611 1839 2775 1908 plane
2791 1841 3239 1910 manuadjuncta
3253 1846 3390 1899 sunt
3402 1846 3677 1911 posttem-

2025 1937 2162 1993 pora
2183 1925 2497 1980 Iustiniani
2539 1927 2921 1996 imperatoris.
2955 1943 3080 1984 cum
3122 1944 3222 1984 nec
3264 1930 3400 1985 anni
3429 1943 3672 2000 respon-

2021 2013 2488 2086 deantCatalogo,
2505 2029 2686 2086 neque
2704 2017 3038 2086 pontificum
3056 2018 3195 2074 ordo
3219 2018 3276 2073 in
3296 2018 3400 2073 hac
3415 2018 3670 2090 Catalogi

2019 2102 2332 2171 appendice
2344 2102 2692 2159 observetur.
2710 2106 2942 2160 Utenim
2954 2106 3024 2160 ab
3037 2106 3244 2162 ultimo
3258 2106 3532 2175 incipiam
3548 2125 3560 2161 :
3580 2106 3675 2161 hic

2022 2194 2136 2245 tres
2149 2191 2446 2260 pontiﬁces
2456 2192 2632 2261 Felix,
2648 2192 2979 2250 Bonifacius
2989 2196 3297 2250 etJoannes
3311 2196 3369 2250 in
3383 2208 3480 2250 sex
3494 2195 3678 2265 ponti-

2020 2277 2153 2334 ﬁces
2172 2280 2535 2352 dividuntur,
2565 2284 2826 2352 repetitis
2846 2283 3102 2353 ipsorum
3126 2284 3479 2355 nominibus,
3506 2289 3570 2340 ut
3589 2284 3676 2341 vel

2018 2379 2087 2421 ex
2102 2380 2168 2422 eo
2181 2372 2331 2437 patet
2348 2370 2497 2439 quod
2516 2370 2666 2426 inter
2684 2371 2927 2427 Felicem
2950 2374 3039 2440 IV,
3065 2373 3125 2428 in
3149 2386 3262 2444 quo
3285 2372 3677 2430 desinitCata-

2020 2455 2203 2527 logus,
2229 2463 2286 2512 et
2311 2458 2640 2530 Silverium,
2673 2475 2843 2531 quem
2864 2462 3173 2531 septimum
3193 2476 3228 2519 a
3250 2462 3437 2519 Felice
3465 2469 3671 2535 quarto

2020 2550 2275 2601 recenset
2325 2549 2631 2619 appendix,
2673 2555 2895 2605 tantum
2943 2556 3059 2606 tres
3097 2551 3395 2620 pontiﬁces
3436 2550 3674 2608 Bonifa—

2020 2632 2149 2689 cius
2169 2637 2236 2700 ΙΙ,
2258 2636 2500 2691 Joannes
2539 2638 2826 2694 secundus
2861 2642 2919 2694 et
2953 2638 3233 2711 Agapitus
3277 2639 3339 2695 in
3370 2653 3501 2696 vera
3522 2654 3672 2712 pon-

2024 2720 2244 2778 tiﬁcum
2298 2725 2447 2781 serie
2491 2728 2871 2796 reperiantur.
2942 2728 3284 2784 Redundant
3319 2728 3501 2800 igitur
3557 2735 3673 2786 tres

2026 2812 2394 2879 pontiﬁcatus
2416 2814 2477 2869 in
2497 2816 2829 2887 appendice,
2853 2830 3047 2872 errore
3072 2816 3238 2886 plane
3265 2817 3668 2889 inexcusabili,

2025 2901 2118 2955 cui
2138 2903 2364 2958 accedit
2386 2917 2622 2960 erronea
2648 2910 2964 2975 temporum
3005 2913 3157 2977 nota,
3186 2907 3256 2963 de
3289 2920 3402 2977 qua
3422 2908 3673 2964 secundo

243 2995 447 3051 Cletus
481 2994 706 3050 medius
747 2995 985 3064 ponitur
1017 2995 1167 3049 inter
1209 2994 1416 3050 Linum
1463 2997 1520 3049 et
1542 2992 1909 3052 Clementem,
1943 2983 1991 3045 C
2025 2988 2150 3045 loco
2177 2991 2483 3049 dicendum
2513 2995 2892 3065 suscepimus.
2913 2996 3056 3051 Nota
3079 2995 3232 3051 enim
3261 2996 3362 3052 illa
3383 2996 3674 3068 signiﬁcat

246 3098 363 3139 non
393 3097 528 3139 vero
554 3088 683 3153 post
706 3082 1051 3139 Clementem
1071 3082 1405 3139 collocatur.

314 3171 375 3228 2.
427 3173 616 3242 Atque
660 3186 731 3228 ex
771 3172 874 3228 hac
919 3173 1173 3245 Catalogi
1220 3172 1615 3228 emendatione
1669 3170 1906 3228 refutari

249 3268 435 3331 potest
460 3261 746 3317 Henricus
774 3261 1118 3329 Dodwellus,
1147 3261 1334 3332 quiin
1355 3261 1762 3318 dissertatione
1776 3261 1912 3317 sin-

250 3350 445 3421 gulari
486 3351 560 3406 de
603 3350 764 3406 Rom.
815 3350 1151 3419 pontiﬁcum
1207 3351 1473 3420 primaeva
1520 3350 1905 3420 successione,

250 3454 297 3494 c.
331 3436 389 3508 9,
432 3438 468 3509 §
498 3437 555 3509 4,
586 3439 966 3510 conqueritur
995 3440 1066 3495 ab
1089 3445 1323 3495 auctore
1350 3439 1604 3511 Catalogi
1646 3440 1906 3495 ordinem

254 3530 625 3584 immutatum
670 3542 794 3584 esse
825 3528 1308 3600 praepositumque
1337 3529 1595 3600 genuino
1630 3528 1905 3584 Clementi

251 3615 473 3673 Cletum
502 3616 948 3686 supposititium
985 3617 1057 3672 ab
1098 3617 1174 3673 iis
1205 3617 1305 3690 qui
1335 3622 1624 3675 auctorem
1666 3617 1905 3673 secundi

250 3704 509 3777 Catalogi
546 3705 840 3762 subsecuti
886 3712 1023 3762 sunt
1054 3725 1067 3761 :
1102 3707 1159 3762 id
1200 3708 1355 3763 enim
1402 3707 1607 3764 falsum
1630 3721 1754 3763 esse
1787 3709 1902 3778 jam

254 3794 618 3851 ostendimus
662 3808 732 3850 ex
767 3796 891 3864 ipso
938 3797 1137 3851 codice
1181 3797 1593 3867 manuscripto,
1635 3811 1803 3867 quem
1845 3798 1903 3852 in

252 3882 608 3939 bibliotheca
628 3884 1015 3939 Alexandrina
1033 3884 1326 3957 habemus,
1345 3891 1400 3942 et
1414 3886 1731 3957 unicuique
1753 3900 1910 3943 mon-

252 3979 436 4029 strare
464 3987 792 4041 possumus.
818 3974 1034 4030 Auctor
1048 3974 1202 4030 enim
1225 3975 1400 4045 hujus
1419 3976 1672 4048 CataIOgi
1686 3976 1904 4033 Cletum

250 4061 529 4117 Clementi
547 4063 878 4134 praeposuit,
887 4064 1008 4134 jam
1025 4064 1199 4120 indea
1211 4064 1419 4120 Felicis
1438 4066 1506 4121 IV
1528 4065 1904 4136 temporibus,

253 4149 359 4205 sub
390 4149 613 4221 quibus
646 4151 838 4221 ipsum
878 4152 1184 4223 scripsisse
1210 4153 1535 4210 Dodwellus
1572 4154 1783 4211 fatetur
1814 4156 1906 4210 his

248 4238 444 4294 verbis
469 4258 482 4293 :
515 4259 543 4289 α
566 4239 730 4296 Anno
759 4241 915 4296 enim
943 4239 1050 4297 530
1080 4243 1396 4299 secundum
1422 4243 1753 4316 Catalogum
1776 4245 1904 4301 col—

2020 3091 2054 3134 a
2081 3079 2142 3132 B.
2169 3080 2333 3136 Petro
2366 3096 2547 3152 usque
2569 3084 2639 3139 ad
2676 3084 3071 3154 pontiﬁcatum
3112 3085 3326 3157 Pelagii
3361 3087 3429 3154 II,
3455 3084 3672 3156 absque

2019 3170 2269 3233 tempore
2316 3170 2470 3225 sedis
2499 3172 2775 3239 vacantis,
2808 3173 3099 3228 numerari
3140 3169 3244 3228 444
3282 3187 3483 3246 annos,
3516 3174 3666 3245 quod

2016 3255 2137 3310 sive
2164 3268 2197 3310 a
2223 3257 2511 3329 principio
2542 3260 2912 3329 pontiﬁcatus
2935 3261 3107 3327 Petri,
3140 3263 3260 3317 sive
3304 3276 3337 3317 a
3362 3263 3473 3318 ﬁne
3504 3263 3668 3318 illius

2017 3368 2232 3425 sumas,
2266 3368 2298 3407 a
2314 3365 2444 3407 vera
2461 3349 2834 3421 chronologia
2857 3351 3067 3405 mirum
3088 3350 3149 3405 in
3168 3352 3398 3407 modum
3413 3352 3659 3408 aberrat.

2019 3442 2284 3514 Pelagius
2327 3440 2480 3495 enim
2524 3439 2810 3495 secundus
2860 3437 3256 3507 pontiﬁcatum
3305 3440 3486 3507 gessit
3534 3448 3667 3497 ante

2017 3531 2357 3602 Gregorium
2394 3531 2660 3598 Magnum
2688 3528 2757 3581 ad
2787 3526 2953 3580 ﬁnem
2987 3525 3133 3579 sexti
3177 3526 3396 3594 saeculi,
3434 3529 3576 3584 adeo
3601 3535 3667 3585 ut

2019 3621 2149 3692 plus
2170 3632 2340 3689 quam
2370 3616 2664 3687 sexaginta
2694 3614 2830 3669 anni
2855 3614 2916 3668 in
2945 3618 3212 3683 computo
3242 3616 3661 3674 desiderentur.

2016 3712 2139 3765 Non
2161 3709 2345 3765 solum
2377 3706 2529 3760 enim
2558 3716 2591 3758 a
2619 3704 2783 3759 Petro
2824 3716 3006 3774 usque
3046 3703 3116 3759 ad
3146 3710 3370 3775 tempus
3400 3721 3514 3777 quo
3555 3721 3666 3778 ap-

2018 3798 2229 3870 pendix
2255 3795 2354 3851 illa
2385 3792 2709 3863 conscripta
2751 3798 2839 3848 est
2882 3792 3019 3848 anni
3062 3790 3185 3861 444,
3234 3795 3329 3850 sed
3369 3797 3596 3854 etiamsi
3631 3815 3662 3857 a

2016 3888 2170 3944 Petri
2213 3899 2469 3953 excessu,
2512 3883 2613 3953 qui
2654 3894 2806 3939 anno
2834 3895 2958 3937 aera:
3000 3883 3258 3955 vulgaris
3286 3884 3358 3941 68
3395 3888 3660 3961 contigit,

2019 3978 2315 4049 pontiﬁces
2344 3979 2739 4044 computemus
2761 3971 2919 4037 ,anni
2945 3970 3052 4027 522
3085 3988 3267 4045 usque
3307 3976 3377 4031 ad
3397 3977 3662 4050 Gregorii

2017 4067 2434 4142 pontiﬁcatum,
2485 4062 2586 4133 qui
2633 4074 2783 4116 anno
2820 4058 2925 4117 590
2966 4063 3160 4132 coepit,
3190 4062 3597 4138 intercedunt;
3629 4082 3662 4123 a

2017 4156 2231 4229 quibus
2263 4155 2886 4220 detractodemporum
2934 4151 3236 4207 intervallo
3265 4152 3386 4208 sedi
3439 4157 3660 4212 vacanti

2018 4244 2342 4311 tribuendo,
2376 4254 2596 4311 semper
2644 4239 2897 4296 manebit
2931 4239 3081 4296 ultra
3112 4241 3457 4314 quingentos
3479 4258 3662 4301 annos

252 4326 393 4398 legit
416 4333 624 4384 auctor
654 4329 910 4385 incertus
939 4330 1047 4385 sub
1069 4330 1398 4387 Justiniano
1414 4332 1483 4387 ad
1507 4332 1672 4388 finem
1696 4333 1903 4390 Felicis
1930 4317 1986 4379 D
2021 4338 2170 4392 inter
2197 4332 2347 4388 Petri
2378 4337 2434 4387 et
2466 4328 2679 4401 Pelagii
2725 4329 2963 4385 secundi
2996 4336 3257 4400 tempora
3289 4332 3657 4393 intercedere.

251 4417 469 4485 quarti.
496 4434 522 4466 »
554 4417 823 4474 Concinit
856 4420 1199 4474 Pearsonius
1222 4420 1516 4477 dissertat.
1548 4436 1563 4476 ι
1589 4422 1907 4479 desucces-

250 4505 417 4561 sione
445 4505 761 4575 primorum
784 4508 972 4563 Romae
1002 4508 1359 4577 pontiﬁcum,
1382 4523 1507 4579 cap.
1535 4508 1628 4581 42,
1658 4526 1814 4568 num.
1846 4512 1901 4569 6.

252 4594 357 4649 Ubi
389 4594 724 4666 Catalogum
753 4595 918 4651 illum
940 4603 1089 4652 sexto
1110 4599 1303 4652 seculo
1318 4603 1604 4654 emaratum
1618 4616 1730 4655 esse
1754 4604 1905 4672 affir-

248 4688 382 4737 mat.
411 4683 482 4737 Et
522 4689 655 4738 ante
702 4684 1071 4741 Pearsonium
1114 4686 1227 4741 viri
1272 4685 1583 4742 clarissimi
1620 4689 1907 4759 Papebro—

250 4771 445 4840 chius,
490 4777 549 4827 et
586 4772 999 4843 Henscbenius,
1033 4775 1134 4845 qui
1162 4780 1294 4831 ante
1342 4776 1680 4846 prooemium
1731 4779 1906 4849 hujus

250 4858 506 4930 Catalogi
542 4865 761 4929 notant,
807 4865 1041 4930 tempore
1069 4865 1374 4918 Iustiniani
1396 4865 1739 4932 imperatoris
1768 4884 1904 4923 con-

252 4949 517 5018 scriptum
550 4964 683 5002 esse.
714 4949 836 5018 Qua
872 4950 1101 5021 quidem
1128 4952 1187 5007 in
1216 4965 1276 5007 re
1300 4952 1444 5007 viris
1477 4953 1725 5010 eruditis
1760 4971 1906 5012 con-

252 5037 461 5103 sentio,
496 5048 630 5092 cum
659 5051 729 5092 ex
746 5038 1002 5111 Catalogi
1038 5040 1163 5109 ipso
1189 5041 1526 5110 deducatur,
1551 5042 1659 5099 sub
1677 5044 1905 5102 Justino

252 5129 309 5177 et
329 5124 684 5195 Justiniano,
720 5140 964 5196 quorum
1010 5128 1367 5201 temporibus
1393 5130 1559 5193 illum
1582 5133 1907 5202 promiscue

257 5211 314 5273 in
336 5212 442 5270 hos
457 5226 631 5284 opere
649 5215 1020 5287 ascribimns,
1049 5216 1231 5275 fuisse
1263 5219 1669 5279 concinnatum
1698 5238 1711 5275 :
1737 5221 1905 5291 ﬁnem

256 5313 501 5373 namque
528 5300 672 5367 facit
712 5304 772 5358 in
799 5305 984 5363 Felice
1021 5313 1249 5378 quarto,
1288 5308 1391 5380 qui
1423 5309 1729 5369 consulatu
1760 5309 1909 5366 Ore—

255 5391 384 5452 stis,
435 5404 592 5453 anno
643 5392 1010 5463 imperatoris
1048 5396 1368 5459 Justiniani
1413 5403 1638 5468 quarto,
1684 5404 1740 5455 et
1780 5412 1908 5455 πιθα)

254 5480 511 5552 vulgaris
536 5478 669 5551 530,
684 5480 855 5541 obiit.

2086 4420 2139 4478 4.
2179 4424 2372 4491 Neque
2404 4419 2614 4474 mirum
2655 4418 2928 4488 cuiquam
2970 4418 3154 4475 videri
3202 4420 3369 4477 debet
3411 4425 3559 4495 quod
3599 4426 3656 4482 in

2014 4505 2327 4584 appendice
2353 4510 2527 4579 hujus
2554 4507 2807 4578 Catalogi
2839 4514 2951 4563 tam
2974 4507 3110 4564 foedi
3136 4523 3358 4566 errores
3378 4514 3661 4583 reperian-

2014 4612 2128 4661 tur.
2157 4601 2343 4657 Codex
2384 4598 2537 4655 enim
2571 4597 2779 4668 reginae
2806 4598 3042 4668 Sueciae,
3073 4612 3143 4654 ex
3180 4614 3292 4669 quo
3328 4602 3653 4675 Catalogum

2015 4693 2166 4763 typis
2194 4690 2441 4758 edimus,
2464 4700 2575 4743 non
2607 4685 2863 4741 continet
2896 4686 3057 4755 ipsus
3098 4688 3351 4760 Catalogi
3383 4694 3660 4763 autogra—

2016 4782 2214 4851 phum,
2243 4779 2337 4834 sed
2362 4780 2786 4845 transumptum
2810 4780 2941 4830 ante
2970 4776 3136 4845 plura
3160 4778 3368 4833 saecula
3396 4780 3661 4837 conseri-.-

2017 4875 2196 4939 ptum.
2227 4867 2412 4921 Codex
2439 4865 2592 4920 enim
2617 4864 2674 4919 in
2709 4878 2821 4934 quo
2846 4864 3174 4920 continetur
3214 4865 3308 4921 hic
3330 4866 3655 4939 Catalogus,

2012 4956 2268 5014 continet
2307 4968 2431 5024 pag.
2469 4951 2519 5021 4,
2553 4952 2719 5007 breve
2752 4953 3076 5013 Chronicon
3107 4952 3178 5009 ab
3208 4966 3358 5009 anno
3386 4952 3514 5027 845,
3542 4971 3658 5029 quo

2011 5045 2249 5102 Carolus
2290 5045 2528 5113 Magnus
2575 5045 2837 5095 mortuus
2883 5047 2987 5110 est,
3046 5045 3103 5096 et
3162 5041 3484 5111 Ludovicus
3535 5048 3662 5117 ejus

2014 5136 2171 5195 ﬁlius
2200 5131 2505 5205 imperium
2525 5129 2858 5201 assumpsit,
2879 5143 3060 5200 usque
3083 5130 3150 5189 ad
3171 5145 3387 5193 annum
3428 5136 3662 5203 mium-

2015 5239 2191 5294 mum,
2220 5236 2333 5294 quo
2356 5222 2768 5291 consequenter
2794 5218 2945 5275 hunc
2974 5220 3227 5281 codicem
3270 5225 3658 5301 conecriptnm

2013 5313 2197 5371 fuisse
2224 5312 2492 5380 dicerem,
2536 5307 2652 5365 nisi
2683 5307 2753 5363 ab
2780 5321 2930 5365 anno
2977 5305 3084 5369 948
3114 5325 3296 5382 usque
3332 5312 3401 5375 ad
3447 5325 3661 5381 annum

2016 5400 2154 5461 4000
2165 5400 2276 5458 soli
2292 5399 2429 5455 anni
2451 5398 2727 5467 descripti
2743 5402 2951 5468 essent,
2965 5400 3084 5455 etsi
3100 5400 3242 5470 quid
3268 5401 3347 5455 rei
3370 5405 3625 5471 gest
3639 5434 3663 5463 τ

1906 5532 1909 5535 ,
2014 5496 2262 5558 notetur,
2298 5487 2487 5545 aliena
2512 5499 2680 5543 manu
2711 5486 3132 5556 adjectumesse
3151 5487 3433 5560 videntum
3456 5505 3527 5551 ex
3553 5506 3668 5563 qna
3758 5560 3774 5577 .
