  <div class='ocr_page' id='page_1' title='image "/cluster/home/n/w/nwhite01/storage/ocr_20150623/127/hvd.32044054759881/097.png"; bbox 0 0 4048 6168; ppageno 0'>
   <div class='ocr_carea' id='block_1_1' title="bbox 392 252 494 310">
    <p class='ocr_par' dir='ltr' id='par_1_1' title="bbox 392 252 494 310">
     <span class='ocr_line' id='line_1_1' title="bbox 392 252 494 310; baseline 0.01 -1"><span class='ocrx_word' id='word_1_1' title='bbox 392 252 494 310; x_wconf 90' lang='grc'><strong>483</strong></span> 
     </span>
    </p>
   </div>
   <div class='ocr_carea' id='block_1_2' title="bbox 1164 257 3001 326">
    <p class='ocr_par' dir='ltr' id='par_1_2' title="bbox 1164 257 3001 326">
     <span class='ocr_line' id='line_1_2' title="bbox 1164 257 3001 326; baseline 0.007 -15"><span class='ocrx_word' id='word_1_2' title='bbox 1164 257 1261 312; x_wconf 92' lang='lat' dir='ltr'><strong>AD</strong></span> <span class='ocrx_word' id='word_1_3' title='bbox 1296 258 1727 314; x_wconf 82' lang='lat' dir='ltr'><strong>ANASTASIUM</strong></span> <span class='ocrx_word' id='word_1_4' title='bbox 1780 257 2291 317; x_wconf 84' lang='lat' dir='ltr'><strong>PROLEGOMENA</strong></span> <span class='ocrx_word' id='word_1_5' title='bbox 2338 265 2517 321; x_wconf 87' lang='lat' dir='ltr'><strong>EDIT.</strong></span> <span class='ocrx_word' id='word_1_6' title='bbox 2560 269 3001 326; x_wconf 81' lang='lat' dir='ltr'><strong>ROM.—VATIC.</strong></span> 
     </span>
    </p>
   </div>
   <div class='ocr_carea' id='block_1_3' title="bbox 3684 272 3784 330">
    <p class='ocr_par' dir='ltr' id='par_1_3' title="bbox 3684 272 3784 330">
     <span class='ocr_line' id='line_1_3' title="bbox 3684 272 3784 330; baseline 0.02 -3"><span class='ocrx_word' id='word_1_7' title='bbox 3684 272 3784 330; x_wconf 70' lang='grc'><strong>484</strong></span> 
     </span>
    </p>
   </div>
   <div class='ocr_carea' id='block_1_4' title="bbox 393 375 3781 465">
    <p class='ocr_par' dir='ltr' id='par_1_4' title="bbox 393 375 3781 465">
     <span class='ocr_line' id='line_1_4' title="bbox 393 375 3781 465; baseline 0.006 -34"><span class='ocrx_word' id='word_1_8' title='bbox 393 375 834 465; x_wconf 76' lang='lat' dir='ltr'><strong>conjicerelicet</strong></span> <span class='ocrx_word' id='word_1_9' title='bbox 865 377 1040 447; x_wconf 88' lang='lat' dir='ltr'><strong>hujus</strong></span> <span class='ocrx_word' id='word_1_10' title='bbox 1062 377 1335 436; x_wconf 89' lang='lat' dir='ltr'><strong>Chronici</strong></span> <span class='ocrx_word' id='word_1_11' title='bbox 1360 388 1647 437; x_wconf 77' lang='lat' dir='ltr'><strong>auctorem</strong></span> <span class='ocrx_word' id='word_1_12' title='bbox 1672 382 1884 437; x_wconf 84' lang='lat' dir='ltr'><strong>vixisse</strong></span> <span class='ocrx_word' id='word_1_13' title='bbox 1904 387 2037 437; x_wconf 90' lang='lat' dir='ltr'><strong>ante</strong></span> <span class='ocrx_word' id='word_1_14' title='bbox 2058 381 2115 440; x_wconf 83' lang='lat' dir='ltr'><strong>A</strong></span> <span class='ocrx_word' id='word_1_15' title='bbox 2145 390 2277 449; x_wconf 89' lang='lat' dir='ltr'><strong>ptus</strong></span> <span class='ocrx_word' id='word_1_16' title='bbox 2305 395 2389 443; x_wconf 90' lang='lat' dir='ltr'><strong>est</strong></span> <span class='ocrx_word' id='word_1_17' title='bbox 2410 390 2516 445; x_wconf 92' lang='lat' dir='ltr'><strong>sub</strong></span> <span class='ocrx_word' id='word_1_18' title='bbox 2550 392 2790 462; x_wconf 91' lang='lat' dir='ltr'><strong>imperio</strong></span> <span class='ocrx_word' id='word_1_19' title='bbox 2810 393 3001 449; x_wconf 87' lang='lat' dir='ltr'><strong>Karoli</strong></span> <span class='ocrx_word' id='word_1_20' title='bbox 3025 394 3095 447; x_wconf 85' lang='lat' dir='ltr'><strong>M.</strong></span> <span class='ocrx_word' id='word_1_21' title='bbox 3119 394 3423 465; x_wconf 88' lang='lat' dir='ltr'><strong>Catalogus</strong></span> <span class='ocrx_word' id='word_1_22' title='bbox 3448 394 3781 464; x_wconf 82' lang='lat' dir='ltr'><strong>pontiﬁcum</strong></span> 
     </span>
    </p>
   </div>
   <div class='ocr_carea' id='block_1_5' title="bbox 391 461 2033 541">
    <p class='ocr_par' dir='ltr' id='par_1_5' title="bbox 391 461 2033 541">
     <span class='ocr_line' id='line_1_5' title="bbox 391 461 2033 541; baseline 0.004 -24"><span class='ocrx_word' id='word_1_23' title='bbox 391 476 605 519; x_wconf 87' lang='lat' dir='ltr'><strong>annum</strong></span> <span class='ocrx_word' id='word_1_24' title='bbox 622 461 744 520; x_wconf 89' lang='grc'><strong>948.</strong></span> <span class='ocrx_word' id='word_1_25' title='bbox 769 465 963 523; x_wconf 81' lang='lat' dir='ltr'><strong>Solent</strong></span> <span class='ocrx_word' id='word_1_26' title='bbox 982 468 1135 523; x_wconf 88' lang='lat' dir='ltr'><strong>enim</strong></span> <span class='ocrx_word' id='word_1_27' title='bbox 1158 468 1344 540; x_wconf 87' lang='lat' dir='ltr'><strong>aliqui</strong></span> <span class='ocrx_word' id='word_1_28' title='bbox 1361 470 1781 541; x_wconf 83' lang='lat' dir='ltr'><strong>chronographi</strong></span> <span class='ocrx_word' id='word_1_29' title='bbox 1806 470 1866 525; x_wconf 91' lang='lat' dir='ltr'><strong>in</strong></span> <span class='ocrx_word' id='word_1_30' title='bbox 1895 485 2033 525; x_wconf 88' lang='lat' dir='ltr'><strong>mss.</strong></span> 
     </span>
    </p>
   </div>
   <div class='ocr_carea' id='block_1_6' title="bbox 392 551 2035 626">
    <p class='ocr_par' dir='ltr' id='par_1_6' title="bbox 392 551 2035 626">
     <span class='ocr_line' id='line_1_6' title="bbox 392 551 2035 626; baseline 0.004 -20"><span class='ocrx_word' id='word_1_31' title='bbox 392 551 694 609; x_wconf 87' lang='lat' dir='ltr'><strong>codicibus</strong></span> <span class='ocrx_word' id='word_1_32' title='bbox 717 566 899 611; x_wconf 91' lang='lat' dir='ltr'><strong>annos</strong></span> <span class='ocrx_word' id='word_1_33' title='bbox 919 556 1254 612; x_wconf 86' lang='lat' dir='ltr'><strong>continuata</strong></span> <span class='ocrx_word' id='word_1_34' title='bbox 1276 557 1423 613; x_wconf 88' lang='lat' dir='ltr'><strong>serie</strong></span> <span class='ocrx_word' id='word_1_35' title='bbox 1445 571 1667 626; x_wconf 91' lang='lat' dir='ltr'><strong>ponere.</strong></span> <span class='ocrx_word' id='word_1_36' title='bbox 1692 560 1863 613; x_wconf 89' lang='lat' dir='ltr'><strong>etiam</strong></span> <span class='ocrx_word' id='word_1_37' title='bbox 1902 557 2035 613; x_wconf 92' lang='lat' dir='ltr'><strong>illos</strong></span> 
     </span>
    </p>
   </div>
   <div class='ocr_carea' id='block_1_7' title="bbox 320 640 2033 716">
    <p class='ocr_par' dir='ltr' id='par_1_7' title="bbox 320 640 2033 716">
     <span class='ocr_line' id='line_1_7' title="bbox 320 640 2033 716; baseline 0.004 -21"><span class='ocrx_word' id='word_1_38' title='bbox 320 706 329 713; x_wconf 41' lang='lat'><em>.</em></span> <span class='ocrx_word' id='word_1_39' title='bbox 391 640 493 710; x_wconf 87' lang='lat' dir='ltr'><strong>qui</strong></span> <span class='ocrx_word' id='word_1_40' title='bbox 526 641 782 712; x_wconf 92' lang='lat' dir='ltr'><strong>ipsorum</strong></span> <span class='ocrx_word' id='word_1_41' title='bbox 830 648 1049 699; x_wconf 91' lang='lat' dir='ltr'><strong>atatem</strong></span> <span class='ocrx_word' id='word_1_42' title='bbox 1091 643 1534 714; x_wconf 85' lang='lat' dir='ltr'><strong>subsequentur,</strong></span> <span class='ocrx_word' id='word_1_43' title='bbox 1567 651 1622 703; x_wconf 91' lang='lat' dir='ltr'><strong>et</strong></span> <span class='ocrx_word' id='word_1_44' title='bbox 1660 646 1710 702; x_wconf 88' lang='lat' dir='ltr'><strong>si</strong></span> <span class='ocrx_word' id='word_1_45' title='bbox 1744 646 1883 716; x_wconf 91' lang='lat' dir='ltr'><strong>quid</strong></span> <span class='ocrx_word' id='word_1_46' title='bbox 1916 654 2033 701; x_wconf 80' lang='lat' dir='ltr'><strong>Vita</strong></span> 
     </span>
    </p>
   </div>
   <div class='ocr_carea' id='block_1_8' title="bbox 392 729 2030 806">
    <p class='ocr_par' dir='ltr' id='par_1_8' title="bbox 392 729 2030 806">
     <span class='ocr_line' id='line_1_8' title="bbox 392 729 2030 806; baseline 0.003 -22"><span class='ocrx_word' id='word_1_47' title='bbox 392 729 883 787; x_wconf 91' lang='lat' dir='ltr'><strong>illorumdurante</strong></span> <span class='ocrx_word' id='word_1_48' title='bbox 898 733 2030 806; x_wconf 85' lang='lat' dir='ltr'><strong>memoratudignumcontigeritpropria</strong></span> 
     </span>
    </p>
   </div>
   <div class='ocr_carea' id='block_1_9' title="bbox 391 819 2028 892">
    <p class='ocr_par' dir='ltr' id='par_1_9' title="bbox 391 819 2028 892">
     <span class='ocr_line' id='line_1_9' title="bbox 391 819 2028 892; baseline 0.002 -19"><span class='ocrx_word' id='word_1_49' title='bbox 391 832 560 874; x_wconf 90' lang='lat' dir='ltr'><strong>manu</strong></span> <span class='ocrx_word' id='word_1_50' title='bbox 591 819 881 889; x_wconf 84' lang='lat' dir='ltr'><strong>adnotare,</strong></span> <span class='ocrx_word' id='word_1_51' title='bbox 914 819 998 875; x_wconf 86' lang='lat' dir='ltr'><strong>vel</strong></span> <span class='ocrx_word' id='word_1_52' title='bbox 1030 820 1079 875; x_wconf 91' lang='lat' dir='ltr'><strong>si</strong></span> <span class='ocrx_word' id='word_1_53' title='bbox 1114 827 1242 889; x_wconf 91' lang='lat' dir='ltr'><strong>post</strong></span> <span class='ocrx_word' id='word_1_54' title='bbox 1270 822 1445 877; x_wconf 87' lang='lat' dir='ltr'><strong>vitam</strong></span> <span class='ocrx_word' id='word_1_55' title='bbox 1469 822 1725 892; x_wconf 81' lang='lat' dir='ltr'><strong>ipsorum</strong></span> <span class='ocrx_word' id='word_1_56' title='bbox 1756 823 2028 892; x_wconf 85' lang='lat' dir='ltr'><strong>evenerit,</strong></span> 
     </span>
    </p>
   </div>
   <div class='ocr_carea' id='block_1_10' title="bbox 390 907 2030 982">
    <p class='ocr_par' dir='ltr' id='par_1_10' title="bbox 390 907 2030 982">
     <span class='ocr_line' id='line_1_10' title="bbox 390 907 2030 982; baseline 0.001 -19"><span class='ocrx_word' id='word_1_57' title='bbox 390 907 638 977; x_wconf 86' lang='lat' dir='ltr'><strong>posteris</strong></span> <span class='ocrx_word' id='word_1_58' title='bbox 665 907 1054 963; x_wconf 87' lang='lat' dir='ltr'><strong>adnotandum</strong></span> <span class='ocrx_word' id='word_1_59' title='bbox 1082 909 1427 979; x_wconf 91' lang='lat' dir='ltr'><strong>relinquere.</strong></span> <span class='ocrx_word' id='word_1_60' title='bbox 1459 913 1539 966; x_wconf 87' lang='lat' dir='ltr'><strong>Ex</strong></span> <span class='ocrx_word' id='word_1_61' title='bbox 1572 911 1666 967; x_wconf 90' lang='lat' dir='ltr'><strong>his</strong></span> <span class='ocrx_word' id='word_1_62' title='bbox 1696 910 1930 982; x_wconf 88' lang='lat' dir='ltr'><strong>quidem</strong></span> <span class='ocrx_word' id='word_1_63' title='bbox 1959 911 2030 966; x_wconf 92' lang='lat' dir='ltr'><strong>de</strong></span> 
     </span>
    </p>
   </div>
   <div class='ocr_carea' id='block_1_11' title="bbox 387 995 2028 1071">
    <p class='ocr_par' dir='ltr' id='par_1_11' title="bbox 387 995 2028 1071">
     <span class='ocr_line' id='line_1_11' title="bbox 387 995 2028 1071; baseline 0.002 -21"><span class='ocrx_word' id='word_1_64' title='bbox 387 1000 550 1051; x_wconf 88' lang='lat' dir='ltr'><strong>atate</strong></span> <span class='ocrx_word' id='word_1_65' title='bbox 566 995 941 1065; x_wconf 86' lang='lat' dir='ltr'><strong>manuscripti</strong></span> <span class='ocrx_word' id='word_1_66' title='bbox 965 996 1183 1053; x_wconf 86' lang='lat' dir='ltr'><strong>codicis</strong></span> <span class='ocrx_word' id='word_1_67' title='bbox 1199 998 1460 1066; x_wconf 85' lang='lat' dir='ltr'><strong>judicare</strong></span> <span class='ocrx_word' id='word_1_68' title='bbox 1479 998 1695 1071; x_wconf 89' lang='lat' dir='ltr'><strong>liceret,</strong></span> <span class='ocrx_word' id='word_1_69' title='bbox 1724 1000 1773 1055; x_wconf 90' lang='lat' dir='ltr'><strong>si</strong></span> <span class='ocrx_word' id='word_1_70' title='bbox 1811 1005 2028 1054; x_wconf 90' lang='lat' dir='ltr'><strong>certum</strong></span> 
     </span>
    </p>
   </div>
   <div class='ocr_carea' id='block_1_12' title="bbox 389 1086 2026 1159">
    <p class='ocr_par' dir='ltr' id='par_1_12' title="bbox 389 1086 2026 1159">
     <span class='ocr_line' id='line_1_12' title="bbox 389 1086 2026 1159; baseline -0.003 -12"><span class='ocrx_word' id='word_1_71' title='bbox 389 1096 557 1159; x_wconf 85' lang='lat' dir='ltr'><strong>esset,</strong></span> <span class='ocrx_word' id='word_1_72' title='bbox 601 1090 923 1145; x_wconf 91' lang='lat' dir='ltr'><strong>Chronicon</strong></span> <span class='ocrx_word' id='word_1_73' title='bbox 976 1087 1271 1158; x_wconf 89' lang='lat' dir='ltr'><strong>prafatum</strong></span> <span class='ocrx_word' id='word_1_74' title='bbox 1321 1086 1393 1142; x_wconf 90' lang='lat' dir='ltr'><strong>ab</strong></span> <span class='ocrx_word' id='word_1_75' title='bbox 1441 1088 1635 1144; x_wconf 90' lang='lat' dir='ltr'><strong>eodem</strong></span> <span class='ocrx_word' id='word_1_76' title='bbox 1692 1087 2026 1143; x_wconf 87' lang='lat' dir='ltr'><strong>amanuensi</strong></span> 
     </span>
    </p>
   </div>
   <div class='ocr_carea' id='block_1_13' title="bbox 392 1176 2032 1249">
    <p class='ocr_par' dir='ltr' id='par_1_13' title="bbox 392 1176 2032 1249">
     <span class='ocr_line' id='line_1_13' title="bbox 392 1176 2032 1249; baseline -0.004 -14"><span class='ocrx_word' id='word_1_77' title='bbox 392 1179 783 1249; x_wconf 88' lang='lat' dir='ltr'><strong>conscriptum</strong></span> <span class='ocrx_word' id='word_1_78' title='bbox 814 1176 1016 1247; x_wconf 88' lang='lat' dir='ltr'><strong>fuisse,</strong></span> <span class='ocrx_word' id='word_1_79' title='bbox 1050 1190 1164 1247; x_wconf 91' lang='lat' dir='ltr'><strong>quo</strong></span> <span class='ocrx_word' id='word_1_80' title='bbox 1205 1176 1429 1246; x_wconf 89' lang='lat' dir='ltr'><strong>reliqua</strong></span> <span class='ocrx_word' id='word_1_81' title='bbox 1480 1177 1539 1232; x_wconf 91' lang='lat' dir='ltr'><strong>in</strong></span> <span class='ocrx_word' id='word_1_82' title='bbox 1570 1190 1737 1246; x_wconf 86' lang='lat' dir='ltr'><strong>opere</strong></span> <span class='ocrx_word' id='word_1_83' title='bbox 1765 1181 2032 1231; x_wconf 90' lang='lat' dir='ltr'><strong>contenta</strong></span> 
     </span>
    </p>
   </div>
   <div class='ocr_carea' id='block_1_14' title="bbox 390 1265 2033 1339">
    <p class='ocr_par' dir='ltr' id='par_1_14' title="bbox 390 1265 2033 1339">
     <span class='ocr_line' id='line_1_14' title="bbox 390 1265 2033 1339; baseline -0.004 -14"><span class='ocrx_word' id='word_1_84' title='bbox 390 1268 605 1339; x_wconf 89' lang='lat' dir='ltr'><strong>scripta</strong></span> <span class='ocrx_word' id='word_1_85' title='bbox 643 1272 795 1337; x_wconf 55' lang='lat' dir='ltr'><strong>sunt,</strong></span> <span class='ocrx_word' id='word_1_86' title='bbox 846 1280 959 1338; x_wconf 90' lang='lat' dir='ltr'><strong>qua</strong></span> <span class='ocrx_word' id='word_1_87' title='bbox 995 1267 1066 1322; x_wconf 88' lang='lat' dir='ltr'><strong>de</strong></span> <span class='ocrx_word' id='word_1_88' title='bbox 1103 1280 1162 1321; x_wconf 93' lang='lat' dir='ltr'><strong>re</strong></span> <span class='ocrx_word' id='word_1_89' title='bbox 1205 1279 1314 1321; x_wconf 91' lang='lat' dir='ltr'><strong>non</strong></span> <span class='ocrx_word' id='word_1_90' title='bbox 1360 1266 1487 1321; x_wconf 90' lang='lat' dir='ltr'><strong>sine</strong></span> <span class='ocrx_word' id='word_1_91' title='bbox 1531 1266 1751 1322; x_wconf 74' lang='lat' dir='ltr'><strong>ratione</strong></span> <span class='ocrx_word' id='word_1_92' title='bbox 1788 1265 2033 1320; x_wconf 87' lang='lat' dir='ltr'><strong>dubium</strong></span> 
     </span>
    </p>
   </div>
   <div class='ocr_carea' id='block_1_15' title="bbox 390 1353 2037 1428">
    <p class='ocr_par' dir='ltr' id='par_1_15' title="bbox 390 1353 2037 1428">
     <span class='ocr_line' id='line_1_15' title="bbox 390 1353 2037 1428; baseline -0.005 -13"><span class='ocrx_word' id='word_1_93' title='bbox 390 1359 604 1417; x_wconf 88' lang='lat' dir='ltr'><strong>moveri</strong></span> <span class='ocrx_word' id='word_1_94' title='bbox 635 1361 836 1428; x_wconf 85' lang='lat' dir='ltr'><strong>potest.</strong></span> <span class='ocrx_word' id='word_1_95' title='bbox 869 1357 1155 1425; x_wconf 89' lang='lat' dir='ltr'><strong>Quantum</strong></span> <span class='ocrx_word' id='word_1_96' title='bbox 1185 1356 1338 1412; x_wconf 90' lang='lat' dir='ltr'><strong>enim</strong></span> <span class='ocrx_word' id='word_1_97' title='bbox 1380 1370 1448 1413; x_wconf 85' lang='lat' dir='ltr'><strong>ex</strong></span> <span class='ocrx_word' id='word_1_98' title='bbox 1497 1355 1824 1411; x_wconf 67' lang='lat' dir='ltr'><strong>charactere</strong></span> <span class='ocrx_word' id='word_1_99' title='bbox 1867 1353 2037 1423; x_wconf 83' lang='lat' dir='ltr'><strong>judi-</strong></span> 
     </span>
    </p>
   </div>
   <div class='ocr_carea' id='block_1_16' title="bbox 389 1444 2031 1520">
    <p class='ocr_par' dir='ltr' id='par_1_16' title="bbox 389 1444 2031 1520">
     <span class='ocr_line' id='line_1_16' title="bbox 389 1444 2031 1520; baseline -0.007 -13"><span class='ocrx_word' id='word_1_100' title='bbox 389 1465 519 1507; x_wconf 87' lang='lat' dir='ltr'><strong>care</strong></span> <span class='ocrx_word' id='word_1_101' title='bbox 550 1462 801 1520; x_wconf 90' lang='lat' dir='ltr'><strong>possum,</strong></span> <span class='ocrx_word' id='word_1_102' title='bbox 840 1448 946 1504; x_wconf 88' lang='lat' dir='ltr'><strong>hoc</strong></span> <span class='ocrx_word' id='word_1_103' title='bbox 984 1447 1308 1503; x_wconf 90' lang='lat' dir='ltr'><strong>Chronicon</strong></span> <span class='ocrx_word' id='word_1_104' title='bbox 1336 1446 1507 1502; x_wconf 93' lang='lat' dir='ltr'><strong>initio</strong></span> <span class='ocrx_word' id='word_1_105' title='bbox 1533 1444 1754 1502; x_wconf 89' lang='lat' dir='ltr'><strong>codicis</strong></span> <span class='ocrx_word' id='word_1_106' title='bbox 1778 1444 2031 1512; x_wconf 88' lang='lat' dir='ltr'><strong>positum</strong></span> 
     </span>
    </p>
   </div>
   <div class='ocr_carea' id='block_1_17' title="bbox 392 1530 2031 1607">
    <p class='ocr_par' dir='ltr' id='par_1_17' title="bbox 392 1530 2031 1607">
     <span class='ocr_line' id='line_1_17' title="bbox 392 1530 2031 1607; baseline -0.007 -13"><span class='ocrx_word' id='word_1_107' title='bbox 392 1553 523 1595; x_wconf 92' lang='lat' dir='ltr'><strong>cum</strong></span> <span class='ocrx_word' id='word_1_108' title='bbox 544 1538 750 1595; x_wconf 85' lang='lat' dir='ltr'><strong>notitia</strong></span> <span class='ocrx_word' id='word_1_109' title='bbox 770 1536 1194 1607; x_wconf 88' lang='lat' dir='ltr'><strong>provinciarum</strong></span> <span class='ocrx_word' id='word_1_110' title='bbox 1214 1540 1269 1591; x_wconf 90' lang='lat' dir='ltr'><strong>et</strong></span> <span class='ocrx_word' id='word_1_111' title='bbox 1285 1535 1488 1591; x_wconf 90' lang='lat' dir='ltr'><strong>arbore</strong></span> <span class='ocrx_word' id='word_1_112' title='bbox 1506 1530 2031 1603; x_wconf 80' lang='lat' dir='ltr'><strong>consanguinitatis</strong></span> 
     </span>
    </p>
   </div>
   <div class='ocr_carea' id='block_1_18' title="bbox 387 1618 2028 1692">
    <p class='ocr_par' dir='ltr' id='par_1_18' title="bbox 387 1618 2028 1692">
     <span class='ocr_line' id='line_1_18' title="bbox 387 1618 2028 1692; baseline -0.009 -5"><span class='ocrx_word' id='word_1_113' title='bbox 387 1627 711 1687; x_wconf 88' lang='lat' dir='ltr'><strong>Chronicon</strong></span> <span class='ocrx_word' id='word_1_114' title='bbox 766 1625 1093 1681; x_wconf 87' lang='lat' dir='ltr'><strong>immediate</strong></span> <span class='ocrx_word' id='word_1_115' title='bbox 1147 1621 1654 1692; x_wconf 86' lang='lat' dir='ltr'><strong>subsequentibus,</strong></span> <span class='ocrx_word' id='word_1_116' title='bbox 1726 1618 2028 1675; x_wconf 88' lang='lat' dir='ltr'><strong>recentiori</strong></span> 
     </span>
    </p>
   </div>
   <div class='ocr_carea' id='block_1_19' title="bbox 2144 472 3783 550">
    <p class='ocr_par' dir='ltr' id='par_1_19' title="bbox 2144 472 3783 550">
     <span class='ocr_line' id='line_1_19' title="bbox 2144 472 3783 550; baseline 0.008 -25"><span class='ocrx_word' id='word_1_117' title='bbox 2144 472 2524 533; x_wconf 81' lang='lat' dir='ltr'><strong>Romanorum</strong></span> <span class='ocrx_word' id='word_1_118' title='bbox 2557 481 2764 550; x_wconf 91' lang='lat' dir='ltr'><strong>incipit</strong></span> <span class='ocrx_word' id='word_1_119' title='bbox 2794 495 2825 535; x_wconf 93' lang='lat' dir='ltr'><strong>a</strong></span> <span class='ocrx_word' id='word_1_120' title='bbox 2860 482 2915 536; x_wconf 92' lang='lat' dir='ltr'><strong>S.</strong></span> <span class='ocrx_word' id='word_1_121' title='bbox 2944 484 3130 548; x_wconf 82' lang='lat' dir='ltr'><strong>Petro,</strong></span> <span class='ocrx_word' id='word_1_122' title='bbox 3182 489 3238 538; x_wconf 91' lang='lat' dir='ltr'><strong>et</strong></span> <span class='ocrx_word' id='word_1_123' title='bbox 3264 482 3428 537; x_wconf 89' lang='lat' dir='ltr'><strong>habet</strong></span> <span class='ocrx_word' id='word_1_124' title='bbox 3452 483 3603 538; x_wconf 91' lang='lat' dir='ltr'><strong>hunc</strong></span> <span class='ocrx_word' id='word_1_125' title='bbox 3634 486 3783 538; x_wconf 86' lang='lat' dir='ltr'><strong>titu—</strong></span> 
     </span>
    </p>
   </div>
   <div class='ocr_carea' id='block_1_20' title="bbox 2145 560 3787 639">
    <p class='ocr_par' dir='ltr' id='par_1_20' title="bbox 2145 560 3787 639">
     <span class='ocr_line' id='line_1_20' title="bbox 2145 560 3787 639; baseline 0.006 -24"><span class='ocrx_word' id='word_1_126' title='bbox 2145 560 2263 616; x_wconf 91' lang='lat' dir='ltr'><strong>lum</strong></span> <span class='ocrx_word' id='word_1_127' title='bbox 2299 582 2310 617; x_wconf 89' lang='lat'><strong>:</strong></span> <span class='ocrx_word' id='word_1_128' title='bbox 2342 584 2365 615; x_wconf 86' lang='lat'><strong>«</strong></span> <span class='ocrx_word' id='word_1_129' title='bbox 2395 567 2497 620; x_wconf 86' lang='lat' dir='ltr'><strong>Hic</strong></span> <span class='ocrx_word' id='word_1_130' title='bbox 2536 576 2666 623; x_wconf 87' lang='lat' dir='ltr'><strong>sunt</strong></span> <span class='ocrx_word' id='word_1_131' title='bbox 2684 572 2967 639; x_wconf 79' lang='lat' dir='ltr'><strong>pontiﬁces</strong></span> <span class='ocrx_word' id='word_1_132' title='bbox 3015 575 3217 624; x_wconf 83' lang='lat' dir='ltr'><strong>sancta</strong></span> <span class='ocrx_word' id='word_1_133' title='bbox 3241 573 3493 625; x_wconf 83' lang='lat' dir='ltr'><strong>Romana</strong></span> <span class='ocrx_word' id='word_1_134' title='bbox 3534 573 3787 625; x_wconf 77' lang='lat' dir='ltr'><strong>Ecclesia</strong></span> 
     </span>
    </p>
   </div>
   <div class='ocr_carea' id='block_1_21' title="bbox 2146 650 3780 726">
    <p class='ocr_par' dir='ltr' id='par_1_21' title="bbox 2146 650 3780 726">
     <span class='ocr_line' id='line_1_21' title="bbox 2146 650 3780 726; baseline 0.01 -25"><span class='ocrx_word' id='word_1_135' title='bbox 2146 650 2289 704; x_wconf 90' lang='lat' dir='ltr'><strong>beati</strong></span> <span class='ocrx_word' id='word_1_136' title='bbox 2330 657 2475 722; x_wconf 74' lang='lat' dir='ltr'><strong>petii</strong></span> <span class='ocrx_word' id='word_1_137' title='bbox 2501 656 2769 726; x_wconf 83' lang='lat' dir='ltr'><strong>Apostoli.</strong></span> <span class='ocrx_word' id='word_1_138' title='bbox 2819 659 3045 714; x_wconf 86' lang='lat' dir='ltr'><strong>Desinit</strong></span> <span class='ocrx_word' id='word_1_139' title='bbox 3094 666 3281 715; x_wconf 89' lang='lat' dir='ltr'><strong>autem</strong></span> <span class='ocrx_word' id='word_1_140' title='bbox 3340 660 3399 713; x_wconf 91' lang='lat' dir='ltr'><strong>in</strong></span> <span class='ocrx_word' id='word_1_141' title='bbox 3448 660 3699 715; x_wconf 80' lang='lat' dir='ltr'><strong>Adriano</strong></span> <span class='ocrx_word' id='word_1_142' title='bbox 3739 663 3780 719; x_wconf 79' lang='grc' dir='ltr'><strong>Ι.</strong></span> 
     </span>
    </p>
   </div>
   <div class='ocr_carea' id='block_1_22' title="bbox 2147 738 3781 803">
    <p class='ocr_par' dir='ltr' id='par_1_22' title="bbox 2147 738 3781 803">
     <span class='ocr_line' id='line_1_22' title="bbox 2147 738 3781 803; baseline 0.005 -11"><span class='ocrx_word' id='word_1_143' title='bbox 2147 738 2251 793; x_wconf 89' lang='lat' dir='ltr'><strong>hoc</strong></span> <span class='ocrx_word' id='word_1_144' title='bbox 2301 745 2465 798; x_wconf 90' lang='lat' dir='ltr'><strong>modo</strong></span> <span class='ocrx_word' id='word_1_145' title='bbox 2517 764 2528 799; x_wconf 92' lang='lat'><strong>:</strong></span> <span class='ocrx_word' id='word_1_146' title='bbox 2582 740 2779 802; x_wconf 75' lang='lat' dir='ltr'><em>XCVII</em></span> <span class='ocrx_word' id='word_1_147' title='bbox 2834 748 3121 803; x_wconf 80' lang='lat' dir='ltr'><strong>Adrianus</strong></span> <span class='ocrx_word' id='word_1_148' title='bbox 3182 750 3321 803; x_wconf 82' lang='lat' dir='ltr'><strong>sedit</strong></span> <span class='ocrx_word' id='word_1_149' title='bbox 3383 765 3516 803; x_wconf 90' lang='lat' dir='ltr'><strong>ann.</strong></span> <span class='ocrx_word' id='word_1_150' title='bbox 3584 750 3781 803; x_wconf 80' lang='lat' dir='ltr'><em>XXIII.</em></span> 
     </span>
    </p>
   </div>
   <div class='ocr_carea' id='block_1_23' title="bbox 2141 827 3784 906">
    <p class='ocr_par' dir='ltr' id='par_1_23' title="bbox 2141 827 3784 906">
     <span class='ocr_line' id='line_1_23' title="bbox 2141 827 3784 906; baseline 0.007 -28"><span class='ocrx_word' id='word_1_151' title='bbox 2141 827 2215 879; x_wconf 86' lang='grc' dir='ltr'><strong>Μ.</strong></span> <span class='ocrx_word' id='word_1_152' title='bbox 2272 830 2335 882; x_wconf 74' lang='grc' dir='ltr'><strong>Χ.</strong></span> <span class='ocrx_word' id='word_1_153' title='bbox 2391 835 2455 885; x_wconf 89' lang='lat' dir='ltr'><strong>D.</strong></span> <span class='ocrx_word' id='word_1_154' title='bbox 2500 834 2669 890; x_wconf 82' lang='lat' dir='ltr'><em>XVII.</em></span> <span class='ocrx_word' id='word_1_155' title='bbox 2726 837 2921 892; x_wconf 89' lang='lat' dir='ltr'><strong>Postea</strong></span> <span class='ocrx_word' id='word_1_156' title='bbox 2977 836 3211 906; x_wconf 90' lang='lat' dir='ltr'><strong>quidam</strong></span> <span class='ocrx_word' id='word_1_157' title='bbox 3266 842 3429 891; x_wconf 86' lang='lat' dir='ltr'><strong>vetus</strong></span> <span class='ocrx_word' id='word_1_158' title='bbox 3484 836 3712 891; x_wconf 90' lang='lat' dir='ltr'><strong>addidit</strong></span> <span class='ocrx_word' id='word_1_159' title='bbox 3769 854 3784 889; x_wconf 92' lang='lat'><strong>:</strong></span> 
     </span>
    </p>
   </div>
   <div class='ocr_carea' id='block_1_24' title="bbox 2139 915 3784 995">
    <p class='ocr_par' dir='ltr' id='par_1_24' title="bbox 2139 915 3784 995">
     <span class='ocr_line' id='line_1_24' title="bbox 2139 915 3784 995; baseline 0.006 -26"><span class='ocrx_word' id='word_1_160' title='bbox 2139 915 2383 972; x_wconf 76' lang='lat' dir='ltr'><em>XCVIII.</em></span> <span class='ocrx_word' id='word_1_161' title='bbox 2425 923 2528 975; x_wconf 86' lang='lat' dir='ltr'><strong>Leo</strong></span> <span class='ocrx_word' id='word_1_162' title='bbox 2548 938 2717 992; x_wconf 82' lang='lat' dir='ltr'><strong>papa.</strong></span> <span class='ocrx_word' id='word_1_163' title='bbox 2748 942 2773 973; x_wconf 72' lang='lat' dir='ltr'><strong>n</strong></span> <span class='ocrx_word' id='word_1_164' title='bbox 2824 925 3010 995; x_wconf 87' lang='lat' dir='ltr'><strong>Atque</strong></span> <span class='ocrx_word' id='word_1_165' title='bbox 3046 925 3162 980; x_wconf 65' lang='lat' dir='ltr'><strong>hzcc</strong></span> <span class='ocrx_word' id='word_1_166' title='bbox 3188 931 3325 980; x_wconf 90' lang='lat' dir='ltr'><strong>sunt</strong></span> <span class='ocrx_word' id='word_1_167' title='bbox 3350 925 3530 994; x_wconf 89' lang='lat' dir='ltr'><strong>prima</strong></span> <span class='ocrx_word' id='word_1_168' title='bbox 3565 925 3784 980; x_wconf 87' lang='lat' dir='ltr'><strong>Baluzii</strong></span> 
     </span>
    </p>
   </div>
   <div class='ocr_carea' id='block_1_25' title="bbox 2140 1004 3787 1082">
    <p class='ocr_par' dir='ltr' id='par_1_25' title="bbox 2140 1004 3787 1082">
     <span class='ocr_line' id='line_1_25' title="bbox 2140 1004 3787 1082; baseline 0.006 -25"><span class='ocrx_word' id='word_1_169' title='bbox 2140 1004 2327 1075; x_wconf 88' lang='lat' dir='ltr'><strong>verba,</strong></span> <span class='ocrx_word' id='word_1_170' title='bbox 2362 1009 2578 1077; x_wconf 91' lang='lat' dir='ltr'><strong>quibus</strong></span> <span class='ocrx_word' id='word_1_171' title='bbox 2606 1018 2828 1069; x_wconf 88' lang='lat' dir='ltr'><strong>constat</strong></span> <span class='ocrx_word' id='word_1_172' title='bbox 2851 1014 2922 1069; x_wconf 88' lang='lat' dir='ltr'><strong>de</strong></span> <span class='ocrx_word' id='word_1_173' title='bbox 2942 1014 3290 1082; x_wconf 88' lang='lat' dir='ltr'><strong>antiquitate</strong></span> <span class='ocrx_word' id='word_1_174' title='bbox 3332 1013 3551 1068; x_wconf 86' lang='lat' dir='ltr'><strong>codicis</strong></span> <span class='ocrx_word' id='word_1_175' title='bbox 3584 1028 3687 1067; x_wconf 91' lang='lat' dir='ltr'><strong>ms.</strong></span> <span class='ocrx_word' id='word_1_176' title='bbox 3716 1027 3787 1067; x_wconf 89' lang='lat' dir='ltr'><strong>ex</strong></span> 
     </span>
    </p>
   </div>
   <div class='ocr_carea' id='block_1_26' title="bbox 2143 1090 3788 1170">
    <p class='ocr_par' dir='ltr' id='par_1_26' title="bbox 2143 1090 3788 1170">
     <span class='ocr_line' id='line_1_26' title="bbox 2143 1090 3788 1170; baseline 0.007 -26"><span class='ocrx_word' id='word_1_177' title='bbox 2143 1090 2409 1165; x_wconf 87' lang='lat' dir='ltr'><strong>Catalogo</strong></span> <span class='ocrx_word' id='word_1_178' title='bbox 2448 1096 2654 1165; x_wconf 91' lang='lat' dir='ltr'><strong>simili,</strong></span> <span class='ocrx_word' id='word_1_179' title='bbox 2709 1106 2773 1155; x_wconf 93' lang='lat' dir='ltr'><strong>ut</strong></span> <span class='ocrx_word' id='word_1_180' title='bbox 2821 1107 2959 1170; x_wconf 89' lang='lat' dir='ltr'><strong>puto</strong></span> <span class='ocrx_word' id='word_1_181' title='bbox 3014 1101 3102 1156; x_wconf 92' lang='lat' dir='ltr'><strong>illi</strong></span> <span class='ocrx_word' id='word_1_182' title='bbox 3156 1114 3321 1170; x_wconf 91' lang='lat' dir='ltr'><strong>quem</strong></span> <span class='ocrx_word' id='word_1_183' title='bbox 3373 1114 3477 1155; x_wconf 91' lang='lat' dir='ltr'><strong>nos</strong></span> <span class='ocrx_word' id='word_1_184' title='bbox 3524 1099 3788 1155; x_wconf 81' lang='lat' dir='ltr'><strong>diximus</strong></span> 
     </span>
    </p>
   </div>
   <div class='ocr_carea' id='block_1_27' title="bbox 2146 1184 3789 1245">
    <p class='ocr_par' dir='ltr' id='par_1_27' title="bbox 2146 1184 3789 1245">
     <span class='ocr_line' id='line_1_27' title="bbox 2146 1184 3789 1245; baseline 0.005 -10"><span class='ocrx_word' id='word_1_185' title='bbox 2146 1184 2427 1239; x_wconf 90' lang='lat' dir='ltr'><strong>contineri</strong></span> <span class='ocrx_word' id='word_1_186' title='bbox 2465 1186 2523 1240; x_wconf 90' lang='lat' dir='ltr'><strong>in</strong></span> <span class='ocrx_word' id='word_1_187' title='bbox 2544 1186 2751 1243; x_wconf 90' lang='lat' dir='ltr'><strong>Codice</strong></span> <span class='ocrx_word' id='word_1_188' title='bbox 2798 1188 3160 1245; x_wconf 73' lang='lat' dir='ltr'><strong>bibliotheca:</strong></span> <span class='ocrx_word' id='word_1_189' title='bbox 3184 1189 3588 1244; x_wconf 83' lang='lat' dir='ltr'><strong>Alexandrina</strong></span> <span class='ocrx_word' id='word_1_190' title='bbox 3618 1190 3789 1245; x_wconf 77' lang='lat' dir='ltr'><strong>Vati-</strong></span> 
     </span>
    </p>
   </div>
   <div class='ocr_carea' id='block_1_28' title="bbox 2145 1274 3318 1348">
    <p class='ocr_par' dir='ltr' id='par_1_28' title="bbox 2145 1274 3318 1348">
     <span class='ocr_line' id='line_1_28' title="bbox 2145 1274 3318 1348; baseline 0.007 -25"><span class='ocrx_word' id='word_1_191' title='bbox 2145 1283 2320 1342; x_wconf 84' lang='lat' dir='ltr'><strong>cana,</strong></span> <span class='ocrx_word' id='word_1_192' title='bbox 2350 1274 2448 1343; x_wconf 92' lang='lat' dir='ltr'><strong>qui</strong></span> <span class='ocrx_word' id='word_1_193' title='bbox 2482 1275 2699 1332; x_wconf 91' lang='lat' dir='ltr'><strong>desinit</strong></span> <span class='ocrx_word' id='word_1_194' title='bbox 2731 1280 2788 1331; x_wconf 92' lang='lat' dir='ltr'><strong>in</strong></span> <span class='ocrx_word' id='word_1_195' title='bbox 2822 1278 3080 1333; x_wconf 91' lang='lat' dir='ltr'><strong>Paschali</strong></span> <span class='ocrx_word' id='word_1_196' title='bbox 3115 1279 3318 1348; x_wconf 88' lang='lat' dir='ltr'><strong>primo.</strong></span> 
     </span>
    </p>
   </div>
   <div class='ocr_carea' id='block_1_29' title="bbox 2215 1360 3785 1438">
    <p class='ocr_par' dir='ltr' id='par_1_29' title="bbox 2215 1360 3785 1438">
     <span class='ocr_line' id='line_1_29' title="bbox 2215 1360 3785 1438; baseline 0.004 -23"><span class='ocrx_word' id='word_1_197' title='bbox 2215 1360 2266 1415; x_wconf 89' lang='lat'><strong>6.</strong></span> <span class='ocrx_word' id='word_1_198' title='bbox 2290 1360 2464 1418; x_wconf 89' lang='lat' dir='ltr'><strong>Porro</strong></span> <span class='ocrx_word' id='word_1_199' title='bbox 2493 1363 2562 1418; x_wconf 93' lang='lat' dir='ltr'><strong>de</strong></span> <span class='ocrx_word' id='word_1_200' title='bbox 2592 1367 2843 1421; x_wconf 88' lang='lat' dir='ltr'><strong>secundo</strong></span> <span class='ocrx_word' id='word_1_201' title='bbox 2871 1367 3159 1438; x_wconf 84' lang='lat' dir='ltr'><strong>Catalogo,</strong></span> <span class='ocrx_word' id='word_1_202' title='bbox 3191 1368 3261 1421; x_wconf 92' lang='lat' dir='ltr'><strong>de</strong></span> <span class='ocrx_word' id='word_1_203' title='bbox 3285 1382 3396 1436; x_wconf 92' lang='lat' dir='ltr'><strong>quo</strong></span> <span class='ocrx_word' id='word_1_204' title='bbox 3420 1366 3514 1421; x_wconf 88' lang='lat' dir='ltr'><strong>hic</strong></span> <span class='ocrx_word' id='word_1_205' title='bbox 3535 1367 3785 1436; x_wconf 81' lang='lat' dir='ltr'><strong>agimus,</strong></span> 
     </span>
    </p>
   </div>
   <div class='ocr_carea' id='block_1_30' title="bbox 2145 1451 3786 1524">
    <p class='ocr_par' dir='ltr' id='par_1_30' title="bbox 2145 1451 3786 1524">
     <span class='ocr_line' id='line_1_30' title="bbox 2145 1451 3786 1524; baseline 0.002 -21"><span class='ocrx_word' id='word_1_206' title='bbox 2145 1455 2300 1504; x_wconf 88' lang='lat' dir='ltr'><strong>notat</strong></span> <span class='ocrx_word' id='word_1_207' title='bbox 2331 1451 2519 1507; x_wconf 88' lang='lat' dir='ltr'><strong>varias</strong></span> <span class='ocrx_word' id='word_1_208' title='bbox 2545 1451 2819 1509; x_wconf 87' lang='lat' dir='ltr'><strong>lectiones</strong></span> <span class='ocrx_word' id='word_1_209' title='bbox 2864 1458 2922 1509; x_wconf 84' lang='lat' dir='ltr'><strong>in</strong></span> <span class='ocrx_word' id='word_1_210' title='bbox 2948 1457 3119 1512; x_wconf 78' lang='lat' dir='ltr'><strong>Gestis</strong></span> <span class='ocrx_word' id='word_1_211' title='bbox 3162 1458 3481 1524; x_wconf 81' lang='lat' dir='ltr'><strong>pontiﬁcum</strong></span> <span class='ocrx_word' id='word_1_212' title='bbox 3516 1454 3786 1523; x_wconf 87' lang='lat' dir='ltr'><strong>reperiri,</strong></span> 
     </span>
    </p>
   </div>
   <div class='ocr_carea' id='block_1_31' title="bbox 2143 1538 3791 1614">
    <p class='ocr_par' dir='ltr' id='par_1_31' title="bbox 2143 1538 3791 1614">
     <span class='ocr_line' id='line_1_31' title="bbox 2143 1538 3791 1614; baseline 0.004 -23"><span class='ocrx_word' id='word_1_213' title='bbox 2143 1551 2286 1606; x_wconf 88' lang='lat' dir='ltr'><strong>quas</strong></span> <span class='ocrx_word' id='word_1_214' title='bbox 2319 1538 2413 1593; x_wconf 92' lang='lat' dir='ltr'><strong>hic</strong></span> <span class='ocrx_word' id='word_1_215' title='bbox 2441 1542 2640 1609; x_wconf 87' lang='lat' dir='ltr'><strong>paucis</strong></span> <span class='ocrx_word' id='word_1_216' title='bbox 2665 1544 2917 1612; x_wconf 86' lang='lat' dir='ltr'><strong>exceptis</strong></span> <span class='ocrx_word' id='word_1_217' title='bbox 2948 1544 3279 1614; x_wconf 89' lang='lat' dir='ltr'><strong>referemus,</strong></span> <span class='ocrx_word' id='word_1_218' title='bbox 3309 1558 3375 1599; x_wconf 90' lang='lat' dir='ltr'><strong>eo</strong></span> <span class='ocrx_word' id='word_1_219' title='bbox 3424 1543 3572 1613; x_wconf 91' lang='lat' dir='ltr'><strong>quod</strong></span> <span class='ocrx_word' id='word_1_220' title='bbox 3613 1543 3791 1597; x_wconf 87' lang='lat' dir='ltr'><strong>varia</strong></span> 
     </span>
    </p>
   </div>
   <div class='ocr_carea' id='block_1_32' title="bbox 2144 1624 3791 1702">
    <p class='ocr_par' dir='ltr' id='par_1_32' title="bbox 2144 1624 3791 1702">
     <span class='ocr_line' id='line_1_32' title="bbox 2144 1624 3791 1702; baseline 0.004 -23"><span class='ocrx_word' id='word_1_221' title='bbox 2144 1624 2259 1681; x_wconf 87' lang='lat' dir='ltr'><strong>illa</strong></span> <span class='ocrx_word' id='word_1_222' title='bbox 2280 1626 2552 1685; x_wconf 90' lang='lat' dir='ltr'><strong>lectiones</strong></span> <span class='ocrx_word' id='word_1_223' title='bbox 2571 1633 2686 1700; x_wconf 92' lang='lat' dir='ltr'><strong>poti</strong></span> <span class='ocrx_word' id='word_1_224' title='bbox 2700 1648 2764 1687; x_wconf 92' lang='lat' dir='ltr'><strong>us</strong></span> <span class='ocrx_word' id='word_1_225' title='bbox 2784 1641 3038 1702; x_wconf 89' lang='lat' dir='ltr'><strong>respectu</strong></span> <span class='ocrx_word' id='word_1_226' title='bbox 3057 1631 3791 1689; x_wconf 86' lang='lat' dir='ltr'><strong>editionisllenscheniana</strong></span> 
     </span>
    </p>
   </div>
   <div class='ocr_carea' id='block_1_33' title="bbox 391 1690 3790 1787">
    <p class='ocr_par' dir='ltr' id='par_1_33' title="bbox 391 1690 3790 1787">
     <span class='ocr_line' id='line_1_33' title="bbox 391 1690 3790 1787; baseline -0.004 1"><span class='ocrx_word' id='word_1_227' title='bbox 391 1732 562 1775; x_wconf 79' lang='lat' dir='ltr'><strong>manu</strong></span> <span class='ocrx_word' id='word_1_228' title='bbox 592 1718 811 1787; x_wconf 74' lang='lat' dir='ltr'><strong>adiecta</strong></span> <span class='ocrx_word' id='word_1_229' title='bbox 854 1719 1011 1783; x_wconf 67' lang='lat' dir='ltr'><strong>sunt.</strong></span> <span class='ocrx_word' id='word_1_230' title='bbox 1059 1713 1213 1768; x_wconf 78' lang='lat' dir='ltr'><strong>sicut</strong></span> <span class='ocrx_word' id='word_1_231' title='bbox 1242 1717 1298 1767; x_wconf 76' lang='lat' dir='ltr'><strong>et</strong></span> <span class='ocrx_word' id='word_1_232' title='bbox 1342 1712 1401 1766; x_wconf 87' lang='lat' dir='ltr'><strong>in</strong></span> <span class='ocrx_word' id='word_1_233' title='bbox 1436 1710 1545 1765; x_wconf 79' lang='lat' dir='ltr'><strong>ﬁne</strong></span> <span class='ocrx_word' id='word_1_234' title='bbox 1585 1707 1862 1765; x_wconf 86' lang='lat' dir='ltr'><strong>nonnullo</strong></span> <span class='ocrx_word' id='word_1_235' title='bbox 1908 1714 2034 1776; x_wconf 80' lang='lat' dir='ltr'><strong>post</strong></span> <span class='ocrx_word' id='word_1_236' title='bbox 2059 1690 2112 1750; x_wconf 88' lang='grc' dir='ltr'>Β</span> <span class='ocrx_word' id='word_1_237' title='bbox 2146 1728 2315 1785; x_wconf 86' lang='lat' dir='ltr'><strong>quam</strong></span> <span class='ocrx_word' id='word_1_238' title='bbox 2344 1719 2524 1774; x_wconf 88' lang='lat' dir='ltr'><strong>nostri</strong></span> <span class='ocrx_word' id='word_1_239' title='bbox 2554 1690 2771 1776; x_wconf 76' lang='lat' dir='ltr'><strong>codicis</strong></span> <span class='ocrx_word' id='word_1_240' title='bbox 2806 1690 2907 1777; x_wconf 72' lang='lat' dir='ltr'><strong>ms.</strong></span> <span class='ocrx_word' id='word_1_241' title='bbox 2935 1722 3119 1777; x_wconf 91' lang='lat' dir='ltr'><strong>locum</strong></span> <span class='ocrx_word' id='word_1_242' title='bbox 3146 1722 3350 1777; x_wconf 85' lang='lat' dir='ltr'><strong>habere</strong></span> <span class='ocrx_word' id='word_1_243' title='bbox 3379 1720 3790 1774; x_wconf 86' lang='lat' dir='ltr'><strong>animadverte-</strong></span> 
     </span>
    </p>
   </div>
   <div class='ocr_carea' id='block_1_34' title="bbox 388 1799 2036 1873">
    <p class='ocr_par' dir='ltr' id='par_1_34' title="bbox 388 1799 2036 1873">
     <span class='ocr_line' id='line_1_34' title="bbox 388 1799 2036 1873; baseline -0.009 -7"><span class='ocrx_word' id='word_1_244' title='bbox 388 1814 609 1866; x_wconf 84' lang='lat' dir='ltr'><strong>atatem</strong></span> <span class='ocrx_word' id='word_1_245' title='bbox 649 1805 869 1863; x_wconf 90' lang='lat' dir='ltr'><strong>codicis</strong></span> <span class='ocrx_word' id='word_1_246' title='bbox 914 1803 1111 1859; x_wconf 87' lang='lat' dir='ltr'><strong>addita</strong></span> <span class='ocrx_word' id='word_1_247' title='bbox 1164 1801 1452 1873; x_wconf 90' lang='lat' dir='ltr'><strong>leguntur.</strong></span> <span class='ocrx_word' id='word_1_248' title='bbox 1510 1801 1706 1855; x_wconf 56' lang='lat' dir='ltr'><strong>Porro!</strong></span> <span class='ocrx_word' id='word_1_249' title='bbox 1726 1799 1903 1854; x_wconf 80' lang='lat' dir='ltr'><strong>codex</strong></span> <span class='ocrx_word' id='word_1_250' title='bbox 1949 1802 2036 1853; x_wconf 86' lang='lat' dir='ltr'><strong>est</strong></span> 
     </span>
    </p>
   </div>
   <div class='ocr_carea' id='block_1_35' title="bbox 389 1886 2033 1966">
    <p class='ocr_par' dir='ltr' id='par_1_35' title="bbox 389 1886 2033 1966">
     <span class='ocr_line' id='line_1_35' title="bbox 389 1886 2033 1966; baseline -0.009 -12"><span class='ocrx_word' id='word_1_251' title='bbox 389 1900 451 1954; x_wconf 92' lang='lat' dir='ltr'><strong>in</strong></span> <span class='ocrx_word' id='word_1_252' title='bbox 478 1896 640 1966; x_wconf 88' lang='lat' dir='ltr'><strong>folio,</strong></span> <span class='ocrx_word' id='word_1_253' title='bbox 664 1896 846 1952; x_wconf 89' lang='lat' dir='ltr'><strong>forma</strong></span> <span class='ocrx_word' id='word_1_254' title='bbox 867 1892 1166 1964; x_wconf 87' lang='lat' dir='ltr'><strong>quadrata,</strong></span> <span class='ocrx_word' id='word_1_255' title='bbox 1190 1896 1247 1946; x_wconf 90' lang='lat' dir='ltr'><strong>et</strong></span> <span class='ocrx_word' id='word_1_256' title='bbox 1262 1887 1691 1945; x_wconf 89' lang='lat' dir='ltr'><strong>characteribus</strong></span> <span class='ocrx_word' id='word_1_257' title='bbox 1712 1900 1827 1941; x_wconf 87' lang='lat' dir='ltr'><strong>avo</strong></span> <span class='ocrx_word' id='word_1_258' title='bbox 1844 1886 2033 1941; x_wconf 89' lang='lat' dir='ltr'><strong>Caroli</strong></span> 
     </span>
    </p>
   </div>
   <div class='ocr_carea' id='block_1_36' title="bbox 388 1974 2034 2058">
    <p class='ocr_par' dir='ltr' id='par_1_36' title="bbox 388 1974 2034 2058">
     <span class='ocr_line' id='line_1_36' title="bbox 388 1974 2034 2058; baseline -0.01 -13"><span class='ocrx_word' id='word_1_259' title='bbox 388 1986 577 2058; x_wconf 82' lang='lat' dir='ltr'><strong>Magni</strong></span> <span class='ocrx_word' id='word_1_260' title='bbox 604 1984 839 2042; x_wconf 87' lang='lat' dir='ltr'><strong>usitatis</strong></span> <span class='ocrx_word' id='word_1_261' title='bbox 863 1980 1251 2051; x_wconf 89' lang='lat' dir='ltr'><strong>conscriptus.</strong></span> <span class='ocrx_word' id='word_1_262' title='bbox 1281 1978 1439 2034; x_wconf 90' lang='lat' dir='ltr'><strong>Unde</strong></span> <span class='ocrx_word' id='word_1_263' title='bbox 1478 1976 1647 2032; x_wconf 88' lang='lat' dir='ltr'><strong>facile</strong></span> <span class='ocrx_word' id='word_1_264' title='bbox 1690 1974 2034 2031; x_wconf 87' lang='lat' dir='ltr'><strong>crediderim</strong></span> 
     </span>
    </p>
   </div>
   <div class='ocr_carea' id='block_1_37' title="bbox 391 2065 2039 2142">
    <p class='ocr_par' dir='ltr' id='par_1_37' title="bbox 391 2065 2039 2142">
     <span class='ocr_line' id='line_1_37' title="bbox 391 2065 2039 2142; baseline -0.008 -12"><span class='ocrx_word' id='word_1_265' title='bbox 391 2076 516 2130; x_wconf 90' lang='lat' dir='ltr'><strong>illis</strong></span> <span class='ocrx_word' id='word_1_266' title='bbox 561 2072 910 2142; x_wconf 88' lang='lat' dir='ltr'><strong>temporibus</strong></span> <span class='ocrx_word' id='word_1_267' title='bbox 955 2069 1136 2126; x_wconf 91' lang='lat' dir='ltr'><strong>fuisse</strong></span> <span class='ocrx_word' id='word_1_268' title='bbox 1167 2072 1462 2124; x_wconf 88' lang='lat' dir='ltr'><strong>exaratum</strong></span> <span class='ocrx_word' id='word_1_269' title='bbox 1493 2080 1608 2135; x_wconf 90' lang='lat' dir='ltr'><strong>quo</strong></span> <span class='ocrx_word' id='word_1_270' title='bbox 1652 2065 1904 2134; x_wconf 91' lang='lat' dir='ltr'><strong>scriptus</strong></span> <span class='ocrx_word' id='word_1_271' title='bbox 1952 2067 2039 2118; x_wconf 90' lang='lat' dir='ltr'><strong>est</strong></span> 
     </span>
    </p>
   </div>
   <div class='ocr_carea' id='block_1_38' title="bbox 390 2150 2040 2234">
    <p class='ocr_par' dir='ltr' id='par_1_38' title="bbox 390 2150 2040 2234">
     <span class='ocr_line' id='line_1_38' title="bbox 390 2150 2040 2234; baseline -0.008 -15"><span class='ocrx_word' id='word_1_272' title='bbox 390 2162 685 2234; x_wconf 88' lang='lat' dir='ltr'><strong>catalogus</strong></span> <span class='ocrx_word' id='word_1_273' title='bbox 710 2162 1090 2216; x_wconf 82' lang='lat' dir='ltr'><strong>Romanorum</strong></span> <span class='ocrx_word' id='word_1_274' title='bbox 1116 2156 1474 2227; x_wconf 84' lang='lat' dir='ltr'><strong>pontificum,</strong></span> <span class='ocrx_word' id='word_1_275' title='bbox 1497 2155 1596 2227; x_wconf 93' lang='lat' dir='ltr'><strong>qui</strong></span> <span class='ocrx_word' id='word_1_276' title='bbox 1621 2169 1744 2225; x_wconf 87' lang='lat' dir='ltr'><strong>pag.</strong></span> <span class='ocrx_word' id='word_1_277' title='bbox 1774 2150 1839 2208; x_wconf 92' lang='grc'><strong>40</strong></span> <span class='ocrx_word' id='word_1_278' title='bbox 1865 2151 2040 2208; x_wconf 90' lang='lat' dir='ltr'><strong>exhi—</strong></span> 
     </span>
    </p>
   </div>
   <div class='ocr_carea' id='block_1_39' title="bbox 388 2243 2038 2321">
    <p class='ocr_par' dir='ltr' id='par_1_39' title="bbox 388 2243 2038 2321">
     <span class='ocr_line' id='line_1_39' title="bbox 388 2243 2038 2321; baseline -0.008 -12"><span class='ocrx_word' id='word_1_279' title='bbox 388 2253 576 2321; x_wconf 85' lang='lat' dir='ltr'><strong>betur,</strong></span> <span class='ocrx_word' id='word_1_280' title='bbox 606 2257 662 2307; x_wconf 94' lang='lat' dir='ltr'><strong>et</strong></span> <span class='ocrx_word' id='word_1_281' title='bbox 689 2248 908 2305; x_wconf 90' lang='lat' dir='ltr'><strong>desinit</strong></span> <span class='ocrx_word' id='word_1_282' title='bbox 934 2248 994 2303; x_wconf 91' lang='lat' dir='ltr'><strong>in</strong></span> <span class='ocrx_word' id='word_1_283' title='bbox 1023 2246 1281 2302; x_wconf 90' lang='lat' dir='ltr'><strong>Paschali</strong></span> <span class='ocrx_word' id='word_1_284' title='bbox 1317 2243 1366 2300; x_wconf 93' lang='grc'><strong>4.</strong></span> <span class='ocrx_word' id='word_1_285' title='bbox 1414 2245 1509 2300; x_wconf 91' lang='lat' dir='ltr'><strong>cui</strong></span> <span class='ocrx_word' id='word_1_286' title='bbox 1540 2243 1855 2314; x_wconf 83' lang='lat' dir='ltr'><strong>subjicitur</strong></span> <span class='ocrx_word' id='word_1_287' title='bbox 1905 2247 2038 2297; x_wconf 92' lang='lat' dir='ltr'><strong>nota</strong></span> 
     </span>
    </p>
   </div>
   <div class='ocr_carea' id='block_1_40' title="bbox 392 2334 2041 2412">
    <p class='ocr_par' dir='ltr' id='par_1_40' title="bbox 392 2334 2041 2412">
     <span class='ocr_line' id='line_1_40' title="bbox 392 2334 2041 2412; baseline -0.01 -12"><span class='ocrx_word' id='word_1_288' title='bbox 392 2352 709 2412; x_wconf 82' lang='lat' dir='ltr'><strong>temporum</strong></span> <span class='ocrx_word' id='word_1_289' title='bbox 744 2338 839 2394; x_wconf 87' lang='lat' dir='ltr'><strong>his</strong></span> <span class='ocrx_word' id='word_1_290' title='bbox 866 2336 1057 2393; x_wconf 83' lang='lat' dir='ltr'><strong>verbis</strong></span> <span class='ocrx_word' id='word_1_291' title='bbox 1082 2353 1095 2388; x_wconf 87' lang='lat'>:</span> <span class='ocrx_word' id='word_1_292' title='bbox 1123 2336 1173 2389; x_wconf 83' lang='lat' dir='ltr'><strong>A</strong></span> <span class='ocrx_word' id='word_1_293' title='bbox 1198 2337 1458 2389; x_wconf 89' lang='lat' dir='ltr'><strong>Passione</strong></span> <span class='ocrx_word' id='word_1_294' title='bbox 1474 2336 1690 2388; x_wconf 82' lang='lat' dir='ltr'><strong>Domini</strong></span> <span class='ocrx_word' id='word_1_295' title='bbox 1716 2334 1890 2385; x_wconf 83' lang='lat' dir='ltr'><strong>nostri</strong></span> <span class='ocrx_word' id='word_1_296' title='bbox 1911 2334 2041 2384; x_wconf 85' lang='lat' dir='ltr'><strong>Jesu</strong></span> 
     </span>
    </p>
   </div>
   <div class='ocr_carea' id='block_1_41' title="bbox 392 2422 2041 2498">
    <p class='ocr_par' dir='ltr' id='par_1_41' title="bbox 392 2422 2041 2498">
     <span class='ocr_line' id='line_1_41' title="bbox 392 2422 2041 2498; baseline -0.01 -10"><span class='ocrx_word' id='word_1_297' title='bbox 392 2433 595 2489; x_wconf 84' lang='lat' dir='ltr'><strong>Christi</strong></span> <span class='ocrx_word' id='word_1_298' title='bbox 637 2443 807 2498; x_wconf 88' lang='lat' dir='ltr'><strong>usque</strong></span> <span class='ocrx_word' id='word_1_299' title='bbox 854 2426 930 2479; x_wconf 89' lang='lat' dir='ltr'><strong>ad</strong></span> <span class='ocrx_word' id='word_1_300' title='bbox 975 2424 1153 2479; x_wconf 86' lang='lat' dir='ltr'><strong>sedem</strong></span> <span class='ocrx_word' id='word_1_301' title='bbox 1185 2424 1483 2477; x_wconf 83' lang='lat' dir='ltr'><strong>beatissimi</strong></span> <span class='ocrx_word' id='word_1_302' title='bbox 1518 2422 1830 2476; x_wconf 81' lang='lat' dir='ltr'><strong>Marcellini</strong></span> <span class='ocrx_word' id='word_1_303' title='bbox 1880 2435 2041 2488; x_wconf 84' lang='lat' dir='ltr'><strong>papa</strong></span> 
     </span>
    </p>
   </div>
   <div class='ocr_carea' id='block_1_42' title="bbox 393 2509 2039 2579">
    <p class='ocr_par' dir='ltr' id='par_1_42' title="bbox 393 2509 2039 2579">
     <span class='ocr_line' id='line_1_42' title="bbox 393 2509 2039 2579; baseline -0.01 -3"><span class='ocrx_word' id='word_1_304' title='bbox 393 2525 522 2577; x_wconf 89' lang='lat' dir='ltr'><strong>sunt</strong></span> <span class='ocrx_word' id='word_1_305' title='bbox 562 2521 699 2574; x_wconf 88' lang='lat' dir='ltr'><strong>anni</strong></span> <span class='ocrx_word' id='word_1_306' title='bbox 744 2511 872 2579; x_wconf 70' lang='lat'><strong>276,</strong></span> <span class='ocrx_word' id='word_1_307' title='bbox 901 2528 1107 2570; x_wconf 81' lang='lat' dir='ltr'><strong>menses</strong></span> <span class='ocrx_word' id='word_1_308' title='bbox 1146 2510 1199 2567; x_wconf 92' lang='lat'><strong>8.</strong></span> <span class='ocrx_word' id='word_1_309' title='bbox 1244 2513 1321 2565; x_wconf 88' lang='lat' dir='ltr'><strong>De</strong></span> <span class='ocrx_word' id='word_1_310' title='bbox 1373 2511 1680 2579; x_wconf 86' lang='lat' dir='ltr'><strong>apostolatu</strong></span> <span class='ocrx_word' id='word_1_311' title='bbox 1715 2509 1840 2577; x_wconf 84' lang='lat' dir='ltr'><strong>jam</strong></span> <span class='ocrx_word' id='word_1_312' title='bbox 1892 2510 2039 2574; x_wconf 84' lang='lat' dir='ltr'><strong>facto</strong></span> 
     </span>
    </p>
   </div>
   <div class='ocr_carea' id='block_1_43' title="bbox 394 2596 2043 2675">
    <p class='ocr_par' dir='ltr' id='par_1_43' title="bbox 394 2596 2043 2675">
     <span class='ocr_line' id='line_1_43' title="bbox 394 2596 2043 2675; baseline -0.011 -10"><span class='ocrx_word' id='word_1_313' title='bbox 394 2610 598 2665; x_wconf 79' lang='lat' dir='ltr'><strong>Christi</strong></span> <span class='ocrx_word' id='word_1_314' title='bbox 617 2606 881 2675; x_wconf 79' lang='lat' dir='ltr'><strong>martyris</strong></span> <span class='ocrx_word' id='word_1_315' title='bbox 910 2602 1221 2658; x_wconf 84' lang='lat' dir='ltr'><strong>Marcellini</strong></span> <span class='ocrx_word' id='word_1_316' title='bbox 1240 2614 1411 2667; x_wconf 88' lang='lat' dir='ltr'><strong>usque</strong></span> <span class='ocrx_word' id='word_1_317' title='bbox 1432 2603 1640 2667; x_wconf 85' lang='lat' dir='ltr'><strong>tempus</strong></span> <span class='ocrx_word' id='word_1_318' title='bbox 1663 2596 2043 2663; x_wconf 82' lang='lat' dir='ltr'><strong>gloriosissimi</strong></span> 
     </span>
    </p>
   </div>
   <div class='ocr_carea' id='block_1_44' title="bbox 394 2686 2044 2760">
    <p class='ocr_par' dir='ltr' id='par_1_44' title="bbox 394 2686 2044 2760">
     <span class='ocr_line' id='line_1_44' title="bbox 394 2686 2044 2760; baseline -0.011 -7"><span class='ocrx_word' id='word_1_319' title='bbox 394 2699 613 2753; x_wconf 86' lang='lat' dir='ltr'><strong>Domini</strong></span> <span class='ocrx_word' id='word_1_320' title='bbox 643 2695 826 2750; x_wconf 83' lang='lat' dir='ltr'><strong>Caroli</strong></span> <span class='ocrx_word' id='word_1_321' title='bbox 851 2692 998 2760; x_wconf 87' lang='lat' dir='ltr'><strong>regis</strong></span> <span class='ocrx_word' id='word_1_322' title='bbox 1022 2687 1093 2745; x_wconf 72' lang='grc'><strong>25</strong></span> <span class='ocrx_word' id='word_1_323' title='bbox 1112 2690 1276 2743; x_wconf 89' lang='lat' dir='ltr'><strong>annis</strong></span> <span class='ocrx_word' id='word_1_324' title='bbox 1306 2688 1464 2753; x_wconf 87' lang='lat' dir='ltr'><strong>regni</strong></span> <span class='ocrx_word' id='word_1_325' title='bbox 1488 2686 1626 2753; x_wconf 87' lang='lat' dir='ltr'><strong>ejus,</strong></span> <span class='ocrx_word' id='word_1_326' title='bbox 1651 2686 1746 2738; x_wconf 91' lang='lat' dir='ltr'><strong>hoc</strong></span> <span class='ocrx_word' id='word_1_327' title='bbox 1774 2689 1851 2737; x_wconf 87' lang='lat' dir='ltr'><strong>est</strong></span> <span class='ocrx_word' id='word_1_328' title='bbox 1872 2698 2044 2751; x_wconf 87' lang='lat' dir='ltr'><strong>usque</strong></span> 
     </span>
    </p>
   </div>
   <div class='ocr_carea' id='block_1_45' title="bbox 393 2770 2043 2852">
    <p class='ocr_par' dir='ltr' id='par_1_45' title="bbox 393 2770 2043 2852">
     <span class='ocr_line' id='line_1_45' title="bbox 393 2770 2043 2852; baseline -0.01 -10"><span class='ocrx_word' id='word_1_329' title='bbox 393 2800 498 2841; x_wconf 82' lang='lat' dir='ltr'><strong>vm</strong></span> <span class='ocrx_word' id='word_1_330' title='bbox 538 2784 660 2839; x_wconf 86' lang='lat' dir='ltr'><strong>Kal.</strong></span> <span class='ocrx_word' id='word_1_331' title='bbox 711 2781 929 2852; x_wconf 85' lang='lat' dir='ltr'><strong>aprilis,</strong></span> <span class='ocrx_word' id='word_1_332' title='bbox 974 2783 1101 2833; x_wconf 88' lang='lat' dir='ltr'><strong>sunt</strong></span> <span class='ocrx_word' id='word_1_333' title='bbox 1130 2778 1267 2831; x_wconf 86' lang='lat' dir='ltr'><strong>anni</strong></span> <span class='ocrx_word' id='word_1_334' title='bbox 1295 2772 1399 2831; x_wconf 80' lang='grc'><strong>490</strong></span> <span class='ocrx_word' id='word_1_335' title='bbox 1428 2780 1478 2829; x_wconf 90' lang='lat' dir='ltr'><strong>et</strong></span> <span class='ocrx_word' id='word_1_336' title='bbox 1531 2789 1737 2827; x_wconf 88' lang='lat' dir='ltr'><strong>menses</strong></span> <span class='ocrx_word' id='word_1_337' title='bbox 1766 2770 1848 2826; x_wconf 91' lang='grc'><strong>43.</strong></span> <span class='ocrx_word' id='word_1_338' title='bbox 1878 2771 2043 2826; x_wconf 83' lang='lat' dir='ltr'><strong>Circa</strong></span> 
     </span>
    </p>
   </div>
   <div class='ocr_carea' id='block_1_46' title="bbox 398 2859 2041 2946">
    <p class='ocr_par' dir='ltr' id='par_1_46' title="bbox 398 2859 2041 2946">
     <span class='ocr_line' id='line_1_46' title="bbox 398 2859 2041 2946; baseline -0.011 -14"><span class='ocrx_word' id='word_1_339' title='bbox 398 2876 506 2931; x_wconf 92' lang='lat' dir='ltr'><strong>hoc</strong></span> <span class='ocrx_word' id='word_1_340' title='bbox 557 2873 739 2946; x_wconf 88' lang='lat' dir='ltr'><strong>igitur</strong></span> <span class='ocrx_word' id='word_1_341' title='bbox 783 2876 1027 2938; x_wconf 91' lang='lat' dir='ltr'><strong>tempus,</strong></span> <span class='ocrx_word' id='word_1_342' title='bbox 1062 2866 1119 2921; x_wconf 90' lang='lat' dir='ltr'><strong>id</strong></span> <span class='ocrx_word' id='word_1_343' title='bbox 1152 2871 1239 2921; x_wconf 89' lang='lat' dir='ltr'><strong>est</strong></span> <span class='ocrx_word' id='word_1_344' title='bbox 1272 2865 1443 2935; x_wconf 90' lang='lat' dir='ltr'><strong>paulo</strong></span> <span class='ocrx_word' id='word_1_345' title='bbox 1476 2868 1603 2934; x_wconf 90' lang='lat' dir='ltr'><strong>post</strong></span> <span class='ocrx_word' id='word_1_346' title='bbox 1631 2861 1871 2917; x_wconf 91' lang='lat' dir='ltr'><strong>initium</strong></span> <span class='ocrx_word' id='word_1_347' title='bbox 1906 2859 2041 2916; x_wconf 91' lang='lat' dir='ltr'><strong>noni</strong></span> 
     </span>
    </p>
   </div>
   <div class='ocr_carea' id='block_1_47' title="bbox 400 2950 2044 3029">
    <p class='ocr_par' dir='ltr' id='par_1_47' title="bbox 400 2950 2044 3029">
     <span class='ocr_line' id='line_1_47' title="bbox 400 2950 2044 3029; baseline -0.011 -8"><span class='ocrx_word' id='word_1_348' title='bbox 400 2963 617 3029; x_wconf 88' lang='lat' dir='ltr'><strong>saculi,</strong></span> <span class='ocrx_word' id='word_1_349' title='bbox 650 2959 1018 3027; x_wconf 90' lang='lat' dir='ltr'><strong>conacriptus</strong></span> <span class='ocrx_word' id='word_1_350' title='bbox 1048 2955 1276 3011; x_wconf 91' lang='lat' dir='ltr'><strong>videtur</strong></span> <span class='ocrx_word' id='word_1_351' title='bbox 1299 2953 1475 3009; x_wconf 93' lang='lat' dir='ltr'><strong>codex</strong></span> <span class='ocrx_word' id='word_1_352' title='bbox 1516 2952 1800 3022; x_wconf 89' lang='lat' dir='ltr'><strong>quondam</strong></span> <span class='ocrx_word' id='word_1_353' title='bbox 1836 2950 2044 3020; x_wconf 87' lang='lat' dir='ltr'><strong>regina</strong></span> 
     </span>
    </p>
   </div>
   <div class='ocr_carea' id='block_1_48' title="bbox 400 3039 2042 3121">
    <p class='ocr_par' dir='ltr' id='par_1_48' title="bbox 400 3039 2042 3121">
     <span class='ocr_line' id='line_1_48' title="bbox 400 3039 2042 3121; baseline -0.01 -12"><span class='ocrx_word' id='word_1_354' title='bbox 400 3052 637 3121; x_wconf 85' lang='lat' dir='ltr'><strong>Suecia,</strong></span> <span class='ocrx_word' id='word_1_355' title='bbox 679 3061 833 3104; x_wconf 91' lang='lat' dir='ltr'><strong>nunc</strong></span> <span class='ocrx_word' id='word_1_356' title='bbox 884 3044 1249 3101; x_wconf 89' lang='lat' dir='ltr'><strong>bibliotheca</strong></span> <span class='ocrx_word' id='word_1_357' title='bbox 1289 3041 1688 3097; x_wconf 83' lang='lat' dir='ltr'><strong>Alexandrina</strong></span> <span class='ocrx_word' id='word_1_358' title='bbox 1737 3039 2042 3108; x_wconf 88' lang='lat' dir='ltr'><strong>Vaticana,</strong></span> 
     </span>
    </p>
   </div>
   <div class='ocr_carea' id='block_1_49' title="bbox 404 3128 2045 3211">
    <p class='ocr_par' dir='ltr' id='par_1_49' title="bbox 404 3128 2045 3211">
     <span class='ocr_line' id='line_1_49' title="bbox 404 3128 2045 3211; baseline -0.01 -12"><span class='ocrx_word' id='word_1_359' title='bbox 404 3156 469 3199; x_wconf 79' lang='lat' dir='ltr'><strong>ex</strong></span> <span class='ocrx_word' id='word_1_360' title='bbox 496 3153 608 3211; x_wconf 93' lang='lat' dir='ltr'><strong>quo</strong></span> <span class='ocrx_word' id='word_1_361' title='bbox 624 3137 938 3194; x_wconf 87' lang='lat' dir='ltr'><strong>secundum</strong></span> <span class='ocrx_word' id='word_1_362' title='bbox 960 3134 1342 3189; x_wconf 86' lang='lat' dir='ltr'><strong>Romanorum</strong></span> <span class='ocrx_word' id='word_1_363' title='bbox 1363 3130 1697 3200; x_wconf 86' lang='lat' dir='ltr'><strong>pontificum</strong></span> <span class='ocrx_word' id='word_1_364' title='bbox 1714 3128 2045 3198; x_wconf 85' lang='lat' dir='ltr'><strong>Catalogum</strong></span> 
     </span>
    </p>
   </div>
   <div class='ocr_carea' id='block_1_50' title="bbox 406 3217 2050 3298">
    <p class='ocr_par' dir='ltr' id='par_1_50' title="bbox 406 3217 2050 3298">
     <span class='ocr_line' id='line_1_50' title="bbox 406 3217 2050 3298; baseline -0.01 -11"><span class='ocrx_word' id='word_1_365' title='bbox 406 3231 652 3298; x_wconf 90' lang='lat' dir='ltr'><strong>edimus,</strong></span> <span class='ocrx_word' id='word_1_366' title='bbox 685 3237 853 3296; x_wconf 86' lang='lat' dir='ltr'><strong>quem</strong></span> <span class='ocrx_word' id='word_1_367' title='bbox 878 3223 1053 3292; x_wconf 90' lang='lat' dir='ltr'><strong>hujus</strong></span> <span class='ocrx_word' id='word_1_368' title='bbox 1071 3219 1292 3276; x_wconf 90' lang='lat' dir='ltr'><strong>codicis</strong></span> <span class='ocrx_word' id='word_1_369' title='bbox 1308 3217 1647 3274; x_wconf 88' lang='lat' dir='ltr'><strong>tabellarius</strong></span> <span class='ocrx_word' id='word_1_370' title='bbox 1665 3231 1733 3273; x_wconf 85' lang='lat' dir='ltr'><strong>ex</strong></span> <span class='ocrx_word' id='word_1_371' title='bbox 1760 3217 1877 3272; x_wconf 91' lang='lat' dir='ltr'><strong>alio</strong></span> <span class='ocrx_word' id='word_1_372' title='bbox 1902 3218 2050 3272; x_wconf 89' lang='lat' dir='ltr'><strong>anti-</strong></span> 
     </span>
    </p>
   </div>
   <div class='ocr_carea' id='block_1_51' title="bbox 408 3311 1181 3391">
    <p class='ocr_par' dir='ltr' id='par_1_51' title="bbox 408 3311 1181 3391">
     <span class='ocr_line' id='line_1_51' title="bbox 408 3311 1181 3391; baseline -0.017 -15"><span class='ocrx_word' id='word_1_373' title='bbox 408 3317 602 3391; x_wconf 91' lang='lat' dir='ltr'><strong>quiori</strong></span> <span class='ocrx_word' id='word_1_374' title='bbox 630 3314 827 3371; x_wconf 92' lang='lat' dir='ltr'><strong>codice</strong></span> <span class='ocrx_word' id='word_1_375' title='bbox 853 3311 1181 3380; x_wconf 88' lang='lat' dir='ltr'><strong>descripsit.</strong></span> 
     </span>
    </p>
   </div>
   <div class='ocr_carea' id='block_1_52' title="bbox 476 3395 2054 3471">
    <p class='ocr_par' dir='ltr' id='par_1_52' title="bbox 476 3395 2054 3471">
     <span class='ocr_line' id='line_1_52' title="bbox 476 3395 2054 3471; baseline -0.009 -8"><span class='ocrx_word' id='word_1_376' title='bbox 476 3405 532 3471; x_wconf 82' lang='lat'><strong>5,</strong></span> <span class='ocrx_word' id='word_1_377' title='bbox 563 3405 792 3461; x_wconf 86' lang='lat' dir='ltr'><strong>Certum</strong></span> <span class='ocrx_word' id='word_1_378' title='bbox 825 3402 998 3470; x_wconf 91' lang='lat' dir='ltr'><strong>hujus</strong></span> <span class='ocrx_word' id='word_1_379' title='bbox 1032 3396 1294 3453; x_wconf 89' lang='lat' dir='ltr'><strong>veritatis</strong></span> <span class='ocrx_word' id='word_1_380' title='bbox 1334 3400 1738 3466; x_wconf 85' lang='lat' dir='ltr'><strong>argumentum</strong></span> <span class='ocrx_word' id='word_1_381' title='bbox 1770 3395 2054 3463; x_wconf 88' lang='lat' dir='ltr'><strong>suppedi-</strong></span> 
     </span>
    </p>
   </div>
   <div class='ocr_carea' id='block_1_53' title="bbox 411 3483 2053 3562">
    <p class='ocr_par' dir='ltr' id='par_1_53' title="bbox 411 3483 2053 3562">
     <span class='ocr_line' id='line_1_53' title="bbox 411 3483 2053 3562; baseline -0.009 -10"><span class='ocrx_word' id='word_1_382' title='bbox 411 3501 610 3553; x_wconf 91' lang='lat' dir='ltr'><strong>tarunt</strong></span> <span class='ocrx_word' id='word_1_383' title='bbox 639 3505 822 3562; x_wconf 89' lang='lat' dir='ltr'><strong>nuper</strong></span> <span class='ocrx_word' id='word_1_384' title='bbox 851 3490 1058 3545; x_wconf 89' lang='lat' dir='ltr'><strong>littera</strong></span> <span class='ocrx_word' id='word_1_385' title='bbox 1085 3486 1199 3541; x_wconf 87' lang='lat' dir='ltr'><strong>viri</strong></span> <span class='ocrx_word' id='word_1_386' title='bbox 1229 3484 1319 3540; x_wconf 91' lang='lat' dir='ltr'><strong>Cl.</strong></span> <span class='ocrx_word' id='word_1_387' title='bbox 1364 3484 1600 3540; x_wconf 87' lang='lat' dir='ltr'><strong>Antonii</strong></span> <span class='ocrx_word' id='word_1_388' title='bbox 1628 3483 1808 3555; x_wconf 87' lang='lat' dir='ltr'><strong>Pagii,</strong></span> <span class='ocrx_word' id='word_1_389' title='bbox 1839 3483 2053 3553; x_wconf 86' lang='lat' dir='ltr'><strong>quibus</strong></span> 
     </span>
    </p>
   </div>
   <div class='ocr_carea' id='block_1_54' title="bbox 412 3571 2052 3645">
    <p class='ocr_par' dir='ltr' id='par_1_54' title="bbox 412 3571 2052 3645">
     <span class='ocr_line' id='line_1_54' title="bbox 412 3571 2052 3645; baseline -0.01 -4"><span class='ocrx_word' id='word_1_390' title='bbox 412 3582 614 3641; x_wconf 87' lang='lat' dir='ltr'><strong>retulit</strong></span> <span class='ocrx_word' id='word_1_391' title='bbox 633 3580 793 3637; x_wconf 90' lang='lat' dir='ltr'><strong>aliud</strong></span> <span class='ocrx_word' id='word_1_392' title='bbox 818 3578 993 3645; x_wconf 90' lang='lat' dir='ltr'><strong>hujus</strong></span> <span class='ocrx_word' id='word_1_393' title='bbox 1010 3573 1266 3645; x_wconf 88' lang='lat' dir='ltr'><strong>Catalogi</strong></span> <span class='ocrx_word' id='word_1_394' title='bbox 1287 3572 1575 3642; x_wconf 83' lang='lat' dir='ltr'><strong>exemplar</strong></span> <span class='ocrx_word' id='word_1_395' title='bbox 1595 3586 1701 3627; x_wconf 91' lang='lat' dir='ltr'><strong>ms.</strong></span> <span class='ocrx_word' id='word_1_396' title='bbox 1726 3572 1967 3640; x_wconf 89' lang='lat' dir='ltr'><strong>reperiri</strong></span> <span class='ocrx_word' id='word_1_397' title='bbox 1994 3571 2052 3625; x_wconf 93' lang='lat' dir='ltr'><strong>in</strong></span> 
     </span>
    </p>
   </div>
   <div class='ocr_carea' id='block_1_55' title="bbox 414 3660 2051 3731">
    <p class='ocr_par' dir='ltr' id='par_1_55' title="bbox 414 3660 2051 3731">
     <span class='ocr_line' id='line_1_55' title="bbox 414 3660 2051 3731; baseline -0.007 -3"><span class='ocrx_word' id='word_1_398' title='bbox 414 3671 766 3729; x_wconf 90' lang='lat' dir='ltr'><strong>bibliotheca</strong></span> <span class='ocrx_word' id='word_1_399' title='bbox 790 3665 1152 3722; x_wconf 90' lang='lat' dir='ltr'><strong>Colbertina:</strong></span> <span class='ocrx_word' id='word_1_400' title='bbox 1188 3683 1213 3714; x_wconf 84' lang='lat'><strong>«</strong></span> <span class='ocrx_word' id='word_1_401' title='bbox 1238 3663 1296 3717; x_wconf 87' lang='lat' dir='ltr'><strong>In</strong></span> <span class='ocrx_word' id='word_1_402' title='bbox 1326 3660 1675 3717; x_wconf 86' lang='lat' dir='ltr'><strong>bibliotheca</strong></span> <span class='ocrx_word' id='word_1_403' title='bbox 1704 3661 2051 3731; x_wconf 91' lang='lat' dir='ltr'><strong>Colbertina,</strong></span> 
     </span>
    </p>
   </div>
   <div class='ocr_carea' id='block_1_56' title="bbox 418 3750 2059 3832">
    <p class='ocr_par' dir='ltr' id='par_1_56' title="bbox 418 3750 2059 3832">
     <span class='ocr_line' id='line_1_56' title="bbox 418 3750 2059 3832; baseline -0.008 -15"><span class='ocrx_word' id='word_1_404' title='bbox 418 3761 632 3832; x_wconf 89' lang='lat' dir='ltr'><strong>inquit,</strong></span> <span class='ocrx_word' id='word_1_405' title='bbox 661 3760 847 3812; x_wconf 83' lang='lat' dir='ltr'><strong>exstat</strong></span> <span class='ocrx_word' id='word_1_406' title='bbox 871 3751 1196 3821; x_wconf 89' lang='lat' dir='ltr'><strong>Catalogus,</strong></span> <span class='ocrx_word' id='word_1_407' title='bbox 1226 3763 1258 3803; x_wconf 92' lang='lat' dir='ltr'><strong>a</strong></span> <span class='ocrx_word' id='word_1_408' title='bbox 1286 3764 1398 3818; x_wconf 90' lang='lat' dir='ltr'><strong>quo</strong></span> <span class='ocrx_word' id='word_1_409' title='bbox 1431 3750 1699 3806; x_wconf 87' lang='lat' dir='ltr'><strong>Baluzius</strong></span> <span class='ocrx_word' id='word_1_410' title='bbox 1729 3751 1819 3806; x_wconf 87' lang='lat' dir='ltr'><strong>vir</strong></span> <span class='ocrx_word' id='word_1_411' title='bbox 1844 3751 2059 3806; x_wconf 88' lang='lat' dir='ltr'><strong>claris—</strong></span> 
     </span>
    </p>
   </div>
   <div class='ocr_carea' id='block_1_57' title="bbox 415 3837 2059 3907">
    <p class='ocr_par' dir='ltr' id='par_1_57' title="bbox 415 3837 2059 3907">
     <span class='ocr_line' id='line_1_57' title="bbox 415 3837 2059 3907; baseline -0.012 0"><span class='ocrx_word' id='word_1_412' title='bbox 415 3850 601 3907; x_wconf 91' lang='lat' dir='ltr'><strong>simus</strong></span> <span class='ocrx_word' id='word_1_413' title='bbox 642 3841 937 3899; x_wconf 84' lang='lat' dir='ltr'><strong>existimat</strong></span> <span class='ocrx_word' id='word_1_414' title='bbox 981 3837 1312 3907; x_wconf 83' lang='lat' dir='ltr'><strong>Catalogum</strong></span> <span class='ocrx_word' id='word_1_415' title='bbox 1363 3838 1572 3906; x_wconf 83' lang='lat' dir='ltr'><strong>regina</strong></span> <span class='ocrx_word' id='word_1_416' title='bbox 1616 3839 1831 3893; x_wconf 86' lang='lat' dir='ltr'><strong>Suecia</strong></span> <span class='ocrx_word' id='word_1_417' title='bbox 1880 3839 2059 3897; x_wconf 83' lang='lat' dir='ltr'><strong>fuisse</strong></span> 
     </span>
    </p>
   </div>
   <div class='ocr_carea' id='block_1_58' title="bbox 415 3921 2058 4004">
    <p class='ocr_par' dir='ltr' id='par_1_58' title="bbox 415 3921 2058 4004">
     <span class='ocr_line' id='line_1_58' title="bbox 415 3921 2058 4004; baseline -0.006 -9"><span class='ocrx_word' id='word_1_418' title='bbox 415 3935 790 4004; x_wconf 88' lang='lat' dir='ltr'><strong>descriptum.</strong></span> <span class='ocrx_word' id='word_1_419' title='bbox 827 3946 853 3977; x_wconf 83' lang='lat'><strong><em>»</em></strong></span> <span class='ocrx_word' id='word_1_420' title='bbox 892 3929 970 3982; x_wconf 89' lang='lat' dir='ltr'><strong>De</strong></span> <span class='ocrx_word' id='word_1_421' title='bbox 1005 3926 1110 3980; x_wconf 90' lang='lat' dir='ltr'><strong>hoc</strong></span> <span class='ocrx_word' id='word_1_422' title='bbox 1153 3922 1350 3979; x_wconf 87' lang='lat' dir='ltr'><strong>codice</strong></span> <span class='ocrx_word' id='word_1_423' title='bbox 1394 3921 1792 3992; x_wconf 83' lang='lat' dir='ltr'><strong>frequentibus</strong></span> <span class='ocrx_word' id='word_1_424' title='bbox 1833 3929 2058 3985; x_wconf 87' lang='lat' dir='ltr'><strong>vicibus</strong></span> 
     </span>
    </p>
   </div>
   <div class='ocr_carea' id='block_1_59' title="bbox 418 4011 2055 4100">
    <p class='ocr_par' dir='ltr' id='par_1_59' title="bbox 418 4011 2055 4100">
     <span class='ocr_line' id='line_1_59' title="bbox 418 4011 2055 4100; baseline -0.015 -14"><span class='ocrx_word' id='word_1_425' title='bbox 418 4026 634 4100; x_wconf 90' lang='lat' dir='ltr'><strong>quibus</strong></span> <span class='ocrx_word' id='word_1_426' title='bbox 657 4017 900 4076; x_wconf 86' lang='lat' dir='ltr'><strong>Parisiis</strong></span> <span class='ocrx_word' id='word_1_427' title='bbox 924 4013 1034 4085; x_wconf 93' lang='lat' dir='ltr'><strong>fui,</strong></span> <span class='ocrx_word' id='word_1_428' title='bbox 1058 4011 1210 4068; x_wconf 91' lang='lat' dir='ltr'><strong>nihil</strong></span> <span class='ocrx_word' id='word_1_429' title='bbox 1231 4011 1719 4100; x_wconf 15' lang='lat' dir='ltr'><strong>audiveram,‘nec</strong></span> <span class='ocrx_word' id='word_1_430' title='bbox 1741 4016 2055 4085; x_wconf 83' lang='lat' dir='ltr'><strong>quidquam</strong></span> 
     </span>
    </p>
   </div>
   <div class='ocr_carea' id='block_1_60' title="bbox 417 4097 2059 4183">
    <p class='ocr_par' dir='ltr' id='par_1_60' title="bbox 417 4097 2059 4183">
     <span class='ocr_line' id='line_1_60' title="bbox 417 4097 2059 4183; baseline -0.008 -10"><span class='ocrx_word' id='word_1_431' title='bbox 417 4097 549 4173; x_wconf 76' lang='lat' dir='ltr'><strong>ante</strong></span> <span class='ocrx_word' id='word_1_432' title='bbox 569 4111 727 4183; x_wconf 87' lang='lat' dir='ltr'><strong>Pagii</strong></span> <span class='ocrx_word' id='word_1_433' title='bbox 759 4108 983 4164; x_wconf 86' lang='lat' dir='ltr'><strong>litteras</strong></span> <span class='ocrx_word' id='word_1_434' title='bbox 1012 4102 1081 4158; x_wconf 90' lang='lat' dir='ltr'><strong>ad</strong></span> <span class='ocrx_word' id='word_1_435' title='bbox 1134 4100 1298 4155; x_wconf 83' lang='lat' dir='ltr'><strong>tinem</strong></span> <span class='ocrx_word' id='word_1_436' title='bbox 1338 4099 1475 4153; x_wconf 91' lang='lat' dir='ltr'><strong>anni</strong></span> <span class='ocrx_word' id='word_1_437' title='bbox 1519 4097 1656 4155; x_wconf 85' lang='grc'><strong>4680</strong></span> <span class='ocrx_word' id='word_1_438' title='bbox 1684 4101 1751 4155; x_wconf 91' lang='lat' dir='ltr'><strong>ad</strong></span> <span class='ocrx_word' id='word_1_439' title='bbox 1783 4115 1868 4156; x_wconf 91' lang='lat' dir='ltr'><strong>me</strong></span> <span class='ocrx_word' id='word_1_440' title='bbox 1895 4104 2059 4160; x_wconf 89' lang='lat' dir='ltr'><strong>datas</strong></span> 
     </span>
    </p>
   </div>
   <div class='ocr_carea' id='block_1_61' title="bbox 418 4187 2061 4276">
    <p class='ocr_par' dir='ltr' id='par_1_61' title="bbox 418 4187 2061 4276">
     <span class='ocr_line' id='line_1_61' title="bbox 418 4187 2061 4276; baseline -0.007 -16"><span class='ocrx_word' id='word_1_441' title='bbox 418 4211 795 4276; x_wconf 90' lang='lat' dir='ltr'><strong>perceperam.</strong></span> <span class='ocrx_word' id='word_1_442' title='bbox 857 4194 1042 4263; x_wconf 89' lang='lat' dir='ltr'><strong>Quare</strong></span> <span class='ocrx_word' id='word_1_443' title='bbox 1107 4201 1311 4259; x_wconf 88' lang='lat' dir='ltr'><strong>magno</strong></span> <span class='ocrx_word' id='word_1_444' title='bbox 1368 4187 1729 4244; x_wconf 89' lang='lat' dir='ltr'><strong>addiscenda</strong></span> <span class='ocrx_word' id='word_1_445' title='bbox 1798 4192 2061 4250; x_wconf 88' lang='lat' dir='ltr'><strong>veritatis</strong></span> 
     </span>
    </p>
   </div>
   <div class='ocr_carea' id='block_1_62' title="bbox 417 4275 2055 4353">
    <p class='ocr_par' dir='ltr' id='par_1_62' title="bbox 417 4275 2055 4353">
     <span class='ocr_line' id='line_1_62' title="bbox 417 4275 2055 4353; baseline -0.007 -2"><span class='ocrx_word' id='word_1_446' title='bbox 417 4275 613 4351; x_wconf 79' lang='lat' dir='ltr'><strong>Studio</strong></span> <span class='ocrx_word' id='word_1_447' title='bbox 642 4289 872 4353; x_wconf 84' lang='lat' dir='ltr'><strong>ductus,</strong></span> <span class='ocrx_word' id='word_1_448' title='bbox 915 4278 1197 4335; x_wconf 88' lang='lat' dir='ltr'><strong>Lutetiam</strong></span> <span class='ocrx_word' id='word_1_449' title='bbox 1241 4275 1448 4346; x_wconf 92' lang='lat' dir='ltr'><strong>scripsi</strong></span> <span class='ocrx_word' id='word_1_450' title='bbox 1482 4275 1550 4331; x_wconf 89' lang='lat' dir='ltr'><strong>ad</strong></span> <span class='ocrx_word' id='word_1_451' title='bbox 1592 4277 1653 4332; x_wconf 86' lang='lat' dir='ltr'><strong>V.</strong></span> <span class='ocrx_word' id='word_1_452' title='bbox 1677 4277 1760 4333; x_wconf 92' lang='lat' dir='ltr'><strong>Cl.</strong></span> <span class='ocrx_word' id='word_1_453' title='bbox 1787 4280 2055 4339; x_wconf 83' lang='lat' dir='ltr'><strong>Joannem</strong></span> 
     </span>
    </p>
   </div>
   <div class='ocr_carea' id='block_1_63' title="bbox 2147 1804 3791 1882">
    <p class='ocr_par' dir='ltr' id='par_1_63' title="bbox 2147 1804 3791 1882">
     <span class='ocr_line' id='line_1_63' title="bbox 2147 1804 3791 1882; baseline 0.004 -26"><span class='ocrx_word' id='word_1_454' title='bbox 2147 1804 2274 1858; x_wconf 91' lang='lat' dir='ltr'><strong>rim.</strong></span> <span class='ocrx_word' id='word_1_455' title='bbox 2310 1807 2405 1862; x_wconf 90' lang='lat' dir='ltr'><strong>Sic</strong></span> <span class='ocrx_word' id='word_1_456' title='bbox 2430 1815 2591 1864; x_wconf 90' lang='lat' dir='ltr'><strong>notat</strong></span> <span class='ocrx_word' id='word_1_457' title='bbox 2633 1810 2723 1864; x_wconf 91' lang='lat' dir='ltr'><strong>vir</strong></span> <span class='ocrx_word' id='word_1_458' title='bbox 2759 1811 2831 1865; x_wconf 91' lang='lat' dir='ltr'><strong>cl.</strong></span> <span class='ocrx_word' id='word_1_459' title='bbox 2864 1811 2974 1882; x_wconf 86' lang='lat' dir='ltr'><strong>legi</strong></span> <span class='ocrx_word' id='word_1_460' title='bbox 3010 1811 3066 1864; x_wconf 91' lang='lat' dir='ltr'><strong>in</strong></span> <span class='ocrx_word' id='word_1_461' title='bbox 3114 1811 3311 1865; x_wconf 89' lang='lat' dir='ltr'><strong>Petro:</strong></span> <span class='ocrx_word' id='word_1_462' title='bbox 3346 1811 3411 1862; x_wconf 90' lang='lat' dir='ltr'><strong>In</strong></span> <span class='ocrx_word' id='word_1_463' title='bbox 3442 1811 3791 1863; x_wconf 81' lang='lat' dir='ltr'><strong>territurium</strong></span> 
     </span>
    </p>
   </div>
   <div class='ocr_carea' id='block_1_64' title="bbox 2144 1895 3791 1968">
    <p class='ocr_par' dir='ltr' id='par_1_64' title="bbox 2144 1895 3791 1968">
     <span class='ocr_line' id='line_1_64' title="bbox 2144 1895 3791 1968; baseline 0.002 -22"><span class='ocrx_word' id='word_1_464' title='bbox 2144 1895 2472 1963; x_wconf 84' lang='lat' dir='ltr'><strong>triumphale</strong></span> <span class='ocrx_word' id='word_1_465' title='bbox 2499 1899 2589 1950; x_wconf 80' lang='lat' dir='ltr'><strong>via</strong></span> <span class='ocrx_word' id='word_1_466' title='bbox 2615 1898 2844 1952; x_wconf 84' lang='lat' dir='ltr'><strong>Aurelia</strong></span> <span class='ocrx_word' id='word_1_467' title='bbox 2875 1913 2936 1953; x_wconf 92' lang='grc' dir='ltr'><strong>ιιι</strong></span> <span class='ocrx_word' id='word_1_468' title='bbox 2960 1900 3084 1953; x_wconf 88' lang='lat' dir='ltr'><strong>Kal.</strong></span> <span class='ocrx_word' id='word_1_469' title='bbox 3105 1900 3262 1967; x_wconf 82' lang='lat' dir='ltr'><strong>Julii,</strong></span> <span class='ocrx_word' id='word_1_470' title='bbox 3290 1912 3404 1968; x_wconf 93' lang='lat' dir='ltr'><strong>quo</strong></span> <span class='ocrx_word' id='word_1_471' title='bbox 3425 1898 3586 1952; x_wconf 91' lang='lat' dir='ltr'><strong>modo</strong></span> <span class='ocrx_word' id='word_1_472' title='bbox 3612 1898 3791 1950; x_wconf 87' lang='lat' dir='ltr'><strong>etiam</strong></span> 
     </span>
    </p>
   </div>
   <div class='ocr_carea' id='block_1_65' title="bbox 2146 1981 3793 2054">
    <p class='ocr_par' dir='ltr' id='par_1_65' title="bbox 2146 1981 3793 2054">
     <span class='ocr_line' id='line_1_65' title="bbox 2146 1981 3793 2054; baseline 0.002 -19"><span class='ocrx_word' id='word_1_473' title='bbox 2146 1981 2361 2052; x_wconf 86' lang='lat' dir='ltr'><strong>legitur</strong></span> <span class='ocrx_word' id='word_1_474' title='bbox 2391 1985 2451 2039; x_wconf 91' lang='lat' dir='ltr'><strong>in</strong></span> <span class='ocrx_word' id='word_1_475' title='bbox 2491 1999 2595 2040; x_wconf 91' lang='lat' dir='ltr'><strong>ms.</strong></span> <span class='ocrx_word' id='word_1_476' title='bbox 2640 1986 2837 2041; x_wconf 91' lang='lat' dir='ltr'><strong>codice</strong></span> <span class='ocrx_word' id='word_1_477' title='bbox 2881 1986 3269 2042; x_wconf 83' lang='lat' dir='ltr'><strong>Alexandrino</strong></span> <span class='ocrx_word' id='word_1_478' title='bbox 3310 1986 3603 2054; x_wconf 86' lang='lat' dir='ltr'><strong>Vaticano,</strong></span> <span class='ocrx_word' id='word_1_479' title='bbox 3651 1984 3793 2039; x_wconf 90' lang='lat' dir='ltr'><strong>licet</strong></span> 
     </span>
    </p>
   </div>
   <div class='ocr_carea' id='block_1_66' title="bbox 2146 2072 3791 2129">
    <p class='ocr_par' dir='ltr' id='par_1_66' title="bbox 2146 2072 3791 2129">
     <span class='ocr_line' id='line_1_66' title="bbox 2146 2072 3791 2129; baseline -0.001 -3"><span class='ocrx_word' id='word_1_480' title='bbox 2146 2072 2351 2127; x_wconf 89' lang='lat' dir='ltr'><strong>habeat</strong></span> <span class='ocrx_word' id='word_1_481' title='bbox 2388 2073 2569 2129; x_wconf 91' lang='lat' dir='ltr'><strong>editio</strong></span> <span class='ocrx_word' id='word_1_482' title='bbox 2611 2074 3077 2129; x_wconf 86' lang='lat' dir='ltr'><strong>Henscheniana:</strong></span> <span class='ocrx_word' id='word_1_483' title='bbox 3110 2077 3261 2129; x_wconf 79' lang='lat' dir='ltr'><strong>Inter</strong></span> <span class='ocrx_word' id='word_1_484' title='bbox 3289 2075 3561 2128; x_wconf 84' lang='lat' dir='ltr'><strong>Zetarium</strong></span> <span class='ocrx_word' id='word_1_485' title='bbox 3592 2075 3791 2127; x_wconf 80' lang='lat' dir='ltr'><strong>trium-</strong></span> 
     </span>
    </p>
   </div>
   <div class='ocr_carea' id='block_1_67' title="bbox 2139 2162 3787 2231">
    <p class='ocr_par' dir='ltr' id='par_1_67' title="bbox 2139 2162 3787 2231">
     <span class='ocr_line' id='line_1_67' title="bbox 2139 2162 3787 2231; baseline 0 -16"><span class='ocrx_word' id='word_1_486' title='bbox 2139 2162 2306 2231; x_wconf 84' lang='lat' dir='ltr'><strong>phale</strong></span> <span class='ocrx_word' id='word_1_487' title='bbox 2337 2176 2400 2216; x_wconf 90' lang='grc' dir='ltr'><strong>ιιι</strong></span> <span class='ocrx_word' id='word_1_488' title='bbox 2441 2163 2564 2216; x_wconf 87' lang='lat' dir='ltr'><strong>Kal.</strong></span> <span class='ocrx_word' id='word_1_489' title='bbox 2616 2165 2788 2217; x_wconf 84' lang='lat' dir='ltr'><strong>Junii.</strong></span> <span class='ocrx_word' id='word_1_490' title='bbox 2824 2163 3041 2218; x_wconf 91' lang='lat' dir='ltr'><strong>Deinde</strong></span> <span class='ocrx_word' id='word_1_491' title='bbox 3084 2168 3241 2219; x_wconf 91' lang='lat' dir='ltr'><strong>notat</strong></span> <span class='ocrx_word' id='word_1_492' title='bbox 3283 2162 3551 2217; x_wconf 89' lang='lat' dir='ltr'><strong>Baluzius</strong></span> <span class='ocrx_word' id='word_1_493' title='bbox 3580 2175 3647 2216; x_wconf 83' lang='lat' dir='ltr'><strong>ex</strong></span> <span class='ocrx_word' id='word_1_494' title='bbox 3673 2175 3787 2216; x_wconf 93' lang='lat' dir='ltr'><strong>suo</strong></span> 
     </span>
    </p>
   </div>
   <div class='ocr_carea' id='block_1_68' title="bbox 2148 2251 3793 2322">
    <p class='ocr_par' dir='ltr' id='par_1_68' title="bbox 2148 2251 3793 2322">
     <span class='ocr_line' id='line_1_68' title="bbox 2148 2251 3793 2322; baseline -0.001 -16"><span class='ocrx_word' id='word_1_495' title='bbox 2148 2252 2346 2306; x_wconf 87' lang='lat' dir='ltr'><strong>codice</strong></span> <span class='ocrx_word' id='word_1_496' title='bbox 2378 2269 2390 2304; x_wconf 93' lang='lat'>:</span> <span class='ocrx_word' id='word_1_497' title='bbox 2428 2252 2605 2306; x_wconf 87' lang='lat' dir='ltr'><strong>Cletus</strong></span> <span class='ocrx_word' id='word_1_498' title='bbox 2628 2256 2856 2322; x_wconf 84' lang='lat' dir='ltr'><strong>ponitur</strong></span> <span class='ocrx_word' id='word_1_499' title='bbox 2901 2259 3026 2307; x_wconf 88' lang='lat' dir='ltr'><strong>ante</strong></span> <span class='ocrx_word' id='word_1_500' title='bbox 3058 2253 3402 2307; x_wconf 87' lang='lat' dir='ltr'><strong>Clementem.</strong></span> <span class='ocrx_word' id='word_1_501' title='bbox 3438 2251 3596 2320; x_wconf 89' lang='lat' dir='ltr'><strong>Quod</strong></span> <span class='ocrx_word' id='word_1_502' title='bbox 3632 2251 3793 2305; x_wconf 90' lang='lat' dir='ltr'><strong>idem</strong></span> 
     </span>
    </p>
   </div>
   <div class='ocr_carea' id='block_1_69' title="bbox 2151 2337 3803 2408">
    <p class='ocr_par' dir='ltr' id='par_1_69' title="bbox 2151 2337 3803 2408">
     <span class='ocr_line' id='line_1_69' title="bbox 2151 2337 3803 2408; baseline -0.002 -15"><span class='ocrx_word' id='word_1_503' title='bbox 2151 2338 2319 2393; x_wconf 88' lang='lat' dir='ltr'><strong>habet</strong></span> <span class='ocrx_word' id='word_1_504' title='bbox 2347 2340 2523 2394; x_wconf 88' lang='lat' dir='ltr'><strong>codex</strong></span> <span class='ocrx_word' id='word_1_505' title='bbox 2547 2339 3306 2406; x_wconf 80' lang='lat' dir='ltr'><strong>Alexandrino—Vaticanus,</strong></span> <span class='ocrx_word' id='word_1_506' title='bbox 3331 2338 3635 2408; x_wconf 85' lang='lat' dir='ltr'><strong>quuamvis</strong></span> <span class='ocrx_word' id='word_1_507' title='bbox 3653 2337 3803 2390; x_wconf 83' lang='lat' dir='ltr'><strong>Hen-</strong></span> 
     </span>
    </p>
   </div>
   <div class='ocr_carea' id='block_1_70' title="bbox 2150 2424 3805 2498">
    <p class='ocr_par' dir='ltr' id='par_1_70' title="bbox 2150 2424 3805 2498">
     <span class='ocr_line' id='line_1_70' title="bbox 2150 2424 3805 2498; baseline -0.002 -17"><span class='ocrx_word' id='word_1_508' title='bbox 2150 2426 2459 2482; x_wconf 88' lang='lat' dir='ltr'><strong>scheniana</strong></span> <span class='ocrx_word' id='word_1_509' title='bbox 2480 2427 2680 2497; x_wconf 90' lang='lat' dir='ltr'><strong>editio,</strong></span> <span class='ocrx_word' id='word_1_510' title='bbox 2706 2428 2897 2483; x_wconf 89' lang='lat' dir='ltr'><strong>nescio</strong></span> <span class='ocrx_word' id='word_1_511' title='bbox 2920 2442 3031 2498; x_wconf 92' lang='lat' dir='ltr'><strong>qua</strong></span> <span class='ocrx_word' id='word_1_512' title='bbox 3055 2428 3294 2496; x_wconf 85' lang='lat' dir='ltr'><strong>ratione,</strong></span> <span class='ocrx_word' id='word_1_513' title='bbox 3318 2432 3421 2481; x_wconf 91' lang='lat' dir='ltr'><strong>aut</strong></span> <span class='ocrx_word' id='word_1_514' title='bbox 3441 2440 3553 2496; x_wconf 91' lang='lat' dir='ltr'><strong>quo</strong></span> <span class='ocrx_word' id='word_1_515' title='bbox 3580 2424 3805 2480; x_wconf 87' lang='lat' dir='ltr'><strong>funda-</strong></span> 
     </span>
    </p>
   </div>
   <div class='ocr_carea' id='block_1_71' title="bbox 2152 2514 3803 2586">
    <p class='ocr_par' dir='ltr' id='par_1_71' title="bbox 2152 2514 3803 2586">
     <span class='ocr_line' id='line_1_71' title="bbox 2152 2514 3803 2586; baseline -0.001 -19"><span class='ocrx_word' id='word_1_516' title='bbox 2152 2521 2362 2586; x_wconf 91' lang='lat' dir='ltr'><strong>mento,</strong></span> <span class='ocrx_word' id='word_1_517' title='bbox 2406 2515 2627 2570; x_wconf 90' lang='lat' dir='ltr'><strong>Cletum</strong></span> <span class='ocrx_word' id='word_1_518' title='bbox 2674 2515 2947 2571; x_wconf 78' lang='lat' dir='ltr'><strong>Clementi</strong></span> <span class='ocrx_word' id='word_1_519' title='bbox 2981 2522 3299 2585; x_wconf 90' lang='lat' dir='ltr'><strong>postponat.</strong></span> <span class='ocrx_word' id='word_1_520' title='bbox 3346 2516 3514 2570; x_wconf 86' lang='lat' dir='ltr'><strong>Notat</strong></span> <span class='ocrx_word' id='word_1_521' title='bbox 3558 2514 3803 2581; x_wconf 90' lang='lat' dir='ltr'><strong>insuper</strong></span> 
     </span>
    </p>
   </div>
   <div class='ocr_carea' id='block_1_72' title="bbox 2153 2602 3805 2673">
    <p class='ocr_par' dir='ltr' id='par_1_72' title="bbox 2153 2602 3805 2673">
     <span class='ocr_line' id='line_1_72' title="bbox 2153 2602 3805 2673; baseline -0.003 -17"><span class='ocrx_word' id='word_1_522' title='bbox 2153 2603 2421 2659; x_wconf 87' lang='lat' dir='ltr'><strong>Baluzius</strong></span> <span class='ocrx_word' id='word_1_523' title='bbox 2450 2618 2517 2659; x_wconf 87' lang='lat' dir='ltr'><strong>ex</strong></span> <span class='ocrx_word' id='word_1_524' title='bbox 2544 2604 2740 2659; x_wconf 90' lang='lat' dir='ltr'><strong>codice</strong></span> <span class='ocrx_word' id='word_1_525' title='bbox 2764 2604 3091 2659; x_wconf 88' lang='lat' dir='ltr'><strong>Colbertino</strong></span> <span class='ocrx_word' id='word_1_526' title='bbox 3117 2624 3129 2659; x_wconf 89' lang='lat'>:</span> <span class='ocrx_word' id='word_1_527' title='bbox 3166 2607 3226 2659; x_wconf 89' lang='lat' dir='ltr'><strong>1n</strong></span> <span class='ocrx_word' id='word_1_528' title='bbox 3249 2604 3473 2658; x_wconf 85' lang='lat' dir='ltr'><strong>Victore</strong></span> <span class='ocrx_word' id='word_1_529' title='bbox 3501 2602 3633 2673; x_wconf 86' lang='lat' dir='ltr'><strong>legi,</strong></span> <span class='ocrx_word' id='word_1_530' title='bbox 3674 2616 3805 2652; x_wconf 88' lang='lat' dir='ltr'><strong>cum</strong></span> 
     </span>
    </p>
   </div>
   <div class='ocr_carea' id='block_1_73' title="bbox 2157 2687 3802 2761">
    <p class='ocr_par' dir='ltr' id='par_1_73' title="bbox 2157 2687 3802 2761">
     <span class='ocr_line' id='line_1_73' title="bbox 2157 2687 3802 2761; baseline -0.002 -17"><span class='ocrx_word' id='word_1_531' title='bbox 2157 2692 2445 2760; x_wconf 84' lang='lat' dir='ltr'><strong>Theophilo</strong></span> <span class='ocrx_word' id='word_1_532' title='bbox 2492 2694 2735 2761; x_wconf 82' lang='lat' dir='ltr'><strong>episcopo</strong></span> <span class='ocrx_word' id='word_1_533' title='bbox 2760 2692 3120 2746; x_wconf 69' lang='lat' dir='ltr'><strong>Alemandria</strong></span> <span class='ocrx_word' id='word_1_534' title='bbox 3146 2692 3210 2745; x_wconf 84' lang='lat' dir='ltr'><strong>de</strong></span> <span class='ocrx_word' id='word_1_535' title='bbox 3238 2692 3416 2744; x_wconf 85' lang='lat' dir='ltr'><strong>Luna.</strong></span> <span class='ocrx_word' id='word_1_536' title='bbox 3450 2687 3609 2757; x_wconf 89' lang='lat' dir='ltr'><strong>Quod</strong></span> <span class='ocrx_word' id='word_1_537' title='bbox 3644 2687 3802 2741; x_wconf 89' lang='lat' dir='ltr'><strong>idem</strong></span> 
     </span>
    </p>
   </div>
   <div class='ocr_carea' id='block_1_74' title="bbox 2156 2776 3806 2852">
    <p class='ocr_par' dir='ltr' id='par_1_74' title="bbox 2156 2776 3806 2852">
     <span class='ocr_line' id='line_1_74' title="bbox 2156 2776 3806 2852; baseline -0.002 -19"><span class='ocrx_word' id='word_1_538' title='bbox 2156 2779 2367 2851; x_wconf 89' lang='lat' dir='ltr'><strong>legitur</strong></span> <span class='ocrx_word' id='word_1_539' title='bbox 2395 2781 2453 2836; x_wconf 91' lang='lat' dir='ltr'><strong>in</strong></span> <span class='ocrx_word' id='word_1_540' title='bbox 2484 2782 2679 2837; x_wconf 89' lang='lat' dir='ltr'><strong>codice</strong></span> <span class='ocrx_word' id='word_1_541' title='bbox 2719 2781 2947 2852; x_wconf 84' lang='lat' dir='ltr'><strong>Regina</strong></span> <span class='ocrx_word' id='word_1_542' title='bbox 2975 2781 3211 2849; x_wconf 89' lang='lat' dir='ltr'><strong>Suecia,</strong></span> <span class='ocrx_word' id='word_1_543' title='bbox 3241 2780 3376 2835; x_wconf 91' lang='lat' dir='ltr'><strong>licet</strong></span> <span class='ocrx_word' id='word_1_544' title='bbox 3421 2778 3603 2833; x_wconf 91' lang='lat' dir='ltr'><strong>editio</strong></span> <span class='ocrx_word' id='word_1_545' title='bbox 3640 2776 3806 2831; x_wconf 83' lang='lat' dir='ltr'><strong>Hen-</strong></span> 
     </span>
    </p>
   </div>
   <div class='ocr_carea' id='block_1_75' title="bbox 2154 2865 3809 2939">
    <p class='ocr_par' dir='ltr' id='par_1_75' title="bbox 2154 2865 3809 2939">
     <span class='ocr_line' id='line_1_75' title="bbox 2154 2865 3809 2939; baseline -0.003 -16"><span class='ocrx_word' id='word_1_546' title='bbox 2154 2869 2462 2924; x_wconf 90' lang='lat' dir='ltr'><strong>scheniaua</strong></span> <span class='ocrx_word' id='word_1_547' title='bbox 2494 2869 2618 2925; x_wconf 92' lang='lat' dir='ltr'><strong>loco</strong></span> <span class='ocrx_word' id='word_1_548' title='bbox 2645 2871 2999 2925; x_wconf 72' lang='lat' dir='ltr'><strong>Alemandria</strong></span> <span class='ocrx_word' id='word_1_549' title='bbox 3034 2875 3203 2939; x_wconf 87' lang='lat' dir='ltr'><strong>ponat</strong></span> <span class='ocrx_word' id='word_1_550' title='bbox 3229 2869 3500 2933; x_wconf 78' lang='lat' dir='ltr'><strong>Casarca,</strong></span> <span class='ocrx_word' id='word_1_551' title='bbox 3528 2873 3584 2921; x_wconf 91' lang='lat' dir='ltr'><strong>et</strong></span> <span class='ocrx_word' id='word_1_552' title='bbox 3609 2865 3809 2919; x_wconf 90' lang='lat' dir='ltr'><strong>Theo-</strong></span> 
     </span>
    </p>
   </div>
   <div class='ocr_carea' id='block_1_76' title="bbox 2073 2954 3807 3066">
    <p class='ocr_par' dir='ltr' id='par_1_76' title="bbox 2073 2954 3807 3066">
     <span class='ocr_line' id='line_1_76' title="bbox 2073 2954 3807 3066; baseline -0.003 -53"><span class='ocrx_word' id='word_1_553' title='bbox 2073 3004 2121 3066; x_wconf 69' lang='grc' dir='ltr'><strong>Ο</strong></span> <span class='ocrx_word' id='word_1_554' title='bbox 2156 2958 2353 3026; x_wconf 89' lang='lat' dir='ltr'><strong>philus</strong></span> <span class='ocrx_word' id='word_1_555' title='bbox 2379 2972 2488 3013; x_wconf 92' lang='lat' dir='ltr'><strong>non</strong></span> <span class='ocrx_word' id='word_1_556' title='bbox 2536 2958 2917 3028; x_wconf 81' lang='lat' dir='ltr'><strong>Alexandria,</strong></span> <span class='ocrx_word' id='word_1_557' title='bbox 2946 2958 3041 3013; x_wconf 91' lang='lat' dir='ltr'><strong>sed</strong></span> <span class='ocrx_word' id='word_1_558' title='bbox 3081 2957 3457 3012; x_wconf 85' lang='lat' dir='ltr'><strong>Casareensis</strong></span> <span class='ocrx_word' id='word_1_559' title='bbox 3494 2954 3807 3023; x_wconf 90' lang='lat' dir='ltr'><strong>episcopus</strong></span> 
     </span>
     <span class='ocr_line' id='line_1_77' title="bbox 2158 3041 3805 3066; baseline 0 0"><span class='ocrx_word' id='word_1_560' title='bbox 2158 3046 2329 3066; x_wconf 43' lang='grc' dir='ltr'><strong>ι’---.ΑεΑ</strong></span> <span class='ocrx_word' id='word_1_561' title='bbox 2372 3048 2505 3066; x_wconf 34' lang='grc' dir='ltr'><strong>ῇ-ξμ-</strong></span> <span class='ocrx_word' id='word_1_562' title='bbox 2526 3047 2867 3066; x_wconf 32' lang='lat' dir='ltr'><strong>el-n-l___:-_x</strong></span> <span class='ocrx_word' id='word_1_563' title='bbox 2898 3062 2956 3066; x_wconf 63' lang='grc' dir='ltr'><strong>,μ</strong></span> <span class='ocrx_word' id='word_1_564' title='bbox 2992 3047 3175 3066; x_wconf 64' lang='grc' dir='ltr'><strong>---ιε--</strong></span> <span class='ocrx_word' id='word_1_565' title='bbox 3198 3045 3520 3066; x_wconf 56' lang='grc' dir='ltr'><strong>Π-1ι.,...ι2-,κ</strong></span> <span class='ocrx_word' id='word_1_566' title='bbox 3545 3044 3599 3066; x_wconf 70' lang='grc' dir='ltr'><strong>ζ.-</strong></span> <span class='ocrx_word' id='word_1_567' title='bbox 3625 3043 3641 3066; x_wconf 88' lang='lat' dir='ltr'><strong>l</strong></span> <span class='ocrx_word' id='word_1_568' title='bbox 3668 3041 3805 3066; x_wconf 61' lang='grc' dir='ltr'><em>..ηἶλ</em></span> 
     </span>
    </p>
   </div>
   <div class='ocr_carea' id='block_1_77' title="bbox 2157 3041 3808 3104">
    <p class='ocr_par' dir='ltr' id='par_1_77' title="bbox 2157 3041 3808 3104">
     <span class='ocr_line' id='line_1_78' title="bbox 2157 3041 3808 3104; baseline -0.004 -1"><span class='ocrx_word' id='word_1_569' title='bbox 2157 3046 2352 3103; x_wconf 90' lang='lat' dir='ltr'><strong>fuerit.</strong></span> <span class='ocrx_word' id='word_1_570' title='bbox 2372 3048 2586 3104; x_wconf 89' lang='lat' dir='ltr'><strong>Deinde</strong></span> <span class='ocrx_word' id='word_1_571' title='bbox 2601 3047 2872 3104; x_wconf 91' lang='lat' dir='ltr'><strong>Baluzius</strong></span> <span class='ocrx_word' id='word_1_572' title='bbox 2891 3062 2959 3104; x_wconf 85' lang='lat' dir='ltr'><strong>ex</strong></span> <span class='ocrx_word' id='word_1_573' title='bbox 2984 3047 3179 3103; x_wconf 90' lang='lat' dir='ltr'><strong>codice</strong></span> <span class='ocrx_word' id='word_1_574' title='bbox 3197 3045 3525 3101; x_wconf 89' lang='lat' dir='ltr'><strong>Colbertino</strong></span> <span class='ocrx_word' id='word_1_575' title='bbox 3545 3044 3603 3096; x_wconf 91' lang='lat' dir='ltr'><strong>in</strong></span> <span class='ocrx_word' id='word_1_576' title='bbox 3625 3041 3808 3097; x_wconf 90' lang='lat' dir='ltr'><strong>Lucio</strong></span> 
     </span>
    </p>
   </div>
   <div class='ocr_carea' id='block_1_78' title="bbox 2162 3129 3805 3208">
    <p class='ocr_par' dir='ltr' id='par_1_78' title="bbox 2162 3129 3805 3208">
     <span class='ocr_line' id='line_1_79' title="bbox 2162 3129 3805 3208; baseline -0.006 -15"><span class='ocrx_word' id='word_1_577' title='bbox 2162 3152 2345 3208; x_wconf 88' lang='lat' dir='ltr'><strong>papa:</strong></span> <span class='ocrx_word' id='word_1_578' title='bbox 2391 3139 2576 3206; x_wconf 86' lang='lat' dir='ltr'><strong>Capite</strong></span> <span class='ocrx_word' id='word_1_579' title='bbox 2619 3142 2903 3191; x_wconf 82' lang='lat' dir='ltr'><strong>truncatus</strong></span> <span class='ocrx_word' id='word_1_580' title='bbox 2941 3141 3018 3191; x_wconf 86' lang='lat' dir='ltr'><strong>est</strong></span> <span class='ocrx_word' id='word_1_581' title='bbox 3064 3149 3120 3190; x_wconf 75' lang='lat' dir='ltr'><strong>Vl</strong></span> <span class='ocrx_word' id='word_1_582' title='bbox 3167 3150 3341 3188; x_wconf 89' lang='lat' dir='ltr'><strong>nonas</strong></span> <span class='ocrx_word' id='word_1_583' title='bbox 3385 3134 3597 3201; x_wconf 81' lang='lat' dir='ltr'><strong>Martii,</strong></span> <span class='ocrx_word' id='word_1_584' title='bbox 3646 3129 3805 3199; x_wconf 87' lang='lat' dir='ltr'><strong>quod</strong></span> 
     </span>
    </p>
   </div>
   <div class='ocr_carea' id='block_1_79' title="bbox 2158 3218 3810 3294">
    <p class='ocr_par' dir='ltr' id='par_1_79' title="bbox 2158 3218 3810 3294">
     <span class='ocr_line' id='line_1_80' title="bbox 2158 3218 3810 3294; baseline -0.007 -12"><span class='ocrx_word' id='word_1_585' title='bbox 2158 3226 2329 3282; x_wconf 89' lang='lat' dir='ltr'><strong>etiam</strong></span> <span class='ocrx_word' id='word_1_586' title='bbox 2363 3226 2605 3282; x_wconf 89' lang='lat' dir='ltr'><strong>habetur</strong></span> <span class='ocrx_word' id='word_1_587' title='bbox 2636 3226 2695 3281; x_wconf 91' lang='lat' dir='ltr'><strong>in</strong></span> <span class='ocrx_word' id='word_1_588' title='bbox 2725 3225 2922 3282; x_wconf 90' lang='lat' dir='ltr'><strong>codice</strong></span> <span class='ocrx_word' id='word_1_589' title='bbox 2947 3224 3356 3294; x_wconf 88' lang='lat' dir='ltr'><strong>Alexandrino,</strong></span> <span class='ocrx_word' id='word_1_590' title='bbox 3393 3222 3528 3277; x_wconf 90' lang='lat' dir='ltr'><strong>licet</strong></span> <span class='ocrx_word' id='word_1_591' title='bbox 3559 3220 3619 3273; x_wconf 93' lang='lat' dir='ltr'><strong>in</strong></span> <span class='ocrx_word' id='word_1_592' title='bbox 3643 3218 3810 3272; x_wconf 85' lang='lat' dir='ltr'><strong>Hen-</strong></span> 
     </span>
    </p>
   </div>
   <div class='ocr_carea' id='block_1_80' title="bbox 2162 3308 3812 3386">
    <p class='ocr_par' dir='ltr' id='par_1_80' title="bbox 2162 3308 3812 3386">
     <span class='ocr_line' id='line_1_81' title="bbox 2162 3308 3812 3386; baseline -0.005 -17"><span class='ocrx_word' id='word_1_593' title='bbox 2162 3314 2472 3370; x_wconf 88' lang='lat' dir='ltr'><strong>scheniana</strong></span> <span class='ocrx_word' id='word_1_594' title='bbox 2519 3315 2803 3383; x_wconf 68' lang='lat' dir='ltr'><strong>editione}.</strong></span> <span class='ocrx_word' id='word_1_595' title='bbox 2828 3315 3052 3386; x_wconf 90' lang='lat' dir='ltr'><strong>legatur</strong></span> <span class='ocrx_word' id='word_1_596' title='bbox 3083 3328 3096 3367; x_wconf 87' lang='lat'><strong>:</strong></span> <span class='ocrx_word' id='word_1_597' title='bbox 3129 3327 3195 3367; x_wconf 92' lang='grc' dir='ltr'><strong>ιιι</strong></span> <span class='ocrx_word' id='word_1_598' title='bbox 3228 3328 3400 3366; x_wconf 89' lang='lat' dir='ltr'><strong>nonas</strong></span> <span class='ocrx_word' id='word_1_599' title='bbox 3439 3310 3646 3365; x_wconf 80' lang='lat' dir='ltr'><strong>Martii.</strong></span> <span class='ocrx_word' id='word_1_600' title='bbox 3692 3308 3812 3362; x_wconf 87' lang='lat' dir='ltr'><strong>Ba-</strong></span> 
     </span>
    </p>
   </div>
   <div class='ocr_carea' id='block_1_81' title="bbox 2165 3400 3807 3471">
    <p class='ocr_par' dir='ltr' id='par_1_81' title="bbox 2165 3400 3807 3471">
     <span class='ocr_line' id='line_1_82' title="bbox 2165 3400 3807 3471; baseline -0.007 -11"><span class='ocrx_word' id='word_1_601' title='bbox 2165 3405 2356 3460; x_wconf 87' lang='lat' dir='ltr'><strong>luzius</strong></span> <span class='ocrx_word' id='word_1_602' title='bbox 2378 3404 2586 3459; x_wconf 91' lang='lat' dir='ltr'><strong>iterum</strong></span> <span class='ocrx_word' id='word_1_603' title='bbox 2610 3417 2678 3458; x_wconf 87' lang='lat' dir='ltr'><strong>ex</strong></span> <span class='ocrx_word' id='word_1_604' title='bbox 2703 3404 2900 3458; x_wconf 91' lang='lat' dir='ltr'><strong>codice</strong></span> <span class='ocrx_word' id='word_1_605' title='bbox 2921 3402 3250 3458; x_wconf 90' lang='lat' dir='ltr'><strong>Colbertino</strong></span> <span class='ocrx_word' id='word_1_606' title='bbox 3271 3401 3413 3471; x_wconf 88' lang='lat' dir='ltr'><strong>legit</strong></span> <span class='ocrx_word' id='word_1_607' title='bbox 3445 3400 3501 3454; x_wconf 91' lang='lat' dir='ltr'><strong>in</strong></span> <span class='ocrx_word' id='word_1_608' title='bbox 3525 3400 3807 3452; x_wconf 89' lang='lat' dir='ltr'><strong>Damaso:</strong></span> 
     </span>
    </p>
   </div>
   <div class='ocr_carea' id='block_1_82' title="bbox 2164 3485 3815 3562">
    <p class='ocr_par' dir='ltr' id='par_1_82' title="bbox 2164 3485 3815 3562">
     <span class='ocr_line' id='line_1_83' title="bbox 2164 3485 3815 3562; baseline -0.007 -14"><span class='ocrx_word' id='word_1_609' title='bbox 2164 3494 2315 3548; x_wconf 87' lang='lat' dir='ltr'><strong>Sedit</strong></span> <span class='ocrx_word' id='word_1_610' title='bbox 2339 3508 2511 3547; x_wconf 88' lang='lat' dir='ltr'><strong>annos</strong></span> <span class='ocrx_word' id='word_1_611' title='bbox 2537 3505 2680 3553; x_wconf 81' lang='lat' dir='ltr'><strong>xvn,</strong></span> <span class='ocrx_word' id='word_1_612' title='bbox 2727 3507 2932 3545; x_wconf 85' lang='lat' dir='ltr'><strong>menses</strong></span> <span class='ocrx_word' id='word_1_613' title='bbox 2954 3505 3041 3562; x_wconf 83' lang='grc' dir='ltr'>ιιι,</span> <span class='ocrx_word' id='word_1_614' title='bbox 3069 3491 3183 3545; x_wconf 84' lang='lat' dir='ltr'><strong>dies</strong></span> <span class='ocrx_word' id='word_1_615' title='bbox 3214 3503 3292 3544; x_wconf 73' lang='grc' dir='ltr'>ιιι.</span> <span class='ocrx_word' id='word_1_616' title='bbox 3328 3489 3453 3542; x_wconf 84' lang='lat' dir='ltr'><strong>Fuit</strong></span> <span class='ocrx_word' id='word_1_617' title='bbox 3476 3485 3815 3555; x_wconf 82' lang='lat' dir='ltr'><strong>temporibus</strong></span> 
     </span>
    </p>
   </div>
   <div class='ocr_carea' id='block_1_83' title="bbox 2162 3573 3812 3648">
    <p class='ocr_par' dir='ltr' id='par_1_83' title="bbox 2162 3573 3812 3648">
     <span class='ocr_line' id='line_1_84' title="bbox 2162 3573 3812 3648; baseline -0.006 -12"><span class='ocrx_word' id='word_1_618' title='bbox 2162 3583 2397 3648; x_wconf 87' lang='lat' dir='ltr'><strong>Juliani,</strong></span> <span class='ocrx_word' id='word_1_619' title='bbox 2429 3584 2561 3648; x_wconf 83' lang='lat' dir='ltr'><strong>fecit</strong></span> <span class='ocrx_word' id='word_1_620' title='bbox 2588 3581 2936 3635; x_wconf 85' lang='lat' dir='ltr'><strong>bibliothecas</strong></span> <span class='ocrx_word' id='word_1_621' title='bbox 2962 3580 3122 3633; x_wconf 88' lang='lat' dir='ltr'><strong>duas.</strong></span> <span class='ocrx_word' id='word_1_622' title='bbox 3146 3577 3305 3647; x_wconf 90' lang='lat' dir='ltr'><strong>Quod</strong></span> <span class='ocrx_word' id='word_1_623' title='bbox 3328 3576 3479 3631; x_wconf 92' lang='lat' dir='ltr'><strong>idem</strong></span> <span class='ocrx_word' id='word_1_624' title='bbox 3503 3574 3722 3646; x_wconf 86' lang='lat' dir='ltr'><strong>legitur</strong></span> <span class='ocrx_word' id='word_1_625' title='bbox 3752 3573 3812 3627; x_wconf 91' lang='lat' dir='ltr'><strong>in</strong></span> 
     </span>
    </p>
   </div>
   <div class='ocr_carea' id='block_1_84' title="bbox 2165 3662 3817 3739">
    <p class='ocr_par' dir='ltr' id='par_1_84' title="bbox 2165 3662 3817 3739">
     <span class='ocr_line' id='line_1_85' title="bbox 2165 3662 3817 3739; baseline -0.006 -14"><span class='ocrx_word' id='word_1_626' title='bbox 2165 3671 2361 3726; x_wconf 91' lang='lat' dir='ltr'><strong>codice</strong></span> <span class='ocrx_word' id='word_1_627' title='bbox 2379 3676 2594 3739; x_wconf 91' lang='lat' dir='ltr'><strong>nostro,</strong></span> <span class='ocrx_word' id='word_1_628' title='bbox 2620 3669 2754 3724; x_wconf 91' lang='lat' dir='ltr'><strong>licet</strong></span> <span class='ocrx_word' id='word_1_629' title='bbox 2779 3669 2840 3723; x_wconf 93' lang='lat' dir='ltr'><strong>in</strong></span> <span class='ocrx_word' id='word_1_630' title='bbox 2865 3669 3120 3724; x_wconf 87' lang='lat' dir='ltr'><strong>editione</strong></span> <span class='ocrx_word' id='word_1_631' title='bbox 3162 3664 3589 3720; x_wconf 85' lang='lat' dir='ltr'><strong>Henscheniana</strong></span> <span class='ocrx_word' id='word_1_632' title='bbox 3626 3662 3817 3716; x_wconf 88' lang='lat' dir='ltr'><strong>omit—</strong></span> 
     </span>
    </p>
   </div>
   <div class='ocr_carea' id='block_1_85' title="bbox 2168 3749 3817 3827">
    <p class='ocr_par' dir='ltr' id='par_1_85' title="bbox 2168 3749 3817 3827">
     <span class='ocr_line' id='line_1_86' title="bbox 2168 3749 3817 3827; baseline -0.007 -12"><span class='ocrx_word' id='word_1_633' title='bbox 2168 3766 2368 3815; x_wconf 87' lang='lat' dir='ltr'><strong>tatur:</strong></span> <span class='ocrx_word' id='word_1_634' title='bbox 2402 3760 2529 3812; x_wconf 83' lang='lat' dir='ltr'><strong>Fuit</strong></span> <span class='ocrx_word' id='word_1_635' title='bbox 2575 3758 2901 3827; x_wconf 85' lang='lat' dir='ltr'><strong>temporibus</strong></span> <span class='ocrx_word' id='word_1_636' title='bbox 2947 3758 3181 3810; x_wconf 73' lang='lat' dir='ltr'><strong>Iuliani.</strong></span> <span class='ocrx_word' id='word_1_637' title='bbox 3238 3757 3471 3809; x_wconf 90' lang='lat' dir='ltr'><strong>Demum</strong></span> <span class='ocrx_word' id='word_1_638' title='bbox 3514 3751 3573 3806; x_wconf 91' lang='lat' dir='ltr'><strong>in</strong></span> <span class='ocrx_word' id='word_1_639' title='bbox 3624 3749 3817 3804; x_wconf 87' lang='lat' dir='ltr'><strong>Felice</strong></span> 
     </span>
    </p>
   </div>
   <div class='ocr_carea' id='block_1_86' title="bbox 2169 3841 3816 3916">
    <p class='ocr_par' dir='ltr' id='par_1_86' title="bbox 2169 3841 3816 3916">
     <span class='ocr_line' id='line_1_87' title="bbox 2169 3841 3816 3916; baseline -0.008 -13"><span class='ocrx_word' id='word_1_640' title='bbox 2169 3861 2310 3916; x_wconf 88' lang='lat' dir='ltr'><strong>papa</strong></span> <span class='ocrx_word' id='word_1_641' title='bbox 2343 3847 2482 3916; x_wconf 64' lang='lat' dir='ltr'><strong>legit</strong></span> <span class='ocrx_word' id='word_1_642' title='bbox 2509 3860 2575 3901; x_wconf 85' lang='lat' dir='ltr'><strong>ex</strong></span> <span class='ocrx_word' id='word_1_643' title='bbox 2599 3860 2703 3902; x_wconf 89' lang='lat' dir='ltr'><strong>suo</strong></span> <span class='ocrx_word' id='word_1_644' title='bbox 2743 3847 2939 3902; x_wconf 89' lang='lat' dir='ltr'><strong>codice</strong></span> <span class='ocrx_word' id='word_1_645' title='bbox 2969 3845 3237 3900; x_wconf 89' lang='lat' dir='ltr'><strong>Baluzius</strong></span> <span class='ocrx_word' id='word_1_646' title='bbox 3265 3862 3277 3898; x_wconf 92' lang='lat'><strong>:</strong></span> <span class='ocrx_word' id='word_1_647' title='bbox 3321 3842 3562 3898; x_wconf 78' lang='lat' dir='ltr'><strong>Cessavit</strong></span> <span class='ocrx_word' id='word_1_648' title='bbox 3597 3841 3816 3907; x_wconf 80' lang='lat' dir='ltr'><strong>episco-</strong></span> 
     </span>
    </p>
   </div>
   <div class='ocr_carea' id='block_1_87' title="bbox 2160 3927 3822 4006">
    <p class='ocr_par' dir='ltr' id='par_1_87' title="bbox 2160 3927 3822 4006">
     <span class='ocr_line' id='line_1_88' title="bbox 2160 3927 3822 4006; baseline -0.006 -16"><span class='ocrx_word' id='word_1_649' title='bbox 2160 3942 2326 4006; x_wconf 84' lang='lat' dir='ltr'><strong>patus</strong></span> <span class='ocrx_word' id='word_1_650' title='bbox 2380 3936 2467 3989; x_wconf 87' lang='lat' dir='ltr'><strong>die</strong></span> <span class='ocrx_word' id='word_1_651' title='bbox 2500 3950 2537 4004; x_wconf 81' lang='grc' dir='ltr'>ι,</span> <span class='ocrx_word' id='word_1_652' title='bbox 2571 3941 2739 4004; x_wconf 88' lang='lat' dir='ltr'><strong>prout</strong></span> <span class='ocrx_word' id='word_1_653' title='bbox 2785 3934 2955 3989; x_wconf 89' lang='lat' dir='ltr'><strong>etiam</strong></span> <span class='ocrx_word' id='word_1_654' title='bbox 2982 3933 3222 3989; x_wconf 92' lang='lat' dir='ltr'><strong>habetur</strong></span> <span class='ocrx_word' id='word_1_655' title='bbox 3284 3933 3343 3987; x_wconf 94' lang='lat' dir='ltr'><strong>in</strong></span> <span class='ocrx_word' id='word_1_656' title='bbox 3405 3936 3619 3999; x_wconf 89' lang='lat' dir='ltr'><strong>nostro,</strong></span> <span class='ocrx_word' id='word_1_657' title='bbox 3674 3927 3822 3982; x_wconf 90' lang='lat' dir='ltr'><strong>licet</strong></span> 
     </span>
    </p>
   </div>
   <div class='ocr_carea' id='block_1_88' title="bbox 2166 4021 3818 4089">
    <p class='ocr_par' dir='ltr' id='par_1_88' title="bbox 2166 4021 3818 4089">
     <span class='ocr_line' id='line_1_89' title="bbox 2166 4021 3818 4089; baseline -0.008 -7"><span class='ocrx_word' id='word_1_658' title='bbox 2166 4024 2597 4081; x_wconf 84' lang='lat' dir='ltr'><strong>Heuscheniana</strong></span> <span class='ocrx_word' id='word_1_659' title='bbox 2658 4023 2813 4078; x_wconf 91' lang='lat' dir='ltr'><strong>edito</strong></span> <span class='ocrx_word' id='word_1_660' title='bbox 2872 4022 3076 4077; x_wconf 91' lang='lat' dir='ltr'><strong>habeat</strong></span> <span class='ocrx_word' id='word_1_661' title='bbox 3119 4040 3131 4076; x_wconf 89' lang='lat'>:</span> <span class='ocrx_word' id='word_1_662' title='bbox 3186 4022 3423 4076; x_wconf 72' lang='lat' dir='ltr'><strong>Cessavit</strong></span> <span class='ocrx_word' id='word_1_663' title='bbox 3469 4021 3818 4089; x_wconf 81' lang='lat' dir='ltr'><strong>episcopatus</strong></span> 
     </span>
    </p>
   </div>
   <div class='ocr_carea' id='block_1_89' title="bbox 2160 4105 3818 4185">
    <p class='ocr_par' dir='ltr' id='par_1_89' title="bbox 2160 4105 3818 4185">
     <span class='ocr_line' id='line_1_90' title="bbox 2160 4105 3818 4185; baseline -0.007 -17"><span class='ocrx_word' id='word_1_664' title='bbox 2160 4132 2263 4185; x_wconf 82' lang='lat' dir='ltr'><strong>per</strong></span> <span class='ocrx_word' id='word_1_665' title='bbox 2289 4115 2402 4167; x_wconf 82' lang='lat' dir='ltr'><strong>dies</strong></span> <span class='ocrx_word' id='word_1_666' title='bbox 2433 4127 2519 4182; x_wconf 85' lang='lat' dir='ltr'><strong>lit,</strong></span> <span class='ocrx_word' id='word_1_667' title='bbox 2553 4125 2682 4167; x_wconf 92' lang='lat' dir='ltr'><strong>cum</strong></span> <span class='ocrx_word' id='word_1_668' title='bbox 2729 4110 2943 4181; x_wconf 91' lang='lat' dir='ltr'><strong>quibus</strong></span> <span class='ocrx_word' id='word_1_669' title='bbox 2972 4111 3162 4165; x_wconf 91' lang='lat' dir='ltr'><strong>verbis</strong></span> <span class='ocrx_word' id='word_1_670' title='bbox 3205 4108 3597 4165; x_wconf 85' lang='lat' dir='ltr'><strong>Henschenius</strong></span> <span class='ocrx_word' id='word_1_671' title='bbox 3641 4105 3818 4159; x_wconf 86' lang='lat' dir='ltr'><strong>finem</strong></span> 
     </span>
    </p>
   </div>
   <div class='ocr_carea' id='block_1_90' title="bbox 2166 4193 3816 4273">
    <p class='ocr_par' dir='ltr' id='par_1_90' title="bbox 2166 4193 3816 4273">
     <span class='ocr_line' id='line_1_91' title="bbox 2166 4193 3816 4273; baseline -0.008 -14"><span class='ocrx_word' id='word_1_672' title='bbox 2166 4202 2434 4273; x_wconf 91' lang='lat' dir='ltr'><strong>Catalogo</strong></span> <span class='ocrx_word' id='word_1_673' title='bbox 2461 4201 2727 4269; x_wconf 87' lang='lat' dir='ltr'><strong>imponit,</strong></span> <span class='ocrx_word' id='word_1_674' title='bbox 2758 4199 2858 4253; x_wconf 91' lang='lat' dir='ltr'><strong>ubi</strong></span> <span class='ocrx_word' id='word_1_675' title='bbox 2887 4205 3072 4254; x_wconf 90' lang='lat' dir='ltr'><strong>tamen</strong></span> <span class='ocrx_word' id='word_1_676' title='bbox 3104 4200 3163 4253; x_wconf 91' lang='lat' dir='ltr'><strong>in</strong></span> <span class='ocrx_word' id='word_1_677' title='bbox 3205 4204 3399 4254; x_wconf 91' lang='lat' dir='ltr'><strong>nostro</strong></span> <span class='ocrx_word' id='word_1_678' title='bbox 3440 4210 3543 4250; x_wconf 91' lang='lat' dir='ltr'><strong>ms.</strong></span> <span class='ocrx_word' id='word_1_679' title='bbox 3586 4193 3816 4258; x_wconf 88' lang='lat' dir='ltr'><strong>codice,</strong></span> 
     </span>
    </p>
   </div>
   <div class='ocr_carea' id='block_1_91' title="bbox 2160 4280 3822 4361">
    <p class='ocr_par' dir='ltr' id='par_1_91' title="bbox 2160 4280 3822 4361">
     <span class='ocr_line' id='line_1_92' title="bbox 2160 4280 3822 4361; baseline -0.009 -12"><span class='ocrx_word' id='word_1_680' title='bbox 2160 4306 2232 4349; x_wconf 88' lang='lat' dir='ltr'><strong>ex</strong></span> <span class='ocrx_word' id='word_1_681' title='bbox 2275 4306 2387 4361; x_wconf 93' lang='lat' dir='ltr'><strong>quo</strong></span> <span class='ocrx_word' id='word_1_682' title='bbox 2432 4288 2752 4359; x_wconf 86' lang='lat' dir='ltr'><strong>catalogum</strong></span> <span class='ocrx_word' id='word_1_683' title='bbox 2795 4287 3047 4344; x_wconf 91' lang='lat' dir='ltr'><strong>describi</strong></span> <span class='ocrx_word' id='word_1_684' title='bbox 3082 4287 3307 4343; x_wconf 90' lang='lat' dir='ltr'><strong>curavit</strong></span> <span class='ocrx_word' id='word_1_685' title='bbox 3334 4291 3658 4355; x_wconf 89' lang='lat' dir='ltr'><strong>sequuntur</strong></span> <span class='ocrx_word' id='word_1_686' title='bbox 3710 4280 3822 4335; x_wconf 92' lang='lat' dir='ltr'><strong>illa</strong></span> 
     </span>
    </p>
   </div>
   <div class='ocr_carea' id='block_1_92' title="bbox 415 4363 3819 4448">
    <p class='ocr_par' dir='ltr' id='par_1_92' title="bbox 415 4363 3819 4448">
     <span class='ocr_line' id='line_1_93' title="bbox 415 4363 3819 4448; baseline -0.007 -9"><span class='ocrx_word' id='word_1_687' title='bbox 415 4379 794 4442; x_wconf 82' lang='lat' dir='ltr'><strong>Harduinum,</strong></span> <span class='ocrx_word' id='word_1_688' title='bbox 832 4378 896 4428; x_wconf 93' lang='lat' dir='ltr'><strong>ut</strong></span> <span class='ocrx_word' id='word_1_689' title='bbox 937 4384 972 4426; x_wconf 89' lang='lat' dir='ltr'><strong>a</strong></span> <span class='ocrx_word' id='word_1_690' title='bbox 1016 4368 1249 4424; x_wconf 84' lang='lat' dir='ltr'><strong>Baluzio</strong></span> <span class='ocrx_word' id='word_1_691' title='bbox 1293 4372 1349 4423; x_wconf 93' lang='lat' dir='ltr'><strong>et</strong></span> <span class='ocrx_word' id='word_1_692' title='bbox 1384 4368 1573 4423; x_wconf 89' lang='lat' dir='ltr'><strong>varias</strong></span> <span class='ocrx_word' id='word_1_693' title='bbox 1629 4368 1794 4425; x_wconf 92' lang='lat' dir='ltr'><strong>illius</strong></span> <span class='ocrx_word' id='word_1_694' title='bbox 1835 4371 2056 4428; x_wconf 91' lang='lat' dir='ltr'><strong>codicis</strong></span> <span class='ocrx_word' id='word_1_695' title='bbox 2083 4363 2138 4425; x_wconf 85' lang='lat' dir='ltr'><strong>D</strong></span> <span class='ocrx_word' id='word_1_696' title='bbox 2169 4380 2469 4438; x_wconf 78' lang='lat' dir='ltr'><strong>duodecim</strong></span> <span class='ocrx_word' id='word_1_697' title='bbox 2523 4377 2854 4448; x_wconf 69' lang='lat' dir='ltr'><strong>pontiﬁcum</strong></span> <span class='ocrx_word' id='word_1_698' title='bbox 2896 4378 3129 4434; x_wconf 75' lang='lat' dir='ltr'><strong>nomina</strong></span> <span class='ocrx_word' id='word_1_699' title='bbox 3167 4390 3297 4431; x_wconf 82' lang='lat' dir='ltr'><strong>cum</strong></span> <span class='ocrx_word' id='word_1_700' title='bbox 3352 4380 3486 4429; x_wconf 68' lang='lat' dir='ltr'><strong>nota</strong></span> <span class='ocrx_word' id='word_1_701' title='bbox 3526 4383 3819 4426; x_wconf 78' lang='lat' dir='ltr'><strong>annorum</strong></span> 
     </span>
    </p>
   </div>
   <div class='ocr_carea' id='block_1_93' title="bbox 416 4458 2051 4531">
    <p class='ocr_par' dir='ltr' id='par_1_93' title="bbox 416 4458 2051 4531">
     <span class='ocr_line' id='line_1_94' title="bbox 416 4458 2051 4531; baseline -0.007 -3"><span class='ocrx_word' id='word_1_702' title='bbox 416 4469 711 4528; x_wconf 89' lang='lat' dir='ltr'><strong>lectiones.</strong></span> <span class='ocrx_word' id='word_1_703' title='bbox 739 4468 796 4519; x_wconf 90' lang='lat' dir='ltr'><strong>et</strong></span> <span class='ocrx_word' id='word_1_704' title='bbox 815 4459 1104 4531; x_wconf 91' lang='lat' dir='ltr'><strong>judicium</strong></span> <span class='ocrx_word' id='word_1_705' title='bbox 1135 4458 1205 4514; x_wconf 91' lang='lat' dir='ltr'><strong>de</strong></span> <span class='ocrx_word' id='word_1_706' title='bbox 1224 4463 1386 4513; x_wconf 88' lang='lat' dir='ltr'><strong>atate</strong></span> <span class='ocrx_word' id='word_1_707' title='bbox 1416 4470 1528 4527; x_wconf 91' lang='lat' dir='ltr'><strong>qua</strong></span> <span class='ocrx_word' id='word_1_708' title='bbox 1553 4461 1917 4530; x_wconf 90' lang='lat' dir='ltr'><strong>conscriptus</strong></span> <span class='ocrx_word' id='word_1_709' title='bbox 1944 4468 2051 4531; x_wconf 84' lang='lat' dir='ltr'><strong>est,</strong></span> 
     </span>
    </p>
   </div>
   <div class='ocr_carea' id='block_1_94' title="bbox 418 4546 2055 4630">
    <p class='ocr_par' dir='ltr' id='par_1_94' title="bbox 418 4546 2055 4630">
     <span class='ocr_line' id='line_1_95' title="bbox 418 4546 2055 4630; baseline -0.005 -16"><span class='ocrx_word' id='word_1_710' title='bbox 418 4561 651 4630; x_wconf 88' lang='lat' dir='ltr'><strong>peteret.</strong></span> <span class='ocrx_word' id='word_1_711' title='bbox 682 4552 1000 4621; x_wconf 86' lang='lat' dir='ltr'><strong>Utrumque</strong></span> <span class='ocrx_word' id='word_1_712' title='bbox 1026 4561 1127 4620; x_wconf 93' lang='lat' dir='ltr'><strong>pro</strong></span> <span class='ocrx_word' id='word_1_713' title='bbox 1152 4560 1257 4603; x_wconf 90' lang='lat' dir='ltr'><strong>sua</strong></span> <span class='ocrx_word' id='word_1_714' title='bbox 1285 4546 1643 4603; x_wconf 91' lang='lat' dir='ltr'><strong>humanitate</strong></span> <span class='ocrx_word' id='word_1_715' title='bbox 1666 4550 1937 4617; x_wconf 86' lang='lat' dir='ltr'><strong>prastitit</strong></span> <span class='ocrx_word' id='word_1_716' title='bbox 1965 4553 2055 4607; x_wconf 91' lang='lat' dir='ltr'><strong>vir</strong></span> 
     </span>
    </p>
   </div>
   <div class='ocr_carea' id='block_1_95' title="bbox 415 4637 2055 4709">
    <p class='ocr_par' dir='ltr' id='par_1_95' title="bbox 415 4637 2055 4709">
     <span class='ocr_line' id='line_1_96' title="bbox 415 4637 2055 4709; baseline -0.004 -4"><span class='ocrx_word' id='word_1_717' title='bbox 415 4644 780 4705; x_wconf 89' lang='lat' dir='ltr'><strong>clarissimus</strong></span> <span class='ocrx_word' id='word_1_718' title='bbox 808 4640 1097 4709; x_wconf 88' lang='lat' dir='ltr'><strong>Baluzius,</strong></span> <span class='ocrx_word' id='word_1_719' title='bbox 1128 4642 1449 4706; x_wconf 92' lang='lat' dir='ltr'><strong>cunctaque</strong></span> <span class='ocrx_word' id='word_1_720' title='bbox 1471 4650 1638 4706; x_wconf 90' lang='lat' dir='ltr'><strong>quam</strong></span> <span class='ocrx_word' id='word_1_721' title='bbox 1661 4637 1959 4693; x_wconf 91' lang='lat' dir='ltr'><strong>celerrime</strong></span> <span class='ocrx_word' id='word_1_722' title='bbox 1983 4643 2055 4698; x_wconf 89' lang='lat' dir='ltr'><strong>ad</strong></span> 
     </span>
    </p>
   </div>
   <div class='ocr_carea' id='block_1_96' title="bbox 414 4723 2053 4796">
    <p class='ocr_par' dir='ltr' id='par_1_96' title="bbox 414 4723 2053 4796">
     <span class='ocr_line' id='line_1_97' title="bbox 414 4723 2053 4796; baseline -0.005 -3"><span class='ocrx_word' id='word_1_723' title='bbox 414 4750 502 4793; x_wconf 91' lang='lat' dir='ltr'><strong>me</strong></span> <span class='ocrx_word' id='word_1_724' title='bbox 541 4733 703 4791; x_wconf 89' lang='lat' dir='ltr'><strong>misit</strong></span> <span class='ocrx_word' id='word_1_725' title='bbox 739 4730 1090 4786; x_wconf 81' lang='lat' dir='ltr'><strong>Harduinus.</strong></span> <span class='ocrx_word' id='word_1_726' title='bbox 1129 4726 1315 4796; x_wconf 91' lang='lat' dir='ltr'><strong>Quare</strong></span> <span class='ocrx_word' id='word_1_727' title='bbox 1368 4725 1602 4781; x_wconf 90' lang='lat' dir='ltr'><strong>illorum</strong></span> <span class='ocrx_word' id='word_1_728' title='bbox 1647 4723 2053 4785; x_wconf 84' lang='lat' dir='ltr'><strong>benevolentia</strong></span> 
     </span>
    </p>
   </div>
   <div class='ocr_carea' id='block_1_97' title="bbox 409 4816 2051 4895">
    <p class='ocr_par' dir='ltr' id='par_1_97' title="bbox 409 4816 2051 4895">
     <span class='ocr_line' id='line_1_98' title="bbox 409 4816 2051 4895; baseline -0.005 -11"><span class='ocrx_word' id='word_1_729' title='bbox 409 4826 585 4884; x_wconf 91' lang='lat' dir='ltr'><strong>debeo</strong></span> <span class='ocrx_word' id='word_1_730' title='bbox 605 4836 727 4895; x_wconf 91' lang='lat' dir='ltr'><strong>ego,</strong></span> <span class='ocrx_word' id='word_1_731' title='bbox 777 4821 945 4876; x_wconf 92' lang='lat' dir='ltr'><strong>debet</strong></span> <span class='ocrx_word' id='word_1_732' title='bbox 974 4817 1266 4888; x_wconf 90' lang='lat' dir='ltr'><strong>republica</strong></span> <span class='ocrx_word' id='word_1_733' title='bbox 1312 4816 1594 4871; x_wconf 88' lang='lat' dir='ltr'><strong>litteraria</strong></span> <span class='ocrx_word' id='word_1_734' title='bbox 1642 4819 1904 4873; x_wconf 89' lang='lat' dir='ltr'><strong>notitiam</strong></span> <span class='ocrx_word' id='word_1_735' title='bbox 1947 4833 2051 4875; x_wconf 90' lang='lat' dir='ltr'><strong>co—</strong></span> 
     </span>
    </p>
   </div>
   <div class='ocr_carea' id='block_1_98' title="bbox 408 4904 2051 4977">
    <p class='ocr_par' dir='ltr' id='par_1_98' title="bbox 408 4904 2051 4977">
     <span class='ocr_line' id='line_1_99' title="bbox 408 4904 2051 4977; baseline -0.005 -5"><span class='ocrx_word' id='word_1_736' title='bbox 408 4916 560 4971; x_wconf 90' lang='lat' dir='ltr'><strong>dicis</strong></span> <span class='ocrx_word' id='word_1_737' title='bbox 586 4910 923 4977; x_wconf 89' lang='lat' dir='ltr'><strong>Colbertini,</strong></span> <span class='ocrx_word' id='word_1_738' title='bbox 949 4920 1075 4977; x_wconf 88' lang='lat' dir='ltr'><strong>qua</strong></span> <span class='ocrx_word' id='word_1_739' title='bbox 1102 4919 1212 4961; x_wconf 91' lang='lat' dir='ltr'><strong>non</strong></span> <span class='ocrx_word' id='word_1_740' title='bbox 1246 4918 1445 4974; x_wconf 90' lang='lat' dir='ltr'><strong>parum</strong></span> <span class='ocrx_word' id='word_1_741' title='bbox 1470 4904 1720 4962; x_wconf 91' lang='lat' dir='ltr'><strong>conferet</strong></span> <span class='ocrx_word' id='word_1_742' title='bbox 1748 4909 1816 4963; x_wconf 87' lang='lat' dir='ltr'><strong>ad</strong></span> <span class='ocrx_word' id='word_1_743' title='bbox 1840 4908 2051 4964; x_wconf 87' lang='lat' dir='ltr'><strong>discer-</strong></span> 
     </span>
    </p>
   </div>
   <div class='ocr_carea' id='block_1_99' title="bbox 408 4995 2048 5064">
    <p class='ocr_par' dir='ltr' id='par_1_99' title="bbox 408 4995 2048 5064">
     <span class='ocr_line' id='line_1_100' title="bbox 408 4995 2048 5064; baseline -0.002 -7"><span class='ocrx_word' id='word_1_744' title='bbox 408 5004 657 5057; x_wconf 91' lang='lat' dir='ltr'><strong>nendum</strong></span> <span class='ocrx_word' id='word_1_745' title='bbox 708 5000 919 5055; x_wconf 91' lang='lat' dir='ltr'><strong>fontem</strong></span> <span class='ocrx_word' id='word_1_746' title='bbox 967 5010 1036 5051; x_wconf 90' lang='lat' dir='ltr'><strong>ex</strong></span> <span class='ocrx_word' id='word_1_747' title='bbox 1082 5008 1195 5064; x_wconf 91' lang='lat' dir='ltr'><strong>quo</strong></span> <span class='ocrx_word' id='word_1_748' title='bbox 1242 5000 1444 5049; x_wconf 89' lang='lat' dir='ltr'><strong>auctor</strong></span> <span class='ocrx_word' id='word_1_749' title='bbox 1482 4995 1638 5051; x_wconf 91' lang='lat' dir='ltr'><strong>Libri</strong></span> <span class='ocrx_word' id='word_1_750' title='bbox 1694 4997 2048 5053; x_wconf 82' lang='lat' dir='ltr'><strong>Pontificalis</strong></span> 
     </span>
    </p>
   </div>
   <div class='ocr_carea' id='block_1_100' title="bbox 405 5085 2045 5152">
    <p class='ocr_par' dir='ltr' id='par_1_100' title="bbox 405 5085 2045 5152">
     <span class='ocr_line' id='line_1_101' title="bbox 405 5085 2045 5152; baseline -0.004 -5"><span class='ocrx_word' id='word_1_751' title='bbox 405 5092 545 5147; x_wconf 90' lang='lat' dir='ltr'><strong>Acta</strong></span> <span class='ocrx_word' id='word_1_752' title='bbox 564 5100 959 5143; x_wconf 87' lang='lat' dir='ltr'><strong>successorum</strong></span> <span class='ocrx_word' id='word_1_753' title='bbox 990 5085 1135 5140; x_wconf 91' lang='lat' dir='ltr'><strong>Petri</strong></span> <span class='ocrx_word' id='word_1_754' title='bbox 1165 5085 1377 5152; x_wconf 90' lang='lat' dir='ltr'><strong>hausit,</strong></span> <span class='ocrx_word' id='word_1_755' title='bbox 1428 5090 1491 5139; x_wconf 93' lang='lat' dir='ltr'><strong>ut</strong></span> <span class='ocrx_word' id='word_1_756' title='bbox 1517 5100 1622 5140; x_wconf 93' lang='lat' dir='ltr'><strong>suo</strong></span> <span class='ocrx_word' id='word_1_757' title='bbox 1654 5086 1776 5141; x_wconf 94' lang='lat' dir='ltr'><strong>loco</strong></span> <span class='ocrx_word' id='word_1_758' title='bbox 1814 5087 2045 5141; x_wconf 88' lang='lat' dir='ltr'><strong>videbi-—</strong></span> 
     </span>
    </p>
   </div>
   <div class='ocr_carea' id='block_1_101' title="bbox 410 5172 2046 5245">
    <p class='ocr_par' dir='ltr' id='par_1_101' title="bbox 410 5172 2046 5245">
     <span class='ocr_line' id='line_1_102' title="bbox 410 5172 2046 5245; baseline -0.002 -11"><span class='ocrx_word' id='word_1_759' title='bbox 410 5193 555 5234; x_wconf 87' lang='lat' dir='ltr'><strong>mus.</strong></span> <span class='ocrx_word' id='word_1_760' title='bbox 576 5175 834 5243; x_wconf 87' lang='lat' dir='ltr'><strong>Adjungo</strong></span> <span class='ocrx_word' id='word_1_761' title='bbox 857 5174 1226 5242; x_wconf 89' lang='lat' dir='ltr'><strong>itaqueverba</strong></span> <span class='ocrx_word' id='word_1_762' title='bbox 1242 5172 1550 5229; x_wconf 84' lang='lat' dir='ltr'><strong>clarissimi</strong></span> <span class='ocrx_word' id='word_1_763' title='bbox 1570 5172 1809 5235; x_wconf 78' lang='lat' dir='ltr'><strong>Baluzii.</strong></span> <span class='ocrx_word' id='word_1_764' title='bbox 1831 5176 2046 5245; x_wconf 91' lang='lat' dir='ltr'><strong>quibus</strong></span> 
     </span>
    </p>
   </div>
   <div class='ocr_carea' id='block_1_102' title="bbox 397 5261 2049 5337">
    <p class='ocr_par' dir='ltr' id='par_1_102' title="bbox 397 5261 2049 5337">
     <span class='ocr_line' id='line_1_103' title="bbox 397 5261 2049 5337; baseline -0.002 -14"><span class='ocrx_word' id='word_1_765' title='bbox 397 5265 686 5337; x_wconf 91' lang='lat' dir='ltr'><strong>judicium</strong></span> <span class='ocrx_word' id='word_1_766' title='bbox 716 5262 788 5316; x_wconf 89' lang='lat' dir='ltr'><strong>de</strong></span> <span class='ocrx_word' id='word_1_767' title='bbox 819 5274 920 5316; x_wconf 91' lang='lat' dir='ltr'><strong>ms.</strong></span> <span class='ocrx_word' id='word_1_768' title='bbox 963 5262 1158 5317; x_wconf 84' lang='lat' dir='ltr'><strong>codice</strong></span> <span class='ocrx_word' id='word_1_769' title='bbox 1186 5261 1532 5321; x_wconf 84' lang='lat' dir='ltr'><strong>Colbertino,</strong></span> <span class='ocrx_word' id='word_1_770' title='bbox 1556 5267 1611 5314; x_wconf 90' lang='lat' dir='ltr'><strong>et</strong></span> <span class='ocrx_word' id='word_1_771' title='bbox 1633 5262 1818 5317; x_wconf 89' lang='lat' dir='ltr'><strong>varias</strong></span> <span class='ocrx_word' id='word_1_772' title='bbox 1840 5264 2049 5321; x_wconf 89' lang='lat' dir='ltr'><strong>lectio-</strong></span> 
     </span>
    </p>
   </div>
   <div class='ocr_carea' id='block_1_103' title="bbox 403 5346 2044 5421">
    <p class='ocr_par' dir='ltr' id='par_1_103' title="bbox 403 5346 2044 5421">
     <span class='ocr_line' id='line_1_104' title="bbox 403 5346 2044 5421; baseline -0.001 -11"><span class='ocrx_word' id='word_1_773' title='bbox 403 5368 504 5409; x_wconf 91' lang='lat' dir='ltr'><strong>nes</strong></span> <span class='ocrx_word' id='word_1_774' title='bbox 521 5350 771 5421; x_wconf 87' lang='lat' dir='ltr'><strong>Catalogi</strong></span> <span class='ocrx_word' id='word_1_775' title='bbox 805 5348 988 5404; x_wconf 91' lang='lat' dir='ltr'><strong>nostri</strong></span> <span class='ocrx_word' id='word_1_776' title='bbox 1028 5350 1299 5405; x_wconf 89' lang='lat' dir='ltr'><strong>exhibet:</strong></span> <span class='ocrx_word' id='word_1_777' title='bbox 1339 5370 1363 5401; x_wconf 84' lang='lat'><strong>«</strong></span> <span class='ocrx_word' id='word_1_778' title='bbox 1405 5347 1590 5403; x_wconf 89' lang='lat' dir='ltr'><strong>Codex</strong></span> <span class='ocrx_word' id='word_1_779' title='bbox 1634 5346 1772 5405; x_wconf 78' lang='grc'><strong>4808</strong></span> <span class='ocrx_word' id='word_1_780' title='bbox 1822 5351 2044 5409; x_wconf 77' lang='lat' dir='ltr'><strong>biblio-</strong></span> 
     </span>
    </p>
   </div>
   <div class='ocr_carea' id='block_1_104' title="bbox 400 5439 2034 5506">
    <p class='ocr_par' dir='ltr' id='par_1_104' title="bbox 400 5439 2034 5506">
     <span class='ocr_line' id='line_1_105' title="bbox 400 5439 2034 5506; baseline -0.001 -8"><span class='ocrx_word' id='word_1_781' title='bbox 400 5443 577 5498; x_wconf 87' lang='lat' dir='ltr'><strong>theca</strong></span> <span class='ocrx_word' id='word_1_782' title='bbox 624 5439 985 5506; x_wconf 81' lang='lat' dir='ltr'><strong>Colbertina,</strong></span> <span class='ocrx_word' id='word_1_783' title='bbox 1038 5451 1204 5506; x_wconf 90' lang='lat' dir='ltr'><strong>quem</strong></span> <span class='ocrx_word' id='word_1_784' title='bbox 1248 5442 1472 5493; x_wconf 88' lang='lat' dir='ltr'><strong>constat</strong></span> <span class='ocrx_word' id='word_1_785' title='bbox 1514 5451 1637 5493; x_wconf 91' lang='lat' dir='ltr'><strong>esse</strong></span> <span class='ocrx_word' id='word_1_786' title='bbox 1695 5440 1941 5495; x_wconf 88' lang='lat' dir='ltr'><strong>similem</strong></span> <span class='ocrx_word' id='word_1_787' title='bbox 1983 5444 2034 5497; x_wconf 91' lang='lat' dir='ltr'><strong>ei</strong></span> 
     </span>
    </p>
   </div>
   <div class='ocr_carea' id='block_1_105' title="bbox 2164 4465 3822 4539">
    <p class='ocr_par' dir='ltr' id='par_1_105' title="bbox 2164 4465 3822 4539">
     <span class='ocr_line' id='line_1_106' title="bbox 2164 4465 3822 4539; baseline -0.008 -14"><span class='ocrx_word' id='word_1_788' title='bbox 2164 4467 2285 4535; x_wconf 66' lang='lat' dir='ltr'><strong>lii-4,</strong></span> <span class='ocrx_word' id='word_1_789' title='bbox 2316 4469 2413 4539; x_wconf 90' lang='lat' dir='ltr'><strong>qui</strong></span> <span class='ocrx_word' id='word_1_790' title='bbox 2443 4481 2475 4523; x_wconf 91' lang='lat' dir='ltr'><strong>a</strong></span> <span class='ocrx_word' id='word_1_791' title='bbox 2504 4467 2563 4521; x_wconf 91' lang='lat' dir='ltr'><strong>B.</strong></span> <span class='ocrx_word' id='word_1_792' title='bbox 2594 4469 2757 4523; x_wconf 89' lang='lat' dir='ltr'><strong>Petro</strong></span> <span class='ocrx_word' id='word_1_793' title='bbox 2789 4481 2972 4537; x_wconf 88' lang='lat' dir='ltr'><strong>usque</strong></span> <span class='ocrx_word' id='word_1_794' title='bbox 3002 4473 3138 4522; x_wconf 92' lang='lat' dir='ltr'><strong>tunc</strong></span> <span class='ocrx_word' id='word_1_795' title='bbox 3171 4465 3636 4527; x_wconf 88' lang='lat' dir='ltr'><strong>intercesserunt,</strong></span> <span class='ocrx_word' id='word_1_796' title='bbox 3679 4472 3822 4528; x_wconf 83' lang='lat' dir='ltr'><strong>qua</strong></span> 
     </span>
    </p>
   </div>
   <div class='ocr_carea' id='block_1_106' title="bbox 2168 4547 3825 4627">
    <p class='ocr_par' dir='ltr' id='par_1_106' title="bbox 2168 4547 3825 4627">
     <span class='ocr_line' id='line_1_107' title="bbox 2168 4547 3825 4627; baseline -0.008 -14"><span class='ocrx_word' id='word_1_797' title='bbox 2168 4559 2359 4613; x_wconf 88' lang='lat' dir='ltr'><strong>eadem</strong></span> <span class='ocrx_word' id='word_1_798' title='bbox 2374 4561 2697 4627; x_wconf 91' lang='lat' dir='ltr'><strong>sequuntur</strong></span> <span class='ocrx_word' id='word_1_799' title='bbox 2711 4556 2767 4610; x_wconf 91' lang='lat' dir='ltr'><strong>in</strong></span> <span class='ocrx_word' id='word_1_800' title='bbox 2782 4557 2978 4611; x_wconf 93' lang='lat' dir='ltr'><strong>codice</strong></span> <span class='ocrx_word' id='word_1_801' title='bbox 2989 4553 3335 4622; x_wconf 89' lang='lat' dir='ltr'><strong>Colbertino,</strong></span> <span class='ocrx_word' id='word_1_802' title='bbox 3374 4550 3539 4606; x_wconf 91' lang='lat' dir='ltr'><strong>utvir</strong></span> <span class='ocrx_word' id='word_1_803' title='bbox 3553 4548 3627 4603; x_wconf 92' lang='lat' dir='ltr'><strong>cl.</strong></span> <span class='ocrx_word' id='word_1_804' title='bbox 3646 4547 3825 4601; x_wconf 89' lang='lat' dir='ltr'><strong>Balu-</strong></span> 
     </span>
    </p>
   </div>
   <div class='ocr_carea' id='block_1_107' title="bbox 2166 4639 3813 4703">
    <p class='ocr_par' dir='ltr' id='par_1_107' title="bbox 2166 4639 3813 4703">
     <span class='ocr_line' id='line_1_108' title="bbox 2166 4639 3813 4703; baseline -0.008 -2"><span class='ocrx_word' id='word_1_805' title='bbox 2166 4648 2293 4703; x_wconf 89' lang='lat' dir='ltr'><strong>zius</strong></span> <span class='ocrx_word' id='word_1_806' title='bbox 2314 4646 2374 4701; x_wconf 93' lang='lat' dir='ltr'><strong>in</strong></span> <span class='ocrx_word' id='word_1_807' title='bbox 2391 4645 2572 4701; x_wconf 88' lang='lat' dir='ltr'><strong>variis</strong></span> <span class='ocrx_word' id='word_1_808' title='bbox 2589 4643 2936 4699; x_wconf 92' lang='lat' dir='ltr'><strong>lectionibus</strong></span> <span class='ocrx_word' id='word_1_809' title='bbox 2958 4643 3026 4698; x_wconf 90' lang='lat' dir='ltr'><strong>ad</strong></span> <span class='ocrx_word' id='word_1_810' title='bbox 3054 4655 3137 4697; x_wconf 92' lang='lat' dir='ltr'><strong>me</strong></span> <span class='ocrx_word' id='word_1_811' title='bbox 3162 4639 3522 4697; x_wconf 89' lang='lat' dir='ltr'><strong>transmissis</strong></span> <span class='ocrx_word' id='word_1_812' title='bbox 3539 4641 3813 4692; x_wconf 88' lang='lat' dir='ltr'><strong>testatur.</strong></span> 
     </span>
    </p>
   </div>
   <div class='ocr_carea' id='block_1_108' title="bbox 2232 4730 3821 4803">
    <p class='ocr_par' dir='ltr' id='par_1_108' title="bbox 2232 4730 3821 4803">
     <span class='ocr_line' id='line_1_109' title="bbox 2232 4730 3821 4803; baseline -0.007 -13"><span class='ocrx_word' id='word_1_813' title='bbox 2232 4732 2284 4790; x_wconf 86' lang='lat'><strong>7.</strong></span> <span class='ocrx_word' id='word_1_814' title='bbox 2314 4735 2383 4789; x_wconf 88' lang='lat' dir='ltr'><strong>Et</strong></span> <span class='ocrx_word' id='word_1_815' title='bbox 2415 4748 2483 4790; x_wconf 87' lang='lat' dir='ltr'><strong>ex</strong></span> <span class='ocrx_word' id='word_1_816' title='bbox 2529 4733 2624 4788; x_wconf 87' lang='lat' dir='ltr'><strong>his</strong></span> <span class='ocrx_word' id='word_1_817' title='bbox 2648 4732 2877 4803; x_wconf 91' lang='lat' dir='ltr'><strong>quidem</strong></span> <span class='ocrx_word' id='word_1_818' title='bbox 2920 4730 3217 4787; x_wconf 90' lang='lat' dir='ltr'><strong>manifeste</strong></span> <span class='ocrx_word' id='word_1_819' title='bbox 3246 4736 3470 4787; x_wconf 92' lang='lat' dir='ltr'><strong>constat</strong></span> <span class='ocrx_word' id='word_1_820' title='bbox 3496 4734 3821 4795; x_wconf 90' lang='lat' dir='ltr'><strong>utrumque</strong></span> 
     </span>
    </p>
   </div>
   <div class='ocr_carea' id='block_1_109' title="bbox 2160 4816 3820 4888">
    <p class='ocr_par' dir='ltr' id='par_1_109' title="bbox 2160 4816 3820 4888">
     <span class='ocr_line' id='line_1_110' title="bbox 2160 4816 3820 4888; baseline -0.006 -9"><span class='ocrx_word' id='word_1_821' title='bbox 2160 4826 2411 4879; x_wconf 91' lang='lat' dir='ltr'><strong>codicem</strong></span> <span class='ocrx_word' id='word_1_822' title='bbox 2463 4837 2591 4888; x_wconf 92' lang='lat' dir='ltr'><strong>ms.,</strong></span> <span class='ocrx_word' id='word_1_823' title='bbox 2633 4821 3025 4877; x_wconf 87' lang='lat' dir='ltr'><strong>Colbertinum</strong></span> <span class='ocrx_word' id='word_1_824' title='bbox 3059 4828 3115 4876; x_wconf 92' lang='lat' dir='ltr'><strong>et</strong></span> <span class='ocrx_word' id='word_1_825' title='bbox 3143 4816 3820 4875; x_wconf 75' lang='lat' dir='ltr'><strong>Alexandrino-Vatica—</strong></span> 
     </span>
    </p>
   </div>
   <div class='ocr_carea' id='block_1_110' title="bbox 2161 4905 3816 4980">
    <p class='ocr_par' dir='ltr' id='par_1_110' title="bbox 2161 4905 3816 4980">
     <span class='ocr_line' id='line_1_111' title="bbox 2161 4905 3816 4980; baseline -0.005 -13"><span class='ocrx_word' id='word_1_826' title='bbox 2161 4926 2317 4980; x_wconf 90' lang='lat' dir='ltr'><strong>num,</strong></span> <span class='ocrx_word' id='word_1_827' title='bbox 2358 4911 2629 4966; x_wconf 86' lang='lat' dir='ltr'><strong>exhibere</strong></span> <span class='ocrx_word' id='word_1_828' title='bbox 2658 4909 2923 4965; x_wconf 90' lang='lat' dir='ltr'><strong>eumdem</strong></span> <span class='ocrx_word' id='word_1_829' title='bbox 2956 4910 3190 4964; x_wconf 88' lang='lat' dir='ltr'><strong>omnino</strong></span> <span class='ocrx_word' id='word_1_830' title='bbox 3227 4909 3581 4978; x_wconf 86' lang='lat' dir='ltr'><strong>Catalogum,</strong></span> <span class='ocrx_word' id='word_1_831' title='bbox 3628 4912 3684 4959; x_wconf 91' lang='lat' dir='ltr'><strong>et</strong></span> <span class='ocrx_word' id='word_1_832' title='bbox 3718 4905 3816 4958; x_wconf 80' lang='lat' dir='ltr'><strong>vel</strong></span> 
     </span>
    </p>
   </div>
   <div class='ocr_carea' id='block_1_111' title="bbox 2158 4997 3820 5068">
    <p class='ocr_par' dir='ltr' id='par_1_111' title="bbox 2158 4997 3820 5068">
     <span class='ocr_line' id='line_1_112' title="bbox 2158 4997 3820 5068; baseline -0.004 -13"><span class='ocrx_word' id='word_1_833' title='bbox 2158 5000 2468 5056; x_wconf 90' lang='lat' dir='ltr'><strong>secundum</strong></span> <span class='ocrx_word' id='word_1_834' title='bbox 2514 5014 2582 5055; x_wconf 87' lang='lat' dir='ltr'><strong>ex</strong></span> <span class='ocrx_word' id='word_1_835' title='bbox 2631 5000 2817 5068; x_wconf 87' lang='lat' dir='ltr'><strong>primo</strong></span> <span class='ocrx_word' id='word_1_836' title='bbox 2861 5000 3215 5067; x_wconf 88' lang='lat' dir='ltr'><strong>descriptum</strong></span> <span class='ocrx_word' id='word_1_837' title='bbox 3282 5012 3425 5065; x_wconf 90' lang='lat' dir='ltr'><strong>esse,</strong></span> <span class='ocrx_word' id='word_1_838' title='bbox 3483 5005 3547 5052; x_wconf 88' lang='lat' dir='ltr'><strong>ut</strong></span> <span class='ocrx_word' id='word_1_839' title='bbox 3592 4997 3820 5066; x_wconf 72' lang='lat' dir='ltr'><strong>Pagius</strong></span> 
     </span>
    </p>
   </div>
   <div class='ocr_carea' id='block_1_112' title="bbox 2158 5086 3812 5159">
    <p class='ocr_par' dir='ltr' id='par_1_112' title="bbox 2158 5086 3812 5159">
     <span class='ocr_line' id='line_1_113' title="bbox 2158 5086 3812 5159; baseline -0.002 -16"><span class='ocrx_word' id='word_1_840' title='bbox 2158 5089 2450 5159; x_wconf 90' lang='lat' dir='ltr'><strong>retulerat,</strong></span> <span class='ocrx_word' id='word_1_841' title='bbox 2475 5089 2559 5143; x_wconf 89' lang='lat' dir='ltr'><strong>vel</strong></span> <span class='ocrx_word' id='word_1_842' title='bbox 2590 5094 2899 5159; x_wconf 90' lang='lat' dir='ltr'><strong>utrumque</strong></span> <span class='ocrx_word' id='word_1_843' title='bbox 2916 5088 3168 5144; x_wconf 92' lang='lat' dir='ltr'><strong>codicem</strong></span> <span class='ocrx_word' id='word_1_844' title='bbox 3188 5101 3255 5142; x_wconf 86' lang='lat' dir='ltr'><strong>ex</strong></span> <span class='ocrx_word' id='word_1_845' title='bbox 3277 5087 3456 5142; x_wconf 89' lang='lat' dir='ltr'><strong>altero</strong></span> <span class='ocrx_word' id='word_1_846' title='bbox 3474 5086 3812 5155; x_wconf 66' lang='lat' dir='ltr'><strong>antiquior;</strong></span> 
     </span>
    </p>
   </div>
   <div class='ocr_carea' id='block_1_113' title="bbox 2158 5175 3819 5248">
    <p class='ocr_par' dir='ltr' id='par_1_113' title="bbox 2158 5175 3819 5248">
     <span class='ocr_line' id='line_1_114' title="bbox 2158 5175 3819 5248; baseline -0.002 -15"><span class='ocrx_word' id='word_1_847' title='bbox 2158 5178 2338 5233; x_wconf 88' lang='lat' dir='ltr'><strong>fuisse</strong></span> <span class='ocrx_word' id='word_1_848' title='bbox 2358 5179 2722 5247; x_wconf 89' lang='lat' dir='ltr'><strong>desumptum</strong></span> <span class='ocrx_word' id='word_1_849' title='bbox 2748 5195 2762 5247; x_wconf 86' lang='lat'><strong>;</strong></span> <span class='ocrx_word' id='word_1_850' title='bbox 2793 5178 2941 5248; x_wconf 92' lang='lat' dir='ltr'><strong>quod</strong></span> <span class='ocrx_word' id='word_1_851' title='bbox 2977 5177 3243 5231; x_wconf 85' lang='lat' dir='ltr'><strong>ultimum</strong></span> <span class='ocrx_word' id='word_1_852' title='bbox 3279 5175 3447 5231; x_wconf 88' lang='lat' dir='ltr'><strong>facile</strong></span> <span class='ocrx_word' id='word_1_853' title='bbox 3468 5176 3819 5244; x_wconf 79' lang='lat' dir='ltr'><strong>contingere</strong></span> 
     </span>
    </p>
   </div>
   <div class='ocr_carea' id='block_1_114' title="bbox 2164 5264 3817 5337">
    <p class='ocr_par' dir='ltr' id='par_1_114' title="bbox 2164 5264 3817 5337">
     <span class='ocr_line' id='line_1_115' title="bbox 2164 5264 3817 5337; baseline -0.002 -14"><span class='ocrx_word' id='word_1_854' title='bbox 2164 5268 2371 5337; x_wconf 89' lang='lat' dir='ltr'><strong>potuit,</strong></span> <span class='ocrx_word' id='word_1_855' title='bbox 2401 5281 2528 5321; x_wconf 92' lang='lat' dir='ltr'><strong>cum</strong></span> <span class='ocrx_word' id='word_1_856' title='bbox 2560 5274 2798 5334; x_wconf 87' lang='lat' dir='ltr'><strong>uterque</strong></span> <span class='ocrx_word' id='word_1_857' title='bbox 2836 5266 3010 5321; x_wconf 83' lang='lat' dir='ltr'><strong>codex</strong></span> <span class='ocrx_word' id='word_1_858' title='bbox 3049 5265 3414 5321; x_wconf 87' lang='lat' dir='ltr'><strong>Colbertinus</strong></span> <span class='ocrx_word' id='word_1_859' title='bbox 3449 5271 3504 5319; x_wconf 89' lang='lat' dir='ltr'><strong>et</strong></span> <span class='ocrx_word' id='word_1_860' title='bbox 3546 5264 3817 5319; x_wconf 76' lang='lat' dir='ltr'><strong>Alexan—</strong></span> 
     </span>
    </p>
   </div>
   <div class='ocr_carea' id='block_1_115' title="bbox 2153 5351 3817 5423">
    <p class='ocr_par' dir='ltr' id='par_1_115' title="bbox 2153 5351 3817 5423">
     <span class='ocr_line' id='line_1_116' title="bbox 2153 5351 3817 5423; baseline -0.002 -13"><span class='ocrx_word' id='word_1_861' title='bbox 2153 5355 2670 5410; x_wconf 87' lang='lat' dir='ltr'><strong>drino—Vaticanus</strong></span> <span class='ocrx_word' id='word_1_862' title='bbox 2686 5353 3132 5423; x_wconf 86' lang='lat' dir='ltr'><strong>antiquissimus</strong></span> <span class='ocrx_word' id='word_1_863' title='bbox 3153 5354 3252 5422; x_wconf 91' lang='lat' dir='ltr'><strong>sit,</strong></span> <span class='ocrx_word' id='word_1_864' title='bbox 3283 5362 3339 5409; x_wconf 92' lang='lat' dir='ltr'><strong>et</strong></span> <span class='ocrx_word' id='word_1_865' title='bbox 3364 5351 3817 5409; x_wconf 84' lang='lat' dir='ltr'><strong>characteribus</strong></span> 
     </span>
    </p>
   </div>
   <div class='ocr_carea' id='block_1_116' title="bbox 2147 5440 3822 5509">
    <p class='ocr_par' dir='ltr' id='par_1_116' title="bbox 2147 5440 3822 5509">
     <span class='ocr_line' id='line_1_117' title="bbox 2147 5440 3822 5509; baseline -0.001 -10"><span class='ocrx_word' id='word_1_866' title='bbox 2147 5443 2433 5499; x_wconf 89' lang='lat' dir='ltr'><strong>Carolinis</strong></span> <span class='ocrx_word' id='word_1_867' title='bbox 2459 5440 2840 5509; x_wconf 89' lang='lat' dir='ltr'><strong>conscriptus.</strong></span> <span class='ocrx_word' id='word_1_868' title='bbox 2870 5448 2926 5497; x_wconf 92' lang='lat' dir='ltr'><strong>et</strong></span> <span class='ocrx_word' id='word_1_869' title='bbox 2955 5442 3247 5498; x_wconf 91' lang='lat' dir='ltr'><strong>nonnulla</strong></span> <span class='ocrx_word' id='word_1_870' title='bbox 3272 5442 3559 5497; x_wconf 89' lang='lat' dir='ltr'><strong>variantes</strong></span> <span class='ocrx_word' id='word_1_871' title='bbox 3588 5441 3773 5497; x_wconf 90' lang='lat' dir='ltr'><strong>lectio</strong></span> <span class='ocrx_word' id='word_1_872' title='bbox 3790 5473 3822 5481; x_wconf 86' lang='lat'><strong><em>-</em></strong></span> 
     </span>
    </p>
   </div>
   <div class='ocr_carea' id='block_1_117' title="bbox 398 5525 3814 5603">
    <p class='ocr_par' dir='ltr' id='par_1_117' title="bbox 398 5525 3814 5603">
     <span class='ocr_line' id='line_1_118' title="bbox 398 5525 3814 5603; baseline -0.001 -16"><span class='ocrx_word' id='word_1_873' title='bbox 398 5530 500 5602; x_wconf 91' lang='lat' dir='ltr'><strong>qui</strong></span> <span class='ocrx_word' id='word_1_874' title='bbox 532 5527 788 5585; x_wconf 85' lang='lat' dir='ltr'><strong>exstabat</strong></span> <span class='ocrx_word' id='word_1_875' title='bbox 817 5528 876 5583; x_wconf 91' lang='lat' dir='ltr'><strong>in</strong></span> <span class='ocrx_word' id='word_1_876' title='bbox 910 5526 1255 5583; x_wconf 89' lang='lat' dir='ltr'><strong>bibliotheca</strong></span> <span class='ocrx_word' id='word_1_877' title='bbox 1288 5525 1498 5595; x_wconf 86' lang='lat' dir='ltr'><strong>regina</strong></span> <span class='ocrx_word' id='word_1_878' title='bbox 1523 5526 1850 5600; x_wconf 80' lang='lat' dir='ltr'><strong>Christina,</strong></span> <span class='ocrx_word' id='word_1_879' title='bbox 1887 5533 2045 5586; x_wconf 78' lang='lat' dir='ltr'><strong>scri—</strong></span> <span class='ocrx_word' id='word_1_880' title='bbox 2138 5545 2261 5603; x_wconf 81' lang='lat' dir='ltr'><strong>nes,</strong></span> <span class='ocrx_word' id='word_1_881' title='bbox 2302 5533 2437 5587; x_wconf 92' lang='lat' dir='ltr'><strong>licet</strong></span> <span class='ocrx_word' id='word_1_882' title='bbox 2468 5544 2659 5600; x_wconf 88' lang='lat' dir='ltr'><strong>pauca</strong></span> <span class='ocrx_word' id='word_1_883' title='bbox 2679 5531 3006 5601; x_wconf 89' lang='lat' dir='ltr'><strong>admodum,</strong></span> <span class='ocrx_word' id='word_1_884' title='bbox 3038 5531 3096 5586; x_wconf 89' lang='lat' dir='ltr'><strong>in</strong></span> <span class='ocrx_word' id='word_1_885' title='bbox 3130 5539 3372 5601; x_wconf 89' lang='lat' dir='ltr'><strong>utroque</strong></span> <span class='ocrx_word' id='word_1_886' title='bbox 3403 5530 3814 5600; x_wconf 89' lang='lat' dir='ltr'><strong>reperiantur.</strong></span> 
     </span>
    </p>
   </div>
  </div>
