4060 6176
242 246 350 304 485

938 247 1356 327 ⁷ΞΟΙΙΕΙᾹΞΞἸἮ.
1400 244 1703 302 DISSERT.
1743 244 1834 300 DE
1872 264 1887 301 ι

2000 246 2099 316 ‘IQ.
2142 246 2306 303 non.
2355 246 2551 303 rom.
2595 246 2934 302 CATALOG.

3546 242 3647 301 486

237 373 335 427 Sic
362 371 730 428 Colbertinus
782 373 840 427 in
886 374 1051 429 Petro
1095 375 1234 445 legit
1279 376 1655 437 Territurium,
1702 377 1753 426 et
1796 374 1888 425 uia
1914 373 1976 433 Α
2004 375 2195 441 templo
2222 375 2497 443 Apollinis
2511 374 2683 442 juxta
2709 374 2880 427 locum
2904 374 3002 427 ubi
3029 375 3322 442 crucifixus
3348 377 3444 434 est,
3476 370 3646 438 juxta

236 461 491 526 Aurelia,
523 459 623 515 ubi
671 461 1412 518 Alexandrino—Vaticanus
1442 461 1607 515 habet
1634 463 1892 514 Terretu—

234 552 399 609 rium,
428 553 478 602 et
506 551 598 601 via
624 550 874 617 Aurilia,
910 551 969 603 In
1008 550 1351 619 Telesphoro
1382 550 1747 605 Colbertinus
1781 565 1793 600 :
1826 549 1893 600 Et

234 639 461 690 cessavit
476 638 824 706 episcopatus
856 638 970 691 dies
996 652 1093 706 vit,
1122 639 1220 693 ubi
1250 636 1894 692 Alexandrino-Vatica-

234 739 346 780 nus
371 724 563 793 habet,
590 725 709 777 dies
736 738 815 778 γι.
846 726 907 779 1η
940 726 1118 795 Ygino
1153 725 1518 781 Colbertinus
1546 744 1558 779 :
1596 727 1894 793 Episcopus

229 828 330 880 per
351 813 574 865 diversa
607 813 725 865 loca
756 826 835 867 v11
881 813 1638 882 Alexandrino-Vaticanus,
1674 829 1775 882 per
1800 806 1897 864 di-

230 916 383 954 uersa
408 902 525 953 loca
546 915 602 955 Vt
614 942 625 952 .
643 900 826 955 Vatic.
846 904 907 955 In
922 903 1156 957 Aniceto
1166 903 1558 969 Corbertinus,
1573 918 1669 970 per
1682 902 1898 954 diversa

227 989 339 1041 loca
384 1003 467 1043 ιι.
524 989 703 1043 Vatic.
750 1007 853 1058 per
896 991 1111 1043 diuersa
1149 991 1261 1043 loca
1306 1005 1433 1045 vm.
1464 994 1597 1045 Item
1630 988 1890 1058 primus:

225 1079 456 1130 cessavit
497 1079 846 1146 episcOpatus
885 1079 1000 1131 dies
1032 1091 1136 1143 v11,
1170 1079 1459 1133 secundus
1497 1080 1611 1131 dies
1653 1092 1727 1131 γι.
1758 1076 1897 1131 Col-

225 1163 495 1219 bertinus
540 1165 599 1218 in
645 1165 964 1235 Zephyrino
998 1185 1009 1219 :
1046 1168 1346 1235 Episcopus
1394 1168 1635 1234 interest,
1679 1169 1893 1219 tantum

222 1252 450 1305 clericus
479 1255 790 1322 sustinerit,
819 1252 1067 1309 Alexand
1079 1254 1558 1309 riuo—Vaticanus
1584 1272 1596 1307 :
1627 1255 1890 1322 Episcopo

220 1341 469 1400 interest,
504 1345 722 1393 tantum
754 1341 941 1395 Clerus
974 1343 1283 1395 sustineret.
1324 1342 1508 1412 Atque
1536 1342 1619 1395 hie
1648 1340 1890 1409 aliteque

220 1427 522 1483 variantes
568 1429 846 1484 lectiones
898 1428 1066 1484 facile
1124 1430 1474 1485 convincunt
1527 1429 1890 1498 antiquiores

219 1515 452 1571 codices
483 1517 801 1585 exstitisse,
833 1532 903 1572 ex
938 1517 1151 1587 quibus
1191 1518 1496 1588 Catologus
1526 1516 1891 1571 Colbertinus

218 1609 271 1659 et
299 1603 1055 1661 Alexandrino—Vaticanus
1084 1605 1358 1675 descripti
1390 1605 1647 1675 fuerunt,
1673 1617 1894 1659 omnes.

2000 462 2273 528 palatium
2318 464 2692 517 Neronianum
2740 465 2799 516 in
2871 463 3136 525 Vaticano
3185 464 3326 514 inter
3372 461 3646 512 Zeturium

2004 551 2332 618 triumphale
2360 565 2422 605 ιιι
2467 552 2599 605 Kal.
2648 553 2863 605 Junius.
2907 550 3043 619 Quae
3072 548 3308 604 aliunde
3345 548 3646 614 desumpta

2004 644 2156 707 sunt,
2180 645 2234 693 et
2255 652 2502 694 errorem
2527 640 2825 694 continent
2847 639 3000 693 circa
3031 637 3269 692 Kalend.
3302 633 3484 701 Junii,
3509 647 3641 687 cum

2007 725 2305 795 legendum
2337 728 2415 782 sit
2438 741 2500 781 ιιι
2538 728 2662 780 Kal.
2690 728 2887 781 Julias.
2922 727 3071 781 Idem
3094 723 3368 794 probatur
3394 735 3462 776 ex
3483 719 3643 775 Actis

2007 830 2133 884 quae
2162 817 2320 884 prior
2347 818 2654 887 Catalogus
2704 818 2759 872 in
2802 818 2902 872 Pio
2935 815 3107 871 refert
3140 815 3235 870 his
3266 811 3456 869 verbis
3491 829 3502 864 :
3534 809 3645 863 Sub

2007 904 2172 971 hujus
2230 908 2543 975 episcopatu
2585 909 2766 972 frater
2802 907 2919 974 ejus
2945 907 3165 959 Hermes
3202 904 3401 956 librum
3427 900 3647 969 scripsit

2006 994 2065 1045 in
2088 1010 2193 1061 quo
2216 995 2536 1047 mandatum
2576 995 2880 1047 continetur
2918 992 3063 1061 quod
3096 993 3145 1045 ei
3175 990 3434 1060 praecepit
3468 1000 3647 1053 ange—

2008 1082 2113 1144 lus,
2141 1099 2261 1136 cum
2285 1085 2431 1136 venit
2456 1084 2531 1136 ad
2568 1099 2688 1136 eum
2713 1085 2770 1135 in
2798 1083 2989 1136 habitu
3007 1081 3270 1151 pastoris.
3299 1077 3434 1145 Qua:
3474 1075 3645 1130 verba

2003 1173 2238 1226 omnino
2267 1170 2635 1241 transcripsit
2655 1176 2857 1226 auctor
2876 1168 3111 1225 secundi
3141 1165 3419 1235 Catalogi,
3445 1163 3646 1232 adjun-

2002 1271 2138 1325 gens
2170 1264 2353 1313 tamen
2388 1278 2400 1313 :
2433 1265 2483 1313 et
2522 1262 2779 1329 preecepit
2818 1260 2867 1311 ei
2897 1263 2967 1321 .ut
3011 1262 3259 1310 sanctum
3295 1253 3507 1307 Pascha
3555 1251 3644 1305 die

1999 1347 2281 1400 Dominica
2308 1348 2687 1401 celebraretur.
2718 1348 2853 1416 Quae
2873 1346 3107 1402 aliunde
3141 1355 3367 1414 quoque
3403 1341 3643 1395 desum-

2002 1434 2136 1501 psit.
2165 1435 2551 1490 Gonﬁrmatur
2572 1436 2743 1490 etiam
2780 1448 2848 1488 ex
2889 1434 2967 1489 iis
2997 1448 3122 1503 quae
3155 1425 3644 1501 prior'Catalogus

1999 1521 2230 1578 exhibet
2270 1523 2330 1578 in
2358 1524 2633 1579 Pontiano
2663 1542 2675 1578 :
2705 1526 2781 1576 Eo
2805 1529 3039 1592 tempore
3071 1522 3377 1574 Pontianus
3430 1518 3645 1585 episco—

1993 1625 2125 1678 pus,
2152 1616 2201 1663 et
2225 1612 2557 1680 Hyppolitus
2585 1612 2890 1679 presbyter,
2940 1610 3155 1663 exsules
3199 1611 3327 1662 sunt
3374 1603 3645 1675 deportati

222 1704 331 1760 que
363 1692 472 1747 hos
506 1693 782 1748 habuisse
822 1695 1079 1765 orginem
1116 1708 1184 1749 ex
1213 1695 1568 1764 autographo
1599 1693 1747 1763 quod
1780 1691 1887 1747 sub
1916 1694 1967 1753 B
1998 1699 2057 1749 in
2095 1700 2333 1751 insulam
2384 1702 2627 1752 nocivum
2677 1699 3014 1758 Sardiniam,
3044 1696 3236 1750 Severo
3285 1699 3335 1747 et
3384 1693 3642 1758 Quintino

219 1781 560 1836 Justiniano
599 1783 961 1851 imperatore,
998 1790 1122 1851 post
1162 1790 1396 1838 mortem
1438 1783 1644 1837 Felicis
1670 1782 1883 1851 quarti,

222 1871 631 1938 conscriptum
662 1869 776 1925 fuit
805 1872 954 1940 quod
992 1871 1144 1925 enim
1182 1871 1241 1925 in
1288 1878 1530 1940 utroque
1562 1870 1890 1925 manuscri-

229 1962 322 2024 pto
353 1957 574 2012 Codice
603 1958 933 2013 Colbertino
963 1968 1017 2014 et
1037 1959 1734 2013 Alexandrino-Vaticano
1762 1965 1887 2026 post

225 2046 471 2100 Felicem
503 2046 897 2116 adjungantur
920 2047 1220 2102 duodecim
1262 2047 1592 2116 pontiﬁcum
1622 2048 1871 2115 nomina,

224 2148 354 2188 cum
378 2134 578 2199 annis,
611 2134 903 2189 mensibus
927 2140 981 2189 et
1006 2135 1210 2190 diebus
1231 2132 1453 2217 :quibus
1483 2135 1772 2201 sederunt,
1808 2135 1878 2189 ab

224 2221 430 2291 aliquo
470 2222 744 2289 imperito
773 2223 1013 2277 librario
1042 2224 1377 2289 adjunctum
1410 2221 1591 2277 fuisse
1622 2224 1884 2278 ostendi—

225 2323 374 2375 mus,
408 2311 591 2379 idque
625 2310 979 2380 temporibus
996 2311 1210 2381 Pelagii
1233 2310 1469 2365 secundi
1495 2308 1702 2365 factum
1730 2317 1889 2379 puta-

227 2411 376 2467 mus,
403 2398 626 2467 quibus
658 2398 935 2453 librarius
958 2398 1055 2453 ille
1082 2398 1411 2468 Catalogum
1442 2411 1510 2451 ex
1531 2399 1885 2468 autographo

223 2486 569 2541 describens
603 2486 899 2555 pontiﬁces
936 2492 1061 2555 post
1095 2486 1334 2541 Felicem
1358 2485 1598 2555 adjecit,
1640 2492 1694 2540 et
1724 2500 1889 2542 erro—

226 2589 390 2629 neam
422 2574 588 2629 illam
626 2575 982 2643 temporibus
1010 2581 1197 2629 notam
1225 2575 1295 2629 de
1325 2570 1429 2627 444
1467 2573 1637 2628 annis
1666 2588 1697 2628 a
1724 2576 1887 2629 Petro

227 2678 414 2733 usque
437 2665 509 2718 ad
542 2664 837 2731 Pelagium
868 2664 1203 2732 secundum,
1240 2663 1338 2732 qui
1366 2676 1515 2717 anno
1534 2658 1638 2717 577
1666 2664 1888 2731 pontiﬁ-

224 2760 419 2808 catum
447 2753 694 2821 adeptus
722 2761 827 2821 Ubi,
873 2752 1155 2821 adjunxit.
1191 2752 1377 2819 Atque
1424 2749 1567 2804 satis
1612 2750 1886 2807 hactenus

226 2841 291 2895 de
320 2841 753 2908 manuscriptis
786 2839 1085 2895 codicibus
1114 2853 1181 2894 ex
1206 2839 1421 2909 quibus
1459 2840 1763 2911 Catologus
1791 2855 1888 2910 pu-

227 2928 513 2984 blicatur.
577 2930 739 2984 Nunc
794 2929 916 2983 illis
975 2943 1100 2999 qua:
1164 2928 1432 3000 Catalago
1490 2929 1885 2997 continentur,

230 3017 439 3087 paucis
476 3017 759 3087 agendum
783 3023 889 3072 est.

293 3105 355 3160 8.
396 3104 581 3159 liabet
611 3104 704 3160 hic
751 3105 1054 3177 Catalogus
1080 3106 1347 3161 consules
1389 3105 1603 3176 quibus
1666 3106 1886 3176 singuli

234 3193 542 3263 pontiﬁces
583 3194 760 3248 creati
806 3198 943 3249 sunt
970 3201 1026 3249 et
1068 3194 1457 3264 decesserunt,
1495 3195 1825 3264 incipiendo
1856 3209 1889 3250 a

232 3285 399 3339 Petro
439 3282 836 3352 apostolorum
874 3283 1137 3352 principe
1173 3289 1228 3338 et
1256 3285 1440 3352 primo
1467 3283 1718 3339 Romano
1745 3297 1888 3351 pon-

234 3373 391 3427 tiﬁce
422 3385 611 3441 usque
630 3372 699 3426 ad
722 3371 1037 3441 Liberium,
1060 3385 1188 3427 cum
1215 3385 1325 3442 quo
1340 3371 1468 3427 ﬁnit
1498 3372 1654 3441 prior
1673 3372 1889 3426 Catalo-

239 3475 363 3529 gus,
384 3466 441 3514 et
459 3472 530 3513 ex
550 3473 665 3528 quo
677 3467 877 3514 auctor
894 3460 1131 3515 secundi
1146 3460 1399 3529 Catalogi
1418 3473 1483 3515 eo
1498 3474 1678 3529 usque
1690 3473 1894 3514 consu-

240 3547 355 3603 lum
388 3550 625 3602 nomina
657 3548 970 3617 descripsit
1002 3555 1063 3602 ut
1084 3547 1273 3603 tribus
1315 3549 1679 3616 potissimum
1706 3548 1895 3603 ratio-

242 3636 416 3691 nibus
455 3636 883 3705 comprobatur,
932 3650 1176 3706 quarum
1226 3637 1407 3706 prima
1465 3650 1533 3692 ex
1586 3636 1888 3691 consulum

242 3724 602 3794 nominibus,
629 3724 959 3792 quaeeadem
989 3723 1204 3794 ubique
1224 3725 1613 3793 reperiuntur,
1642 3724 1890 3779 desumi-

241 3819 355 3867 tur.
390 3811 656 3867 Secunda
684 3825 752 3865 ex
792 3811 1109 3879 erroribus,
1154 3812 1253 3882 qui
1311 3812 1370 3866 in
1410 3819 1654 3883 utroque
1699 3813 1882 3882 quoad

238 3900 546 3956 consulum
574 3901 804 3955 nomina
831 3900 1000 3955 iidem
1034 3899 1208 3956 ferme
1237 3906 1583 3970 comparent.
1618 3901 1795 3955 Tertii
1819 3915 1887 3957 ex

239 4004 302 4045 eo
320 3989 472 4060 quod
493 3995 697 4044 auctor
719 3996 843 4057 post
870 3989 1159 4043 Liberium
1190 3989 1381 4044 nullos
1398 3989 1662 4044 consules
1692 3990 1887 4058 posuit

240 4078 297 4132 in
321 4076 705 4147 sequentibus
723 4076 1113 4145 pontiﬁcibus,
1132 4090 1199 4132 eo
1217 4078 1367 4147 quod
1386 4077 1686 4132 deﬁciente
1707 4078 1887 4147 priori

238 4166 511 4236 Catalogo
561 4179 673 4220 non
732 4164 991 4235 habebat,
1041 4167 1191 4222 unde
1229 4166 1553 4221 desumeret
1585 4168 1887 4223 consulum

240 4255 535 4310 notitiam.
584 4254 873 4309 Deﬁciunt
918 4255 1111 4325 itaque
1156 4256 1216 4310 in
1277 4255 1383 4310 hoc
1426 4256 1676 4311 secundo
1718 4258 1891 4311 Cata-

1997 1787 2329 1839 consulibus.
2358 1789 2423 1840 In
2451 1788 2638 1840 eadem
2683 1788 2869 1840 insula
2912 1787 3208 1839 discinctus
3236 1788 3314 1836 est
3340 1795 3394 1836 tv
3429 1780 3644 1834 Kalen-

1998 1875 2098 1927 das
2129 1874 2390 1940 Octobris,
2448 1880 2498 1929 et
2542 1876 2652 1928 loco
2683 1876 2801 1942 ejus
2844 1875 3135 1927 ordinatus
3176 1877 3255 1925 est
3305 1871 3539 1924 Anteros
3581 1877 3639 1918 XI

1996 1964 2271 2016 Kalendas
2282 1965 2584 2017 Decembris
2596 1964 2908 2016 consulibus
2926 1962 3333 2030 suprascriptis.
3360 1958 3495 2025 Quae
3511 1968 3643 2010 auc-

1997 2056 2086 2106 tor
2114 2052 2350 2107 secundi
2378 2052 2631 2122 Catalogi
2666 2051 2871 2121 partim
2902 2048 3232 2117 descripsit,
3266 2046 3471 2115 partim
3503 2041 3640 2097 aliis

1997 2139 2183 2193 verbis
2201 2140 2419 2207 retulit,
2443 2140 2649 2208 partim
2663 2138 2880 2193 omisit.
2894 2138 2988 2192 Sic
3000 2136 3150 2191 enim
3167 2129 3645 2188 habetinPontia-

1996 2242 2066 2283 no
2092 2246 2103 2281 :
2130 2229 2329 2281 Eodem
2349 2235 2582 2297 tempore
2598 2230 2900 2281 Pontianus
2935 2227 3215 2294 episcopus
3241 2227 3291 2275 et
3308 2218 3639 2288 Hippolytus

1988 2317 2273 2385 presbyter
2297 2318 2491 2369 cnsilio
2512 2322 2641 2370 sunt
2667 2316 2938 2385 deportati
2953 2310 3349 2366 abAlewundro
3373 2310 3433 2361 in
3452 2305 3644 2361 Sardi-

1996 2406 2145 2457 niam
2184 2406 2425 2458 insulam
2454 2405 2736 2465 Bucinam,
2762 2404 2954 2456 Seuero
2980 2405 3029 2455 et
3054 2400 3353 2466 Quintiano
3379 2395 3550 2450 Coss.:
3581 2394 3643 2446 in

1997 2492 2181 2544 eadem
2217 2493 2402 2545 insula
2440 2494 2701 2559 afﬂictus,
2727 2491 2971 2557 fustibus
2991 2492 3318 2547 maceratus,
3347 2484 3639 2550 defunctus

1998 2585 2075 2633 est
2132 2594 2193 2634 ιιι
2227 2582 2350 2633 Kal.
2376 2580 2735 2637 tNovembris.
2777 2578 2883 2633 Ubi
2919 2577 3053 2632 licet
3096 2575 3366 2645 pleraque
3413 2573 3531 2625 sint
3570 2582 3639 2624 ex

1999 2669 2180 2737 priori
2211 2668 2479 2737 Catalogo
2507 2667 2815 2736 descripta,
2850 2666 3121 2734 adjuncta
3158 2671 3344 2717 tamen
3367 2664 3504 2714 sunt
3530 2670 3640 2712 no—

2001 2769 2125 2810 men
2140 2756 2450 2811 Alcxandri
2477 2756 2861 2825 imperatoris.
2877 2761 2933 2809 et
2951 2753 3153 2807 modus
3167 2764 3279 2820 quo
3299 2746 3636 2817 martyrium

2000 2844 2187 2899 subiit
2220 2863 2234 2912 ;
2266 2850 2546 2899 mutatum
2575 2856 2803 2913 quoque
2832 2849 2918 2896 est
2948 2853 3150 2896 nomen
3184 2838 3317 2905 loci,
3345 2841 3399 2891 et
3428 2834 3553 2890 dies
3580 2846 3638 2887 ιιι

2002 2931 2126 2986 Kal.
2150 2931 2474 2986 Decembris
2499 2933 2561 2985 in
2582 2932 2734 2985 diem
2767 2944 2829 2984 ιιι
2865 2927 2988 2983 Kal.
3010 2924 3345 2982 Novembris
3374 2934 3645 2977 commua

1921 3031 1971 3097 ί]
2000 3026 2173 3076 tatus.
2202 3018 2424 3087 Quibus
2445 3018 2665 3074 accedit
2692 3016 2842 3088 quod
2870 3021 3072 3071 auctor
3100 3001 3337 3069 secundi
3381 3008 3639 3078 Catalogi

2000 3107 2107 3165 sub
2151 3107 2431 3162 Pontiano
2482 3106 2698 3162 nullam
2746 3104 3091 3160 mentionem
3145 3100 3320 3156 faciat
3355 3097 3637 3165 Antheri;

2000 3196 2150 3251 unde
2201 3195 2369 3250 facile
2425 3201 2660 3263 apparet
2719 3200 3010 3249 auctorem
3069 3188 3307 3245 secundi
3381 3184 3637 3255 CataIOgi

1997 3284 2135 3338 Acta
2167 3283 2399 3353 quidem
2438 3281 2716 3337 nonnulla
2762 3295 2831 3335 ex
2867 3278 3187 3349 antiquiori
3230 3274 3499 3344 Catalogo
3528 3272 3637 3326 de-

2002 3372 2325 3441 scripsisse,
2356 3384 2466 3426 non
2500 3376 2685 3425 tamen
2707 3383 2833 3424 eum
2870 3369 2925 3422 in
2954 3366 3222 3422 omnibus
3259 3362 3441 3417 fuisse
3461 3372 3636 3414 secu-

2004 3466 2144 3527 tum,
2173 3461 2269 3516 sed
2297 3460 2533 3515 aliunde
2564 3472 2793 3528 quoque
2819 3470 2883 3510 ea
2902 3452 3317 3521 desumpsisse.

2075 3546 2159 3603 40.
2212 3546 2549 3602 Conﬁrmari
2613 3546 2728 3599 haec
2762 3548 3002 3612 possunt
3044 3553 3113 3594 ex
3164 3537 3240 3592 iis
3271 3551 3397 3607 quae
3435 3538 3637 3590 auctor

2002 3636 2216 3706 prioris
2242 3634 2497 3704 Catalogi
2525 3632 2693 3689 habet
2724 3632 2781 3685 in
2814 3629 3085 3698 Fabiano,
3130 3624 3399 3682 Cornelio
3433 3628 3490 3678 et
3516 3624 3639 3677 Lu-

1999 3725 2090 3780 cio
2130 3724 2372 3779 summis
2426 3719 2835 3790 pontiﬁcibus:
2869 3731 2993 3772 nan
3049 3728 3175 3786 quae
3224 3710 3399 3769 refert
3433 3712 3493 3767 in
3526 3712 3638 3765 Fa-

1998 3813 2189 3882 biano,
2220 3810 2429 3880 partim
2482 3806 2814 3877 descripsit,
2850 3805 3058 3876 partim
3092 3802 3293 3860 omisit
3318 3805 3518 3856 auctor
3544 3812 3645 3853 se—

1997 3901 2170 3956 cundi
2215 3897 2492 3968 Catalogi.
2540 3895 2677 3964 Quze
2737 3896 2898 3966 prior
2938 3892 3248 3963 Catalogus
3287 3888 3522 3945 exhibet
3580 3888 3638 3941 in

1996 3989 2282 4058 Cornelio,
2325 3986 2613 4042 secundus
2649 3985 2955 4054 Catalogus
2996 3981 3164 4051 plane
3206 3978 3428 4048 omisit,
3472 3981 3530 4031 et
3574 3987 3643 4031 ne

1999 4078 2237 4133 verbum
2264 4076 2492 4145 quidem
2524 4088 2592 4128 ex
2622 4074 2699 4129 iis
2728 4073 2945 4129 retulit.
3002 4070 3139 4141 Quae
3182 4072 3387 4122 auctor
3416 4063 3638 4136 prioris

1998 4166 2254 4235 Catalogi
2279 4162 2451 4218 refert
2484 4163 2542 4217 in
2570 4163 2767 4232 Lucio,
2798 4168 3000 4216 auctor
3032 4158 3269 4215 secundi
3301 4155 3417 4213 fere
3447 4156 3644 4211 omnia

1999 4254 2276 4310 verbatim
2307 4252 2636 4321 descripsit,
2682 4256 2747 4305 ut
2790 4247 3106 4305 conferenti
3150 4254 3461 4315 utrumque
3490 4244 3644 4299 hunc

241 4343 369 4415 logo
420 4358 455 4399 a
526 4343 753 4399 Liberio
813 4358 993 4414 usque
1036 4345 1103 4398 ad
1160 4352 1412 4414 tempora
1457 4345 1692 4399 Joannis
1760 4347 1781 4399 Ι
1837 4343 2329 4413 etDCatalogum
2355 4338 2654 4396 manifeste
2678 4339 2913 4409 patebit.
2938 4339 3147 4393 Praeter
3174 4337 3494 4392 haecautem
3516 4338 3644 4387 acta

238 4432 453 4487 Felicis
476 4432 694 4502 quarti,
721 4446 965 4502 quorum
992 4432 1241 4487 duorum
1285 4439 1535 4501 tempora
1563 4439 1765 4488 auctor
1792 4448 1889 4503 per

240 4522 508 4593 singulos
528 4521 813 4592 designat,
844 4522 982 4591 quia
1010 4522 1117 4577 sub
1158 4521 1280 4575 illis
1312 4522 1461 4576 vixit
1492 4522 1842 4593 scripsitque
1870 4542 1885 4595 ;

245 4611 393 4667 unde
412 4616 469 4665 et
494 4624 627 4665 cum
658 4610 733 4663 iis
759 4608 927 4664 ﬁnem
952 4609 1219 4679 Catalogo
1254 4610 1518 4679 imponit.

307 4700 360 4753 9.
396 4700 509 4753 Nec
542 4698 661 4754 sola
682 4697 984 4754 consulum
1019 4700 1270 4767 nomina,
1306 4701 1400 4755 sed
1437 4701 1713 4757 nonnulla
1747 4715 1883 4771 quo-

240 4803 351 4857 que
386 4787 724 4857 pontiﬁcum
756 4788 893 4842 Acta
929 4801 995 4842 ex
1035 4788 1220 4856 primo
1257 4789 1524 4859 Catalogo
1552 4795 1754 4845 auctor
1791 4804 1889 4846 se-

238 4877 415 4931 cundi
459 4875 716 4945 Catalogi
767 4889 833 4930 eo
879 4877 1043 4931 modo
1094 4877 1484 4947 desumpsisse
1530 4878 1774 4946 videtur,
1827 4886 1887 4935 ut

239 4972 425 5019 tamen
468 4964 696 5018 licitum
724 4964 838 5019 sibi
869 4964 1204 5035 crediderit,
1232 4966 1307 5020 iis
1339 4967 1681 5036 quandoque
1705 4969 1885 5037 negle-

236 5054 365 5108 ctis.
401 5053 641 5108 aliunde
691 5060 817 5107 acta
858 5052 1088 5109 referre.
1139 5055 1234 5109 Sic
1274 5055 1535 5123 quamvis
1586 5054 1642 5108 in
1702 5057 1884 5122 primo

235 5141 504 5212 Catalogo
569 5140 850 5195 habeatur
896 5143 965 5197 de
1016 5143 1229 5197 Petro:
1277 5146 1476 5197 Passus
1531 5148 1709 5197 autem
1766 5161 1885 5197 cum

238 5232 403 5283 Paulo
456 5230 547 5283 die
606 5244 670 5284 ιιι
724 5230 1003 5283 Kalendas
1058 5233 1259 5293 Julias,
1308 5232 1455 5296 Coss,
1496 5234 1885 5301 suprascriptis

237 5322 536 5387 imperante
574 5320 787 5375 Nerone
827 5338 843 5383 ;
892 5327 949 5374 et
996 5326 1199 5374 auctor
1248 5321 1483 5374 secundi
1515 5320 1767 5389 Catalogi
1817 5332 1883 5374 ex

237 5407 415 5476 priori
458 5407 705 5462 haheat:
740 5408 842 5460 Hie
862 5410 1128 5475 martyrio
1160 5425 1279 5461 cum
1318 5410 1488 5462 Paulo
1523 5415 1877 5462 coronatur...

241 5496 500 5568 adjungit
547 5504 739 5551 tamen
814 5498 910 5564 qui
938 5501 986 5550 et
1014 5498 1259 5567 sepultus
1302 5503 1377 5551 est
1423 5500 1516 5551 via
1562 5498 1793 5551 Aurelia
1823 5500 1882 5551 in

2000 4431 2173 4487 habet
2194 4430 2494 4500 antiquior
2522 4428 2830 4499 Catalogus
2862 4428 2921 4483 in
2955 4425 3289 4481 Marcellino
3318 4442 3330 4478 :
3366 4423 3480 4489 Quo
3502 4426 3645 4476 tem-

1993 4537 2127 4592 pore
2150 4523 2263 4588 fuit
2304 4521 2629 4589 persecutio,
2679 4523 2729 4571 ct
2754 4518 2984 4571 cessavit
3013 4518 3351 4584 episcopatus
3376 4527 3507 4566 ann.
3538 4525 3641 4578 vn,

1996 4627 2163 4665 mens.
2180 4624 2257 4679 v1,
2274 4610 2414 4663 dico.
2432 4621 2566 4662 xxv.
2582 4607 2716 4675 Quae
2729 4602 3427 4673 secundusCatalogussic
3440 4600 3637 4656 refert:

1997 4702 2109 4766 Quo
2154 4706 2385 4767 tempore
2441 4700 2552 4763 fuit
2599 4696 2898 4764 persecutio
2954 4708 3269 4759 magna.....
3323 4695 3375 4743 et
3415 4692 3643 4744 cessavit

1995 4792 2334 4859 episcopatus
2363 4801 2535 4839 annos
2556 4799 2671 4845 sca),
2702 4797 2910 4836 menses
2941 4797 3056 4842 sem,
3081 4781 3195 4833 dies
3220 4779 3421 4846 viginti
3468 4778 3641 4845 quin—

1996 4894 2117 4946 que,
2163 4878 2514 4944 persequente
2544 4873 2882 4925 Diocletiano
2930 4870 3287 4923 Christianos.
3333 4867 3393 4918 In
3426 4863 3637 4932 quibus

1994 4964 2201 5021 verbis.
2242 4974 2368 5030 qum
2398 4960 2466 5013 ad
2520 4959 2973 5027 persecutionem
3031 4961 3306 5023 spectant,
3339 4965 3407 5005 ex
3455 4950 3636 5020 priori

1992 5053 2258 5123 Catalogo
2284 5049 2569 5116 descripta
2598 5051 2763 5104 sunt;
2796 5060 2920 5113 quae
2946 5045 3013 5097 ad
3042 5055 3220 5097 annos
3251 5040 3406 5096 sedis
3427 5053 3639 5095 vacan—

1997 5144 2074 5198 tis
2132 5140 2434 5209 pertinent,
2486 5142 2701 5191 mutata
2744 5139 2879 5188 sunt
2918 5149 2933 5200 ;
2973 5146 3097 5200 qua:
3144 5130 3212 5185 ad
3257 5128 3637 5199 persecutoris

1999 5242 2201 5285 nomen
2232 5227 2474 5290 faciunt,
2508 5223 2744 5279 aliunde
2787 5222 3087 5288 desumpta
3130 5227 3265 5276 sunt
3304 5221 3636 5280 Sequuntur

1994 5321 2118 5375 dem
2132 5331 2219 5372 um
2248 5316 2526 5371 nonnulla
2560 5320 2683 5368 acta
2712 5314 2771 5366 in
2795 5310 2950 5366 Julio
2972 5310 3179 5380 primo,
3201 5309 3370 5377 cujus
3390 5302 3636 5360 aediﬁcia

1997 5420 2156 5463 sacra
2197 5412 2397 5460 auctor
2432 5402 2644 5473 prioris
2680 5400 2933 5471 Catalogi
2964 5405 3233 5459 recenset,
3267 5407 3513 5465 quorum
3565 5405 3635 5447 ne

1992 5495 2228 5552 verbum
2260 5494 2489 5564 quidem
2538 5492 2595 5546 in
2645 5491 2895 5547 secundo
2941 5488 3225 5556 Catalogo.
3277 5483 3435 5540 Unde
3490 5483 3637 5538 satis
