4060 6176
364 219 388 274 4
396 217 466 275 87

1166 219 1258 273 ΑΙ)
1295 217 1730 274 ANASTASIUM
1767 216 2281 275 PROLEGOMENA
2316 217 2496 273 EDIT.
2537 214 2951 287 ROM.-VATIC.

3578 213 3766 271 -488

360 361 647 418 superque
675 362 744 403 ex
762 347 922 404 Actis
944 347 1090 417 ipsis
1118 348 1517 405 conﬁrmatum
1549 364 1673 405 esse
1708 354 1994 419 putamus,
2037 348 2091 407 A
2114 347 2309 404 fuerit.
2338 347 2414 403 Ac
2444 349 2514 403 de
2536 348 2766 404 nomine
2790 347 3046 404 auctoris
3067 347 3218 403 nihil
3242 347 3761 415 mihicompertum

363 436 516 505 quod
579 434 935 503 probandum
993 437 1377 508 suscepimus,
1419 441 1710 493 auctorem
1763 437 2001 492 secundi

359 522 615 593 Catalegi
645 522 784 577 Acta
826 523 1058 592 quidem
1090 523 1372 579 nonnulla
1401 538 1470 579 ex
1520 526 1703 594 priori
1743 524 2007 595 Cata10go

360 611 761 682 descripsisse,
818 611 1045 667 licitum
1094 616 1280 667 tamen
1330 611 1443 667 sibi
1488 614 1872 683 existimasse,
1932 613 2010 668 iis

364 699 705 769 quandoque
756 700 1012 769 omissis,
1046 700 1281 755 aliunde
1332 701 1469 756 Acta
1512 702 1832 771 desumere,
1881 716 2006 771 quae

362 787 789 856 quamplurima
812 787 872 842 in
904 787 1157 858 singulis
1178 788 1552 857 pontiﬁcibus
1576 788 1767 845 refert.

433 872 519 928 Η.
548 874 801 930 Adducit
831 875 983 929 enim
1024 875 1340 946 complura,
1368 890 1437 931 ex
1484 878 1745 946 antiquis
1775 882 2008 932 sancto—

362 976 488 1049 rym
527 961 686 1017 Actis
713 962 1033 1031 desumpta,
1070 976 1319 1032 quorum
1369 963 1566 1034 aliqua
1607 965 1742 1020 licet
1773 979 1884 1021 non
1932 965 2008 1020 iis

361 1051 509 1120 ipsis
526 1050 881 1120 temporibus
898 1051 1226 1120 conscripta
1244 1051 1365 1106 sint
1388 1052 1603 1122 quibus
1619 1054 2005 1124 contigerunt,

362 1139 572 1195 saeculo
602 1145 789 1194 tamen
820 1143 979 1195 sexto
1000 1139 1334 1209 antiquiora
1376 1145 1514 1196 sunt
1550 1142 1766 1211 omnia,
1796 1147 1852 1196 et
1883 1140 2010 1211 ple-

361 1241 606 1298 rumque
630 1240 698 1282 ex
720 1227 1234 1297 proconsularibus
1252 1233 1564 1298 martyrum
1586 1230 1761 1300 gestis
1778 1236 1835 1285 et
1858 1230 2009 1285 veris

361 1322 691 1375 sanctorum
722 1316 883 1371 Actis
905 1317 1150 1373 deducta
1174 1317 1459 1373 videntur.
1489 1318 1584 1374 Sic
1600 1319 1907 1374 dicendum
1936 1318 2007 1374 de

363 1408 442 1463 iis
472 1420 598 1476 qua:
627 1410 831 1462 auctor
857 1406 1034 1474 hujus
1062 1406 1317 1477 Catalogi
1344 1408 1525 1463 tradit
1556 1407 1617 1462 in
1637 1406 2007 1463 Alexandrol

358 1496 428 1551 de
456 1494 695 1550 Eventio
724 1498 780 1549 et
807 1493 1101 1550 Theodulo
1128 1509 1291 1565 :qute
1310 1495 1381 1550 de
1408 1495 1711 1551 Valeriano
1734 1495 1786 1549 S.
1820 1495 2008 1550 Caeci—

358 1583 453 1639 liae
481 1596 692 1653 sponso
722 1580 895 1637 refert
925 1584 985 1637 in
1006 1582 1272 1651 Urbano;
1300 1597 1426 1653 quae
1455 1584 1524 1638 de
1554 1584 1613 1637 Β.
1646 1584 1863 1640 Lucina
1892 1589 2005 1640 tra-

2108 441 2213 507 est,
2256 451 2385 493 cum
2410 437 2715 508 Catalogus
2763 437 3017 506 scriptus
3057 437 3136 491 sit
3179 440 3339 491 sexto
3379 434 3611 501 sreculo,
3646 448 3761 504 quo

2109 538 2272 580 nemo
2294 525 2626 581 eveteribus
2644 524 2783 580 Acta
2802 526 3187 580 Romanorum
3212 523 3553 592 pontiﬁcum
3576 521 3763 577 colle-

2109 614 2261 684 gisse
2284 619 2649 669 memoratur.
2672 614 2957 683 Quantum
2983 618 3170 669 tamen
3197 626 3264 667 ex
3285 612 3447 667 Actis
3479 611 3625 680 ipsis
3651 610 3765 666 col-

2108 701 2212 772 ligi
2237 701 2485 769 videtur,
2516 708 2720 756 auctor
2748 703 2937 755 Romae
2960 700 3180 767 floruit,
3209 704 3266 754 et
3285 698 3519 754 archivo
3538 703 3764 767 aposto-

2109 787 2222 843 lico
2240 788 2433 843 forsan
2458 789 2801 857 praepositus
2825 786 2956 843 fuit.
2981 786 3139 855 Quod
3161 786 3313 841 enim
3338 790 3540 840 auctor
3568 786 3764 840 Romae

2108 876 2428 945 scripserit,
2462 876 2687 931 indicat
2718 888 2921 945 magna
2955 888 3147 930 rerum
3175 872 3348 928 Urbis
3376 879 3432 928 et
3471 874 3597 943 agri
3638 873 3768 928 Ro—

2109 964 2262 1022 mani
2290 964 2498 1020 notitia
2518 977 2688 1033 quam
2711 963 2935 1018 habuit.
2968 962 3174 1017 Omnia
3196 962 3542 1029 caemeteria,
3577 961 3760 1015 etiam

2108 1066 2277 1124 quam
2309 1052 2645 1122 longissime
2673 1051 2744 1106 ab
2774 1051 2921 1105 Urbe
2946 1051 3079 1122 sita,
3098 1050 3292 1106 omnia
3318 1050 3584 1120 sepulcra
3613 1064 3768 1105 mar-

2108 1148 2318 1211 tyrum,
2360 1141 2534 1195 etiam
2576 1140 2635 1195 in
2685 1140 2905 1210 cryptis
2933 1144 2989 1194 et
3017 1138 3277 1194 cavernis
3310 1137 3519 1207 posita,
3561 1151 3766 1193 omnes

2105 1228 2379 1284 ecclesias
2398 1235 2455 1283 et
2476 1229 2736 1299 regiones
2765 1227 2955 1292 Urbis,
2979 1239 3176 1283 omnes
3215 1225 3496 1296 reliquias
3519 1232 3577 1281 et
3605 1226 3765 1281 titu—

2108 1317 2216 1388 los,
2256 1330 2451 1372 omnes
2484 1316 2607 1371 vias
2644 1316 2982 1386 viarumque
3015 1315 3348 1383 distantias,
3404 1320 3611 1369 caetera
3649 1315 3765 1369 de—

2109 1419 2262 1461 mum
2309 1405 2501 1461 omnia
2551 1410 2843 1475 perspecta
2875 1402 3271 1471 habuit.Quod
3305 1408 3494 1459 autem
3520 1402 3764 1458 archivo

2106 1494 2424 1565 apostolico
2443 1493 2652 1550 forsam
2672 1494 2975 1564 praefectus
2993 1493 3189 1561 fuerit,
3216 1492 3423 1548 deduci
3444 1492 3679 1547 videtur
3690 1505 3761 1547 ex

2108 1583 2187 1638 iis
2215 1598 2340 1653 quae
2372 1581 2539 1647 habet
2578 1581 2649 1637 de
2679 1584 2860 1637 Leone
2902 1583 3104 1652 Magno
3138 1599 3149 1634 :
3184 1582 3287 1633 Hic
3330 1582 3459 1647 fecit
3498 1579 3760 1650 epistolas

355 1671 447 1726 dit
496 1671 556 1726 in
598 1670 865 1726 Cornelio
909 1688 927 1740 ς
956 1685 1081 1741 quae
1113 1671 1185 1726 de
1223 1672 1281 1725 Β.
1327 1671 1636 1728 Laurentio
1685 1677 1882 1728 narrat
1940 1673 2001 1729 in
2031 1664 2306 1726 Bmultas
2342 1687 2611 1741 exponens
2648 1671 2807 1740 ﬁdem
2832 1670 3151 1725 catholicam
3187 1674 3410 1731 rectam,
3443 1685 3565 1738 quae
3598 1668 3762 1722 hodie

354 1760 557 1829 Xysto,
580 1759 751 1827 cujus
780 1758 1042 1827 martyrii
1072 1758 1211 1813 Acta
1236 1760 1300 1813 D.
1332 1759 1624 1815 Ambrosii
1646 1765 1754 1815 tem
1767 1761 2004 1829 poribus

357 1847 811 1917 reperiebantur.
846 1848 959 1901 Nec
981 1846 1101 1902 sola
1138 1852 1453 1917 martyrum
1491 1848 1629 1904 Acta
1662 1848 1758 1905 sed
1788 1854 2003 1906 statuta

359 1949 589 2007 quoque
611 1948 713 2005 pro
729 1935 1064 2005 disciplima
1085 1936 1352 1992 Ecclesia!
1378 1937 1532 1992 edita
1549 1937 1783 1993 exhibet
1802 1944 2005 1996 auctor

359 2026 421 2080 in
452 2024 705 2093 singulis
739 2023 1116 2094 pontiﬁcibus
1149 2043 1162 2078 :
1194 2024 1370 2081 refert
1397 2027 1549 2082 enim
1596 2028 1654 2082 in
1680 2028 1820 2083 Lino
1851 2030 2001 2099 quod

356 2112 629 2169 statuerit
644 2117 711 2168 ut
727 2114 938 2169 mulier
956 2115 1015 2169 in
1032 2115 1274 2171 ecclesia
1290 2115 1473 2171 velato
1499 2117 1686 2185 capite
1705 2117 2003 2175 introiret;

358 2202 420 2256 in
444 2202 646 2269 Xysto,
676 2202 828 2270 quod
853 2203 1226 2258 constituerit
1245 2209 1309 2259 ut
1332 2204 1657 2261 ministeria
1696 2219 1857 2262 sacra
1891 2221 2002 2264 non

356 2295 754 2360 tangerentur,
805 2290 921 2345 nisi
975 2304 1007 2346 a
1066 2292 1393 2363 ministris;
1441 2295 1500 2348 in
1543 2294 1803 2365 Aniceto,
1850 2297 2000 2366 quod

350 2378 596 2449 jusserit
642 2391 711 2433 ne
759 2377 1006 2434 clericus
1057 2393 1275 2435 comam
1320 2383 1610 2437 nutriret:
1654 2384 1715 2438 in
1753 2384 1999 2452 Victore,

356 2468 508 2538 quod
536 2467 808 2522 statuerit
837 2470 901 2522 ut
922 2466 1130 2536 pascha
1151 2468 1246 2523 die
1261 2470 1560 2525 Dominico
1577 2470 1995 2527 celebraretur:

356 2558 416 2612 in
442 2555 639 2623 Lucio,
663 2554 813 2625 quod
848 2556 1181 2625 praeceperit
1198 2561 1261 2611 ut
1290 2557 1406 2613 duo
1432 2558 1770 2629 presbyteri,
1802 2566 1857 2614 et
1886 2566 2003 2617 tres

353 2644 585 2700 diaconi
617 2644 675 2698 in
697 2645 853 2701 omni
892 2644 1016 2701 loco
1052 2644 1384 2715 episc0pum
1413 2660 1526 2702 non
1562 2647 1887 2703 desererent
1913 2654 2005 2720 ;et

356 2733 441 2788 sic
472 2732 534 2787 in
562 2730 699 2787 aliis
727 2733 1102 2801 pontiﬁcibus
1119 2748 1245 2804 qua:
1273 2735 1451 2790 nimis
1473 2735 1706 2807 longum
1724 2743 1875 2793 esset
1890 2738 2004 2794 sin-

354 2819 490 2891 gula
518 2833 870 2888 enumerare,
895 2826 952 2876 et
980 2820 1151 2878 facile
1177 2823 1365 2878 videri
1395 2828 1638 2893 possunt
1670 2825 1728 2880 in
1755 2825 1881 2895 ipso
1907 2827 2003 2881 Ca-

354 2907 565 2978 talogo,
593 2921 662 2963 ex
688 2923 801 2978 quo
824 2908 931 2964 hoc
962 2924 1142 2966 unum
1172 2911 1455 2967 duntaxat
1496 2913 1803 2985 adjungam
1848 2915 1997 2985 quod

355 2997 416 3051 in
447 2996 701 3068 singulis
728 2998 1103 3066 pontiﬁcibus
1120 2999 1329 3056 referat
1347 3007 1486 3071 quot
1511 3003 1907 3058 ordinationes
1929 3002 2001 3058 fe-
2030 2987 2079 3049 Ο

354 3085 561 3151 cerint,
593 3090 650 3141 et
688 3092 829 3156 quot
865 3087 1187 3157 episcopos,
1244 3090 1589 3150 sacerdotes.
1620 3104 1686 3146 ac
1728 3092 2002 3148 diaconos

353 3174 765 3244 consecrarint,
794 3175 1127 3245 incipiendo
1143 3189 1176 3231 a
1195 3177 1483 3233 Clemente
1502 3181 1543 3248 Ι,
1572 3179 1631 3234 in
1659 3193 1772 3249 quo
1791 3178 1993 3235 refert:

352 3263 455 3316 Hic
472 3265 605 3329 fecit
618 3264 993 3319 ordinationes
1024 3271 1153 3329 tres,
1174 3268 1523 3336 presbyteros
1552 3265 1637 3335 40,
1672 3269 1927 3322 diaconos
1943 3267 1997 3332 2,

352 3352 626 3420 episcopos
653 3366 752 3420 per
791 3351 1009 3406 diversa
1057 3355 1173 3408 loca
1199 3352 1253 3410 5.
1298 3356 1357 3409 In
1409 3356 1669 3411 Evaristo
1701 3373 1714 3409 :
1743 3358 1846 3409 Hic
1870 3360 2002 3424 fecit

352 3439 727 3495 ordinationes
794 3447 1013 3510 quater,
1076 3444 1422 3512 presbyteros
1492 3440 1578 3507 47,
1638 3445 1892 3500 diaconos
1944 3444 1999 3511 9,

352 3529 623 3598 episcopos
658 3546 759 3598 per
788 3530 1007 3585 diversa
1039 3532 1153 3585 loca
1182 3528 1289 3602 45;
1324 3538 1381 3587 et
1414 3534 1494 3588 ita
1522 3533 1581 3587 in
1610 3533 1747 3588 aliis
1779 3534 2006 3604 pontiﬁ—

351 3615 520 3673 cibus
542 3631 768 3688 uusque
795 3618 864 3673 ad
890 3620 1273 3692 Hormisdam,
1306 3621 1366 3676 in
1389 3635 1503 3691 quo
1534 3627 1737 3678 auctor
1767 3636 1880 3678 non
1909 3624 2004 3679 ad-

355 3709 517 3759 notat
547 3718 850 3761 numerum
888 3708 1345 3780 ordinationum,
1375 3711 1774 3781 diaconorum,
1805 3726 2002 3767 sacer—

351 3789 552 3846 dotum
579 3791 666 3847 vel
694 3792 1118 3865 episcoporum,
1153 3796 1247 3850 sed
1276 3798 1624 3865 simpliciter
1663 3798 1871 3854 refert:
1900 3802 2003 3855 Hic

354 3881 485 3947 fecit
509 3880 903 3951 ordinationes,
936 3883 1304 3953 presbyteros,
1336 3887 1606 3954 episcopos
1624 3903 1727 3955 per
1757 3888 1892 3941 loca.
1933 3890 2005 3944 Et

355 3967 416 4021 in
440 3968 652 4023 Joanne
701 3970 1017 4025 llormisda:
1066 3984 1394 4027 successore
1433 3990 1445 4026 :
1486 3975 1589 4026 Hic
1635 3974 2003 4031 ordinationes

352 4057 484 4122 fecit
508 4073 612 4126 per
639 4058 772 4112 loca.
828 4060 890 4113 In
924 4058 1106 4114 Felice
1132 4065 1343 4122 autem,
1377 4061 1614 4115 Joannis
1651 4075 1998 4132 successore,

358 4147 417 4201 in
451 4159 564 4217 quo
590 4146 895 4218 Catalogus
920 4148 1139 4204 desinit
1165 4164 1368 4205 rursus
1384 4149 1553 4205 habet
1584 4164 1884 4207 numerum
1908 4153 2002 4209 his

354 4233 546 4291 verbis
573 4252 584 4289 :
621 4238 724 4289 Hic
744 4238 877 4303 fecit
900 4238 1272 4293 ordinationes
1299 4238 1459 4308 duas,
1476 4240 1820 4309 presbyteros
1846 4244 2001 4310 quin-

2102 1762 2320 1815 archivo
2349 1761 2602 1813 Ecclesia?
2633 1762 2887 1815 Romana
2916 1762 3186 1812 tenentur.
3222 1758 3292 1812 Et
3330 1771 3397 1812 ex
3422 1756 3570 1812 actis
3601 1758 3762 1812 Hor-

2104 1851 2323 1917 misdaa,
2359 1850 2417 1904 in
2448 1849 2662 1919 quibus
2683 1854 2887 1903 auctor
2913 1846 3107 1913 refert,
3134 1861 3206 1903 ex
3247 1846 3513 1901 mandato
3533 1846 3757 1901 Justini

2106 1952 2302 1995 omnes
2321 1938 2619 2007 episcopos
2650 1936 2848 1992 libello
2870 1935 3168 1991 catholica
3195 1935 3327 1990 ﬁdei
3361 1934 3763 2003 subscripsis—

2107 2040 2167 2082 se
2196 2045 2208 2081 :
2235 2027 2339 2092 Qui
2358 2032 2535 2080 textus
2559 2026 2751 2087 libelli,
2794 2024 3008 2094 inquit,
3038 2024 3196 2077 hodie
3238 2023 3456 2077 archivo
3493 2021 3761 2075 recondi-

2107 2122 2193 2170 tus
2224 2120 2451 2169 tenetur.
2478 2115 2772 2183 Quomodo
2796 2113 2949 2169 enim
2975 2121 3176 2169 auctor
3205 2114 3521 2168 Romanum
3549 2111 3763 2166 archi-

2103 2218 2236 2259 vum
2267 2204 2521 2271 citasset,
2556 2203 2672 2257 nisi
2722 2202 2866 2257 illud
2900 2201 3140 2256 vidisset
3169 2200 3352 2270 jeique
3382 2199 3574 2255 forsan
3610 2213 3759 2269 prae-

2105 2293 2328 2361 positus
2358 2291 2584 2347 fuisset.
2616 2291 2719 2346 Illa
2739 2303 2874 2345 sane
2899 2304 3026 2361 qua:
3051 2289 3121 2345 de
3146 2289 3510 2361 singulorum
3526 2288 3759 2357 pontiﬁ-

2100 2395 2230 2437 cum
2279 2381 2549 2448 decretis,
2589 2380 2660 2435 de
2706 2393 2905 2435 eorum
2964 2378 3162 2451 gestis,
3212 2378 3284 2433 de
3326 2379 3755 2448 episcoporum,

2102 2468 2560 2538 presbyterorum
2578 2474 2633 2523 et
2649 2468 3023 2524 diaconorum
3038 2466 3506 2522 ordinationibus
3532 2465 3759 2535 ubique

2102 2557 2363 2628 afﬁrmat,
2409 2556 2563 2612 clare
2595 2557 2856 2612 indicant
2900 2561 3191 2611 auctorem
3243 2569 3306 2611 ea
3337 2555 3530 2610 omnia
3556 2568 3627 2609 ex
3653 2569 3758 2610 re-

2105 2647 2283 2720 gestis
2303 2646 2524 2703 archivi
2552 2646 2963 2717 desumpsisse,
2988 2646 3128 2701 adeo
3150 2649 3234 2715 ut,
3262 2644 3311 2700 si
3334 2643 3489 2699 sedis
3512 2649 3761 2713 aposto—

2105 2736 2231 2792 lica:
2257 2736 2742 2793 bibliothecarius
2768 2748 2879 2791 non
2908 2733 3105 2803 fuerit,
3139 2745 3430 2789 accessum
3453 2732 3521 2786 ad
3544 2731 3761 2788 biblio-

2104 2824 2325 2881 thecam
2358 2824 2713 2895 pontiﬁciam
2747 2822 3018 2879 habuisse
3040 2822 3356 2878 censendus
3376 2821 3473 2876 sit.

2773 2949 2994 3005 CAPUT
3012 2950 3072 3004 ν.

2597 3058 2673 3110 De
2720 3055 2884 3109 Libro
2920 3056 3249 3124 Pontiﬁcali.

2103 3170 2145 3219 Ι.
2168 3164 2325 3213 Liber
2345 3160 2668 3212 Pontiﬁcalis
2691 3162 2915 3223 primum
2934 3175 2963 3209 a
2988 3163 3134 3209 Petro
3157 3158 3360 3209 Crabbe
3379 3160 3533 3207 tomis
3558 3158 3754 3210 Conci-

2162 3226 2350 3274 liorum
2374 3226 2614 3283 insertus,
2644 3224 2834 3284 sapius
2855 3224 3040 3271 deinde
3060 3238 3089 3270 a
3114 3223 3339 3271 Baronio
3368 3223 3553 3270 citatus
3572 3223 3626 3269 in
3648 3225 3760 3271 An-

2164 3288 2383 3345 nalibus,
2414 3287 2545 3348 typis
2574 3288 2782 3348 demum
2807 3285 3098 3348 Moguntina
3124 3298 3256 3348 anno
3293 3284 3409 3333 1602
3441 3286 3642 3348 integre
3660 3299 3762 3348 9x-

2162 3364 2318 3397 cusus
2341 3346 2512 3397 est."—
2530 3348 2590 3395 ΙΙ.
2618 3348 2745 3395 Post
2766 3347 3127 3407 Moguntinam
3149 3347 3428 3395 editionem
3450 3347 3639 3407 prodiit
3657 3346 3763 3396 Pa-

2163 3412 2394 3480 risiensis
2425 3409 2712 3458 Annalibus
2742 3409 2988 3480 Eabrotti,
3008 3410 3107 3480 .qui
3127 3409 3184 3480 εἰ
3216 3408 3758 3480 νᾶνὶδηίθε.1θοςίοεᾳε

2165 3474 2632 3546 ρξευᾳιιμίῑιιξυθὴῐηεδ.
2661 3470 3180 3546 codicibussub‘je'cit,
3207 3484 3428 3546 quorum
3458 3470 3560 3546 duo
3658 3472 3757 3519 Bi-

2167 3532 2437 3584 blidthecis
2466 3534 2773 3592 Germaniae,
2800 3536 2904 3581 tres
2928 3534 2981 3580 in
3006 3532 3283 3581 Galliarum
3307 3532 3635 3580 bibliothecis
3664 3547 3759 3581 ex—

2166 3602 2314 3646 stant.
2349 3623 2410 3633 -—
2437 3597 2524 3645 III.
2563 3596 2726 3657 Opus,
2761 3596 2899 3657 quod
2929 3594 3153 3643 Annibal
3188 3594 3462 3642 Fabrottus
3493 3608 3548 3642 se
3578 3596 3758 3657 incor—

2164 3663 2360 3709 rectum
2382 3656 2651 3721 reliquisse
2672 3656 2869 3721 fatetur,
2892 3657 3379 3721 LucasiHolstenius
3400 3670 3460 3705 ex
3481 3656 3759 3721 codicibus

2164 3723 2448 3781 Vaticanis,
2480 3718 2679 3781 Regiis,
2715 3720 2995 3778 Medicmis,
3033 3718 3444 3777 Cassinensibus,
3477 3722 3529 3766 et
3562 3718 3756 3781 Farne-

2166 3786 2310 3833 siano
2333 3780 2562 3831 omnium
2581 3782 2940 3844 antiquissimo
2962 3782 3324 3841 corrigendum
3341 3781 3599 3844 suscepit:
3620 3780 3759 3841 ejus-

2167 3862 2266 3909 que
2299 3846 2453 3895 verba
2483 3846 2547 3893 de
2574 3842 3016 3900 mssa—codicibus,
3045 3844 3231 3904 quibus
3258 3857 3382 3890 usus
3413 3845 3504 3901 est,
3536 3842 3758 3890 afferun-

2163 3913 2264 3957 tur.
2285 3935 2349 3944 —
2373 3908 2459 3955 IV.
2484 3908 2557 3955 Ex
2580 3907 2757 3954 codice
2777 3905 3089 3953 Farnesiano
3115 3906 3383 3953 adducitur
3406 3904 3756 3965 fragmentum

2164 3972 2278 4019 vitae
2304 3970 2471 4028 Sergii
2498 3969 2562 4025 II,
2586 3968 2832 4015 hactenus
2853 3968 3119 4025 ineditum,
3145 3970 3194 4016 et
3222 3968 3473 4015 variantes
3502 3967 3757 4015 lectiones

2165 4047 2225 4081 ex
2244 4031 2564 4092 autographo
2584 4029 2838 4077 Holstenii
2859 4029 3181 4092 exhibentur.
3196 4056 3255 4064 —
3271 4029 3337 4077 V.
3358 4029 3421 4092 In,
3438 4029 3595 4092 Libro
3616 4028 3758 4092 Pon-

2163 4094 2337 4142 tiﬁcali
2366 4092 2547 4141 additae
2578 4094 2700 4140 sunt
2732 4091 3024 4151 complures
3047 4092 3346 4140 donationes
3376 4091 3493 4152 piae,
3524 4091 3757 4138 basilicis

2166 4157 2320 4207 Urbis
2350 4155 2508 4203 factm.
2537 4180 2601 4189 —
2620 4153 2709 4200 VI.
2741 4152 3018 4216 Complura
3048 4167 3254 4216 quoque
3288 4156 3567 4216 martyrum
3600 4155 3755 4211 Acta,

2161 4220 2295 4267 inter
2315 4230 2427 4280 quae
2450 4217 2569 4263 licet
2586 4214 2831 4280 nonnulla
2846 4228 2913 4280 ex_
2926 4214 3273 4280 monumentis
3289 4215 3459 4280 dubiis
3477 4215 3756 4280 desumpta

2163 4283 2282 4339 sint,
2312 4276 2399 4327 illa
2432 4281 2604 4326 tamen
2629 4278 2690 4324 ab
2723 4277 2997 4338 antiquiori
3022 4292 3151 4335 aevo,
3184 4282 3232 4326 et
3255 4279 3562 4339 quandoque
3588 4290 3618 4323 a
3643 4276 3753 4336 pri-

355 4314 624 4393 (ιυαρῖητα
664 4326 926 4393 quinque,
959 4327 1214 4380 diaconos
1270 4330 1526 4396 quatuér,
1583 4330 1853 4399 episcopos
1895 4347 1998 4399 per
2026 4327 2079 4387 D
2158 4314 2997 4392 ἷπῖἒὲἘὲἓιῖεὲῖἱιὲζέἔιῖιίὲἙιὶῖίῖἑέέὲ
3011 4314 3232 4388 (itaista?
3249 4314 3752 4399 EVﬁT‘AEia"p‘E§ri-

356 4413 472 4465 loca
500 4413 700 4479 viginti
744 4427 947 4467 novem.
1000 4415 1081 4469 Ex
1132 4414 1347 4484 quibus
1373 4415 1583 4487 colligo
1607 4423 1898 4473 auctorem
1928 4432 1997 4474 ex

356 4499 557 4571 aliquo
610 4501 877 4556 Romana:
921 4503 1191 4559 Ecclesia:
1238 4509 1458 4575 regesto
1506 4511 1605 4560 aut
1649 4507 1998 4563 monimento

355 4595 486 4645 ante
508 4590 821 4646 Hormisdaz
847 4596 1100 4662 tempora
1129 4594 1457 4663 conscripto
1487 4594 1874 4664 desumpsisse
1905 4610 2000 4652 no-

356 4677 543 4733 titiam
563 4679 995 4736 ordinationum
1012 4699 1027 4752 ;
1045 4681 1172 4737 ideo
1187 4688 1378 4738 autem
1398 4696 1581 4754 neque
1600 4684 1658 4738 in
1677 4685 1995 4754 Hormisda,

356 4780 539 4838 neque
566 4768 622 4823 in
647 4770 878 4839 Joanne,
913 4770 1007 4826 sed
1041 4770 1226 4827 solum
1260 4773 1321 4826 in
1352 4772 1537 4828 Felice
1569 4774 1635 4827 IV
1675 4774 1996 4846 adnotasse,

355 4858 491 4926 quia
516 4858 813 4915 desidente
850 4866 1070 4931 regesto
1117 4868 1220 4917 aut
1258 4862 1633 4934 monimento,
1668 4877 1783 4919 non
1820 4864 2002 4920 habe—

356 4944 454 5000 bat
501 4948 675 5005 aliam
732 4948 836 5005 hac
872 4950 943 5006 de
976 4965 1037 5006 re
1076 4951 1343 5007 notitiam
1377 4966 1547 5023 quam
1594 4968 1721 5025 qua:
1752 4960 2003 5024 tempore

353 5032 563 5089 Felicis
589 5039 802 5109 quarti,
836 5039 945 5096 sub
971 5053 1086 5111 quo
1105 5040 1347 5113 vivebat,
1376 5042 1443 5097 ad
1479 5056 1649 5098 aures
1686 5056 1826 5099 suas
1867 5056 2002 5112 per-

354 5127 602 5176 venerat.

428 5204 513 5265 42.
537 5208 722 5277 Atque
744 5210 864 5266 haec
889 5216 1117 5282 quidem
1145 5216 1437 5272 sufﬁciant
1461 5216 1530 5271 de
1553 5218 1801 5274 secundo
1828 5220 2001 5276 Cata-

358 5296 505 5367 logo,
534 5297 604 5353 de
627 5311 760 5366 quo,
795 5300 932 5368 quia
959 5305 1337 5372 sequentibus
1363 5303 1655 5372 capitibus
1681 5307 1857 5363 multa
1886 5309 2001 5365 alia

356 5384 805 5456 observabimus,
839 5387 943 5443 hoc
969 5388 1092 5443 loco
1119 5391 1529 5461 inquirendum
1566 5399 1740 5449 restat
1767 5409 1799 5449 a
1851 5411 2004 5465 quo-—

358 5484 485 5527 nam
513 5481 745 5532 auctore
795 5474 889 5539 hic
929 5475 1224 5545 catalogus
1260 5484 1316 5533 et
1365 5478 1599 5535 ubinam
1647 5485 2000 5551 compositus

2154 4406 2346 4454 tiﬁcum
2373 4418 2402 4451 a
2424 4403 2581 4465 Petro
2602 4401 2834 4465 apostolo
2865 4415 3028 4463 usque
3054 4404 3116 4449 ad
3144 4402 3534 4465 Constantinum
3562 4412 3753 4462 papam

2158 4468 2411 4523 breviora,
2443 4480 2473 4513 a
2500 4463 2837 4513 Constantino
2882 4478 3044 4525 usque
3078 4465 3143 4511 ad
3178 4463 3502 4525 Stephanum
3545 4467 3753 4525 sextum

2160 4529 2411 4591 ampliora
2441 4529 2732 4591 sunt,_adeo
2760 4531 2813 4574 ut
2837 4524 2994 4573 totam
3018 4526 3177 4575 ferme
3207 4524 3475 4575 historiam
3505 4524 3754 4573 ecclesia-

2161 4589 2343 4640 sticam
2377 4589 2831 4652 comprehendant.

2173 4688 2223 4745 4.
2250 4691 2557 4760 Postquam
2582 4688 2809 4760 egimus
2837 4687 2907 4742 de
2926 4686 3154 4743 duobus
3178 4684 3615 4756 antiquioribus
3636 4686 3754 4741 Ca—

2102 4778 2311 4850 talogis
2361 4779 2741 4834 Romanorum
2771 4775 3127 4844 pontiﬁcum,
3175 4780 3352 4831 restat
3382 4779 3448 4831 ut
3474 4775 3546 4830 de
3576 4774 3752 4830 Libro

2101 4867 2422 4922 Pontiﬁcali
2455 4871 2784 4931 tractemus,
2819 4878 2986 4935 quem
3022 4865 3245 4934 primus
3274 4878 3342 4919 ex
3371 4878 3505 4925 mss.
3537 4864 3750 4920 οοάἱοὶτ

2102 4957 2210 5012 bus
2238 4956 2459 5011 eruisse
2481 4955 2707 5010 videtur
2726 4954 2928 5009 Petrus
2954 4953 3189 5023 Crabbe,
3215 4954 3316 5023 qui
3347 4966 3476 5008 eum
3497 4952 3750 5019 editioni
3790 4956 3796 4962 ’

2100 5045 2489 5100 Conciliorum
2500 5041 2826 5097 Coloniensi
2844 5042 2979 5097 anni
2998 5039 3136 5097 4538
3156 5042 3402 5096 inseruit
3418 5041 3522 5096 hoc
3541 5041 3748 5097 titulo:

2100 5135 2261 5189 Liber
2299 5135 2619 5201 Pontiﬁcum
2656 5148 2691 5185 a
2734 5133 2890 5187 Petro
2928 5148 3081 5201 papa
3130 5148 3299 5201 usque
3331 5131 3408 5184 ad
3459 5131 3754 5189 Nicolaum

2094 5238 2300 5293 papam
2325 5223 2372 5292 Ι,
2403 5222 2462 5274 in
2493 5236 2597 5289 quo
2627 5235 2811 5275 eorum
2839 5226 2991 5287 gesta
3010 5221 3415 5282 describuntur,
3436 5220 3754 5288 primorum

2094 5328 2196 5382 per
2222 5315 2519 5365 Damasum
2541 5324 2769 5379 papam,
2799 5310 3139 5378 reliquorum
3160 5314 3340 5363 autem
3361 5323 3463 5379 per
3499 5308 3639 5363 alios
3669 5323 3758 5367 ve-

2102 5405 2238 5454 teres
2267 5414 2330 5453 ac
2381 5397 2487 5467 ﬁde
2517 5397 2729 5464 dignos.
2778 5397 2939 5453 Vitas
2968 5399 3286 5467 primorum
3346 5396 3686 5467 pontiﬁcum
3717 5408 3751 5459 a

2104 5491 2267 5547 Petro
2294 5499 2476 5557 usque
2503 5486 2572 5541 ad
2606 5485 2894 5547 Liberium
2926 5486 3070 5542 citat
3104 5501 3173 5542 ex
3212 5485 3385 5547 Libro
3422 5483 3748 5549 Pontiﬁcali
