4060 6176
251 205 357 263 489

926 205 1330 263 SCHELESTR.
1388 192 1690 266 DISSERT;
1755 209 1845 266 DE
1882 210 2109 281 ANTIQ.
2177 212 2347 269 non.
2398 212 2594 269 rom.
2638 214 2977 272 CATALOG.

3555 216 3660 278 490

241 329 495 397 Damasi,
544 329 906 400 reliquorum
938 346 1068 390 vero
1105 348 1138 388 a
1164 335 1409 390 Damaso
1445 348 1629 406 usque
1660 333 1730 389 ad
1771 334 1904 388 Leo-
1923 333 1983 393 A
2017 333 2227 405 inquit,
2247 339 2303 390 et
2320 335 2561 392 fortasse
2581 338 2885 408 praestabat
2907 353 3215 409 paucorum
3237 356 3365 397 eum
3390 342 3659 398 manibus

243 431 367 473 nem
412 419 650 474 tertium
696 419 812 477 cita
849 438 917 475 ear
954 423 1116 477 Libro
1155 425 1477 494 Pontiﬁcali.
1518 424 1695 492 Cujus
1729 422 1898 477 vesti-

242 505 355 577 giis
384 506 737 564 inhaerentes
768 511 1114 566 Laurentius
1162 513 1389 581 Surius,
1437 518 1492 567 et
1522 512 1620 582 qui
1662 511 1895 565 Surium

240 594 537 649 subsecuti
564 602 724 665 sunt,
748 598 1143 655 Conciliorum
1165 601 1587 670 compilatores,
1620 599 1897 655 Romano-

240 698 365 739 rum
397 684 740 753 pontiﬁcum
766 686 927 742 Vitas
958 689 1206 757 sparsim
1237 689 1565 744 collectioni
1597 689 1895 745 Concilio-

243 784 363 826 mm
388 771 786 843 inseruerunt,
813 775 897 829 uti
920 780 977 830 et
995 775 1316 831 Annalibus
1340 776 1506 846 plura
1527 776 1685 832 Libri
1708 776 1894 832 Ponti-

241 858 421 913 ﬁcalis
444 859 768 932 fragmenta
792 863 1041 919 inseruit
1060 864 1363 934 Baronius,
1385 865 1486 935 qui
1513 879 1641 920 cum
1665 879 1733 919 ex
1754 878 1892 920 mss.

237 945 541 1003 codicibus
566 947 706 1004 libri
740 950 917 1006 istius
948 951 1221 1006 lectiones
1254 949 1580 1022 frequenter
1607 952 1899 1007 emendas-

233 1038 337 1100 set,
378 1037 743 1095 occasionem
790 1038 1037 1107 praebuit
1078 1040 1301 1095 auctori
1344 1038 1721 1109 praefationis,
1773 1054 1898 1110 quae

233 1130 369 1185 libri
431 1130 614 1198 hujus
658 1127 908 1183 editioni
950 1128 1297 1200 Moguntinae
1353 1143 1503 1185 anno
1548 1126 1687 1185 4602
1742 1130 1896 1200 typis

228 1218 473 1273 Joannis
503 1217 703 1273 Albini
735 1215 955 1286 publici
977 1217 1131 1286 juris
1158 1214 1320 1272 facta:
1346 1218 1721 1287 praeponitur,
1750 1232 1898 1274 asse-

231 1306 399 1362 rendi
432 1324 446 1360 :
483 1326 511 1357 α
538 1304 701 1374 Quod
731 1304 907 1360 varia:
931 1304 1205 1360 lectiones
1239 1305 1321 1360 vel
1354 1318 1423 1361 ex
1444 1306 1671 1362 duobus
1700 1307 1896 1363 Conci-

228 1394 449 1449 liorum
482 1393 657 1449 tomis
689 1393 948 1449 Surianae
988 1392 1287 1462 editionis,
1319 1394 1403 1449 vel
1447 1408 1515 1449 ex
1557 1394 1894 1451 Annalibus

229 1483 585 1538 Baronianis
617 1523 631 1550 ,
667 1482 725 1537 in
769 1481 983 1552 quibus
1025 1482 1192 1538 verba
1236 1483 1529 1539 Anastasii
1575 1485 1789 1553 passim
1831 1484 1891 1539 in

226 1570 498 1643 singulis
523 1570 917 1641 pontiﬁcibus,
936 1572 1135 1640 paucis
1168 1573 1589 1641 praetermissis.
1614 1572 1891 1642 citantur,

2013 424 2140 491 teri,
2172 438 2341 493 quam
2370 425 2559 481 denuo
2588 441 2717 481 cum
2750 432 2833 482 tot
2865 429 3086 483 mendis
3118 430 3365 499 prodire.
3391 431 3494 485 Sed
3527 445 3659 486 om-

2008 510 2145 565 nino
2179 512 2385 567 melius
2405 519 2511 580 est,
2540 515 2711 570 etiam
2746 516 3126 572 inemendatis
3150 518 3488 573 auctoribus
3514 518 3654 586 frui,

2008 612 2175 667 quam
2198 601 2283 656 eis
2315 604 2547 671 penitus
2575 618 2784 660 carere.
2814 605 3049 659 Interim
3076 605 3213 660 dum
3247 606 3448 661 melior
3478 607 3658 662 editio

2004 692 2257 758 curetur,
2272 691 2459 746 varias
2475 692 2747 748 lectiones
2764 692 3035 748 extribus
3050 693 3354 748 codicibus
3370 694 3659 749 veteribus

2004 784 2297 847 excerptas
2327 780 2661 850 adjecimus,
2694 795 2938 851 quorum
2978 795 3082 851 ope
3111 782 3236 837 sine
3264 782 3445 838 dubio
3474 782 3658 837 casti-

2007 866 2193 936 gatior
2213 867 2393 924 editio
2414 870 2623 937 poterit
2637 870 2926 924 adornari.
2946 868 3045 925 Usi
3070 874 3258 925 autem
3277 864 3479 925 sumus
3501 871 3661 941 regio

2006 954 2222 1024 codice,
2256 961 2312 1010 et
2340 958 2646 1028 Mazarino,
2679 972 2793 1029 quo
2831 957 3062 1013 Gabriel
3095 960 3383 1029 Naudeus,
3415 959 3662 1029 praecel—

2008 1042 2181 1098 lentis
2201 1044 2476 1101 doctrina:
2497 1048 2605 1113 vir,
2629 1046 3073 1102 eminentissimi
3102 1047 3417 1103 cardinalis
3438 1047 3662 1103 biblio-

2009 1130 2227 1187 thecam
2279 1134 2462 1189 auxit.
2518 1135 2766 1206 Uterque
2820 1142 3010 1191 autem
3066 1135 3295 1191 videtur
3342 1135 3413 1191 ab
3461 1137 3659 1191 eodem

2006 1223 2317 1292 exemplari
2360 1238 2638 1294 manasse,
2680 1226 2740 1280 in
2774 1225 2977 1294 paucis
3005 1224 3157 1279 enim
3200 1224 3445 1279 invicem
3484 1223 3660 1279 diﬁ‘e—

2009 1315 2163 1365 runt.
2181 1312 2411 1367 Contuli
2430 1312 2601 1367 etiam
2615 1328 2744 1368 cum
2762 1313 2959 1369 codice
2971 1313 3228 1382 Thuano,
3246 1313 3660 1383 antiquissimo

2008 1398 2112 1453 illo
2143 1400 2396 1471 quidem,
2442 1401 2538 1456 sed
2578 1402 2783 1457 scribae
2822 1401 3051 1457 librarii
3100 1402 3335 1458 inscitia
3365 1403 3426 1457 in
3458 1400 3660 1457 multis

2009 1486 2160 1542 haud
2193 1488 2336 1543 satis
2364 1490 2683 1545 emendato.
2718 1509 2745 1540 »

2078 1572 2133 1631 3.
2177 1576 2315 1632 Cum
2364 1591 2433 1633 ex
2482 1579 2776 1649 prmdictis
2822 1579 3128 1635 Annibalis
3170 1579 3426 1636 Fabrotti
3467 1578 3659 1636 verbis

224 1666 369 1717 sunt
390 1660 730 1729 desumpta.
763 1678 790 1710 υ
822 1661 997 1715 Porro
1019 1659 1312 1717 Anastasii
1347 1662 1691 1717 mentionem
1732 1660 1895 1727 facit,
1928 1648 1980 1708 Β
2009 1664 2308 1721 manifeste
2354 1648 2624 1737 appareat
2671 1669 2956 1724 editiones
2994 1669 3152 1723 Libri
3194 1669 3549 1725 Pontiﬁcalis
3585 1669 3654 1725 ad

225 1750 371 1821 quia
389 1749 502 1804 sub
518 1749 751 1805 nomine
771 1748 937 1804 illius
955 1748 1189 1804 Librum
1208 1749 1595 1805 Pontiﬁcalem
1614 1749 1893 1819 ediderat,

226 1838 335 1894 hoc
370 1839 464 1893 illi
496 1838 728 1908 prteﬁxo
760 1837 969 1893 titulo:
997 1838 1289 1891 Anastasii
1318 1838 1375 1892 S.
1407 1840 1469 1893 Il.
1504 1840 1569 1892 Ε.
1606 1840 1897 1893 bibliothe-

224 1931 378 1983 carii
443 1928 697 1982 Historia
751 1927 818 1980 de
873 1928 1017 1983 Vitis
1064 1929 1427 1982 Romanorum
1487 1931 1805 1997 pontiﬁcum
1860 1946 1895 1983 a

222 2020 387 2073 Petro
432 2017 678 2086 apostolo
715 2031 890 2085 usque
931 2016 1006 2070 ad
1040 2017 1325 2073 Nicolaum
1353 2019 1401 2078 Ι,
1430 2032 1716 2086 nunquam
1753 2018 1893 2071 hac-

222 2113 387 2161 tenus
432 2108 579 2176 typis
622 2120 839 2160 accusa.
885 2106 1091 2159 Deinde
1135 2107 1263 2160 Vita
1298 2106 1545 2159 Adriani
1581 2108 1640 2159 Π
1675 2110 1726 2159 et
1763 2105 1891 2160 Ste-

219 2197 407 2266 phani
433 2196 541 2256 IV,
573 2198 793 2249 auctore
824 2195 1111 2251 Guillelmo
1154 2194 1557 2248 bibliothecario
1588 2210 1656 2248 em
1686 2194 1892 2247 biblio-

223 2285 381 2338 theca
406 2284 593 2338 Marci
624 2284 834 2337 Velseri
857 2282 1197 2351 Augustam
1224 2284 1287 2337 R.
1319 2284 1382 2336 P.
1417 2284 1489 2337 II.
1519 2284 1647 2335 uiri.

285 2370 347 2427 2.
379 2371 546 2441 Quod
575 2371 626 2426 si
660 2370 969 2442 quisquam
1002 2376 1156 2440 petat
1178 2384 1291 2440 qua
1317 2371 1540 2426 ratione
1569 2371 1751 2426 editio
1777 2370 1892 2427 M0.

223 2460 479 2533 guntina
506 2461 642 2515 anni
671 2457 812 2515 4602
837 2464 1074 2514 vocetur
1090 2459 1281 2532 prima
1314 2459 1488 2527 hujus
1518 2458 1676 2514 Libri
1700 2459 1891 2515 Ponti-

221 2549 414 2606 ﬁcalis
465 2549 672 2619 editio,
732 2561 861 2603 cum
907 2553 1039 2604 ante
1087 2553 1170 2603 tot
1216 2561 1397 2603 annos
1438 2561 1566 2603 eum
1609 2548 1890 2604 edidisset

219 2636 447 2693 Crabbe
492 2636 551 2690 in
594 2636 850 2692 editione
880 2635 1274 2692 Conciliorum
1312 2635 1662 2707 Coloniensi,
1696 2635 1889 2692 facilis

220 2732 303 2781 est
320 2727 511 2795 hujus
525 2724 867 2796 quaestionis
879 2725 1200 2794 responsio,
1217 2724 1660 2795 quod'nimirum
1674 2725 1891 2781 Crabbe

223 2816 382 2871 hunc
413 2814 657 2870 Librum
698 2813 1088 2870 Pontiﬁcalem
1129 2827 1314 2884 neque
1354 2813 1662 2885 integrum,
1706 2828 1891 2884 neque

223 2919 338 2962 uno
385 2911 447 2959 et
492 2904 773 2959 continuo
805 2908 1076 2959 contextu
1118 2902 1417 2973 edidisset,
1461 2907 1631 2972 prout
1672 2917 1741 2959 ex
1779 2917 1885 2959 ms.

2007 1768 2176 1809 suum
2210 1770 2392 1825 usque
2422 1763 2643 1827 tempus
2685 1758 2909 1812 mendis
2940 1757 3184 1827 repletas
3213 1756 3412 1828 fuisse,
3447 1763 3504 1812 et
3533 1771 3659 1813 me-

2008 1842 2209 1898 liorem
2250 1844 2559 1899 editionem
2600 1860 2670 1900 ex
2712 1860 2848 1901 mss.
2886 1845 3187 1902 codicibus
3228 1847 3420 1901 curari
3471 1860 3655 1917 posse,

2007 1945 2203 1986 curam
2234 1932 2380 1987 hanc
2411 1934 2471 1988 in
2502 1948 2561 1989 se
2591 1941 2920 2005 susceperat
2949 1936 3039 1990 vir
3075 1936 3472 2006 doctissimus,
3506 1950 3657 2004 prae-

2003 2020 2267 2077 decessor
2324 2024 2609 2092 quondam
2669 2039 2846 2095 meus,
2910 2027 3087 2081 Lucas
3137 2025 3488 2094 Holstenius,
3551 2026 3654 2095 qui

2002 2108 2291 2166 Anastasii
2321 2111 2621 2168 historiam
2644 2114 2715 2168 de
2734 2113 2884 2169 Vitis
2908 2114 3293 2169 Romanorum
3316 2113 3656 2182 pontiﬁcum

1999 2196 2276 2253 editionis
2302 2201 2651 2269 Moguntina:
2676 2215 2806 2256 cum
2830 2201 3329 2271 praestantissimis
3352 2201 3535 2255 totius
3555 2204 3658 2257 Ita-

2000 2284 2093 2339 liae
2124 2300 2256 2341 mss.
2304 2288 2606 2343 codicibus
2648 2290 2916 2359 contulit,
2954 2295 3014 2345 ut
3048 2289 3205 2344 illam
3245 2289 3655 2344 correctionem

1998 2375 2556 2447 emendatioremque
2582 2378 2790 2433 ederet.
2814 2378 3251 2450 Autographum
3281 2377 3564 2434 Holstenii
3587 2392 3658 2433 ex

2000 2462 2170 2518 libris
2182 2465 2400 2519 Moroni
2415 2472 2666 2535 emptum
2683 2467 2741 2520 in
2756 2466 3105 2522 bibliotheca
3118 2467 3386 2522 Vaticana
3406 2467 3658 2537 reposui,

2002 2552 2065 2606 in
2102 2554 2273 2622 cujus
2308 2554 2492 2622 primo
2522 2553 2665 2611 folio
2696 2568 2868 2612 manu
2898 2556 3181 2612 Holstenii
3218 2556 3488 2611 adnotata
3520 2562 3657 2611 sunt

2001 2642 2299 2711 sequentia
2325 2661 2337 2696 :
2368 2664 2393 2694 «
2420 2644 2496 2697 De
2523 2657 2659 2699 mss.
2683 2644 3003 2711 codicibus,
3026 2644 3095 2700 ad
3119 2658 3265 2715 quos
3285 2644 3655 2700 Anastasium

2001 2730 2376 2786 contulimus.
2398 2732 2533 2800 Qua:
2557 2746 2589 2787 a
2616 2733 2906 2803 principio
2932 2733 3071 2789 libri
3095 2747 3278 2803 usque
3296 2735 3366 2789 ad
3392 2734 3654 2805 paginam

1999 2814 2072 2872 53
2090 2823 2406 2875 atramento
2428 2826 2622 2875 notata
2642 2828 2778 2876 sunt
2803 2821 2859 2875 in
2886 2822 3162 2893 margine,
3185 2821 3359 2877 varia:
3379 2821 3657 2876 lectiones

2001 2911 2137 2963 sunt
2156 2920 2223 2962 ex
2243 2908 2439 2963 codice
2456 2922 2559 2963 ms.
2586 2910 2876 2977 Vaticano,
2895 2910 2997 2980 qui
3018 2909 3131 2966 fuit
3147 2910 3294 2965 sacri
3319 2909 3652 2965 monasterii

221 2993 427 3049 codice
472 2992 649 3047 Marci
692 2991 907 3048 Velseri
947 2991 1245 3047 triumviri
1280 2990 1605 3063 Augustani
1647 2992 1884 3062 prodiit,
1918 3016 1967 3075 υ
1997 2994 2349 3065 Casinensis,
2384 2996 2470 3052 vel
2503 3010 2571 3052 ex
2611 2999 2942 3054 sanctuario
2975 2998 3315 3067 Mombritii,
3356 2998 3444 3053 vel
3481 2998 3655 3055 etiam

222 3082 428 3138 addito
480 3081 714 3137 nomine
767 3081 1045 3151 auctoris,
1100 3081 1203 3152 qui
1260 3080 1604 3136 Anastasius
1659 3080 1889 3138 Biblio-

224 3170 530 3226 thecarius
591 3171 962 3241 supponitur,
1023 3169 1132 3225 sub
1180 3182 1295 3239 quo
1356 3169 1587 3224 nomine
1635 3168 1886 3226 Annibal

224 3258 539 3314 Fabrottus
583 3272 734 3313 anno
775 3255 914 3314 4648
960 3258 1020 3313 in
1067 3256 1166 3313 fol.
1216 3256 1368 3327 typis
1408 3256 1587 3329 regiis
1626 3258 1886 3314 eumdem

227 3347 466 3402 Librum
490 3346 883 3402 Pontiﬁcalem
903 3346 1230 3402 ediditcum
1252 3345 1545 3416 plerisque
1563 3346 1744 3402 variis
1765 3346 1888 3402 lec—

227 3435 513 3504 tionibus,
530 3448 676 3505 quas
685 3449 754 3490 ex
766 3434 945 3490 variis
960 3448 1094 3489 mss.
1106 3434 1407 3490 codicibus
1419 3434 1559 3490 desu
1570 3440 1750 3504 mptas
1762 3448 1889 3504 ope-

231 3524 276 3578 ri
295 3523 574 3592 subjecit.
596 3524 677 3578 Ac
700 3524 885 3593 primo
900 3524 1132 3593 quidem
1158 3537 1226 3578 ex
1246 3522 1407 3578 binis
1427 3536 1563 3577 mss.
1588 3522 1888 3579 codicibus

230 3613 565 3683 Marquardi
594 3612 848 3678 Freheri,
883 3626 1127 3682 quorum
1156 3612 1301 3667 alter
1323 3612 1383 3666 in
1416 3612 1599 3668 Leone
1625 3613 1710 3680 IV,
1745 3611 1891 3666 alter

235 3702 288 3756 in
318 3702 614 3772 Stephano
649 3702 738 3772 VI,
769 3701 1007 3757 desinit.
1054 3701 1271 3756 Deinde
1309 3701 1577 3772 adiungit
1605 3700 1752 3755 alias
1785 3714 1892 3754 va—

232 3792 451 3846 riantes
468 3789 745 3846 lectiones
758 3803 831 3845 ex
849 3789 1078 3846 duobus
1094 3790 1417 3859 codicibus,
1438 3789 1595 3860 regio
1611 3789 1888 3844 nimirum

231 3888 285 3937 et
301 3879 624 3946 Mazarino,
650 3893 894 3949 quorum
917 3879 1163 3936 ultimus
1184 3879 1339 3935 hunc
1362 3878 1597 3934 titulum
1625 3875 1886 3947 praefert:

232 3972 432 4039 Incipit
484 3968 662 4023 Series
716 3970 1034 4037 Pontificum
1088 3971 1475 4030 Romanorum,
1525 3969 1623 4036 qui
1662 3968 1724 4019 in
1766 3967 1891 4021 sede

231 4060 288 4113 B.
318 4060 473 4113 Petri
491 4056 729 4127 apostoli
750 4057 820 4110 ab
840 4059 957 4125 ipso
982 4072 1155 4127 usque
1175 4056 1251 4110 ad
1268 4057 1366 4111 hoc
1385 4062 1591 4125 tempus
1610 4056 1887 4109 sederunt.

233 4146 425 4203 Refert
453 4152 648 4202 autem
682 4146 836 4201 inter
863 4146 979 4201 alia
1013 4160 1083 4201 ex
1114 4146 1205 4201 his
1230 4145 1459 4201 duobus
1496 4144 1798 4201 codicibus
1830 4146 1890 4200 in

231 4236 524 4306 Sylvestro
560 4233 940 4306 fragmentum
980 4234 1317 4291 donationis
1344 4234 1710 4289 Constantini
1748 4233 1891 4288 satis

233 4325 510 4395 amplum,
538 4324 692 4393 quod
718 4324 777 4379 in
802 4323 983 4379 nullis
1003 4323 1141 4378 aliis
1165 4322 1322 4378 Libri
1346 4322 1703 4379 Pontiﬁcalis
1724 4323 1893 4379 codi—

232 4414 401 4470 cibus
430 4413 735 4483 hucusque
762 4413 968 4482 reperi.
995 4412 1156 4468 Unde
1185 4412 1405 4481 conjeci
1438 4411 1652 4467 librum
1676 4413 1736 4467 in
1769 4411 1892 4467 illis

233 4500 539 4558 codicibus
561 4501 969 4571 interpolatum
987 4514 1133 4570 esse,
1156 4513 1368 4571 eosque
1390 4500 1695 4557 recentiori
1723 4513 1895 4556 manu

235 4590 598 4659 conscriptos
618 4587 841 4659 fuisse;
866 4602 981 4660 qua
1002 4588 1062 4644 in
1090 4602 1151 4643 re
1171 4588 1544 4644 conﬁrmatus
1573 4603 1701 4644 sum
1726 4602 1795 4643 ex
1819 4588 1895 4643 iis

237 4693 363 4749 qua
387 4677 645 4732 Annibal
676 4677 977 4733 Fabrottus
998 4677 1297 4734 adnotavit
1316 4677 1471 4733 circa
1497 4676 1662 4731 ﬁnem
1692 4676 1894 4731 harum

236 4766 555 4823 lectionum
602 4767 674 4822 de
720 4768 1106 4821 Romanorum
1157 4766 1491 4835 pontiﬁcum
1540 4764 1710 4833 Vitis,
1753 4778 1895 4834 quas

237 4857 537 4912 continent
576 4870 748 4925 usque
776 4855 851 4909 ad
877 4857 1181 4911 Martinam
1220 4858 1282 4912 V.
1317 4854 1629 4924 Antiquior
1660 4853 1898 4924 proinde

236 4951 322 5001 est
350 4946 531 5002 codex
572 4945 870 5014 Thuanus,
908 4946 1079 5014 cujus
1112 4945 1402 5000 variantes
1438 4944 1715 4998 lectiones
1747 4958 1897 5013 prte-

238 5034 415 5089 dictis
442 5034 697 5104 subjecit
723 5047 855 5089 cum
888 5034 993 5089 hoc
1032 5032 1252 5089 codicis
1284 5033 1457 5097 titulo
1492 5051 1502 5086 :
1532 5033 1731 5101 Incipit
1765 5034 1899 5087 liber

240 5124 602 5192 Episcopalis,
650 5124 712 5176 in
750 5138 855 5191 quo
897 5124 1243 5179 continentur
1289 5123 1431 5177 Acta
1470 5122 1534 5177 B.
1581 5122 1899 5190 Pontiﬁcum

246 5213 404 5267 Urbis
433 5214 633 5273 Romae.
669 5211 913 5267 Mutilus
942 5217 1031 5266 est
1059 5217 1116 5271 et
1144 5212 1362 5269 desinit
1396 5211 1456 5271 in
1488 5209 1772 5283 Stephano
1808 5211 1896 5282 1V,

245 5306 308 5357 ut
331 5300 583 5361 Annibal
610 5300 913 5357 Fahrottus
939 5298 1152 5363 fatetur
1174 5300 1234 5357 in
1262 5299 1392 5370 line,
1426 5299 1696 5369 praefatus
1728 5298 1900 5363 initio

242 5402 474 5458 operum
498 5388 819 5459 Anastasii,
841 5388 997 5449 hunc
1012 5388 1248 5451 Librum
1271 5388 1658 5449 Pontilicalem
1678 5386 1899 5452 mendis

245 5484 479 5538 scatere.
500 5500 526 5535 ιι
548 5477 859 5541 Auctorem
878 5478 1030 5537 hunc
1050 5478 1272 5543 mendis
1292 5484 1509 5543 scatere
1521 5490 1631 5535 non
1648 5476 1895 5549 inficior,

2000 3082 2335 3138 collectione
2363 3084 2655 3141 Canonum
2686 3086 2940 3141 Anselmi
2974 3087 3267 3157 Lucensis,
3291 3100 3419 3156 qua:
3446 3100 3657 3142 manu—-

1999 3172 2213 3241 scripta
2230 3179 2414 3228 exstat
2431 3174 2487 3228 in
2503 3174 2855 3231 bibliotheca
2871 3176 3320 3231 eminentissimi
3339 3173 3656 3230 cardinalis

1999 3261 2315 3316 Barberini.
2361 3261 2496 3330 Qua:
2535 3263 2717 3318 minio
2759 3267 2951 3319 notata
2982 3278 3015 3319 a
3046 3264 3337 3333 principio
3373 3276 3554 3333 usque
3583 3263 3651 3318 ad

1998 3349 2248 3404 eamdem
2292 3350 2554 3421 paginam
2598 3348 2687 3420 53,
2740 3356 2877 3406 sunt
2918 3351 3088 3406 variae
3132 3351 3406 3406 lectiones
3448 3349 3653 3419 optimi

1999 3438 2218 3493 codicis
2250 3439 2625 3507 manuscripti
2659 3439 2999 3508 Florentini,
3028 3454 3095 3494 ex
3120 3438 3471 3493 bibliotheca
3508 3450 3656 3492 con-

1998 3530 2204 3581 ventus
2223 3526 2275 3580 S.
2303 3527 2498 3581 Marci.
2523 3527 2659 3581 Inde
2682 3526 2889 3597 pagina
2908 3524 2979 3580 54
3002 3525 3295 3593 incipiunt
3315 3524 3654 3580 collationes

2002 3627 2106 3667 ms.
2130 3614 2461 3668 Farnesiani
2484 3613 2720 3681 scriptis
2745 3613 2959 3667 litteris
2982 3612 3340 3682 majusculis,
3366 3626 3478 3682 quo
3499 3611 3653 3667 nihil

2000 3702 2305 3771 antiquius
2328 3706 2551 3756 exstare
2579 3706 2715 3770 puto
2745 3701 2806 3755 in
2837 3700 2943 3756 hoc
2967 3714 3188 3773 genere,
3217 3706 3271 3757 et
3296 3702 3472 3758 codex
3499 3701 3650 3757 haud

2001 3789 2176 3845 dubie
2201 3794 2332 3843 ante
2358 3793 2553 3844 natum
2580 3789 2946 3844 Anastasium
2974 3790 3227 3859 scriptus
3253 3788 3383 3861 fuit,
3411 3790 3495 3845 vel
3518 3803 3655 3844 sane

2001 3892 2066 3934 eo
2096 3883 2346 3948 tempore
2373 3891 2486 3947 quo
2512 3878 2634 3947 ipse
2661 3878 3003 3934 Anastasius
3031 3878 3196 3933 vixit.
3229 3880 3297 3933 Et
3319 3878 3456 3948 quia
3483 3878 3657 3933 colla-

2004 3967 2189 4022 tiones
2221 3966 2550 4022 Farnesiani
2581 3966 2800 4022 codicis
2831 3967 3015 4023 minio
3046 3967 3276 4036 scriptae
3303 3972 3439 4022 sunt
3469 3980 3655 4037 usque

2002 4057 2071 4127 ad
2112 4056 2378 4127 paginam
2424 4053 2513 4118 63,
2560 4055 2668 4110 hoc
2705 4061 2793 4110 est
2834 4069 3018 4125 usque
3058 4056 3127 4111 ad
3169 4054 3525 4111 Bonifacium
3564 4057 3653 4127 1V,

2006 4145 2223 4200 idcirco
2236 4145 2302 4200 ad
2318 4143 2792 4215 distinguendum
2811 4144 3075 4199 codicum
3091 4144 3447 4200 diversorum
3465 4144 3658 4201 lectio-

2005 4248 2123 4305 nes,
2163 4250 2194 4288 a
2235 4232 2442 4303 pagina
2483 4229 2554 4287 54
2601 4246 2783 4303 usque
2825 4232 2894 4287 ad
2937 4230 3006 4288 64
3045 4232 3382 4288 collationes
3424 4232 3654 4288 Codicis

1918 4360 1974 4422 D
2005 4322 2320 4378 Florentini
2348 4326 2665 4376 atramento
2690 4321 2901 4376 notavi.
2930 4322 3066 4377 Inde
3090 4334 3122 4375 a
3143 4321 3351 4394 pagina
3379 4319 3449 4377 63
3472 4334 3655 4391 usque

2005 4412 2075 4467 ad
2095 4407 2231 4465 72...
2257 4410 2326 4465 ad
2355 4410 2540 4465 Vitam
2561 4410 2613 4464 S.
2639 4410 2905 4481 Eugenii,
2938 4410 3297 4465 Farnesianae
3318 4409 3654 4466 collationes

2002 4503 2340 4568 atramento,
2402 4498 2751 4555 Florentinis
2782 4499 2964 4554 minio
2994 4503 3202 4554 notatae
3245 4504 3398 4554 sunt.
3444 4502 3654 4554 Iterum

2005 4601 2038 4643 a
2069 4588 2277 4659 pagina
2294 4583 2365 4642 72
2390 4600 2573 4656 usque
2605 4587 2673 4641 ad
2709 4586 2972 4659 paginam
3006 4583 3128 4657 407,
3160 4587 3257 4643 ubi
3296 4586 3503 4656 incipit
3527 4586 3656 4642 Vita

2006 4676 2291 4732 Zachariae
2311 4677 2436 4745 PP.,
2461 4676 2801 4730 Faruesiana
2823 4675 3024 4737 minio.
3044 4675 3474 4732 Florentiniana
3494 4681 3655 4730 atra—

2008 4771 2196 4822 mento
2224 4764 2431 4821 collata
2462 4770 2619 4821 sunt.
2652 4766 2780 4835 Pag.
2817 4761 2918 4819 407
2950 4764 3079 4819 Vita
3112 4764 3396 4819 Zachariae
3428 4764 3487 4818 in
3514 4765 3656 4817 Far—

2007 4855 2244 4910 nesiano
2262 4854 2646 4925 desideratur,
2668 4854 3005 4909 collationes
3022 4867 3089 4909 ex
3107 4853 3435 4909 Florentino
3457 4852 3655 4907 codice

2009 4944 2190 4999 minio
2222 4948 2430 4997 notata:
2460 4947 2597 4996 sunt
2629 4956 2811 5012 usque
2841 4943 2912 4998 ad
2946 4942 3211 5012 paginam
3243 4937 3364 5007 445,
3398 4939 3499 4994 ubi
3530 4942 3656 5001 Far-

2010 5032 2283 5088 nesianus
2337 5030 2545 5085 iterum
2606 5030 2836 5101 incipit.
2896 5029 2999 5084 Ubi
3052 5031 3260 5084 iterum
3312 5027 3655 5089 Florentinaa

2009 5122 2283 5181 lectiones
2308 5123 2628 5178 atramento
2653 5122 2927 5173 notantur
2949 5129 3128 5188 usque
3147 5118 3217 5175 ad
3243 5118 3505 5189 paginam
3532 5117 3651 5188 436,

2012 5211 2145 5268 inde
2188 5209 2364 5265 rubro
2402 5222 2587 5279 usque
2633 5208 2702 5267 ad
2747 5206 2985 5265 mediam
3038 5207 3303 5280 paginam
3354 5206 3474 5269 438.
3520 5207 3656 5263 Inde

2010 5300 2161 5359 enim
2178 5299 2385 5363 iterum
2398 5303 2715 5363 atramento
2736 5301 3008 5359 notantur
3021 5312 3203 5369 usque
3214 5299 3283 5355 ad
3300 5296 3653 5368 principium

2014 5389 2233 5459 pagina!
2266 5385 2388 5459 443,
2422 5401 2550 5444 nam
2593 5388 2728 5447 inde
2759 5399 2940 5458 usque
2978 5388 3046 5444 ad
3082 5388 3346 5458 paginam
3388 5380 3490 5445 458
3518 5385 3656 5441 Ειοητ

2015 5476 2228 5539 rentiui
2260 5476 2478 5537 codicis
2510 5476 2782 5541 lection¢s
2815 5477 3118 5548 signantur
3150 5474 3352 5542 rubro,
3377 5478 3549 5544 atque
3570 5472 3653 5537 ibi
