4060 6176
337 269 430 325 491
1117 271 1210 326 AD
1248 269 1680 325 ANASTASIUM
1720 268 2235 325 PROLEGOMENA
2270 269 2444 324 EDIT.
2512 263 2953 322 ROM.-VATIC.

3638 254 3746 312 492

334 395 393 449 in
418 395 544 451 Vita
564 394 805 450 Adriani
832 394 1066 450 desinit.
1093 391 1275 447 Habui
1298 391 1505 447 deinde
1525 390 1705 446 alium
1726 387 1979 444 codicem
2009 387 2065 446 A
2094 400 2220 455 quae
2249 386 2316 442 ad
2347 400 2462 441 rem
2495 390 2745 441 nostram
2776 383 2957 455 magis
2982 381 3224 438 faciunt.
3252 381 3331 438 Ac
3354 382 3499 438 illud
3535 382 3595 436 in
3628 381 3747 451 pri-

333 484 789 551 manuscriptum
840 480 1331 553 Longobardicum
1371 478 1868 549 antiquissimum,
1913 490 1982 530 ex

331 571 523 625 eadem
564 570 915 625 bibliotheca
946 576 1260 625 conventus
1288 568 1343 623 S.
1377 567 1573 636 Marci,
1604 566 1784 621 multo
1813 569 1983 619 vetu—

332 657 566 711 stiorem
596 658 804 726 priore,
832 658 958 727 ejus
985 657 1262 711 lectiones
1290 662 1606 710 atramento
1637 653 1849 718 notavi,
1880 650 1978 706 ubi

330 757 459 798 cum
503 745 846 800 Farnesiano
893 750 946 799 et
994 744 1321 799 Florentino
1368 742 1653 811 convenit,
1706 739 1981 795 lectiones

330 832 617 887 dictorum
650 833 913 888 codicum
954 831 1104 886 linea
1148 832 1313 899 nigra
1343 830 1617 900 subduxi,
1661 843 1773 899 qua
1807 827 1981 894 hujus

331 920 536 989 optimi
563 920 782 975 codicis
812 934 1126 975 consensus
1152 927 1421 975 notatur:
1449 920 1544 975 sed
1570 918 1666 974 ubi
1693 917 1981 987 peculiare

333 1008 472 1077 quid
502 1007 688 1078 habet,
727 1014 1044 1063 atramento
1073 1008 1320 1079 signavi,
1355 1008 1619 1077 opposita
1652 1011 1783 1060 nota
1812 1004 1891 1059 Fl.
1920 1002 1974 1071 2,

334 1097 438 1151 hoc
467 1102 553 1150 est
592 1096 960 1152 Florentinus
998 1096 1174 1152 codex
1215 1093 1270 1151 2.
1310 1097 1538 1151 Desinit
1580 1100 1772 1150 nutem
1803 1093 1980 1148 codex

332 1185 441 1239 iste
476 1184 534 1238 in
574 1185 754 1239 Leone
803 1186 866 1252 ΙΙ,
916 1198 1042 1256 pag.
1083 1183 1171 1241 80.
1230 1185 1502 1240 Praeterea
1550 1183 1794 1238 mutilus
1831 1186 1918 1236 est
1946 1194 1979 1236 a

331 1285 454 1341 pag.
486 1268 557 1327 47
594 1287 774 1343 usque
810 1274 880 1328 ad
910 1288 1033 1344 pag.
1069 1272 1159 1330 58.
1192 1275 1330 1331 Cum
1371 1274 1477 1329 hoc
1510 1272 1707 1328 codice
1740 1270 1981 1325 Floren-

328 1360 453 1416 tino
480 1358 517 1416 2
544 1361 603 1416 in
633 1361 904 1418 omnibus
931 1361 1105 1418 ferme
1132 1363 1421 1418 consentit
1444 1362 1569 1417 cod.
1608 1361 1782 1416 Vatic.
1814 1356 1974 1426 5269,

331 1449 429 1518 qui
461 1449 679 1505 desinit
709 1451 768 1505 in
799 1449 1073 1522 Gregorio
1104 1452 1170 1506 II.
1207 1452 1390 1520 Hujus
1421 1450 1640 1507 codicis
1667 1455 1812 1506 notae
1843 1454 1980 1504 sunt

328 1536 509 1592 Vatic.
545 1538 751 1593 minor.
785 1539 871 1594 vel
906 1540 965 1594 V.
1003 1540 1075 1593 Μ.
1111 1558 1137 1589 ››

398 1620 451 1677 4.
476 1623 752 1679 Fideliter
773 1626 1071 1697 hucusque
1094 1627 1266 1683 retuli
1292 1641 1417 1697 quae
1440 1629 1623 1682 Lucas
1648 1626 1979 1682 Holstenius

2096 474 2203 528 mis
2242 479 2439 530 notatu
2469 474 2709 545 dignum
2744 472 3035 537 ducimus,
3077 470 3310 526 Librum
3347 468 3742 525 Pontiﬁcalem

2094 562 2245 616 ultra
2286 562 2619 630 pontiﬁcum
2659 567 2797 615 Acta
2829 573 2861 615 a
2893 559 3142 615 secundo
3182 558 3440 629 catalogo
3478 556 3743 612 exhibita

2090 652 2384 706 continere
2408 649 2749 721 quamplura
2778 648 2913 713 alia,
2944 652 3007 702 ut
3035 647 3185 701 inter
3208 646 3327 701 alia
3351 646 3545 700 videre
3565 651 3653 699 est
3681 645 3742 699 in

2089 738 2391 806 Clemente,
2440 737 2704 793 Cornelio
2751 741 2808 791 et
2849 734 3114 790 Marcello
3166 733 3554 804 pontiﬁcibus.
3604 733 3747 801 Qua:

2088 832 2277 880 autem
2294 825 2352 879 in
2364 825 2649 894 Sylvestro
2666 824 2977 889 adduntur,
3001 821 3167 891 longe
3184 820 3401 876 clarius
3422 824 3748 875 monstrant

2092 914 2148 969 id
2190 914 2339 982 quod
2376 912 2727 982 probandum
2768 911 3151 980 suscepimus.
3185 910 3322 964 Acta
3352 908 3505 963 enim
3535 909 3591 962 S.
3624 907 3748 977 Syl-

2088 1001 2263 1056 vestri
2295 1007 2432 1056 sunt
2459 999 2635 1069 triplo
2659 1000 2959 1068 ampliora,
2991 1011 3161 1067 quam
3193 996 3295 1051 illa
3315 1009 3442 1065 quae
3470 994 3750 1050 exhiben-

2088 1094 2185 1145 tur
2206 1102 2240 1144 a
2264 1088 2516 1144 secundo
2547 1088 2826 1158 catalogo.
2858 1084 3201 1141 Consistunt
3229 1090 3420 1138 autem
3452 1082 3748 1152 praecipue

2091 1177 2148 1231 in
2193 1176 2607 1232 donationibus
2653 1175 2787 1244 piis,
2832 1187 2976 1244 quas
3011 1171 3425 1228 Constantinus
3465 1168 3604 1225 fecit
3640 1183 3746 1239 pro

2087 1265 2258 1320 Urbis
2286 1271 2343 1322 et
2373 1265 2494 1336 agri
2535 1263 2853 1319 suburbani
2891 1260 3174 1317 ecclesiis.
3219 1261 3353 1315 Post
3386 1259 3744 1329 Sylvestrum

2090 1353 2418 1424 frequenter
2440 1353 2638 1408 addita
2667 1356 2804 1406 sunt
2822 1350 2892 1405 ab
2917 1355 3152 1405 auctore
3177 1346 3334 1403 Libri
3359 1345 3743 1415 Pontiﬁcalis,

2090 1457 2216 1514 quae
2236 1457 2267 1498 a
2293 1441 2667 1512 pontiﬁcibus
2698 1439 2968 1495 Romanis
2991 1436 3184 1493 oblata
3213 1439 3353 1492 sunt
3378 1435 3550 1490 Urbis
3568 1434 3748 1491 eccle-

2088 1532 2198 1587 siis
2232 1538 2288 1586 et
2319 1530 2603 1586 basilicis.
2647 1529 2741 1584 Sic
2785 1528 2843 1582 in
2883 1527 3125 1581 Damaso
3171 1537 3334 1595 papa,
3381 1522 3744 1593 Innocentio,

2088 1618 2382 1676 Bouifacio
2423 1620 2463 1688 l,
2508 1618 2669 1672 Sixto
2708 1618 2800 1683 Ill,
2844 1617 3024 1670 Leone
3062 1616 3106 1683 Ι,
3156 1612 3370 1682 Hilaro,
3411 1610 3743 1680 Simplicio,

328 1709 501 1766 initio
531 1712 847 1783 adnotavit,
878 1726 947 1768 ex
981 1728 1096 1783 quo
1127 1727 1292 1770 nemo
1319 1728 1430 1769 non
1458 1715 1613 1769 videt
1652 1727 1819 1783 quam
1862 1713 1979 1767 im-
2009 1700 2053 1763 Β
2087 1708 2419 1778 Symmacho
2457 1713 2514 1761 et
2552 1705 2798 1775 reliquis
2839 1700 3212 1773 pontiﬁcibus
3249 1699 3575 1756 eorumdem
3616 1712 3749 1753 suc-

328 1799 506 1852 mensi
541 1799 756 1855 laboris
793 1815 941 1870 Opus
976 1802 1067 1857 vir
1103 1811 1313 1857 teterna
1354 1803 1627 1858 memoria
1657 1802 1872 1873 dignus
1908 1815 1979 1856 ex

328 1887 823 1953 przestantissimis
862 1889 1165 1959 Vaticanus,
1200 1891 1405 1961 Regize,
1442 1891 1498 1945 S.
1531 1891 1703 1945 Marci
1738 1890 1981 1945 Floren—

326 1972 482 2042 tinae,
550 1974 900 2045 Casinensis,
960 1983 1017 2033 et
1077 1978 1435 2034 Farnesianae
1497 1977 1977 2033 bibliothecarum

326 2061 628 2117 codicibus
676 2064 1050 2135 inchoaverit,
1102 2073 1158 2122 et
1202 2073 1384 2123 morte
1444 2060 1763 2136 praeventus
1811 2065 1978 2121 nobis

330 2146 725 2216 imperfectum
788 2151 1112 2223 reliquerit,
1166 2166 1235 2207 ex
1286 2167 1418 2223 quo,
1470 2166 1541 2208 ne
1578 2159 1775 2208 tantus
1818 2151 1979 2208 labor

328 2240 538 2303 pereat,
556 2236 1320 2304 posthancdissertationem
1334 2242 1566 2297 Librum
1588 2240 1975 2297 Pontiﬁcalem

327 2333 359 2375 a
375 2321 433 2375 B.
457 2322 620 2379 Petro
642 2338 823 2395 usque
844 2328 913 2382 ad
941 2329 1181 2383 Felicem
1210 2335 1478 2399 quartum
1499 2331 1753 2399 edemus,
1776 2334 1978 2383 czetera

328 2408 720 2480 relinquentes
745 2413 820 2468 iis
843 2415 943 2484 qui
972 2416 1196 2488 integro
1222 2417 1390 2473 Libro
1412 2417 1734 2472 Pontiﬁcali
1761 2415 1977 2471 edendo

326 2497 583 2554 animum
613 2500 937 2558 intendunt.
971 2503 1115 2559 Sunt
1148 2505 1299 2559 enim
1327 2504 1653 2573 complures
1684 2510 1810 2574 post
1837 2504 1978 2558 Feli-

327 2598 445 2641 cem
481 2594 748 2658 quartum
787 2590 1083 2659 lectiones,
1119 2607 1246 2663 qua:
1276 2594 1345 2648 ad
1397 2594 1801 2664 corrigendum
1832 2606 1978 2663 opus

329 2671 474 2729 illud
500 2674 684 2733 facere
713 2686 973 2746 possunt.
1002 2681 1147 2736 Sunt
1168 2681 1340 2736 etiam
1373 2683 1630 2751 quaedam
1662 2679 1978 2751 fragmenta

328 2761 387 2817 in
422 2763 546 2818 Vita
573 2764 759 2836 Sergii
792 2768 1054 2837 secundi,
1088 2783 1213 2838 qua:
1246 2783 1314 2825 ex
1344 2768 1758 2839 antiquissimo
1783 2768 1978 2823 codice

326 2851 671 2909 Farnesiano
704 2854 763 2909 in
790 2854 901 2910 ﬁne
932 2857 1154 2927 retulit,
1189 2872 1257 2913 ex
1287 2857 1502 2928 quibus
1533 2872 1633 2927 pro
1665 2856 1979 2926 specimine

325 2940 626 3009 sequentia
654 2940 977 3000 referimus.
1011 2947 1073 3000 In
1104 2947 1232 3001 Vita
1263 2959 1506 3016 namque
1534 2946 1716 3017 Sergii
1750 2947 1815 3015 Il,
1852 2951 1979 3014 post

2087 1796 2437 1866 cessoribus,
2456 1802 2521 1851 ut
2538 1795 2785 1865 quisque
2806 1806 2875 1848 ex
2900 1792 3023 1861 ipso
3040 1789 3211 1846 Libro
3226 1787 3548 1844 Pontiﬁcali
3570 1786 3747 1842 facile

2088 1884 2325 1940 videbit.

2159 1973 2211 2029 6.
2267 1974 2476 2028 Praeter
2511 1971 2853 2027 donationes
2905 1982 3037 2024 vero
3078 1969 3136 2022 in
3192 1966 3362 2022 Libro
3414 1963 3743 2019 Pontiﬁcali

2088 2062 2458 2118 continentur
2498 2059 2664 2130 plura
2704 2065 3019 2129 martyrum
3055 2057 3214 2125 Acta,
3258 2056 3410 2109 inter
3439 2066 3565 2122 qua:
3606 2052 3748 2106 licet

2088 2149 2365 2205 nonnulla
2393 2147 2767 2218 supposititia
2798 2146 2936 2211 sint,
2965 2145 3204 2213 antiqua
3234 2149 3418 2197 tamen
3450 2149 3507 2195 et
3534 2140 3747 2209 primis

2086 2237 2351 2293 Ecclesia:
2369 2235 2598 2291 saeculis
2614 2234 2933 2303 conscripta
2954 2232 3240 2286 videntur.
3261 2230 3355 2285 Sic
3376 2229 3434 2283 in
3454 2227 3746 2283 Clemente

2086 2327 2302 2382 citatur
2322 2325 2553 2395 quidem
2580 2323 2823 2392 epistola
2847 2323 2972 2391 ejus
2991 2320 3058 2375 ad
3080 2319 3373 2387 Jacobum,
3403 2316 3503 2371 illa
3522 2322 3741 2384 tamen,

2088 2415 2223 2470 licet
2246 2412 2551 2469 Clementis
2580 2425 2691 2467 non
2720 2412 2817 2479 sit,
2845 2411 2898 2464 ei
2920 2416 3050 2464 ante
3080 2407 3312 2463 Eusebii
3341 2412 3592 2474 tempora
3624 2404 3747 2458 tri—

2088 2502 2225 2557 buta
2265 2500 2399 2556 fuit.
2450 2504 2510 2555 In
2555 2499 2885 2554 Marcellino
2930 2497 3142 2552 mentio
3191 2494 3255 2549 ﬁt
3292 2495 3417 2563 ejus
3458 2492 3654 2562 lapsus
3684 2497 3744 2547 et

2092 2590 2461 2661 pmnitentize,
2505 2603 2630 2658 quae
2664 2587 2926 2658 quamvis
2963 2586 3263 2653 desumpta
3303 2583 3423 2638 sint
3467 2596 3535 2637 ex
3576 2581 3744 2635 Actis

2088 2677 2524 2748 antiquissimis
2573 2674 2813 2732 concilii
2844 2672 3198 2740 Sinvessani,
3238 2673 3377 2726 Acta
3411 2676 3596 2725 tamen
3636 2668 3744 2724 illa

2086 2773 2218 2822 ante
2236 2766 2442 2822 Isidori
2461 2765 2792 2820 Mercatoris
2807 2768 3025 2818 aztatem
3043 2760 3385 2817 concinnata
3402 2757 3654 2813 fuerunt.
3676 2759 3743 2812 In

2085 2854 2332 2911 Eusebio
2374 2855 2585 2909 mentio
2618 2852 2680 2908 ﬁt
2711 2851 3065 2907 inventionis
3103 2854 3313 2904 sanctae
3342 2847 3534 2902 crucis
3565 2858 3741 2915 opera

2084 2944 2308 3015 Cyriaci
2336 2943 2539 3011 Judmi,
2577 2955 2700 3013 quae
2747 2940 2883 2996 licet
2923 2940 3223 3007 desumpta
3265 2936 3386 2992 sint
3413 2948 3482 2991 ex
3514 2935 3676 2989 Actis
3705 2946 3742 2989 a

328 3027 430 3082 illa
459 3028 627 3083 verba
660 3048 672 3083 :
710 3050 736 3081 «
768 3031 927 3099 Quod
961 3033 1160 3088 nullus
1192 3034 1529 3103 pontiﬁcum
1564 3048 1663 3103 per
1693 3040 1777 3089 tot
1804 3048 1978 3089 anno-
2008 3022 2057 3084 C
2086 3033 2314 3089 Gelasio
2338 3045 2479 3101 papa
2503 3031 2748 3098 rejectis,
2771 3028 2987 3085 Gelasii
3011 3033 3197 3082 tamen
3220 3028 3383 3080 aatate
3403 3022 3740 3091 antiquiora

326 3128 453 3170 rum
490 3117 783 3173 curricula
821 3119 890 3174 ad
934 3121 1082 3176 tanti
1119 3121 1345 3178 decoris
1382 3122 1627 3190 speciem
1669 3122 1976 3191 perducere

325 3203 642 3260 arbitratus
673 3211 775 3261 est.
805 3224 831 3256 »
860 3208 1135 3277 Sequitur
1168 3209 1226 3263 in
1257 3223 1361 3263 ms.
1396 3210 1739 3264 Faruesiano
1766 3227 1779 3262 :
1813 3232 1837 3261 ς(
1872 3210 1975 3265 llic

324 3292 729 3349 sanctissimus
744 3295 950 3364 praesul
970 3294 1229 3367 formam,
1253 3312 1381 3367 quae
1400 3298 1557 3353 Jovia
1575 3303 1827 3367 vocatur,
1850 3313 1975 3368 qua:

326 3393 424 3448 per
443 3381 668 3437 evoluta
696 3395 981 3438 annorum
1004 3386 1194 3454 Spatia
1222 3385 1496 3442 demolita
1520 3392 1691 3455 atque
1720 3400 1753 3440 a
1783 3386 1975 3442 ruinis

324 3467 490 3537 plena
518 3469 819 3540 existebat,
856 3473 1236 3543 prospiciens,
1269 3474 1424 3529 sicut
1452 3474 1737 3545 benignus
1764 3482 1823 3530 et
1844 3476 1976 3544 pius

325 3562 518 3625 pastor
559 3570 592 3612 a
635 3559 858 3614 noviter
908 3574 1031 3616 eam
1079 3562 1426 3617 restauravit
1473 3581 1485 3616 :
1532 3569 1588 3618 et
1633 3569 1789 3618 tanta
1826 3576 1974 3633 aqua

321 3642 681 3701 abundanter
734 3646 1038 3716 praefulsit,
1092 3663 1204 3719 qua
1260 3664 1399 3719 pene
1454 3657 1629 3706 totam
1682 3651 1973 3707 civitatem

324 3732 576 3786 satiavit.
622 3734 804 3801 Hujus
841 3736 1198 3804 temporibus
1239 3740 1472 3807 fluvius,
1513 3740 1613 3810 qui
1653 3740 1975 3810 appellatur

323 3818 568 3886 Tiberis,
595 3819 812 3874 alveum
843 3836 1006 3877 suum
1036 3836 1299 3893 egressus
1323 3833 1409 3879 est
1430 3834 1486 3881 et
1512 3842 1610 3895 per
1632 3829 1975 3897 campestria

323 3904 502 3959 dedit.
517 3906 964 3962 lntimuitetiam
980 3909 1645 3981 inundationeaquarum
1663 3915 1975 3971 multarum

325 4006 425 4063 per
452 3992 654 4048 indict.
676 4000 927 4049 octavam
950 3997 1162 4051 mensis
1184 3999 1516 4053 Novembris
1536 4000 1632 4055 die
1652 4014 1799 4071 xxu,
1825 4005 1973 4071 quod

323 4081 598 4153 agebatur
617 4082 923 4137 Sabbatum
946 4085 1166 4139 Natalis
1187 4091 1396 4140 sancta:
1420 4087 1663 4142 Ctecilia:
1686 4093 1953 4159 martyris

325 4144 391 4225 et
398 4171 691 4242 ingressus
706 4178 791 4225 est
805 4184 901 4240 per
916 4172 1261 4240 posterulam
1278 4189 1403 4243 qua:
1420 4177 1743 4244 appellatur
1759 4144 1978 4236 Sancta;

323 4259 575 4329 Agathaz,
642 4260 698 4314 in
757 4260 1063 4314 Romanam
1120 4260 1341 4330 urbem,
1396 4264 1533 4320 hora
1592 4265 1778 4333 prima
1831 4268 1973 4324 diei.

2086 3125 2238 3176 sunt.
2282 3121 2465 3174 Pauca
2500 3119 2757 3189 qutedam
2788 3116 2905 3172 alia
2943 3120 3253 3170 narrantur
3285 3114 3356 3168 de
3401 3109 3739 3181 pontiﬁcum

2087 3207 2399 3277 martyriis,
2434 3219 2559 3277 quae
2602 3205 2737 3260 licet
2766 3218 2834 3259 ex
2864 3204 3024 3259 Actis
3069 3199 3432 3270 interpolatis
3469 3204 3740 3265 excerpta

2084 3295 2222 3364 sint,
2256 3296 2393 3350 Acta
2423 3301 2609 3349 tamen
2639 3306 2859 3362 semper
2899 3290 3257 3361 reperientur
3283 3287 3355 3343 ab
3383 3284 3742 3356 antiquioris

2084 3384 2188 3439 αξνὶ
2219 3382 2555 3438 auctoribus
2594 3380 2920 3449 conscripta
2962 3378 3161 3448 fuisse,
3197 3383 3260 3433 ut
3290 3390 3417 3447 quae
3443 3374 3513 3429 de
3541 3373 3737 3428 Pontii

2085 3471 2448 3540 aliorumque
2490 3468 2900 3523 nonnullorum
2935 3473 3248 3535 martyrum
3279 3463 3437 3518 Actis
3464 3461 3741 3530 superius

2084 3559 2330 3615 adducta
2360 3564 2512 3613 sunt.
2546 3556 2789 3626 Reliqua
2818 3555 3011 3610 omnia
3038 3567 3104 3609 ex
3137 3552 3383 3608 sinceris
3411 3556 3466 3605 et
3497 3549 3742 3603 minime

2087 3646 2449 3716 interpolatis
2470 3651 2782 3714 martyrum
2804 3644 2981 3711 Actis,
3006 3642 3093 3697 vel
3118 3655 3186 3696 ex
3210 3639 3462 3710 publicis
3490 3637 3739 3692 notario-

2087 3748 2210 3790 rum
2256 3735 2412 3790 sedis
2452 3733 2779 3804 apostolicze
2832 3730 3068 3800 tabulis,
3118 3729 3204 3785 vel
3248 3743 3316 3784 ex
3366 3726 3735 3797 probatorum

2086 3824 2429 3894 scriptorum
2461 3822 2733 3893 operibus
2762 3822 3060 3890 desumpta
3089 3824 3245 3875 sunt.

2154 3911 2211 3968 7.
2252 3912 2467 3967 Omitto
2509 3914 2648 3967 Acta
2687 3910 2812 3980 ipsa
2846 3911 3226 3965 Romanorum
3273 3903 3629 3977 pontiﬁcum,
3674 3902 3734 3956 in

2088 4002 2305 4073 quibus
2346 4016 2379 4056 a
2426 4002 2588 4055 Petro
2635 3998 2895 4069 apostolo
2944 4011 3126 4068 usque
3172 3996 3240 4051 ad
3291 3992 3733 4051 Constantinum

2090 4103 2287 4159 papam
2315 4088 2676 4144 recensendis
2704 4092 2905 4142 auctor
2924 4086 3081 4141 Libri
3107 4083 3456 4140 Pontiﬁcalis
3484 4080 3736 4136 breviter

2089 4192 2148 4234 se
2172 4178 2438 4247 expedire
2468 4176 2628 4232 solet.
2668 4174 2715 4229 A
2745 4175 3121 4230 Constantino
3154 4179 3342 4228 autem
3375 4183 3519 4240 papa
3549 4181 3737 4237 usque

2086 4270 2155 4324 ad
2186 4265 2533 4335 Stephanum
2569 4271 2791 4320 sextum
2834 4264 2973 4319 adeo
3003 4262 3253 4318 diffusus
3283 4264 3388 4329 est,
3427 4264 3490 4314 ut
3526 4257 3735 4312 merito

323 4348 699 4402 Transcendit
746 4347 961 4402 interea
1012 4349 1070 4403 in
1115 4350 1415 4419 aliquibus
1464 4353 1629 4422 locis,
1683 4362 1740 4410 et
1781 4371 1975 4413 muros
2005 4360 2058 4420 D
2083 4357 2202 4413 dici
2232 4355 2432 4426 possit,
2456 4360 2629 4410 totam
2660 4353 2960 4409 historiam
2981 4349 3425 4409 ecclesiasticam
3453 4345 3559 4401 sub
3582 4345 3737 4400 isto-

324 4435 512 4503 Urbis,
536 4442 594 4491 et
608 4450 872 4506 egressus
891 4445 975 4494 est
1000 4439 1058 4493 in
1075 4440 1403 4495 eccelesiam
1426 4443 1480 4494 Β.
1505 4444 1820 4511 Laurentii,
1847 4461 1973 4516 quae

323 4523 645 4594 appellatur
667 4527 913 4591 Lucinae,
938 4533 992 4582 et
1013 4528 1217 4584 exinde
1240 4529 1534 4600 ingressus
1555 4538 1640 4586 est
1656 4534 1723 4588 ad
1746 4534 1970 4590 Beatam

323 4626 659 4684 semperque
684 4614 974 4685 Virginem
996 4617 1094 4671 Dei
1123 4617 1497 4685 Genitricem,
1526 4635 1653 4691 qua:
1679 4623 1865 4692 posita
1886 4632 1973 4680 est

325 4700 384 4756 in
425 4701 515 4756 via
546 4704 679 4758 Lata
711 4720 722 4757 :
759 4709 815 4760 et
846 4704 978 4760 inde
1018 4707 1286 4762 transivit
1322 4709 1392 4763 ad
1433 4709 1663 4766 Beatum
1697 4715 1968 4784 Marcum,

325 4803 424 4860 per
453 4791 668 4860 plateas
708 4807 769 4848 se
797 4794 1071 4863 extendit,
1106 4810 1273 4867 agros
1302 4799 1631 4869 desertavit,
1672 4802 1972 4859 eradicans

324 4879 578 4938 arbusta.
607 4883 790 4952 Hujus
812 4883 949 4939 hora
975 4884 1162 4941 noctis
1195 4900 1400 4956 aquam
1428 4890 1659 4962 amovit,
1683 4899 1738 4947 et
1761 4892 1972 4949 ﬁuvius

323 4971 390 5023 ad
426 4974 721 5040 prOprium
756 4987 922 5029 suum
958 4987 1250 5044 regressus
1279 4983 1365 5032 est
1393 4978 1637 5052 alveum,
1673 5000 1699 5030 »
1733 4989 1839 5036 etc.

392 5054 446 5111 5.
488 5062 670 5127 Atque
706 5076 772 5116 ex
816 5063 908 5118 his
948 5064 1181 5134 quidem
1213 5073 1379 5135 patet
1407 5083 1520 5137 quo
1550 5069 1607 5123 in
1652 5071 1834 5138 pretio
1863 5071 1969 5126 ha-

322 5143 518 5198 benda:
549 5145 667 5199 sint
691 5152 860 5203 variae
889 5152 1001 5207 illae
1030 5153 1300 5208 lectiones
1320 5161 1375 5208 et
1400 5153 1715 5226 fragmenta
1739 5171 1806 5212 ex
1835 5173 1966 5230 mss,

321 5233 626 5290 codicibus
655 5247 687 5289 a
713 5238 861 5291 Luca
890 5241 1184 5295 llolstenio
1210 5251 1441 5310 exerpta
1467 5263 1480 5312 ;
1511 5258 1579 5297 cu
1593 5258 1757 5313 mque
1778 5249 1972 5303 omnia

322 5323 485 5378 edere
511 5325 578 5380 ad
613 5324 949 5380 institutum
995 5336 1254 5385 nostrum
1297 5330 1532 5385 minime
1569 5334 1910 5405 pertineant,
1938 5351 1970 5391 a

323 5410 569 5480 reliquis
601 5414 967 5469 recensendis
997 5415 1438 5487 abstinebimus,
1473 5428 1530 5475 et
1556 5421 1623 5476 ad
1661 5423 1850 5491 ipsum
1884 5427 1971 5481 Li-

323 5495 490 5553 brum
512 5500 898 5557 Pontiﬁcalem
921 5501 1224 5559 redeuntes
1241 5506 1516 5564 nonnulla
1537 5508 1969 5570 observabimus

2085 4460 2209 4502 rum
2234 4443 2570 4514 pontiﬁcum
2591 4443 2741 4499 Vitis
2765 4440 3295 4511 comprehendisse:
3321 4434 3553 4492 exhibet
3576 4433 3733 4488 enim

2083 4547 2439 4606 quaecunque
2458 4535 2666 4602 Romae,
2691 4544 3045 4603 quaecunque
3072 4531 3130 4586 in
3160 4528 3345 4595 Italia,
3375 4536 3735 4595 quaecunque

2085 4624 2143 4679 in
2183 4625 2408 4693 EurOpa
2446 4629 2501 4678 et
2540 4622 2772 4678 Oriente
2815 4622 2939 4691 ipso
2976 4626 3100 4675 acta
3141 4623 3280 4674 sunt
3322 4617 3383 4671 in
3418 4613 3590 4669 rebus
3630 4625 3734 4667 ec-

2081 4715 2428 4771 clesiasticis
2472 4714 2542 4769 ab
2594 4712 3056 4782 imperatoribus.
3102 4712 3195 4768 Sic
3247 4711 3305 4765 in
3352 4706 3733 4764 Constantino

2084 4811 2394 4860 narrantur
2439 4817 2566 4874 quae
2612 4801 3110 4871 Constantinopoli
3165 4799 3553 4869 contigerunt.
3611 4794 3731 4851 Sub

2081 4894 2407 4950 Justiniano
2437 4898 2493 4950 et
2518 4892 2863 4962 Philippiro,
2900 4894 2959 4948 in
2988 4892 3266 4964 Gregorio
3296 4888 3569 4957 secundo,
3603 4900 3730 4955 qua:

2083 4987 2279 5038 contra
2304 4983 2609 5053 Agarenos,
2636 4982 2693 5035 in
2721 4981 2995 5050 Hispania
3024 4995 3055 5035 a
3081 4980 3265 5037 Gallis
3291 4998 3307 5049 ;
3333 4976 3734 5034 Constantino-

2086 5071 2199 5140 poli
2223 5085 2255 5126 a
2278 5074 2456 5127 Leone
2486 5071 2745 5141 principe
2769 5078 2991 5141 peracta
3013 5080 3164 5125 sunt.
3192 5069 3477 5126 Describit
3506 5069 3733 5137 Longo-

2082 5159 2389 5216 bardorum
2423 5160 2765 5231 invasiones,
2790 5161 3134 5216 Francorum
3158 5175 3258 5230 pro
3284 5160 3536 5216 Ecclesia
3560 5158 3729 5224 bella,

2081 5250 2311 5320 aliaque
2352 5246 2796 5319 quamplurima,
2847 5264 2974 5318 quae
3022 5251 3115 5304 vix
3159 5250 3301 5306 alibi
3353 5250 3605 5318 reperire
3646 5254 3735 5303 est

2080 5340 2219 5395 adeo
2240 5342 2449 5405 exacte,
2470 5337 2609 5391 adeo
2626 5337 2777 5392 clare
2791 5339 3094 5408 descripta.
3120 5340 3343 5394 Desinit
3362 5340 3420 5394 in
3442 5338 3731 5407 Stephano

2081 5434 2239 5483 sexto
2260 5439 2388 5481 cum
2412 5424 2534 5480 illis
2554 5425 2743 5482 verbis
2765 5444 2778 5478 :
2803 5428 2903 5481 Eos
2925 5426 2991 5481 de
3010 5429 3134 5482 cwlo
3155 5428 3428 5482 auxilium
3445 5432 3625 5496 petere
3645 5426 3733 5478 de-

2084 5518 2202 5572 bere
2230 5519 2418 5569 contra
2453 5515 2727 5582 ﬂagellum
2762 5518 3070 5582 imminens,
3103 5522 3154 5573 et
3181 5532 3308 5572 mox
3338 5517 3482 5571 laeta.
3514 5515 3729 5571 Catera
