4060 6176
290 278 389 360 493

1001 276 1403 333 scuELFsTa.
1449 277 1750 335 nissEaT.
1788 279 1878 334 DE
1916 259 2142 347 ANTIQ.
2195 280 2362 337 non.
2408 282 2600 339 rom:
2642 285 2979 342 CATALOG.

3596 292 3700 351 494

285 400 725 458 desiderantur:
755 399 905 454 unde
931 404 1083 467 patet
1115 400 1300 455 Vitam
1328 400 1472 455 hanc
1495 413 1618 455 esse
1647 398 1931 465 mutilam,
1964 398 2021 457 A
2048 401 2204 456 Libri
2240 404 2587 461 Pontiﬁcalis
2616 408 2953 464 mentionem
2988 409 3197 465 faciat:
3227 432 3253 462 «
3276 411 3572 483 Damasus,
3600 415 3698 469 in-

284 496 339 545 et
365 488 594 558 aliquid
639 487 958 543 desiderari
1009 487 1067 542 in
1111 488 1283 543 Libro
1326 488 1644 543 Pontiﬁcali
1685 488 1832 559 quod
1870 500 1938 542 ex

287 577 588 648 integriori
630 576 943 646 exemplari
976 576 1233 645 suppleri
1277 578 1504 646 poterit.

939 701 1159 757 CAPUT
1196 703 1282 755 VI.

280 811 371 865 An
401 808 562 863 Liber
590 807 924 876 Pontiﬁcalis
955 825 989 861 a
1016 810 1249 862 Damaso
1269 824 1424 879 papa
1454 810 1787 876 conscriptus
1816 809 1888 861 sit
1913 808 1941 859 ?

279 930 319 978 Ῑ.
346 931 474 980 Duae
498 930 734 991 epistolas
765 932 973 994 Damasi
1003 944 1147 993 papas
1173 934 1228 994 et
1248 931 1550 994 Hieronymi
1579 931 1863 994 presbyteri
1885 932 1936 978 in

337 1007 467 1041 mss.
490 993 763 1055 codicibus
788 993 942 1041 Libro
967 993 1254 1042 Pontiﬁcali
1275 993 1561 1055 praepositae
1582 998 1717 1041 sunt.
1738 993 1893 1046 Unde
1909 1007 1939 1040 a

338 1054 607 1121 nonnullis
638 1055 794 1103 Liber
825 1055 1150 1121 Pontificalis
1174 1054 1409 1121 Damaso
1428 1069 1572 1121 papa;
1596 1056 1849 1121 tribuitur.
1870 1080 1935 1121 _—-

336 1117 408 1165 lI.
444 1117 725 1164 Damasum
758 1131 863 1164 non
897 1131 1011 1165 esse
1044 1120 1303 1165 auctorem
1339 1119 1473 1166 Libri
1498 1117 1842 1176 'Pontiﬁcalis,
1870 1118 1932 1165 D.

334 1179 644 1238 Hieronymi
678 1180 982 1227 auctoritate
1017 1181 1317 1237 ostenditur,
1351 1184 1401 1227 et
1435 1194 1493 1227 ex
1530 1179 1775 1227 omnibus
1805 1179 1934 1226 scri-

332 1244 543 1349 ἵζοι-ψη
558 1241 871 1313 testimoniis
887 1241 1268 1314 comprobatur,
1284 1243 1370 1303 qui
1385 1242 1707 1315 postBedam
1724 1240 1935 1289 Librum

387 1300 705 1349 onhﬁcalem
747 1316 859 1349 sine
898 1302 999 1349 ulla
1044 1303 1252 1349 Damam
1304 1307 1563 1349 mentione
1608 1306 1843 1349 citarunt.
1873 1328 1935 1338 ——

387 1300 705 1349 ontiticalem
747 1303 859 1350 sine
898 1300 1023 1350 ulla'
1044 1303 1252 1351 Damasi
1298 1300 1563 1351 mentione
1608 1304 1843 1350 citarunt.
1873 1328 1937 1338 ——

340 1363 439 1412 ιιι.
478 1364 825 1411 Adducuntur
847 1364 902 1411 S.
926 1365 1161 1412 Ancelmi
1184 1365 1434 1413 Lucensis
1462 1370 1513 1412 et
1532 1366 1670 1412 card.
1699 1365 1933 1413 Deusde—

334 1426 416 1473 dit
444 1423 563 1487 lpca
587 1439 649 1487 ex
669 1426 830 1483 gestis
856 1427 1062 1474 Damasi
1091 1428 1258 1481 citata,
1289 1441 1403 1487 quas
1432 1430 1602 1473 tamen
1629 1440 1734 1473 non
1763 1439 1823 1472 ex
1849 1426 1935 1474 Li-

333 1487 434 1534 bro
458 1485 749 1534 Pontiﬁcali
781 1488 1002 1535 Damaso
1032 1502 1175 1548 papaa
1205 1485 1413 1547 tributo,
1436 1490 1525 1536 sed
1546 1503 1606 1536 ex
1628 1487 1933 1549 specialibus

330 1549 555 1597 Damasi
581 1550 742 1607 gestis
773 1563 866 1609 per
890 1549 1227 1598 Monbritium
1250 1551 1397 1598 editis
1421 1552 1693 1609 desumpta
1719 1554 1853 1607 sunt,
1883 1553 1933 1596 et

331 1563 555 1597 uamasi
581 1563 742 1607 gesus
808 1564 866 1597 er
890 1563 1227 1598 monentium
1250 1563 1397 1598 eams
1421 1563 1693 1609 desumpta
1719 1563 1853 1607 sunt,
1883 1563 1931 1596 et

330 1609 465 1658 nihil
500 1611 692 1683 faciunt
714 1563 1115 1683 aff‘prtesentem
1146 1613 1586 1683 quaestiopemh—
1616 1611 1712 1683 ἦν.
1748 1611 1931 1683 Neque

332 1686 471 1720 mss.
492 1673 700 1720 codices
714 1672 967 1731 Vaticani,
984 1672 1176 1735 quibus
1188 1674 1340 1722 Liber
1361 1674 1678 1722 Pontiﬁcalis
1699 1674 1930 1735 contines

2049 492 2197 560 quit,
2231 493 2493 549 Romana:
2525 495 2693 550 Urbis
2722 497 3049 566 episcopus,
3090 498 3319 569 elegans
3348 500 3405 553 in
3438 503 3697 557 versibus

2049 581 2457 647 componendis
2495 582 2787 653 ingenium
2830 585 3052 654 habuit,
3101 586 3392 655 multaque
3422 593 3478 641 et
3511 587 3699 643 brevia

2050 669 2326 736 opuscula
2361 670 2588 726 heroico
2630 677 2807 727 metro
2850 674 3053 739 edidit,
3087 680 3144 728 et
3176 688 3347 742 prepe
3392 681 3698 745 octOgena—

2054 757 2177 811 riu's
2195 757 2300 812 sub
2317 758 2633 815 Theodosio
2654 761 2913 829 principe
2938 766 3196 816 mortuus
3216 768 3319 817 est.
3346 781 3371 811 »
3392 764 3510 817 Huc
3527 763 3697 818 etiam

2050 845 2271 900 accedit
2292 848 2439 916 quod
2472 861 2631 903 nemo
2652 849 2886 903 Librum
2916 849 3300 905 Pontiﬁcalem
3325 851 3562 905 Damaso
3584 851 3699 905 tri-

2047 932 2240 990 buerit
2263 950 2329 990 ex
2361 937 2629 992 omnibus
2658 938 2779 993 illis
2810 940 2909 1008 qui
2942 953 3070 994 eum
3098 940 3354 995 citarunt
3382 954 3414 996 a
3446 942 3698 995 Venera-

2045 1020 2186 1077 bilis
2216 1023 2373 1078 Bedze
2403 1025 2757 1094 temporibus
2790 1041 2968 1096 usque
2997 1028 3066 1082 ad
3113 1029 3425 1095 posteriora
3458 1028 3576 1083 haec
3606 1043 3704 1085 saa-

2045 1111 2193 1165 cula.
2230 1112 2299 1166 Ut
2328 1113 2477 1167 enim
2511 1114 2846 1169 omittamus
2874 1122 3125 1184 tempora
3156 1130 3281 1186 quae
3313 1116 3463 1170 inter
3488 1118 3701 1171 Dama-

2044 1213 2170 1254 sum
2232 1213 2430 1270 papam
2483 1208 2538 1256 et
2594 1202 2983 1258 Venerabilem
3041 1205 3243 1258 Bedam
3301 1205 3485 1259 media
3538 1208 3695 1264 sunt,

2046 1288 2260 1357 quibus
2312 1289 2458 1358 apud
2518 1290 2710 1346 nullos
2765 1290 3076 1361 scriptores
3136 1292 3292 1347 Libri
3346 1292 3700 1348 Pontiﬁcalis

2046 1377 2258 1432 mentio
2304 1379 2607 1449 reperitur,
2655 1379 2800 1434 Beda
2846 1381 3084 1450 primus,
3122 1381 3271 1451 quod
3305 1382 3505 1449 sciam,
3542 1393 3700 1434 mor-

2044 1463 2269 1531 talium,
2321 1465 2520 1520 citavit
2576 1467 2634 1521 in
2686 1468 3091 1537 Martyrologio
3142 1481 3248 1523 suo
3299 1469 3366 1523 ad
3417 1481 3515 1521 vm
3567 1467 3699 1522 ldus

2039 1550 2285 1621 Augusti
2320 1555 2595 1609 nonnulla
2621 1555 2690 1610 de
2718 1560 2895 1610 morte
2925 1556 3071 1612 Sixti
3104 1572 3171 1609 ex
3199 1556 3374 1611 Gestis
3396 1557 3701 1626 pontiﬁca-

2043 1640 2205 1703 libus,
2252 1656 2379 1711 quze
2424 1657 2522 1698 nec
2560 1646 2818 1713 Damaso,
2854 1659 2954 1699 nec
2995 1645 3175 1700 alicui
3210 1645 3553 1713 particulari
3585 1659 3699 1700 au—

328 1714 1311 1801 {1;}:oaiaaafiaéiaié‘aiaiiii
1316 1714 1331 1721 ’
1352 1714 1757 1801 130111311356};
1763 1714 1929 1801 ﬁlios
1961 1714 2011 1773 Β
2042 1728 2187 1782 ctori
2212 1729 2437 1785 tribuit.
2470 1732 2809 1787 Hincmarus
2834 1733 3306 1801 archiepiscopus
3331 1733 3692 1800 Rhemensis,

328 1797 566 1858 plurium
589 1797 797 1844 Damasi
818 1810 1179 1844 successorum
1198 1798 1329 1845 vitas
1344 1799 1654 1853 contineant,
1674 1797 1810 1844 unde
1828 1802 1929 1843 ter-

330 1859 394 1906 tii
426 1860 626 1907 codicis
659 1859 880 1919 scriptor
901 1872 1139 1920 expresse
1170 1860 1378 1915 notavit,
1413 1860 1690 1908 Damasum
1717 1872 1819 1905 non
1842 1872 1929 1918 po-

326 1921 500 1969 tuisse
532 1920 633 1967 nisi
657 1934 819 1981 usque
850 1921 912 1968 ad
941 1935 1033 1968 sua
1054 1925 1287 1981 tempora
1323 1922 1567 1969 scribere.
1592 1947 1655 1957 —
1683 1920 1747 1967 V.
1789 1920 1926 1967 Petri

326 1982 603 2030 Lambecii
628 1983 882 2030 sententia
910 1983 1121 2031 affertur
1154 1983 1217 2031 de
1246 1984 1407 2043 priori
1437 1983 1578 2031 Libri
1610 1982 1928 2031 Pontiﬁcalis

328 2048 484 2104 parte
513 2058 542 2091 a
573 2044 781 2091 notariis
814 2044 1110 2105 apostolicae
1148 2045 1305 2102 sedis,
1330 2045 1547 2093 diversis
1574 2045 1780 2106 quidem
1805 2046 1930 2091 tem-

372 2107 574 2165 oribus,
595 2106 688 2153 sed
714 2106 898 2154 eodem
928 2107 1057 2167 stylo
1082 2108 1388 2167 conscripta,
1416 2111 1467 2154 et
1490 2120 1519 2153 a
1545 2108 1766 2155 Damaso
1798 2118 1929 2166 papa

353 2180 389 2214 n
422 2167 615 2215 tabulis
634 2168 909 2230 Vaticanis
944 2172 1143 2230 reperta
1171 2182 1230 2216 ac
1260 2169 1321 2216 ad
1359 2168 1731 2230 Hieronymum
1762 2170 1929 2214 trans-

328 2229 510 2277 missa.
540 2256 601 2264 —
624 2229 716 2277 VI.
754 2229 1015 2278 Lambecii
1044 2230 1296 2278 sententia
1322 2231 1655 2285 examinatur,
1687 2232 1737 2277 et
1765 2232 1932 2276 osten-

326 2291 882 2365 ditur,‘quod'notari‘is
898 2292 1199 2365 apostolicae.
1215 2293 1352 2365 sedis
1370 2295 1613 2365 tanquam
1635 2290 1929 2365 auctoripus

323 2353 477 2413 prior
490 2352 637 2401 Libri
660 2352 975 2402 Pontiﬁcalis
991 2368 1107 2415 pars
1122 2354 1277 2402 tribui
1293 2367 1395 2401 non
1412 2352 1591 2415 possit.
1609 2380 1669 2388 ——
1686 2352 1930 2415 Vll.7Ne-

328 2428 437 2476 que
464 2429 497 2463 a
522 2416 749 2478 Damaso
768 2429 902 2477 papa
925 2414 1136 2478 probata
1157 2416 1266 2474 fuit,
1292 2421 1349 2462 ut
1366 2430 1426 2465 ex
1457 2415 1710 2476 pluribus,
1741 2414 1928 2478 quibus

326 2475 519 2540 scatet.
554 2475 1009 2536 erroribus,_et‘ex
1039 2478 1151 2540 styli
1185 2478 1402 2525 ruditate
1430 2475 1496 2540 ac
1526 2477 1869 2525 uniformitatc
1900 2490 1930 2522 a

324 2538 497 2648 Ptetigo
523 2552 686 2601 usque
718 2540 782 2587 ad
803 2553 895 2588 eos
920 2541 1006 2602 qui
1036 2538 1254 2601 septimo
1285 2539 1479 2588 saeculo
1509 2540 1754 2588 sederunt
1786 2551 1931 2585 mon-

325 2615 355 2647 s
381 2614 439 2648 ra
464 2615 542 2648 ur.

325 2614 542 2649 stratur.

338 2694 394 2750 4.
416 2699 562 2753 Cum
585 2699 871 2768 superiori
893 2700 1077 2769 capite
1100 2700 1607 2756 monstraverimus
1626 2697 1931 2767 antiquio—

266 2800 391 2841 rem
422 2787 760 2859 Catalogum
790 2802 900 2843 non
931 2802 1053 2844 esse
1080 2789 1246 2844 illum
1275 2792 1443 2858 cujus
1474 2788 1688 2844 mentio
1716 2787 1775 2841 in
1801 2785 1933 2854 epi—

263 2875 443 2929 stolis
462 2876 792 2946 Hieronymi
812 2881 868 2931 et
886 2877 1111 2932 Damasi
1138 2891 1293 2948 papze
1312 2878 1618 2948 reperitur,
1639 2874 1934 2945 inquiren-

261 2962 403 3017 dum
433 2968 524 3018 est
551 2964 657 3019 hoc
687 2966 873 3034 capite
901 2978 972 3019 an
1002 2964 1193 3022 forsan
1222 2967 1293 3022 de
1314 2966 1485 3021 Libro
1514 2961 1838 3021 Pontiﬁcali
1874 2961 1933 3015 in

2040 1814 2139 1884 qui
2183 1816 2390 1871 saeculo
2428 1832 2576 1874 nono
2608 1819 2864 1888 scripsit,
2898 1819 3142 1888 epistola
3169 1817 3258 1887 28,
3292 1819 3358 1873 ad
3392 1819 3693 1874 Nicolaum

2042 1902 2309 1973 primum,
2348 1907 2521 1974 hujus
2550 1907 2686 1961 libri
2716 1907 2822 1962 sub
2845 1907 3018 1973 titulo
3049 1908 3203 1961 Libri
3227 1907 3547 1975 episcopalis
3574 1897 3695 1960 rue-'-

2041 1991 2230 2056 minit,
2266 2008 2429 2063 quem
2456 1994 2602 2049 nulli
2630 1995 2793 2064 plane
2813 1996 3036 2050 auctori
3063 1994 3323 2050 ascribit.
3354 1994 3695 2062 Rodulphus

2042 2080 2350 2149 presbyter,
2387 2083 2485 2152 qui
2519 2084 2712 2138 eodem
2756 2089 3009 2152 tempore
3038 2097 3165 2138 cum
3201 2083 3506 2136 Hincmaro
3540 2081 3695 2135 Rhe-

2043 2170 2221 2222 mensi
2255 2171 2419 2240 vixit,
2457 2171 2513 2225 in
2548 2171 2664 2227 vita
2704 2171 2919 2226 Rabani
2960 2171 3206 2239 abbatis,
3242 2183 3340 2239 per
3370 2171 3690 2223 Browerum

2040 2255 2141 2309 lib.
2177 2271 2239 2312 lli
2276 2258 2427 2313 inter
2455 2259 2845 2330 Antiquitates
2883 2259 3197 2315 Fuldenses
3225 2259 3400 2326 edita,
3434 2256 3692 2327 quaedam

2038 2344 2108 2398 de
2133 2345 2402 2416 reliquiis
2422 2354 2747 2403 sanctorum
2768 2363 2835 2400 ea:
2854 2348 3028 2402 Gestis
3042 2346 3450 2416 pontiﬁcalibus
3471 2345 3692 2412 citavit,

2039 2432 2135 2487 sed
2183 2447 2541 2504 nequaquam
2590 2448 2653 2490 ea
2695 2437 2936 2491 Damaso
2985 2434 3292 2489 tribuenda
3346 2446 3469 2488 esse
3518 2433 3693 2488 dixit.

2038 2519 2091 2573 S.
2124 2521 2211 2576 Ivo
2232 2521 2598 2577 Carnotensis
2621 2523 2936 2593 Episcopus
2957 2523 3171 2592 saepius
3199 2525 3359 2590 parte
3391 2535 3444 2575 IV
3473 2520 3692 2574 Decreti

2040 2608 2271 2664 Librum
2298 2610 2681 2665 Pontiﬁcalem
2710 2611 2869 2681 citat,
2895 2612 2990 2666 sed
3017 2609 3229 2665 nullibi
3252 2623 3379 2664 eum
3403 2623 3435 2663 a
3457 2610 3696 2662 Damaso
3788 2613 3799 2617 ’

2040 2704 2271 2753 auctore
2292 2700 2680 2769 conscriptum
2704 2697 2886 2754 fuisse
2908 2700 3119 2769 prodit.
3144 2698 3376 2753 Titulus
3396 2697 3607 2766 capitis
3626 2692 3696 2749 94

2040 2790 2127 2840 est
2158 2785 2266 2841 iste
2294 2804 2306 2839 :
2341 2789 2416 2840 De
2446 2787 2601 2841 libris
2641 2787 2853 2841 Gclassi
2881 2803 2949 2841 ea:
2975 2787 3138 2840 Libro
3173 2785 3496 2854 Pontiﬁcali.
3524 2784 3696 2837 Titu-

2045 2872 2137 2928 lus
2165 2874 2375 2943 capitis
2415 2871 2516 2929 424
2546 2893 2559 2928 :
2589 2876 2721 2928 Item
2759 2875 2825 2928 de
2857 2876 3263 2944 conﬁrmatione
3305 2877 3472 2926 δαείω
3498 2870 3697 2938 synodi

2045 2978 2113 3015 ea:
2152 2964 2313 3016 Libro
2360 2964 2683 3032 Pontiﬁcali.
2732 2962 3105 3028 Romualdus,
3151 2962 3253 3031 qui
3290 2974 3321 3015 a
3365 2962 3509 3015 Luca
3553 2956 3696 3013 Hol—

264 3050 1031 3124 praedictislitterisagatur.
1048 3052 1666 3110 Rationemdubitandi
1685 3045 1938 3121 praebent
1963 3081 2011 3141 Ο
2047 3051 2232 3106 stenio
2259 3050 2568 3122 presbyter,
2594 3051 2664 3106 ab
2688 3051 2825 3106 aliis
2848 3051 3244 3106 Salernitanus
3268 3049 3573 3118 episc0pus
3596 3045 3697 3100 di-

264 3141 539 3211 plerique
581 3142 806 3197 codices
857 3143 1255 3213 manuscripti,
1305 3144 1364 3197 in
1411 3141 1625 3213 quibus
1666 3141 1751 3195 ha:
1800 3139 1930 3193 duae

262 3229 533 3299 epistola:
566 3230 735 3286 Libro
763 3231 1084 3287 Pontiﬁcali
1120 3237 1552 3301 praeponuntur.
1583 3230 1675 3284 Sic
1705 3229 1855 3284 libro
1886 3240 1925 3281 II

263 3319 827 3377 Commentariorum
853 3325 1097 3376 testatur
1122 3320 1474 3389 Lambecius,
1501 3320 1650 3391 quod
1679 3317 1786 3373 sub
1812 3330 1930 3372 nu—

273 3419 430 3464 mero
446 3403 554 3462 277
564 3413 889 3463 asservetur
908 3409 967 3464 in
985 3408 1334 3464 bibliotheca
1348 3409 1597 3463 Cmsarea
1624 3406 1932 3461 «volumen

274 3495 769 3551 membranaceum
804 3500 1213 3566 pervetustum,
1249 3497 1554 3568 magnique
1586 3495 1754 3565 pretii
1792 3495 1849 3549 in
1878 3489 1932 3551 4,

273 3597 388 3654 quo
406 3584 744 3640 continetur
760 3584 1004 3640 historia
1023 3586 1402 3640 Romanorum
1424 3584 1781 3654 pontiﬁcum,
1806 3596 1932 3653 quae

274 3672 446 3743 vulgo
471 3672 709 3742 quidem
739 3674 1041 3729 Anastasio
1066 3673 1509 3729 bibliothecario
1536 3672 1838 3739 tribuitur,
1870 3672 1929 3726 in

277 3761 383 3815 hoc
428 3766 623 3817 autem
676 3766 732 3817 et
781 3762 919 3818 aliis
967 3767 1214 3833 quatuor
1260 3762 1624 3817 bibliotheca:
1666 3762 1931 3816 Cmsareze

273 3849 580 3904 codicibus
624 3863 758 3905 mss.
797 3851 1113 3906 ascribitur
1144 3851 1198 3906 S.
1231 3853 1470 3906 Damaso
1513 3863 1688 3920 papae,
1732 3862 1931 3918 nempe

274 3944 508 4008 propter
533 3936 891 4007 prmfationis
912 3940 1035 3995 loco
1064 3939 1152 3994 illi
1184 3938 1441 4009 praeﬁxas
1462 3938 1754 4009 epistolas,
1781 3951 1933 4007 qua—

276 4042 404 4082 rum
436 4042 552 4083 una
587 4028 829 4099 incipit:
860 4029 1179 4082 Beatissimo
1201 4043 1364 4097 papa
1391 4030 1624 4082 Damaso
1652 4029 1931 4093 Hierony-

272 4132 414 4171 mus.
449 4116 693 4172 Gloriam
729 4119 1036 4172 sanctitatis
1068 4122 1175 4171 tua?
1202 4121 1391 4171 nostra
1420 4117 1700 4170 humilitas
1730 4116 1931 4185 deprc-

274 4211 452 4259 catur.
488 4207 560 4260 Et
601 4206 893 4260 secunda:
930 4208 1198 4260 Damasus
1239 4208 1518 4275 episcopus
1562 4206 1714 4259 urbis
1753 4207 1932 4260 Romae

276 4295 609 4362 Hieronymo
635 4313 653 4348 :
683 4294 897 4348 Gaudet
927 4295 1168 4349 Ecclesia
1207 4300 1297 4349 tuo
1334 4297 1484 4361 fonte
1522 4296 1745 4349 satiata.
1788 4295 1933 4348 Pro—

278 4387 403 4450 pter
429 4382 535 4437 has
558 4383 739 4453 igitur
757 4384 902 4438 duas
919 4383 1213 4453 epistolas,
1243 4384 1428 4453 pergit
1451 4383 1662 4439 ibidem
1694 4383 1933 4438 Lambe-

276 4471 427 4539 cius,
453 4485 581 4540 qua:
602 4484 713 4526 non
735 4472 921 4527 solum
943 4473 1000 4526 in
1016 4472 1130 4541 jam
1157 4473 1485 4527 memoratis
1505 4472 1934 4545 augustissima:

277 4558 645 4615 bibliothecis
660 4562 942 4628 Caesarem,
957 4575 1152 4618 verum
1165 4562 1336 4617 etiam
1353 4562 1598 4617 aliarum
1615 4561 1933 4617 illustrium

281 4646 764 4703 bibliothecarum
796 4649 1101 4704 codicibus
1130 4649 1475 4719 quibusdam
1508 4663 1641 4703 mss.
1679 4650 1936 4704 historia:

281 4735 379 4790 isti
412 4736 483 4791 de
514 4736 663 4791 Vitis
703 4736 1040 4806 pontiﬁcum
1080 4738 1462 4793 Romanorum
1506 4736 1747 4806 praefixae
1778 4743 1931 4804 sunt,

281 4824 564 4879 creditum
599 4838 632 4879 a
662 4825 968 4881 nonnullis
989 4829 1075 4881 est
1104 4826 1360 4882 omnium
1392 4824 1623 4881 illarum
1650 4826 1930 4895 Vitarum,

281 4926 408 4981 quae
449 4926 517 4968 eo
556 4926 727 4982 opere
764 4914 1137 4971 continentur
1174 4928 1206 4970 a
1242 4915 1295 4969 S.
1342 4916 1506 4970 Petro
1545 4914 1933 4984 apostolorum

282 5001 544 5070 principe
558 5015 741 5071 usque
755 5002 824 5058 ad
849 5007 1110 5058 sanctum
1125 5005 1450 5075 Damasum,
1469 5004 1657 5073 ipsum
1674 5009 1932 5059 sanctum

280 5089 584 5145 Damasum
615 5103 741 5145 esse
768 5096 1082 5146 auctorem.
1120 5111 1145 5141 »

348 5174 404 5232 2.
442 5178 718 5246 Quamvis
756 5185 947 5235 autem
992 5180 1324 5237 Lambecius
1369 5182 1512 5237 hanc
1557 5183 1933 5253 quorumdam

282 5266 610 5334 Opinionem
637 5273 935 5338 pr0ponat,
963 5275 1111 5325 recte
1133 5276 1318 5325 tamen
1335 5270 1597 5325 observat
1616 5268 1938 5341 complures

288 5353 374 5408 illi
404 5356 801 5413 contradicere
830 5362 953 5413 tum
984 5357 1056 5414 ob
1082 5358 1229 5414 alias
1260 5358 1534 5429 rationes,
1566 5366 1687 5415 tum
1717 5361 1788 5416 ob
1814 5374 1933 5417 eam

288 5445 572 5514 pmcipue
596 5446 749 5516 quod
776 5447 842 5500 D.
865 5447 1243 5519 Hieronymus
1274 5447 1423 5503 libro
1451 5449 1521 5504 de
1547 5450 1937 5519 Scriptoribus

2040 3139 2215 3209 citur,
2250 3140 2309 3194 in
2342 3140 2613 3210 Historia,
2643 3154 2769 3210 qua:
2801 3140 3189 3209 manuscripts
3216 3140 3406 3193 Romae
3431 3148 3695 3191 asserva-

2041 3232 2155 3294 tur,
2191 3229 2343 3283 hunc
2369 3228 2582 3283 librum
2610 3228 2955 3298 simpliciter
2982 3228 3353 3297 Pontiﬁcalem
3379 3232 3578 3293 vocat;
3607 3226 3692 3286 Ut,

2044 3318 2240 3387 inquit
2272 3318 2477 3389 pagina
2504 3316 2594 3387 80,
2621 3320 2682 3371 in
2701 3318 3007 3386 pontiﬁcali
3033 3318 3251 3384 legitur.
3281 3317 3351 3368 Et
3382 3320 3445 3368 ut
3476 3313 3693 3381 finiam,

2045 3405 2336 3461 Laborans
2354 3406 2669 3462 cardinalis
2691 3406 2747 3460 in
2767 3405 3172 3474 compilatione
3192 3403 3549 3456 decretorum
3574 3400 3699 3456 hac-

2045 3498 2212 3548 tenus
2244 3508 2354 3550 non
2384 3495 2556 3561 edita,
2592 3508 2716 3564 quae
2748 3494 2806 3547 in
2836 3493 3071 3547 archivo
3107 3484 3364 3544 Ι)θείιὶοω
3407 3488 3696 3557 principis

2042 3584 2430 3652 apostolorum
2461 3584 2531 3638 de
2569 3583 2733 3644 Urbe,
2770 3582 2861 3636 cui
2899 3581 3016 3634 haec
3054 3578 3313 3634 scribens
3355 3577 3698 3648 praepositus

1990 3741 2000 3752 .
2041 3686 2189 3741 sum,
2225 3672 2529 3741 reperitur,
2560 3670 2651 3725 bis
2678 3670 3017 3725 mentionem
3047 3666 3185 3723 facit
3215 3667 3390 3736 hujus
3412 3666 3574 3733 libri,
3598 3666 3694 3721 cui

2042 3762 2277 3817 titulum
2309 3761 2588 3816 Gestorum
2623 3759 3025 3830 pontiﬁcalium
3064 3756 3277 3813 tribuit
3306 3775 3318 3811 :
3359 3764 3513 3826 parte
3542 3755 3696 3811 enim

2041 3865 2104 3919 ιι,
2139 3865 2259 3919 cap.
2297 3848 2381 3915 40,
2411 3851 2580 3905 Gesta
2613 3847 2964 3919 pontiﬁcalia
2990 3846 3153 3911 citat,
3187 3852 3242 3900 et
3269 3851 3427 3914 parte
3457 3858 3540 3913 x1,
3569 3857 3693 3914 cap.

2040 3938 2092 4006 6,
2127 3956 2195 3993 ca:
2226 3939 2400 3994 Gestis
2443 3942 2810 3995 Romanorum
2849 3937 3169 4005 pontiﬁcum
3211 3934 3430 4002 Agatho
3471 3935 3696 3987 natione

2039 4028 2279 4089 Siculus,
2324 4032 2428 4082 etc.
2473 4027 2579 4081 Ubi
2620 4026 2810 4081 videre
2841 4024 2980 4079 licet
3008 4022 3380 4077 Laborantem
3422 4022 3698 4077 cardina—

2040 4116 2148 4171 lem
2177 4115 2326 4171 nulli
2348 4115 2569 4171 auctori
2603 4113 2881 4170 tribuisse
2906 4112 3121 4166 librum
3150 4124 3263 4181 quo
3287 4109 3457 4166 Gesta
3484 4112 3697 4165 Roma-

2042 4217 2243 4259 norum
2288 4203 2621 4272 pontiﬁcum
2664 4201 3057 4256 continentur.

2111 4290 2165 4348 3.
2217 4295 2291 4349 Ea
2329 4295 2568 4348 Damaso
2616 4304 2770 4361 papa:
2815 4289 3033 4345 tributa
3079 4301 3203 4343 esse
3250 4301 3281 4343 a
3325 4288 3380 4342 S.
3431 4287 3697 4343 Ansclmo

2045 4382 2308 4451 Lucensi,
2354 4380 2694 4450 aliquandiu
2742 4379 2986 4447 credidi,
3030 4390 3095 4433 eo
3137 4378 3289 4447 quod
3332 4376 3482 4431 libro
3525 4377 3699 4431 tertio

2045 4472 2289 4540 Decreti,
2309 4470 2457 4541 quod
2485 4469 2938 4537 manuscriptum
2966 4468 3251 4536 reperitur
3270 4466 3327 4520 in
3348 4465 3698 4521 bibliotheca

2047 4560 2353 4615 Barberina
2391 4560 2614 4631 legatur
2646 4576 2658 4612 :
2693 4578 2719 4610 τ(
2760 4558 2838 4611 De
2879 4556 3107 4611 Liberio
3148 4568 3290 4624 papa
3335 4559 3391 4608 et
3428 4553 3701 4609 admoni-

2048 4649 2203 4705 tione
2226 4650 2351 4718 ejus
2385 4667 2396 4702 :
2427 4662 2494 4703 ex
2525 4646 2703 4718 gestis
2742 4644 2967 4700 Damasi
3016 4657 3171 4713 papae
3210 4643 3303 4697 tit.
3350 4638 3470 4698 420.
3516 4644 3699 4697 iratus

2044 4742 2131 4793 est
2161 4737 2517 4792 vehementer
2545 4733 2915 4791 Constantius
2957 4734 3267 4800 imperator
3295 4734 3493 4786 contra
3525 4730 3700 4784 Libe—

2047 4826 2220 4895 rium,
2245 4832 2301 4880 et
2323 4827 2505 4893 jussit
2529 4838 2658 4880 eum
2689 4828 2847 4877 extra
2877 4821 3167 4876 civitatem
3204 4819 3484 4873 habitare.
3514 4817 3701 4870 Habi-

2047 4914 2203 4971 tabat
2239 4921 2429 4968 autem
2473 4912 2545 4967 ab
2588 4911 2729 4967 urbe
2772 4913 2947 4966 Roma
2989 4906 3267 4963 milliaria
3311 4905 3483 4960 tertio
3528 4905 3694 4975 quasi

2045 5002 2207 5060 exsul
2240 5004 2301 5057 in
2330 5001 2758 5057 cmmiterio.....
2802 5000 2894 5052 via
2923 4996 3161 5051 Salaria.
3208 4994 3476 5050 Veniente
3504 4999 3696 5050 autem

2045 5094 2141 5150 die
2171 5092 2396 5148 Pascha:
2426 5089 2647 5147 vocavit
2687 5087 2983 5142 universos
3024 5082 3383 5154 presbyteros
3412 5085 3696 5139 Romanos

2046 5188 2104 5238 et
2130 5183 2421 5249 diaconos,
2455 5187 2509 5236 et
2538 5178 2686 5235 sedit
2720 5176 2778 5231 in
2810 5175 3001 5231 eodem
3044 5173 3380 5245 cmmiterio,
3410 5179 3464 5228 et
3493 5172 3646 5227 dixit
3675 5189 3689 5225 :

2046 5268 2235 5327 Nolite
2260 5272 2480 5338 timere,
2510 5269 2646 5341 quia
2671 5266 2965 5323 vobiscum
2994 5277 3105 5320 non
3131 5263 3331 5319 habito
3355 5264 3413 5317 in
3439 5262 3695 5332 civitate,

2050 5360 2273 5415 habetis
2302 5359 2581 5415 vicarium
2614 5360 2875 5412 nostrum
2915 5352 3146 5411 fratrem
3177 5358 3233 5407 et
3269 5349 3699 5420 compresbyte’

2048 5463 2173 5504 rum
2208 5451 2531 5517 Damasum,
2560 5449 2729 5517 cujus
2757 5444 3155 5502 testimonium
3186 5456 3284 5497 vos
3318 5440 3461 5495 mihi
3494 5440 3697 5510 perm--

290 5533 712 5591 Ecclesiasticis
737 5548 907 5605 opera
938 5538 1165 5592 Damasi
1191 5551 1347 5608 papae
1379 5552 1697 5610 recensens,
1726 5540 1943 5599 nullam
2035 5539 2270 5596 buistis.
2303 5556 2328 5587 ι)
2354 5538 2422 5592 Et
2444 5537 2613 5607 paulo
2637 5540 2763 5606 post
2792 5554 2805 5589 :
2833 5556 2858 5586 «
2887 5532 3115 5590 Domini
3143 5530 3326 5587 sancti
3348 5535 3405 5586 et
3424 5542 3695 5599 compre—
