4060 6176
563 329 667 387 495

1379 325 1473 378 ΑΙ)
1512 321 1945 378 ANASTASIUM
1985 320 2499 377 PROLEGOMENA
2554 323 2730 378 EDIT.
2774 320 3188 380 ROM.-VATIC.

560 457 797 527 sbyteri,
846 455 1024 510 nolite
1054 453 1307 526 cogitare
1334 452 1405 507 de
1442 451 1714 519 crastino,
1748 449 1834 503 sic
1872 447 2024 503 enim
2062 446 2214 501 dixit
2232 445 2291 517 Α
2320 447 2407 502 cis
2431 449 2633 504 verba:
2661 450 2796 506 licet
2818 453 2971 507 enim
2996 458 3197 508 auctor
3222 452 3387 507 illius
3409 452 3684 508 manifeste
3705 452 3822 509 aﬁirl

562 546 835 617 magister
862 548 1075 599 noster.
1112 561 1137 592 »
1170 542 1375 597 Eadem
1420 541 1653 595 omnino
1700 536 1870 592 habet
1898 535 2213 592 cardinalis

558 633 870 688 Deusdedit
888 632 948 687 in
973 631 1361 699 manuscripta
1378 628 1727 684 Collectione
1746 625 1962 680 Victori
1984 627 2054 679 III
2076 637 2215 679 nun-

558 727 783 791 cupata,
817 722 985 789 cujus
1014 720 1270 789 unicum,
1302 723 1364 773 ut
1391 723 1548 786 puto,
1577 714 1869 783 exemplar
1903 713 1961 768 in
1993 712 2215 767 biblio—

560 811 725 866 theca
750 810 1017 866 Vaticana
1048 811 1391 863 asservatur.
1426 805 1599 860 Libro
1629 804 1782 859 enim
1814 816 1876 871 ll,
1905 801 2095 870 capite
2122 797 2213 870 26,

557 912 688 954 cum
739 899 799 953 in
844 896 1102 966 margine
1142 899 1346 950 auctor
1392 892 1756 949 collectionis
1804 895 2105 945 notasset:
2153 904 2219 941 ea:

558 990 723 1057 gestis
753 988 977 1040 Damasi
1000 1000 1183 1055 papaa,
1227 983 1391 1053 ponit
1421 988 1639 1038 textum
1675 986 1739 1036 ut
1766 979 2069 1035 Anselmus
2099 980 2220 1033 Lu-

559 1076 749 1132 censis
797 1075 889 1129 his
932 1073 1123 1130 verbis
1162 1091 1175 1127 :
1214 1073 1429 1126 Liberio
1475 1072 1811 1125 uehementer
1869 1070 2217 1125 Constantius

559 1168 880 1235 imperatore
899 1166 1077 1218 iratus
1103 1167 1181 1217 est
1201 1180 1219 1229 ;
1241 1168 1291 1216 et
1300 1162 1477 1230 jussit
1496 1175 1615 1214 eum
1637 1164 1793 1213 δεῖπνα
1814 1159 2085 1212 civitatem
2109 1157 2218 1209 ha—

562 1255 753 1317 bitare,
784 1259 888 1310 etc.
924 1254 1052 1309 Haec
1093 1253 1245 1307 enim
1275 1265 1405 1306 cum
1439 1250 1623 1320 primo
1657 1248 1879 1303 intuitu
1928 1245 2215 1316 legissem,

559 1344 775 1399 credidi
798 1342 1072 1399 aduohus
1094 1341 1187 1397 his
1207 1339 1593 1409 scriptoribus
1612 1351 1681 1393 ex
1703 1336 1878 1391 Libro
1894 1332 2216 1390 Pontiﬁcali

559 1432 957 1487 testimonium
987 1429 1198 1500 aﬁ‘erri,
1235 1429 1520 1497 illumque
1546 1426 1764 1482 librum
1794 1426 2034 1479 Damaso
2062 1434 2218 1492 papae

558 1518 630 1575 ab
654 1520 800 1589 ipsis
825 1518 1028 1574 tribui.
1058 1521 1271 1574 Verum
1301 1517 1401 1572 ubi
1437 1515 1776 1585 praedictum
1810 1510 2215 1568 testimonium

562 1607 622 1661 in
639 1606 809 1662 Libro
829 1605 1151 1662 Pontiﬁcali
1177 1604 1507 1660 nullatenus
1528 1602 1737 1672 reperi,
1757 1614 2007 1657 errorem
2028 1611 2215 1653 meum

559 1694 958 1764 animadverti,
1001 1699 1057 1748 et
1095 1705 1453 1763 nequaquam
1496 1690 1591 1745 hic
1630 1690 1862 1744 Librum
1904 1685 2215 1742 Pontiﬁca-

2321 536 2553 592 Lihrum
2594 540 2999 610 Pontiﬁcalem,
3034 556 3147 611 quo
3186 541 3327 596 Vitae
3358 541 3713 597 Romanorum
3742 556 3822 611 pot

2325 624 2492 679 ﬁcum
2522 639 2556 680 a
2584 628 2823 682 Damaso
2856 642 3038 698 usque
3067 630 3135 684 ad
3174 629 3483 683 Martinum
3514 631 3555 683 V
3575 629 3822 685 continent

2323 713 2563 779 Damaso
2617 729 2771 785 papa:
2819 716 3032 771 ascribi
3088 731 3198 773 non
3255 731 3437 788 posse,
3490 717 3719 773 indicare
3757 724 3822 772 tau

2326 800 2554 857 videtur
2584 804 2740 858 Vitas
2772 805 3106 873 pontiﬁcum
3136 819 3169 859 a
3196 806 3262 859 D.
3295 806 3458 860 Petro
3490 819 3657 875 usque
3682 807 3744 861 ad
3773 807 3822 861 Li

2328 890 2480 945 rium
2527 893 2753 948 Damasi
2802 892 3267 962 przedecessorem
3298 907 3331 949 a
3362 895 3593 950 Damaso
3628 895 3740 964 ipso
3768 894 3820 950 fu

2328 980 2699 1050 conscriptas.
2736 982 2915 1050 Quam
2947 984 3275 1053 opinionem
3308 983 3704 1052 quodammodo
3731 998 3822 1054 am:

2326 1083 2434 1124 xus
2465 1075 2551 1124 est
2577 1072 2779 1128 Petrus
2809 1072 3143 1130 Lambecius
3174 1071 3324 1128 libro
3357 1086 3395 1127 ιι
3426 1071 3822 1129 Commentario

2326 1157 2692 1215 Bibliothecae
2728 1161 3011 1228 Caesareae,
3045 1162 3232 1230 capite
3257 1159 3312 1231 8,
3342 1160 3441 1216 ubi
3476 1161 3576 1217 sub
3606 1175 3820 1219 numero

2329 1252 2567 1301 mentem
2602 1262 2761 1303 suam
2794 1249 3043 1318 explicat
3075 1248 3450 1320 sequentibus
3477 1249 3687 1305 verbis:

2396 1333 2449 1390 5.
2502 1356 2527 1387 ‹‹
2572 1338 2919 1407 Verisimile,
2982 1338 3194 1408 inquit,
3247 1338 3392 1393 mihi
3440 1338 3672 1407 videtur,
3718 1340 3822 1409 prir

2330 1420 2587 1478 historiae
2616 1425 2789 1480 istius
2808 1426 2878 1480 de
2908 1426 3057 1480 Vitis
3084 1425 3418 1495 pontiﬁcum
3447 1426 3803 1483 Romanorum

2328 1510 2516 1582 ginem
2544 1526 2655 1568 non
2699 1519 2920 1569 tantum
2951 1514 3004 1568 S.
3036 1516 3277 1569 Damaso
3311 1514 3493 1570 multo
3522 1528 3637 1570 esse
3663 1517 3822 1587 antiq'

2327 1613 2466 1669 rem,
2495 1614 2687 1656 verum
2720 1603 2893 1657 etiam
2927 1602 3058 1658 inde
3082 1616 3114 1657 a
3147 1602 3331 1671 prima
3363 1604 3703 1659 notariorum
3726 1605 3777 1659 S.
3806 1620 3822 1660 ε

2326 1689 2656 1757 apostolicae
2684 1704 2780 1760 per
2803 1691 2857 1746 S.
2885 1704 3086 1761 papam
3111 1690 3454 1746 Clementem
3481 1692 3822 1749 institutione

563 1781 696 1850 lem,
745 1783 840 1837 sed
886 1783 1093 1851 Vitam,
1145 1794 1246 1836 seu
1297 1785 1456 1851 gesta
1502 1778 1731 1833 Damasi
1781 1790 1958 1847 papaa,
2017 1788 2143 1844 quae
2186 1787 2218 1827 a
2255 1765 2301 1825 Β
2332 1778 2627 1834 rivandam
2676 1785 2732 1834 et
2776 1781 3136 1849 repetendam
3186 1795 3326 1836 esse.
3379 1780 3516 1836 Cum
3568 1782 3709 1836 enim
3761 1783 3822 1837 ho

563 1871 893 1929 Mombritio
935 1884 1004 1925 ex
1044 1869 1305 1939 antiquis
1344 1882 1477 1923 mss.
1524 1866 1825 1922 codicibus
1867 1864 2020 1920 edita
2060 1866 2215 1930 sunt,

562 1963 732 2019 citari
764 1959 1021 2033 cognovi.
1065 1960 1187 2014 Non
1220 1957 1431 2012 tribuit
1462 1957 1655 2026 itaque
1686 1955 1887 2009 beatus
1917 1951 2220 2007 Anselmus

563 2055 720 2122 gesta
749 2050 1131 2105 Romanorum
1174 2046 1510 2116 pontiﬁcum
1550 2045 1791 2099 Damaso
1824 2056 1999 2112 papae,
2032 2047 2089 2095 et
2118 2039 2221 2094 Li—

563 2138 731 2193 brum
752 2135 1140 2192 Pontiﬁcalem
1163 2134 1245 2188 ibi
1270 2148 1381 2189 non
1405 2134 1628 2202 citavit,
1654 2133 1827 2203 idque
1855 2129 2220 2185 manifestum

564 2226 628 2281 ﬁt
665 2239 735 2281 ex
773 2224 946 2280 titulo
982 2220 1075 2278 ’121
1113 2241 1127 2276 :
1164 2226 1237 2277 De
1281 2223 1471 2276 exsilio
1509 2221 1713 2274 Liberii
1746 2235 1925 2290 papa,
1959 2224 2008 2272 et
2051 2217 2221 2272 Felice

565 2315 684 2384 ejus
738 2314 959 2368 consilio
1007 2313 1260 2366 ordinato
1314 2327 1381 2363 ea:
1425 2311 1753 2378 Pontiﬁcali.
1805 2308 2219 2363 Testimonium

565 2403 718 2459 enim
763 2403 913 2473 quod
947 2401 1052 2456 hac
1097 2400 1168 2455 de
1199 2413 1258 2454 re
1288 2398 1543 2465 exhibet,
1593 2398 1651 2452 in
1684 2396 1855 2452 Libro
1900 2394 2220 2451 Pontiﬁcali

566 2492 871 2563 reperitur,
905 2503 1072 2561 quem
1103 2494 1171 2545 ut
1197 2503 1265 2543 ex
1296 2487 1491 2543 titulis
1520 2487 1668 2556 ipsis
1696 2490 1951 2555 apparet,
1981 2498 2013 2539 a
2044 2484 2221 2555 gestis

564 2582 792 2637 Damasi
822 2579 1157 2650 distinguit,
1192 2583 1364 2648 prout
1400 2575 1572 2630 etiam
1603 2574 1879 2630 distinxit
1905 2573 2221 2629 cardinalis

566 2670 897 2739 Deusdedit,
930 2668 1031 2739 qui
1064 2667 1214 2723 libro
1246 2680 1308 2736 ιι,
1339 2678 1496 2720 num.
1536 2662 1629 2734 75,
1662 2678 1731 2718 ea:
1756 2664 1994 2717 Romano
2026 2664 2222 2717 Ponti—

564 2760 713 2830 ﬁcali
743 2759 907 2829 plura
941 2755 1274 2826 pontiﬁcum
1302 2754 1528 2810 decreta
1560 2751 1751 2822 refert,
1785 2766 1912 2822 quae
1942 2750 2131 2806 omnia
2160 2749 2221 2805 in

566 2848 737 2904 Libro
760 2846 1083 2903 Pontiﬁcali
1115 2844 1503 2914 reperiuntur,
1529 2855 1696 2913 quem
1724 2853 2083 2911 nequaquam
2104 2840 2222 2894 Da-

568 2950 725 2993 maso
756 2935 1129 2992 tribuendum
1158 2947 1282 2990 esse
1319 2931 1577 2987 afﬁrmat.

636 3023 690 3081 4.
720 3025 860 3081 Cum
889 3039 956 3079 ex
988 3022 1282 3093 praedictis
1311 3019 1659 3078 suﬁicienter
1690 3022 1911 3076 constet
1949 3018 2021 3073 ab
2061 3018 2223 3073 anti-

569 3115 702 3187 quis
736 3086 1120 3182 scriptoribus
1159 3110 1392 3165 Librum
1429 3108 1818 3165 Pontiﬁcalem
1862 3120 2222 3177 nequaquam
2254 3086 2302 3148 ί]

564 3205 805 3258 Damaso
844 3215 1000 3272 papae
1037 3199 1321 3255 tributum
1361 3199 1560 3268 fuisse,
1604 3197 1913 3252 videndum
1952 3209 2105 3251 nunc
2140 3201 2227 3251 est

566 3293 636 3348 de
666 3290 1078 3360 manuscriptis
1121 3288 1376 3358 ejusdem
1422 3286 1558 3341 libri
1595 3285 1915 3355 codicibus,
1949 3298 2021 3339 an
2056 3284 2115 3338 in
2150 3284 2225 3338 iis

568 3380 717 3435 liber
747 3378 847 3433 ille
874 3380 1115 3433 Damaso
1145 3375 1457 3432 scribatur.
1492 3373 1881 3444 Reperiuntur
1911 3372 1971 3426 in
2003 3371 2227 3427 biblio—

568 3469 729 3525 theca
758 3468 1029 3524 Vaticana
1060 3467 1174 3521 tria
1206 3465 1382 3533 hujus
1412 3463 1550 3518 libri
1578 3461 1945 3532 exemplaria,
1980 3472 2224 3530 quorum

567 3558 810 3613 alterum
838 3555 944 3612 sub
978 3568 1215 3610 numero
1254 3549 1397 3609 3762
1427 3552 1774 3607 custoditur.
1808 3549 1915 3605 Ubi
1943 3548 2225 3604 exhibitis

573 3645 713 3703 folio
745 3642 767 3699 4
806 3658 979 3714 supra
1008 3645 1205 3700 citatis
1234 3643 1462 3698 Damasi
1493 3646 1548 3697 et
1578 3640 1907 3710 Hieronymi
1938 3638 2222 3709 epistolis,

578 3733 943 3791 subnectitur
987 3733 1082 3787 hic
1119 3731 1330 3786 titulus
1362 3749 1374 3785 :
1414 3732 1480 3784 In
1522 3732 1734 3783 nomine
1772 3730 1988 3782 Domini
2031 3728 2227 3795 incipit

574 3824 738 3878 series
772 3822 1093 3891 pontiﬁcum
1138 3822 1520 3881 Romanorum,
1571 3820 1668 3887 qui
1709 3820 1768 3871 in
1810 3818 1934 3871 sede
1972 3819 2033 3871 B.
2082 3818 2227 3871 Petri

567 3912 799 3981 apostoli
836 3911 904 3964 ab
938 3893 1054 3979 ipso
1092 3924 1265 3977 usque
1303 3908 1377 3961 ad
1412 3908 1507 3960 hoc
1546 3911 1751 3975 tempus
1790 3906 2066 3959 sederunt.
2108 3906 2227 3959 Ex-

574 3999 734 4056 hibet
762 4003 951 4055 autem
982 3998 1140 4053 Vitas
1170 4010 1353 4067 usque
1376 3996 1445 4051 ad
1479 3996 1792 4052 Honorium
1824 3996 1918 4062 IlI,
1947 3994 2047 4064 qui
2077 4005 2225 4047 anno

574 4086 700 4145 M34
736 4088 1001 4157 decessit,
1051 4086 1131 4142 ita
1162 4091 1228 4141 ut
1258 4086 1353 4141 hic
1394 4085 1691 4155 pontiﬁces
1732 4083 2091 4153 reperientur
2123 4081 2221 4153 qui

572 4192 669 4247 per
695 4174 803 4232 700
829 4190 1010 4232 annos
1041 4180 1169 4244 post
1204 4180 1440 4230 mortem
1470 4174 1695 4230 Damasi
1729 4173 2020 4241 sederunt,
2047 4171 2227 4227 adeo—

568 4279 680 4336 que
717 4267 992 4319 Damasus
1038 4276 1398 4334 nequaquam
1454 4264 1630 4332 hujus
1674 4262 1831 4317 Libri
1870 4260 2223 4317 Pontiﬁcalis

566 4362 767 4410 auctor
809 4367 933 4408 esse
983 4353 1177 4422 possit.
1222 4352 1545 4408 Secundum
1590 4351 1880 4421 exemplar
1922 4348 2030 4404 sub
2061 4363 2219 4405 num.

2332 1869 2689 1924 notariorum
2723 1870 3075 1940 praecipuum
3112 1883 3322 1925 munus
3353 1868 3530 1925 fuerit
3563 1876 3708 1942 gesta
3736 1884 3822 1927 san

2330 1971 2458 2012 rum
2513 1962 2824 2027 martyrum
2868 1958 3120 2013 sollicite
3158 1964 3214 2013 et
3254 1961 3485 2015 curiose
3528 1960 3822 2029 DGI‘QUiI‘el‘t

2328 2045 2639 2118 diligenter
2687 2047 2956 2103 adnotata
3004 2048 3063 2102 in
3116 2047 3370 2103 Ecclesia
3421 2048 3759 2119 recondere;
3792 2065 3818 2104 s

2329 2133 2501 2188 etiam
2529 2139 2666 2189 tunc
2697 2135 3018 2190 necessario
3048 2141 3343 2204 coeperunt
3384 2135 3558 2191 scribi
3588 2135 3723 2192 Vitae
3758 2138 3822 2193 Rt

2330 2235 2535 2277 norum
2558 2222 2892 2291 pontiﬁcum
2921 2223 3103 2278 instar
3123 2223 3411 2293 simplicis
3431 2224 3677 2294 alicujus
3697 2226 3822 2280 Cata

2333 2323 2445 2380 quo
2473 2310 2873 2379 compendiose
2913 2310 3271 2367 indicaretur
3314 2313 3596 2383 cujusque
3634 2327 3822 2369 nomen

2329 2398 2465 2465 tria,
2508 2403 2687 2470 pater,
2720 2403 2947 2468 tempus
2978 2399 3367 2471 pontiﬁcatus,
3402 2402 3806 2472 ordinationes,

2329 2487 2684 2558 stitutiones,
2726 2488 2922 2545 obitus
2950 2502 3016 2544 ac
3046 2489 3361 2560 sepultura,
3396 2495 3452 2546 et
3490 2490 3727 2546 cessatio
3765 2504 3822 2561 ep

2331 2581 2500 2646 patus
2530 2591 2714 2647 usque
2756 2578 2824 2633 ad
2870 2579 3291 2635 successionem
3334 2580 3465 2635 novi
3506 2580 3814 2650 pontiﬁcis.

2330 2665 2651 2721 libertatem
2725 2672 2913 2723 autem
2993 2667 3261 2723 Ecclesite
3334 2668 3696 2738 Christianae,
3759 2670 3822 2724 ab

2331 2760 2589 2824 peratore
2611 2756 2986 2812 Constantino
3016 2757 3218 2828 Magno
3251 2758 3686 2829 promulgatam,
3717 2760 3801 2814 uti

2332 2842 2494 2898 latim
2557 2845 2737 2899 crevit
2800 2844 3068 2900 Ecclesia:
3122 2847 3387 2901 Romanae
3442 2845 3712 2916 splendor
3752 2852 3808 2901 et

2334 2931 2531 3001 lentia,
2576 2933 2661 2987 sic
2706 2933 2878 2988 etiam
2920 2932 3228 3006 Catalogus
3275 2934 3377 2990 ille
3418 2935 3601 2991 evasit
3640 2935 3815 3004 ampli

2333 3021 2627 3092 grandior.
2679 3021 2963 3091 Quoniam
3014 3028 3219 3092 praeter
3270 3037 3444 3093 supra
3491 3029 3756 3078 enarrata
3806 3024 3821 3077 i

2333 3110 2506 3164 etiam
2540 3110 2629 3165 illi
2674 3124 2989 3180 coeperunt,
3033 3111 3198 3181 quasi
3233 3112 3464 3167 cuidam
3506 3112 3822 3167 rationario

2334 3199 2703 3271 structiones,
2738 3200 3190 3256 instaurationes
3217 3205 3273 3255 et
3304 3202 3709 3257 exornationes
3741 3207 3822 3256 ter

2335 3301 2462 3343 rum
2484 3287 2849 3359 aliorumque
2871 3289 3125 3345 locorum
3148 3303 3441 3345 sacrorum
3466 3303 3579 3346 una
3599 3304 3732 3346 cum
3754 3305 3822 3359 sp

2336 3377 2665 3433 recensione
2710 3378 2900 3434 omnis
2942 3392 3117 3434 sacra:
3168 3379 3570 3451 supellectilis,
3617 3380 3822 3435 omniu

2333 3466 2711 3522 donationum
2740 3474 2853 3522 tam
2883 3468 3187 3524 mobilium
3222 3482 3392 3540 quam
3425 3468 3821 3525 immobilium

2334 3554 2460 3610 suis
2483 3555 2825 3611 redditibus.
2858 3557 2962 3612 Hic
2986 3571 3121 3629 ergo
3143 3557 3467 3629 Catalogus,
3498 3558 3600 3628 qui
3629 3558 3771 3613 licet
3798 3557 3822 3613 ὀ

2335 3643 2419 3699 sis
2448 3644 2805 3714 temporibus
2833 3650 2889 3701 et
2918 3660 2950 3701 a
2978 3647 3226 3702 diversis
3263 3645 3606 3703 auctoribus
3635 3661 3822 3716 compc

2337 3736 2451 3802 tur,
2480 3733 2682 3789 ordine
2707 3739 2894 3790 tamen
2919 3740 2975 3790 et
3000 3735 3165 3805 stylo,
3195 3740 3259 3791 ut
3285 3737 3345 3790 in
3370 3735 3623 3791 aliarum
3651 3736 3822 3791 solen:

2337 3820 2663 3877 tabularum
2685 3823 3121 3879 continuatione
3149 3823 3486 3893 plerumque
3510 3822 3637 3879 ﬁeri
3667 3822 3817 3878 solet

2336 3922 2446 3978 que
2475 3909 2587 3964 sibi
2611 3914 2734 3965 erat
2761 3910 2998 3977 similis,
3029 3911 3202 3967 latuit
3233 3912 3568 3967 reconditus
3592 3912 3656 3966 in
3686 3911 3822 3967 tabo

2335 3998 2455 4054 sive
2478 3999 2712 4054 archivo
2739 3999 2991 4055 basilicae
3022 4002 3307 4057 Vaticanze
3330 4001 3386 4056 S.
3419 4002 3573 4057 Petri
3601 4002 3821 4071 aposto‘

2337 4087 2622 4157 principis
2655 4102 2838 4158 usque
2866 4088 2936 4143 ad
2983 4089 3378 4158 pontiﬁcatum
3417 4091 3471 4145 S.
3509 4091 3781 4159 Damasi,
3820 4130 3821 4137 η

2333 4191 2464 4233 cum
2503 4178 2556 4231 S.
2590 4178 2973 4248 Hieronymus
3004 4192 3103 4248 per
3128 4193 3304 4249 supra
3341 4179 3670 4236 exhibitam
3698 4180 3822 4249 epis

2334 4265 2597 4336 petiisset
2626 4271 2691 4321 ut
2719 4273 2842 4322 acta
2876 4267 3213 4337 pontiﬁcum
3254 4269 3647 4325 Romanorum
3688 4283 3723 4323 a
3753 4268 3814 4322 S.

2335 4368 2517 4423 usque
2541 4354 2609 4409 ad
2632 4367 2735 4410 sua
2758 4360 3013 4424 tempora
3036 4355 3149 4412 sibi
3173 4362 3485 4427 enarraret,
3508 4358 3750 4413 curavit
3778 4357 3822 4412 is

566 4441 727 4514 5269,
762 4442 970 4514 pagina
1000 4440 1087 4512 49,
1123 4447 1249 4512 post
1280 4443 1583 4512 przedictas
1631 4441 1873 4509 litteras,
1910 4437 2083 4493 refert
2111 4438 2224 4492 Ca—
2248 4447 2303 4508 1)
2332 4456 2503 4514 quam
2531 4442 2698 4498 istam
2728 4443 3032 4501 historiam
3065 4445 3449 4515 pontiﬁcalem
3477 4460 3546 4502 ex
3580 4445 3822 4501 tabulis

568 4533 820 4604 talogum
866 4535 1250 4589 Romanorum
1298 4531 1637 4602 pontiﬁcum
1668 4543 1699 4584 a
1730 4530 1895 4583 Petro
1937 4540 2120 4597 usque
2150 4527 2219 4581 ad

565 4623 904 4693 Gregorium
931 4624 997 4691 II,
1029 4621 1376 4691 illorumque
1406 4621 1566 4675 Vitas
1587 4618 1713 4673 sine
1735 4617 1854 4673 ullo
1877 4616 2050 4671 titulo
2078 4614 2224 4671 sub—

567 4713 765 4782 nectit,
794 4712 930 4783 quia
958 4712 1172 4781 optime
1192 4713 1536 4781 cognoverat
1559 4706 1897 4763 tabellarius
1916 4706 2220 4761 Damasum

564 4808 857 4859 auctorem
883 4815 1006 4857 esse
1032 4813 1143 4855 non
1172 4798 1427 4868 potuisse
1451 4794 1806 4853 Pontiﬁcalis
1834 4795 2008 4864 hujus
2038 4793 2218 4864 Libri,

566 4894 667 4963 qui
698 4898 784 4949 tot
814 4892 1112 4963 pontiﬁces
1140 4904 1172 4945 a
1205 4896 1386 4945 morte
1422 4887 1649 4943 Damasi
1690 4900 1873 4957 usque
1901 4886 1971 4941 ad
2001 4885 2224 4956 Grego-

566 4982 720 5037 rium
752 4982 1064 5037 secundum
1103 4978 1385 5051 adjungit.
1429 4978 1683 5034 Tertium
1716 4984 1904 5034 autem
1933 4974 2222 5045 exemmar

567 5068 675 5126 sub
702 5082 857 5122 num.
888 5065 1028 5123 3763
1054 5072 1434 5126 Romanorum
1463 5068 1797 5138 pontiﬁcum
1828 5066 1984 5120 Vitas
2003 5080 2035 5121 a
2057 5066 2221 5120 Petro

567 5158 635 5213 ad
668 5155 980 5211 Martinum
1026 5158 1295 5226 quintum
1342 5157 1733 5227 prosequitur,
1766 5168 1830 5208 ac
1862 5152 2003 5208 folio
2036 5154 2219 5222 primo

568 5246 800 5315 quidem
826 5244 971 5299 duas
999 5242 1260 5311 przefatas
1289 5243 1563 5313 epistolas
1588 5243 1769 5312 ponit,
1798 5242 1893 5295 sed
1920 5242 2024 5296 hoc
2047 5241 2219 5297 titulo

567 5336 653 5388 eis
675 5334 902 5402 prmﬁxo
930 5351 943 5387 :
964 5332 1126 5385 Liber
1146 5334 1245 5384 istc
1263 5333 1584 5386 intitulatur
1605 5350 1620 5386 :
1643 5333 1921 5386 Damasus
1940 5331 2010 5386 de
2030 5330 2221 5386 Gestis

567 5421 907 5477 Pontiﬁcum
936 5440 947 5476 :
978 5421 1074 5476 scd
1104 5435 1224 5474 cum
1251 5435 1361 5474 non
1401 5423 1643 5489 potuerit
1672 5422 1784 5475 nisi
1819 5434 1990 5487 usque
2019 5419 2092 5472 ad
2119 5434 2222 5472 sua

569 5515 809 5577 tempora
837 5512 1088 5574 scribere,
1121 5510 1267 5580 quod
1309 5510 1723 5579 superadditmn
1760 5514 1857 5570 est,
1890 5509 2116 5562 ulterius
2147 5512 2224 5562 est

570 5599 832 5663 auctoris,
864 5600 1022 5667 cujus
1054 5616 1246 5655 nomen
1271 5614 1378 5653 non
1405 5602 1571 5651 teneo.
1606 5598 1863 5653 Notanda
1890 5602 2028 5653 sunt
2057 5597 2225 5652 codi—

2331 4531 2493 4588 canis
2519 4532 2793 4604 describi,
2827 4540 2883 4589 et
2911 4536 3087 4591 Roma
3121 4535 3273 4590 mitti
3316 4535 3815 4605 Hierosolymam,

2334 4634 2443 4691 que
2467 4633 2588 4676 eam
2620 4621 2679 4677 in
2713 4636 2985 4692 responso
3015 4636 3121 4679 suo
3150 4623 3220 4679 ad
3246 4623 3299 4679 S.
3330 4624 3673 4695 Hieronymi
3702 4623 3822 4692 epis

2333 4721 2444 4764 non
2486 4709 2735 4780 appellat
2780 4711 3039 4767 studium
3084 4725 3274 4781 suum,
3317 4712 3413 4768 sed
3457 4712 3623 4768 sedis
3670 4726 3822 4781 apos

2333 4797 2613 4853 studium.
2659 4799 2754 4855 Sic
2791 4800 2946 4854 enim
2992 4813 3185 4855 revera
3227 4800 3671 4871 interpretanda
3716 4814 3821 4856 sur

2331 4886 2539 4943 verba:
2579 4890 2797 4951 Tamen,
2830 4889 2980 4958 quod
3015 4894 3226 4957 gestum
3264 4895 3364 4953 est,
3396 4891 3547 4960 quod
3573 4891 3821 4960 potuim‘

2323 4977 2507 5047 perire
2560 4981 2759 5031 nostra
2813 4978 2958 5032 sedis
3011 4979 3278 5041 studium,
3333 4980 3409 5033 ad
3464 4983 3626 5034 tuam
3688 4979 3822 5033 aha;

2329 5065 2627 5133 gaudentes
2677 5067 2998 5121 diremimus.
3055 5070 3178 5137 Ipse
3224 5068 3410 5140 igitur
3450 5071 3506 5124 S.
3550 5069 3822 5123 Damasr

2330 5153 2653 5223 composuit
2679 5153 2981 5210 historiam
3018 5156 3175 5212 illam
3204 5156 3543 5227 pontiﬁcum
3583 5157 3822 5212 Roman

2331 5242 2426 5298 sed
2469 5242 2663 5298 studio
2707 5248 2916 5297 sanctae
2961 5244 3114 5300 sedis
3151 5244 3483 5314 apostolicae
3532 5245 3686 5301 inde
3723 5258 3761 5299 a
3794 5245 3822 5299 Ε

2332 5332 2539 5386 mentis
2572 5330 2744 5400 primi
2776 5333 3131 5401 temporibus
3160 5348 3228 5389 ex
3260 5334 3635 5390 diversorum
3673 5333 3822 5388 adnt

2330 5420 2505 5475 nibus
2526 5418 2798 5489 paulatim
2822 5421 3142 5493 conﬂatam,
3169 5423 3388 5493 publici
3410 5430 3652 5479 tantum
3682 5422 3822 5477 feci'

2331 5513 2386 5564 et
2414 5522 2545 5563 cum
2576 5515 2772 5564 sancto
2804 5509 3144 5579 Hieronymo
3173 5512 3665 5568 communicavit.
3708 5529 3737 5560 »

2401 5596 2455 5651 6.
2504 5596 2669 5652 Plura
2712 5604 2848 5653 sunt
2881 5600 2937 5655 in
2980 5600 3084 5655 hac
3114 5601 3398 5657 Lambecii
3440 5601 3761 5656 sententia
3802 5617 3821 5653 ί
