4060 6176
204 316 315 374 197

909 317 1312 373 SCHELESTR.
1373 317 1679 373 DISSERT.
1727 316 1817 370 DE
1853 272 2082 383 ΑΝτιξ).
2127 314 2296 370 non.
2361 313 2553 368 rom.
2591 314 2926 372 CATALOG.

3516 322 3539 377 4
3548 321 3620 379 98

200 443 487 499 trutinam
538 440 797 496 revocari
845 447 1155 508 merentur,
1207 448 1270 497 ut
1316 442 1387 497 de
1427 446 1659 496 auctore
1706 439 1863 494 Libri
1892 438 1952 497 A
1978 448 2111 512 tem,
2134 456 2246 511 qua
2270 440 2479 495 Latina
2514 441 2723 512 lingua
2751 441 3034 511 elegantia
3058 441 3367 499 excellebat
3399 460 3620 517 nequa—

198 529 563 586 Pontiﬁcalis
588 528 888 584 manifeste
908 536 1171 586 constare
1198 531 1396 599 possit.
1415 529 1685 598 Quamvis
1714 528 1865 582 enim

198 619 544 675 Lambecius
596 632 726 673 vere
768 623 986 674 asserat
1038 612 1575 688 primam'historia
1605 617 1675 672 de
1716 616 1865 671 Vitis

197 709 590 763 Romanorum
626 707 962 776 pontiﬁcum
997 708 1278 777 originem
1309 708 1362 761 S.
1398 709 1636 761 Damaso
1688 704 1865 759 multo

195 810 326 852 esse
365 797 784 867 antiquiorem,
818 802 875 851 et
898 810 930 850 a
953 796 1308 851 notariorum
1340 796 1392 849 S.
1442 794 1597 849 sedis
1627 799 1865 863 aposto-

198 885 329 939 lica
370 885 749 940 institutione
792 884 1159 939 derivandam
1205 883 1680 953 repetendamque
1718 897 1858 953 esse,

196 973 443 1044 probare
471 980 660 1027 tamen
690 986 802 1027 non
836 986 1064 1041 possum
1092 972 1239 1042 quod
1273 971 1582 1041 subjungit
1612 970 1703 1027 his
1730 986 1863 1026 ver—

194 1061 322 1117 bis:
375 1082 403 1113 σ
449 1062 593 1117 Cum
640 1061 795 1116 enim
858 1062 1058 1117 horum
1105 1062 1462 1117 notariorum
1505 1063 1859 1132 praecipuum

194 1163 415 1205 munus
439 1148 625 1205 fuerit
649 1154 807 1221 gesta
828 1155 1153 1206 sanctorum
1187 1156 1503 1220 martyrum
1530 1151 1781 1205 sollicite
1806 1156 1862 1205 et

190 1238 431 1293 curiose
459 1238 814 1309 perquirere,
842 1239 1220 1308 etdiligenter
1239 1239 1508 1294 adnotata
1529 1239 1589 1293 in
1609 1239 1863 1294 Ecclesia

190 1328 533 1398 recondere,
584 1328 760 1383 simul
813 1328 983 1383 etiam
1016 1333 1152 1383 tunc
1201 1328 1521 1383 necessario
1569 1332 1865 1396 caperunt

1979 546 2146 603 quam
2179 546 2375 601 sapere
2412 533 2659 600 videtur,
2702 544 2947 601 cumque
2978 530 3287 587 uniformis
3317 533 3395 588 sit
3423 534 3482 588 in
3508 548 3620 589 om-

1977 620 2150 675 nibus
2177 620 2508 689 pontiﬁcum
2545 620 2690 676 Vitis
2709 634 2742 675 a
2770 621 2825 675 S.
2856 621 3018 675 Petro
3039 621 3319 689 apostolo,
3350 636 3530 691 usque
3550 624 3616 677 ad

1972 721 2069 763 eos
2091 708 2190 777 qui
2220 713 2378 763 sexto
2408 708 2492 763 vel
2524 709 2766 776 septimo
2795 708 3005 763 saculo
3038 709 3325 780 sederunt,
3368 710 3621 764 omnimo

1971 795 2269 865 colligitur
2301 809 2655 866 nequaquam
2681 810 2713 851 a
2743 796 3011 863 diversis,
3038 798 3133 852 sed
3162 796 3232 851 ab
3256 811 3369 853 uno
3390 798 3624 852 eodem-

1973 898 2083 955 que
2104 889 2354 953 auctore,
2380 885 2480 955 qui
2507 885 2924 954 posterioribus
2944 885 3174 941 saculis
3197 885 3345 940 vixit
3362 886 3623 954 scripsit-

1972 986 2103 1042 que,
2128 971 2309 1028 fuisse
2334 974 2737 1043 compositum.
2759 974 2943 1044 Atque
2970 974 3075 1029 hoc
3107 974 3421 1029 omninoin
3451 987 3622 1030 causa

1970 1058 2105 1131 fuit,
2172 1076 2285 1131 quo
2348 1063 2639 1117 communi
2695 1064 3077 1117 recentiorum
3123 1062 3407 1117 sententia
3459 1062 3623 1117 Liber

1971 1149 2328 1204 Pontiﬁcalis
2384 1150 2690 1206 Anastasio
2744 1149 3192 1205 Bibliothecario
3250 1149 3386 1205 noni
3423 1150 3620 1205 saculi

1972 1238 2243 1307 scriptori
2283 1238 2542 1294 tributus
2572 1238 2705 1310 fuit,
2735 1245 2798 1294 ut
2818 1239 3015 1294 statim
3047 1238 3387 1295 videbimus.
3428 1240 3622 1307 Neque

1973 1327 2158 1398 igitur
2202 1327 2400 1382 litabit
2430 1329 2575 1383 mihi
2623 1328 2944 1391 admittere,
2978 1328 3127 1398 quod
3170 1327 3504 1382 Lambecius
3528 1326 3622 1381 his

186 1417 376 1471 scribi
424 1417 569 1471 Vita
589 1418 973 1471 Romanorum
1008 1416 1342 1486 pontiﬁcum
1369 1416 1551 1471 instar
1577 1415 1865 1485 simplicis

184 1505 455 1574 alicujus
472 1505 753 1576 Catalogi,
788 1519 901 1575 quo
926 1505 1323 1574 compendiose
1370 1505 1726 1560 indicaretur
1754 1518 1866 1558 cu-

179 1595 408 1664 jusque
454 1608 682 1663 nomen,
721 1594 925 1663 patria,
979 1599 1155 1662 pater,
1201 1599 1422 1663 tempus
1469 1593 1857 1663 pontiﬁcatus,
1974 1596 2150 1659 retur,
2184 1593 2386 1648 ordine
2412 1600 2620 1661 tamen,
2653 1598 2709 1648 et
2738 1593 2905 1663 stylo,
2954 1597 3017 1648 ut
3044 1593 3100 1647 in
3129 1592 3376 1647 aliarum
3408 1590 3625 1645 solem-

184 1683 623 1751 ordinationes,
650 1682 1112 1752 constitutiones,
1142 1682 1337 1738 obitus
1361 1696 1426 1737 ac
1456 1682 1769 1751 sepultura,
1804 1687 1860 1736 et
1972 1681 2132 1736 nium
2148 1681 2474 1737 tabularum
2497 1683 2934 1737 continuatione
2960 1682 3295 1751 plerumque
3314 1680 3436 1734 ﬁeri
3455 1679 3617 1747 solet,

184 1772 447 1827 cessatio
493 1773 861 1841 episcopatus
927 1784 1110 1841 usque
1156 1772 1225 1825 ad
1268 1770 1686 1826 successionem
1728 1769 1855 1824 novi
1891 1771 1942 1831 B
1975 1769 2189 1841 ubique
2215 1770 2326 1825 sibi
2350 1776 2472 1825 erat
2498 1770 2731 1825 similis.
2760 1788 2784 1819 »
2818 1770 3090 1838 Quamvis
3126 1768 3285 1823 enim
3313 1767 3461 1822 idem
3492 1780 3623 1821 om—

186 1860 517 1930 pontiﬁcis.
567 1878 594 1909 ››
626 1861 766 1916 Cum
809 1861 981 1930 enim,
1029 1858 1238 1915 fatente
1286 1859 1603 1927 Lambecio,
1655 1859 1859 1913 horum
1972 1859 2112 1913 nino
2154 1858 2339 1929 stylus
2373 1859 2585 1913 servari
2616 1858 2797 1926 possit
2837 1858 2897 1911 in
2948 1857 3071 1912 illis
3111 1855 3345 1923 tabulis,
3374 1867 3500 1924 qua
3524 1854 3620 1907 vix

188 1950 563 2004 notariorum
594 1949 946 2018 pracipuum
978 1963 1187 2004 munus
1234 1946 1411 2003 fuerit
1441 1952 1596 2018 gesta
1626 1952 1862 2001 sancto—
1972 1961 2171 2014 unum,
2201 1955 2302 2003 aut
2339 1946 2497 2001 aliud
2530 1946 2762 2002 verbum
2789 1945 3068 2013 continet,
3110 1949 3173 1999 ut
3196 1944 3255 1997 in
3282 1941 3448 1997 fastis
3477 1953 3621 1996 con—

188 2053 316 2093 rum
350 2042 676 2107 martyrum
710 2037 961 2092 sollicite
987 2044 1042 2093 et
1072 2039 1299 2093 curiose
1325 2037 1674 2106 perquirere,
1709 2034 1864 2090 etdi-
1972 2035 2287 2107 sularibus,
2317 2036 2375 2090 in
2403 2036 2624 2091 sedium
2658 2033 3133 2103 patriarchalium
3159 2030 3390 2087 tabulis.
3423 2030 3622 2083 Roma-

185 2128 445 2198 ligenter
494 2126 765 2181 adnotata
812 2127 871 2181 in
926 2127 1177 2182 Ecclesia
1223 2126 1546 2196 recondere,
1598 2125 1864 2195 sequitur
1974 2125 2603 2193 norumimperatorum
2626 2122 2932 2193 Catalogis,
2954 2127 3308 2176 mortuorum
3326 2116 3619 2188 diptychis

187 2217 435 2272 omnino
479 2216 585 2270 hos
616 2215 874 2271 notarios
918 2216 1261 2285 pracipuam
1292 2228 1521 2286 operam
1552 2214 1610 2269 in
1637 2213 1863 2267 descri—
1973 2218 2029 2268 et
2066 2214 2364 2269 similibus
2411 2212 2625 2284 quibus
2656 2212 2750 2267 vix
2779 2211 3093 2281 quidquam
3149 2214 3352 2277 prater
3388 2206 3619 2261 nomina

186 2305 806 2361 bendisRomanorum
824 2305 1156 2374 pontiﬁcum
1178 2305 1471 2375 martyriis
1490 2303 1858 2372 impendisse,
1971 2303 2337 2373 exhibentur,
2364 2303 2422 2356 in
2453 2302 2575 2356 illis
2592 2306 2777 2355 tamen
2807 2298 3043 2363 tabulis,
3066 2310 3191 2367 qua
3219 2296 3368 2351 ultra
3388 2295 3619 2349 nomina

187 2400 238 2449 et
273 2395 425 2449 Acta
452 2392 558 2448 illa
596 2393 655 2448 in
678 2393 928 2449 Romana
949 2393 1201 2449 Ecclesia
1232 2394 1576 2463 reposuisse,
1608 2394 1862 2462 adeoque
1974 2392 2309 2462 pontiﬁcum
2333 2390 2473 2446 Acta
2502 2390 2749 2459 plurima
2780 2387 3072 2454 exhibent,
3100 2390 3166 2441 ut
3194 2386 3251 2440 in
3286 2383 3455 2439 Libro
3483 2384 3623 2438 Pon-

1972 1415 2162 1471 verbis
2199 1417 2467 1487 adjungit
2499 1436 2511 1470 :
2544 1437 2570 1469 «
2602 1418 2707 1471 Hic
2732 1430 2867 1487 ergo
2902 1417 3205 1486 Catalogus
3235 1416 3335 1485 qui
3370 1415 3622 1470 licetdi-

1971 1503 2153 1558 versis
2174 1504 2530 1573 temporibus
2558 1510 2613 1559 et
2637 1518 2668 1559 a
2684 1505 2932 1561 diversis
2955 1503 3293 1559 auctoribus
3315 1515 3625 1571 compone-

190 2483 368 2539 initio
424 2482 698 2538 Ecclesia
752 2497 862 2539 non
906 2482 1225 2552 simplicem
1256 2488 1311 2537 et
1342 2482 1563 2536 brevem
1609 2482 1859 2551 aliquem

193 2573 555 2644 Catalogum,
587 2573 682 2628 sed
726 2574 1004 2644 integram
1057 2571 1389 2642 pontiﬁcum
1425 2577 1737 2641 martyrum
1762 2571 1863 2625 hi-

191 2661 437 2715 storiam
470 2666 758 2715 exaratam
783 2660 980 2731 fuisse,
1007 2675 1133 2730 qua
1155 2659 1263 2714 sub
1280 2658 1636 2714 Diocletiano
1668 2657 1860 2714 forsan

189 2748 500 2817 deperdita
532 2747 666 2817 fuit,
689 2749 788 2803 vix
806 2749 958 2803 enim
988 2750 1113 2818 ejus
1136 2748 1406 2805 memoria
1429 2747 1580 2817 apud
1607 2754 1862 2817 posteros

193 2836 398 2892 relicta
430 2842 556 2912 est,
573 2838 724 2906 apud
754 2851 896 2907 quos
914 2842 1099 2893 tamen
1120 2838 1394 2893 remansit
1414 2837 1602 2892 brevis
1626 2835 1858 2906 quidam

191 2926 512 2998 Catalogus
552 2927 937 2983 Romanorum
984 2928 1343 2997 pontiﬁcum,
1381 2926 1477 2996 qui
1513 2940 1625 2981 non
1674 2939 1706 2980 a
1742 2926 1862 2979 Da—

196 3028 374 3086 maso,
407 3016 508 3071 sed
542 3015 615 3071 ab
646 3016 877 3072 homine
926 3016 1147 3086 privato
1179 3024 1429 3086 tempore
1460 3014 1671 3070 Liberii
1707 3027 1861 3083 papa

193 3104 424 3159 Damasi
483 3105 921 3174 pradecessoris
958 3106 1323 3174 conscriptus
1366 3103 1503 3172 fuit,
1564 3108 1625 3160 ut
1675 3103 1862 3172 capite
1889 3096 1937 3158 C

198 3194 546 3262 pracedenti
592 3195 889 3264 perspicue
920 3195 1294 3251 ostendimus.
1346 3194 1444 3248 [lle
1473 3196 1660 3248 autem
1691 3192 1863 3246 Cata-

196 3281 366 3354 logus
406 3287 521 3353 est,
550 3290 607 3338 et
632 3297 744 3339 non
776 3284 949 3354 alius,
978 3284 1079 3353 qui
1120 3298 1389 3339 successu
1414 3289 1734 3352 temporum
1760 3294 1865 3335 va-

199 3372 302 3427 riis
334 3372 579 3428 notitiis
620 3378 828 3428 auctus
859 3371 993 3441 fuit,
1035 3378 1092 3427 et
1129 3378 1378 3442 tempore
1400 3371 1714 3427 Justiniani
1749 3370 1866 3424 im-

200 3462 491 3531 peratoris
534 3461 596 3515 in
643 3461 789 3517 illud
823 3461 1165 3531 opusculum
1197 3462 1470 3531 excrevit,
1518 3460 1589 3515 de
1619 3473 1732 3529 quo
1758 3458 1865 3514 sub

200 3550 442 3606 secundi
475 3549 731 3620 CataIOgi
766 3550 940 3606 titulo
983 3552 1224 3620 egimus.
1260 3550 1502 3605 Probare
1528 3550 1723 3617 itaque
1753 3560 1866 3602 non

203 3652 462 3707 possum,
494 3640 647 3709 quod
680 3639 826 3694 dicit
850 3638 1201 3705 Lambecius,
1237 3639 1591 3694 notariorum
1634 3635 1866 3691 Catalo-

202 3742 334 3798 gum
361 3733 625 3797 tempore
647 3727 1011 3783 Constantini
1029 3728 1218 3799 magni
1244 3726 1424 3783 variis
1448 3725 1595 3780 actis
1614 3730 1670 3779 et
1690 3723 1866 3795 gestis

200 3816 403 3887 augeri
446 3816 743 3887 capissse,
799 3822 855 3872 et
909 3817 966 3871 in
1005 3816 1240 3871 archivo
1283 3814 1537 3871 basilica
1583 3812 1866 3882 principis

200 3905 603 3973 apostolorum
633 3906 704 3961 de
731 3905 876 3960 Urbe
906 3905 1217 3975 repositum
1248 3903 1449 3973 fuisse,
1496 3917 1567 3958 ex
1596 3915 1710 3971 quo
1734 3914 1864 3955 eum

205 4007 390 4063 usque
428 3994 501 4049 ad
536 3994 752 4049 Liberii
799 3994 1193 4064 pontiﬁcatum
1233 4007 1266 4047 a
1313 3992 1494 4047 variis
1528 3988 1866 4046 auctoribus

203 4082 523 4137 deductum
566 4084 843 4138 Damasus
872 4097 1013 4153 papa
1065 4082 1390 4151 desumpsit
1430 4085 1485 4135 et
1513 4079 1864 4148 descriptum

206 4170 383 4226 Roma
416 4171 870 4241 Hierosolymam
894 4171 960 4226 ad
994 4170 1400 4240 Hieronymum
1435 4169 1616 4224 misit.

271 4258 328 4315 7.
364 4260 515 4315 Sane
548 4260 697 4314 inter
742 4260 992 4315 rationes
1021 4260 1308 4315 evidentes
1335 4272 1477 4328 quas
1502 4258 1616 4312 sibi
1644 4256 1868 4312 obstare

206 4348 329 4418 ipse
373 4347 718 4403 Lambecius
766 4353 1123 4419 c0gnoverat,
1168 4349 1351 4417 prima
1383 4347 1613 4417 quidem
1657 4345 1755 4400 illa
1784 4349 1871 4399 est

204 4437 361 4507 quod
392 4436 641 4492 historia
670 4438 794 4506 ipsa
826 4437 1027 4492 multis
1068 4435 1542 4507 chronographia
1570 4432 1868 4489 erroribus
1898 4432 1951 4493 D

205 4531 259 4580 et
291 4524 601 4581 nonnullis
627 4525 866 4581 incertis
894 4524 1318 4581 assertionibus
1341 4522 1546 4579 referta
1567 4523 1664 4593 sit,
1699 4527 1761 4577 ut
1790 4521 1867 4575 fa-

205 4614 319 4669 cile
353 4614 591 4683 probari
638 4620 824 4683 potest
846 4628 913 4670 ex
943 4614 1020 4669 iis
1051 4628 1176 4683 qua
1224 4611 1562 4683 pracedenti
1593 4611 1780 4679 capite
1798 4610 1869 4663 de

205 4703 653 4774 antiquioribus
672 4704 959 4774 Catalogis
979 4704 1257 4770 diximus,
1284 4715 1428 4771 quos
1449 4706 1650 4755 auctor
1668 4698 1870 4754 Ponti-

208 4791 398 4847 ticalis
422 4793 567 4848 adeo
594 4791 893 4848 manifeste
917 4798 1149 4847 secutus
1169 4796 1255 4846 est
1287 4796 1351 4846 ut
1381 4803 1476 4845 eos
1490 4787 1868 4867 descripsisse

208 4886 266 4935 et
311 4881 373 4936 in
424 4895 595 4937 usum
638 4896 808 4938 suum
857 4881 1242 4950 assumpsisse
1282 4883 1679 4951 cognoscatur.
1714 4876 1870 4931 Unde

210 4968 406 5023 eadem
436 4971 605 5039 ratio,
656 4969 729 5025 ob
772 4982 939 5040 quam
969 4968 1222 5024 Anthero
1249 4969 1498 5037 priorem
1525 4973 1742 5036 partem
1774 4978 1871 5018 an-

213 5056 365 5127 tiqui
405 5058 665 5130 Catalogi
712 5064 768 5113 et
804 5060 1046 5114 Damaso
1088 5058 1461 5128 posteriorem
1504 5055 1869 5125 adjudicavi—

215 5157 364 5214 mus,
395 5145 755 5201 demonstrat
776 5146 1009 5201 Librum
1032 5145 1418 5200 Pontiﬁcalem
1449 5147 1688 5199 Damaso
1716 5156 1870 5212 papa

214 5239 483 5305 tanquam
503 5242 742 5292 auctore
760 5235 848 5291 vel
869 5234 1238 5305 approbatori
1257 5233 1703 5303 adjudicandum
1726 5245 1866 5286 esse.

212 5323 469 5381 Secunda
510 5338 645 5380 vero
686 5324 857 5393 ratio,
903 5324 975 5379 ob
1016 5337 1186 5393 quam
1219 5321 1501 5377 Lambecii
1542 5321 1871 5390 opinionem

215 5410 519 5469 admittere
561 5428 675 5469 non
704 5427 1033 5484 possumus,
1067 5426 1136 5467 ex
1178 5412 1324 5481 stylo
1362 5412 1603 5480 ejusque
1642 5408 1873 5464 unifor—

221 5500 417 5555 mitate
438 5501 807 5559 desumitur:
846 5516 974 5556 cum
1004 5502 1155 5556 enim
1186 5500 1372 5569 stylus
1401 5499 1676 5567 incultus,
1710 5499 1873 5554 rudis

217 5592 271 5643 et
297 5589 599 5659 impolitus
620 5590 721 5662 sit,
757 5591 1074 5660 primorum
1091 5589 1358 5644 Ecclesia
1383 5587 1723 5643 saculorum
1747 5593 1875 5642 ata-

1970 2482 2197 2551 tiﬁcali,
2219 2482 2312 2537 vix
2347 2479 2623 2551 possibile
2644 2482 2731 2533 est
2757 2491 2787 2531 a
2817 2476 3065 2531 diversis
3090 2472 3425 2529 auctoribus
3452 2484 3623 2527 eum-

1969 2572 2097 2628 dem
2137 2571 2343 2642 stylum
2386 2568 2623 2639 servari,
2672 2574 2735 2622 ut
2773 2566 2987 2635 cuique
3030 2563 3213 2633 perito
3259 2557 3619 2615 manifestius

1973 2666 2163 2731 patere
2200 2659 2490 2727 existimo,
2536 2669 2706 2728 quam
2755 2655 2905 2726 quod
2950 2653 3009 2707 in
3049 2652 3150 2707 hac
3181 2649 3419 2705 veritate
3458 2661 3621 2702 com-

1974 2749 2262 2819 probanda
2314 2754 2539 2816 tempus
2600 2751 2775 2800 teram
2833 2750 2889 2798 et
2927 2738 3241 2796 lectoribus
3291 2736 3622 2808 prolixitate

1968 2837 2251 2894 sermonis
2286 2836 2519 2892 tadium
2550 2833 2800 2889 aﬁ‘eram.

2605 2940 2826 2996 CAPUT
2864 2939 2979 2994 VII.

1970 3036 2062 3091 An
2099 3037 2262 3090 Liber
2316 3032 2650 3103 Pontiﬁcalis
2692 3030 2994 3103 Anastasio
3044 3024 3464 3081 Bibliothecario
3509 3023 3620 3077 tri-

2603 3102 2849 3158 buendus
2881 3103 2952 3155 sit
2971 3102 2999 3153 ?

1975 3214 2015 3263 Ι.
2060 3216 2263 3266 Velseri
2312 3211 2611 3262 Bellarmini
2640 3213 2691 3258 et
2743 3207 2999 3268 Onupbrii
3056 3204 3291 3253 Pauvinii
3349 3201 3617 3268 gementia,

2072 3263 2175 3327 uod
2199 3263 2351 3326 Liber
2375 3272 2693 3323 Pontiﬁcalis
2710 3263 3015 3318 tribuendus
3041 3269 3107 3315 sit
3125 3264 3397 3314 Anastasio
3420 3263 3619 3327 Biblio—

2036 3324 2283 3391 tjh—e'carﬁo.
2305 3324 2453 3385 4—11.
2480 3335 2691 3383 Baronii
2715 3337 2763 3381 et
2786 3327 3333 3398 Holsteniisententia‘,
3352 3338 3452 3398 qua
3469 3324 3627 3398 Liber

2035 3388 2357 3453 Pontiﬁcalis
2378 3399 2652 3448 Anastasio
2683 3399 2924 3457 tanquam
2943 3391 3139 3457 auctori
3159 3388 3499 3457 adiudicatum
3522 3388 3617 3431 tri-

2036 3451 2134 3514 bus
2148 3466 2315 3513 modis
2328 3462 2533 3525 probari
2546 3473 2711 3525 posse
2738 3451 2964 3525 videtur,
2980 3478 3035 3489 —
3050 3452 3143 3525 lii.
3160 3451 3334 3525 Plrimo
3356 3460 3415 3494 ex
3438 3459 3617 3518 eorum

2036 3512 2361 3583 testimoniis,
2388 3512 2705 3586 quivefcum
2730 3516 3001 3586 Anastasio
3014 3512 3095 3585 vel
3116 3513 3242 3586 ante
3258 3512 3620 3586 adnasci-ripsq-

2036 3568 2585 3647 LB"xii','Et"{a}hS£’sihe
2604 3578 2864 3647 Anastasii
2895 3575 3108 3647 nomine
3126 3571 3278 3647 'Li‘bri
3300 3568 3621 3647 E’ontiﬁcalis

2036 3632 2583 3702 hiéh'liéhémh’eium,
2607 3647 2663 3690 ut
2684 3637 2994 3702 Rodulphus
3006 3635 3283 3702 presbyter,
3310 3632 3619 3702 Hincmarus

2038 3653 2352 3700 mentionem
2376 3650 2583 3702 faciunt,
2607 3650 2663 3690 ut
2686 3650 3283 3744 HodulpnuspresnKter,
3310 3650 3618 3680 nlncmurus

2038 3713 2366 3769 Rhemensis,
2389 3712 2568 3757 auctor
2586 3698 3138 3769 libriBitualisCarolo
3190 3696 3356 3769 {agno
3376 3693 3618 3769 tributus,

2036 3757 2422 3824 eth-\rEe—nerabi’lis
2446 3770 2604 3819 Beda.
2627 3793 2689 3804 —
2712 3766 2806 3814 1V.
2838 3764 2979 3811 Idem
3001 3760 3331 3808 conﬁrmatur
3348 3768 3529 3824 eorum
3546 3757 3618 3803 te-

2037 3817 2428 3898 amandi—Eia
2448 3817 2574 3898 post
2602 3828 2932 3898 Anastasii-tm
2960 3824 3289 3898 scripserunt,
3323 3817 3615 3898 etlLibrum

2038 3880 2611 3956 ﬁBHﬁﬁEAieﬁithquc
2629 3889 2884 3956 Anastasii
2906 3880 3167 3956 mentione
3182 3882 3416 3956 citarunt,
3440 3882 3493 3926 ut
3514 3880 3617 3956 An-

2039 3942 2828 4015 selm'il'svﬂucensis,‘cardinalis,
2844 3948 3146 4015 Deusdedit,
3160 3945 3319 4015 etnlvo
3341 3942 3619 4015 Carnoten-

2040 4003 3106 4085 star-Romanius,,Laboranscardinalis,
3129 4003 3185 4085 et
3203 4006 3501 4085 Bernartius
3525 4003 3622 4085 lia:-

2038 4064 2683 4151 BEE’néié'iSFéb‘Js'iilEf
2704 4078 2771 4125 V.
2799 4077 3019 4124 Domum
3045 4064 3104 4121 ex
3130 4084 3197 4151 eo
3215 4068 3355 4151 quod
3384 4064 3622 4151 licetkavl‘i;

2042 4126 2641 4213 aui-prioremfpartenip
2648 4153 2820 4213 arnaso
2837 4146 3171 4213 papannemo
3182 4126 3486 4213 tamen‘ante
3498 4126 3537 4213 ‘h
3545 4140 3621 4174 ac

2042 4191 2419 4261 Eﬁirﬁiéz‘xﬁla
2439 4208 2669 4267 repertus
2682 4204 2763 4267 sit,
2793 4191 2881 4267 qui
2906 4191 3243 4267 posteriorem
3264 4195 3471 4267 partem‘
3484 4191 3622 4267 Ama:

2042 4251 2196 4323 stasio
2223 4270 2471 4340 tribue—rit,
2498 4251 2556 4340 ut
2583 4251 2828 4340 probatur
2845 4251 3160 4340 tastit‘ncnici‘s
3186 4251 3394 4340 Martini
3431 4251 3617 4340 Palatii

2040 4313 2954 4394 3mm;*paaan'ijepiscopi._—
2975 4322 3066 4394 γι·
3089 4317 3345 4394 ﬁscum"
3378 4313 3623 4394 P59‘?f‘3‘-‘='='

2040 4378 2341 4448 auctoritate
2370 4378 2499 4441 1—1138.
2516 4378 2771 4447 codic‘um,
2800 4378 2889 4449 qui
2908 4384 3346 4449 antiquitatemsua
3366 4378 3623 4449 Anastasii

2039 4441 2521 4513 a-tatcmvsupcrant,
2555 4457 2603 4503 et
2631 4441 2799 4501 tamen
2816 4441 3046 4513 Librum
3068 4441 3422 4513 Ponti‘ﬁcalem
3455 4441 3619 4486 conti-

2429 4503 2605 4567 Tcrtio
2628 4514 2869 4580 probatur
2890 4524 2950 4580 ex
2970 4507 3261 4580 diversitate
3283 4503 3624 4580 s‘tylike‘x‘qu‘a

2240 4561 2697 4633 Ilolsten—iusr‘ec‘te
2727 4575 2953 4639 collegit,
2980 4570 3209 4619 ultimam
3238 4561 3379 4639 Libri
3409 4561 3626 4639 Prontiﬁ-

2039 4624 2391 4710 c‘a‘liswpartem
2426 4657 2456 4691 a
2500 4624 3031 4710 diversis-auctoribus
3065 4624 3616 4710 conscrigtatn:guisse,

2292 4687 2829 4773 unijAnas—t‘asiotribui
2855 4711 2958 4773 non
2978 4707 3153 4758 posse,
3170 4687 3470 4754 quainvisid
3497 4698 3622 4733 non-

2039 4774 2164 4821 nulli
2189 4762 2512 4821 'recentiores
2545 4762 2898 4814 existimarint.

2052 4869 2102 4925 4.
2131 4869 2271 4923 Cum
2304 4869 2491 4936 pateat
2532 4877 2600 4917 ex
2641 4862 2718 4915 iis
2766 4873 2892 4930 qua
2922 4852 3209 4925 superiori
3250 4848 3436 4916 capite
3460 4842 3625 4899 dixi-

1982 4975 2127 5023 mus,
2154 4957 2386 5012 Librum
2409 4948 2796 5006 Pontiﬁcalem
2823 4954 3180 5014 nequaquam
3204 4939 3444 4991 Damaso
3467 4944 3623 5001 papa

1980 5047 2162 5105 tribui
2197 5056 2379 5115 posse,
2413 5039 2519 5094 hoc
2540 5035 2726 5105 capite
2756 5030 3167 5102 inquirendum
3190 5031 3275 5081 est
3305 5036 3440 5079 num
3468 5022 3625 5075 Ana—

1981 5138 2160 5195 stasio
2190 5109 2634 5189 Diblidthecario
2668 5120 3008 5179 tribuendus
3036 5118 3132 5173 sit.
3158 5116 3251 5171 Sic
3271 5113 3424 5169 enim
3457 5109 3624 5165 habet

1981 5231 2209 5285 Marcus
2239 5220 2501 5276 Velserus
2536 5216 2593 5271 in
2628 5210 2967 5284 prafatione
3013 5207 3081 5263 ad
3116 5205 3349 5262 Librum
3383 5196 3624 5285 Pontiﬁ—

1982 5316 2179 5382 calem,
2226 5323 2391 5382 quem
2431 5318 2579 5362 anno
2613 5300 2751 5359 1602
2790 5299 2897 5357 sub
2925 5297 3154 5354 nomine
3191 5287 3479 5382 Anastasii
3522 5284 3623 5382 Bi:

1981 5374 2347 5462 bliotbecarii
2370 5396 2583 5452 edidit:
2614 5415 2639 5445 «
2685 5391 2831 5462 Quia
2857 5389 3059 5460 stylus,
3084 5392 3313 5454 totaque
3335 5374 3623 5433 scribendi

1984 5495 2153 5560 ratio,
2188 5504 2313 5560 qua
2342 5492 2427 5541 est
2468 5487 2528 5540 in
2557 5483 2709 5537 Vitis
2758 5479 3050 5551 prioribus
3072 5476 3309 5529 Damaso
3347 5468 3624 5522 hactenus

1976 5552 2279 5649 inscriptis
2307 5576 2414 5646 (uti
2451 5573 2645 5644 quivis
2676 5585 2787 5626 non
2819 5569 3002 5625 obesa
3034 5563 3191 5619 naris
3238 5559 3416 5614 lector
3456 5552 3623 5609 facile
