4060 6176
477 321 574 378 199

1256 321 1349 375 AD
1389 319 1819 374 ANASTASIUM
1874 312 2385 370 PROLEGOMENA
2420 315 2597 370 EDIT.
2652 313 3084 372 ROM.—VAT[C.

3772 308 3883 366 200

465 443 694 500 odorari
725 449 782 498 et
835 443 1130 498 advertere
1183 442 1411 513 poterit)
1455 457 1690 512 prorsus
1724 441 1780 496 in
1811 453 1932 494 eam
1973 451 2109 493 sen—
2139 426 2197 483 Α
2223 437 2451 507 egregio
2468 451 2532 494 ac
2552 438 3026 508 praastautissimo
3061 437 3496 506 historiographo
3532 432 3880 504 habebatur,

464 533 700 588 tentiam
722 531 1090 599 inclinamus,
1111 531 1364 586 omnium
1392 531 1646 600 illarum,
1663 531 1798 585 licet
1815 525 2110 584 nonnullis

467 621 524 674 in
559 619 700 675 locis
741 619 1069 674 adulterina
1115 617 1362 674 aliorum
1412 619 1752 687 adjectione,
1797 615 1881 672 vel
1931 615 2114 668 detra-

463 708 654 762 ctione
671 707 742 762 ob
764 721 1043 762 summam
1065 707 1432 772 superiorum
1453 707 1795 762 saeculorum
1821 703 2110 758 inscitiam

463 795 778 864 depravata:
815 795 954 860 sint,
998 807 1191 848 verum
1221 800 1278 848 et
1307 807 1640 864 germanum
1671 799 1959 862 parentem
1988 801 2114 843 esse

460 883 830 937 Anastasium
873 882 927 936 S.
975 881 1040 934 Β.
1069 882 1338 937 Ecclesiae
1366 880 1897 945 bibliothecarium,
1934 889 2114 946 quare

462 971 588 1040 ejus
613 969 1040 1025 nomenclatura
1087 975 1272 1024 totum
1303 985 1446 1040 Opus
1483 983 1688 1024 ornare
1714 981 1825 1023 non
1871 965 2116 1021 dubita—

463 1059 672 1114 vimus.
708 1077 734 1108 »
780 1058 994 1112 Etcum
1029 1056 1259 1114 Velsero
1290 1057 1672 1114 Bellarminus
1699 1055 1851 1110 libro
1878 1055 1948 1108 de
1972 1051 2112 1108 Scri-

464 1145 726 1216 ptoribus
755 1147 815 1203 in
866 1145 1146 1204 Damaso:
1191 1167 1217 1200 α
1247 1147 1553 1202 Tribuitur
1597 1146 1652 1200 S.
1691 1146 1930 1199 Damaso
1969 1139 2118 1195 liber

459 1234 531 1290 de
553 1236 706 1292 Vitis
747 1238 1105 1308 pontiﬁcum,
1142 1237 1242 1307 qui
1274 1241 1460 1292 exstat
1490 1236 1550 1290 in
1585 1234 1770 1304 primo
1799 1239 1951 1286 tomo
1980 1229 2120 1284 Con-

461 1322 767 1394 ciliorum;
809 1326 905 1383 sed
933 1325 1082 1381 liber
1105 1325 1204 1380 ille
1225 1331 1311 1380 est
1337 1322 1625 1380 Anastasii
1659 1315 2114 1382 Bibliothecarii,

461 1425 574 1467 non
600 1413 850 1484 Damasi,
880 1421 944 1470 ut
975 1421 1172 1471 notum
1195 1419 1300 1470 est.
1334 1431 1358 1463 »
1409 1414 1478 1467 Et
1501 1411 1559 1466 in
1581 1408 1884 1466 Anastasio
1911 1405 2120 1460 Biblio.

459 1501 753 1557 thecario:
800 1522 826 1554 α
864 1503 1110 1573 Scripsit
1159 1503 1317 1558 Vitas
1351 1499 1696 1556 Pontiﬁcum
1729 1499 2114 1553 Romanorum

459 1602 491 1644 a
521 1590 576 1645 S.
637 1593 799 1648 Petro
846 1605 1030 1662 usque
1068 1592 1134 1647 ad
1184 1590 1484 1647 Nicolaum
1527 1589 1798 1658 primum.
1830 1603 1856 1634 ››
1893 1586 1962 1638 Et
1985 1589 2115 1637 ante

457 1677 869 1736 Bellarminum
901 1680 1238 1750 Onuphrius
1265 1677 1579 1734 Panvinius
1602 1677 1660 1730 in
1692 1675 1846 1730 notis
1876 1674 1945 1728 ad
1978 1672 2115 1727 Pla-

2222 539 2388 594 quem
2426 527 2480 580 in
2513 528 2711 582 charta
2741 527 3074 583 donationis
3107 538 3208 594 pro
3237 524 3605 579 scholasticis
3636 525 3888 580 Fulden-

2223 613 2388 670 sibus
2411 617 2634 687 egregie
2670 617 2866 672 laudat
2895 615 3216 671 Ludovicus
3247 614 3524 670 Ludovici
3555 615 3643 669 Pii
3679 613 3880 684 frater,

2225 716 2323 758 rex
2343 703 2665 760 Germania:
2712 711 2768 760 et
2795 703 3178 760 Orientalium
3218 703 3588 758 Francorum.
3613 703 3720 757 Hic
3746 717 3884 758 vero

2223 792 2564 862 Rudolphus
2597 793 2656 847 in
2687 794 2814 848 Vita
2844 792 3062 847 Rabani
3092 791 3339 860 abbatis,
3369 792 3524 848 edita
3557 805 3588 846 a
3615 792 3884 848 Browero

2227 877 2326 933 lib.
2379 895 2442 934 ur
2498 880 2649 936 inter
2689 879 3086 951 Antiquitates
3135 879 3467 942 Fuldenses,
3521 879 3598 934 ita
3631 879 3880 934 scribit:

2223 967 2555 1024 Theodorus
2597 989 2624 1020 «
2673 969 2876 1024 attulit
2923 981 3152 1039 quoque
3181 981 3309 1024 ossa
3355 969 3446 1023 SS.
3481 967 3736 1039 Agapiti,
3779 969 3887 1023 Ja-

2228 1056 2446 1122 nuarii,
2475 1061 2532 1111 et
2554 1057 3133 1128 Magnidiaconorum
3155 1057 3214 1109 B.
3243 1057 3398 1112 Xisti
3425 1069 3599 1126 papae,
3625 1055 3728 1124 qui
3747 1071 3882 1111 cum

2226 1156 2292 1199 eo
2331 1144 2438 1199 sub
2467 1146 2638 1201 Decio
2667 1145 2935 1202 decollati
2964 1151 3118 1214 sunt,
3142 1145 3296 1200 sicut
3329 1145 3386 1199 in
3415 1145 3606 1200 Gestis
3632 1145 3886 1200 Pontiﬁ—

2227 1231 2452 1286 calibus
2474 1233 2582 1304 legi
2597 1237 2710 1288 tur.
2738 1251 2763 1283 »
2788 1233 2892 1288 Ubi
2913 1248 2943 1288 a
2965 1233 3268 1302 Rudolpho
3287 1232 3612 1302 presbytero
3639 1233 3881 1302 citatur,

2231 1332 2340 1374 non
2374 1320 2604 1390 quidem
2636 1320 2926 1378 Anastasii
2955 1337 3102 1390 opus
3130 1323 3200 1376 (le
3226 1321 3376 1375 Vitis
3397 1321 3756 1390 pontiﬁcum,
3785 1323 3886 1376 sed

2230 1405 2390 1460 Gesta
2427 1411 2769 1478 pontiﬁcalia
2797 1429 2814 1475 ;
2844 1410 3099 1480 adeoque
3142 1409 3442 1480 colligitur
3468 1410 3618 1479 quod
3652 1410 3885 1482 Rudol-

2229 1494 2398 1564 phus,
2427 1497 2524 1566 qui
2553 1497 2746 1552 eodem
2777 1502 3024 1568 tempore
3066 1511 3194 1553 cum
3227 1497 3526 1552 Anastasio
3566 1497 3734 1566 vixit,
3760 1499 3883 1566 jam

2229 1583 2461 1637 Librum
2487 1584 2872 1639 Pontiﬁcalem
2908 1599 3077 1654 penes
3105 1599 3164 1639 se
3214 1583 3498 1638 habuerit.
3534 1585 3884 1642 llincmarns

2225 1684 2452 1740 quoque
2486 1670 2822 1726 Bhemensis
2865 1673 3352 1741 archiepiscopus.
3403 1673 3645 1742 epistola
3695 1671 3767 1729 26
3807 1677 3878 1730 ad

458 1765 660 1834 tinam,
695 1767 754 1822 in
797 1769 925 1823 Vita
952 1724 1175 1824 Nicolai
1222 1767 1394 1837 primi
1431 1785 1443 1821 :
1491 1787 1517 1818 ‹‹
1543 1763 1886 1820 Anastasius
1909 1774 2101 1817 mona—
2139 1724 2194 1786 B
2223 1758 2520 1814 Nicolaum
2542 1773 2764 1829 papam,
2786 1761 2940 1814 Libri
2959 1762 3276 1830 episcopalis
3300 1761 3580 1830 meminit,
3606 1761 3881 1830 quialius

457 1852 624 1921 chus,
667 1859 723 1909 et
753 1860 962 1910 sanctae
1009 1855 1272 1910 Romanae
1301 1854 1568 1910 Ecclesiae
1610 1849 2106 1913 bibliothecarius,

458 1953 642 2011 usque
661 1943 729 1998 ad
753 1943 1052 1998 Nicolaum
1077 1933 1348 2013 primum,
1373 1944 1754 1996 Romanorum
1775 1938 2108 2008 pontiﬁcum

455 2029 636 2099 Vitas,
670 2044 795 2100 quae
820 2031 1010 2086 adhuc
1030 2032 1183 2100 apud
1220 2045 1304 2086 me
1331 2034 1486 2096 sunt,
1512 2030 1769 2098 scripsit,
1793 2019 1901 2082 su'b
1925 2039 2038 2097 quo
2053 2031 2110 2080 et

463 2116 590 2184 ejus
619 2119 1054 2174 successoribus
1079 2119 1297 2174 Adrian
1360 2121 1406 2174 Il
1427 2119 1710 2174 etJoanne
1739 2115 1934 2171 VllIin
1969 2114 2108 2170 urbe

457 2203 678 2259 ﬂoruit.
701 2202 836 2272 Quze
853 2213 1198 2277 sequuntur,
1219 2206 1589 2262 concinnavit
1607 2204 1958 2261 Guillclmus
1984 2203 2110 2277 qui-

454 2290 585 2346 dam
635 2293 780 2349 alter
826 2293 1329 2364 bibliothecarius,
1379 2309 1505 2364 quae
1540 2295 1598 2349 in
1643 2294 1816 2360 libro,
1860 2293 1960 2362 qui
1999 2290 2107 2346 sub

453 2378 682 2436 Damasi
723 2382 953 2437 nomine
973 2381 1400 2445 circumfertur,
1433 2389 1676 2437 exstant.
1717 2399 1742 2430 »
1775 2381 1961 2450 Atque
1989 2381 2107 2434 hmc

454 2469 688 2536 quidem
709 2469 831 2525 viri
857 2469 946 2525 illi
977 2470 1217 2538 eruditi,
1248 2483 1494 2540 quorum
1518 2467 1800 2524 sententia
1831 2482 1860 2522 a
1883 2467 2108 2522 czeteris

455 2558 695 2614 minime
726 2557 1020 2628 probatur.

530 2645 586 2702 2.
610 2647 1123 2702 Eminentissimus
1141 2660 1385 2717 namque
1406 2647 1721 2702 cardinalis
1745 2645 2103 2700 Baroniusad

453 2749 667 2792 annum
710 2733 925 2790 Christi
991 2731 1099 2790 867
1141 2749 1316 2804 agens
1361 2734 1664 2790 Anastasio
1717 2734 2108 2789 Bibliotheca-

455 2824 544 2880 rio
573 2822 782 2879 scribit
811 2841 822 2876 :
871 2843 896 2874 α
928 2822 1293 2878 Collectorem
1331 2823 1525 2892 potius
1565 2836 1736 2893 quam
1769 2823 2104 2890 scriptorem

452 2913 711 2967 Vitarum
748 2911 1106 2980 praeteritoru
1126 2925 1176 2965 m
1197 2910 1530 2980 pontificum
1556 2912 1938 2966 Romanorum
1965 2909 2107 2964 aﬁir-

453 3013 692 3056 mamus.
729 3016 756 3048 »
799 3000 866 3054 Et
909 2999 1010 3069 qui
1041 3005 1169 3067 post
1213 2999 1522 3054 Baronium
1563 2999 1800 3068 scripsit
1839 2999 2106 3054 eruditus

451 3087 784 3142 Holstenius
802 3087 858 3142 in
881 3086 982 3141 illo
999 3086 1365 3142 Anastasiani
1387 3088 1580 3157 operis
1596 3088 1926 3156 exemplari,
1953 3087 2101 3157 quod

449 3177 518 3231 ad
574 3175 1086 3246 praestantissimos
1115 3175 1346 3231 codices
1393 3175 1754 3230 bibliothecae
1795 3174 2098 3244 Vaticame,

452 3265 662 3336 Regize,
696 3264 980 3332 Mediceze,
1037 3264 1396 3319 Farnesiante
1437 3269 1494 3319 et
1523 3263 1854 3319 Casinensis
1902 3277 2104 3318 recen—

451 3352 590 3420 suit,
620 3365 794 3424 agens
821 3351 890 3406 de
917 3351 1024 3407 hoc
1054 3351 1283 3407 Baronii
1321 3351 1464 3423 loco,
1489 3352 1566 3406 ita
1600 3353 1658 3406 in
1691 3351 2102 3420 manuscriptis

447 3441 574 3498 suis
603 3440 756 3496 notis
785 3439 1084 3496 observat:
1141 3460 1166 3490 (ί
1202 3440 1484 3495 Baronius
1513 3440 1887 3495 Anastasium
1919 3439 2102 3494 colle-

447 3535 658 3586 ctorem
693 3523 1078 3598 potius'quam
1112 3527 1446 3596 scriptorem
1473 3528 1732 3582 Vitarum
1765 3528 2096 3598 pontiﬁcum

448 3631 631 3688 usque
650 3619 722 3673 ad
749 3616 1050 3672 Nicolaum
1083 3617 1334 3686 primum
1353 3615 1595 3672 aﬂirmat
1613 3617 1682 3672 ad
1705 3631 1918 3672 annum
1942 3617 2102 3672 Chri-

445 3709 522 3762 sti
549 3703 676 3773 867,
709 3719 867 3760 num.
905 3702 1044 3774 439;
1071 3713 1396 3776 sequentem
1427 3713 1618 3762 autem
1649 3707 1888 3763 Adriani
1917 3707 2098 3761 Vitam

444 3796 516 3850 ab
545 3809 610 3850 eo
665 3794 940 3862 scriptam
998 3793 1312 3862 existimat,
1355 3803 1412 3850 et
1453 3809 1572 3851 meo
1617 3797 1846 3865 quidem
1875 3797 2100 3864 judicio

444 3882 782 3938 rectissime.
835 3899 862 3930 ››
895 3881 1020 3934 Haec
1074 3883 1276 3948 paucis
1325 3883 1503 3936 Lucas
1539 3884 1894 3952 llolstenius,
1928 3885 2098 3953 cujus

443 3970 772 4039 opinionem
801 3969 1027 4024 ﬁrmare
1057 3967 1193 4023 licet
1215 3969 1408 4026 tribus
1441 3970 1812 4038 potissimum
1847 3973 2101 4028 rationi—

443 4059 572 4127 bus,
609 4071 854 4128 quarum
903 4057 1085 4126 prima
1116 4057 1330 4112 nititur
1384 4059 1720 4114 testimonio
1748 4061 2098 4129 scriptorum

444 4149 543 4218 qui
578 4148 662 4202 vel
683 4153 814 4202 ante
835 4146 1125 4201 Anastasii
1160 4152 1414 4215 tempora
1445 4147 1676 4204 Librum
1709 4149 2096 4204 Pontiﬁcalcm

442 4237 718 4302 citarunt,
741 4235 827 4290 vel
860 4240 986 4304 post
1014 4234 1303 4288 Anastasii
1329 4242 1705 4291 mortemeum
1739 4251 2095 4308 nequaquam

446 4325 753 4380 Anastasio
784 4323 1118 4378 tribuerunt
1151 4341 1163 4376 :
1197 4324 1444 4379 secunda
1475 4338 1542 4378 ex
1576 4327 2092 4395 manuscriptorum

448 4411 710 4466 codicum
731 4411 1081 4480 antiquitate
1093 4411 1436 4480 desumitur,
1459 4417 1849 4484 utpoteexqua
1863 4414 2094 4472 Librum

449 4499 836 4554 Pontiﬁcalem
863 4504 994 4554 ante
1023 4499 1313 4554 Anastasii
1349 4505 1601 4571 tempora
1627 4503 1922 4558 exstitisse
1948 4517 2098 4559 mon-

448 4592 683 4644 stratur.
718 4588 904 4644 Tertia
927 4588 1152 4644 demum
1181 4602 1252 4643 ex
1281 4589 1416 4660 styli
1437 4591 1770 4646 diversitate
1793 4593 2092 4663 repetitur,

447 4690 576 4732 nam
599 4690 666 4732 ex
687 4690 750 4732 ea
784 4681 1008 4732 constat
1036 4677 1229 4746 plures
1257 4678 1416 4733 Vitas
1439 4693 1469 4734 a
1492 4677 1741 4734 diversis
1761 4681 2097 4748 auctoribus

447 4766 618 4822 Libro
649 4766 973 4822 Pontiﬁcali
1001 4765 1068 4821 ad
1073 4767 1254 4835 jectas
1273 4780 1416 4832 esse,
1449 4767 1701 4838 adeoque
1723 4768 2093 4826 Anastasium

442 4855 798 4912 collectorem
831 4855 1023 4925 potius
1047 4867 1215 4924 quam
1248 4861 1536 4912 auctorem
1559 4857 1684 4925 ejus
1713 4857 1910 4913 fuisse.

511 4942 564 5000 3.
597 4944 670 4999 Ut
693 4950 880 5001 autem
929 4958 962 4998 a
1015 4943 1200 5013 prima
1229 4943 1450 5000 ratione
1484 4946 1854 5015 incipiamus,
1901 4947 2094 5017 profe-

445 5032 618 5086 renda
664 5038 802 5087 sunt
853 5031 1264 5088 nonnullorum
1311 5035 1638 5090 testimonia
1672 5036 1770 5106 qui
1827 5036 1913 5091 vel
1961 5050 2090 5092 cum

442 5119 746 5174 Anastasio
759 5119 1208 5177 Bibliothecario
1230 5121 1520 5191 vixerunt,
1545 5123 1628 5176 vel
1648 5124 1771 5190 diu,
1787 5129 2087 5195 antequam

444 5207 558 5262 fuit
601 5211 773 5260 natus
812 5206 1173 5276 Anastasius,
1222 5209 1599 5276 scripserunt.
1631 5211 1827 5265 Exstat
1850 5227 1986 5268 sane
2032 5215 2088 5270 in

441 5294 765 5350 Annalibus
795 5294 1163 5363 Francorum,
1215 5295 1392 5350 editis
1421 5310 1487 5351 ex
1517 5295 1867 5356 bibliotheca
1897 5303 1954 5356 P.
1991 5305 2092 5358 Pi-

443 5383 581 5445 thuei
629 5383 699 5438 ad
749 5393 962 5436 annum
1015 5379 1141 5449 865,
1178 5383 1390 5437 mentio
1444 5383 1732 5453 Rudolphi
1789 5389 2089 5446 Fuldensis

441 5471 688 5525 cmnobii
721 5468 1062 5540 presbyteri,
1098 5468 1198 5538 qui
1222 5473 1357 5524 tunc
1380 5469 1710 5543 ﬁorebat,et
1731 5489 1834 5544 pro
1857 5478 2088 5535 doctore

511 5555 582 5630 (α)
609 5559 744 5614 Cod.
772 5573 878 5615 ms.
913 5558 1090 5614 Vatic.

2121 4375 2176 4436 D

2223 1860 2347 1902 esse
2385 1860 2497 1903 non
2548 1853 2731 1917 potest
2773 1862 2941 1919 quam
2996 1849 3370 1908 Pontiﬁcalis.
3426 1863 3494 1904 ex
3547 1865 3660 1919 quo
3703 1849 3882 1905 refert

2222 1939 2376 1990 tomo
2409 1937 2472 2002 ll,
2505 1950 2630 2008 pag.
2658 1934 2782 2010 393:5,
2833 1937 2903 1992 de
2929 1937 3156 1993 Ebbone
3194 1950 3225 1991 a
3278 1937 3474 2007 Sergio
3501 1937 3566 1992 ad
3590 1938 3875 2008 synodum

2219 2030 2467 2078 evocato.
2523 2045 2548 2075 «
2596 2025 2745 2094 quod
2797 2026 2865 2080 ad
2908 2038 3030 2080 eam
3065 2039 3174 2080 non
3207 2025 3553 2088 convenerit,
3607 2025 3882 2080 videlicet

2221 2110 2374 2166 sicut
2401 2113 2670 2180 superius
2700 2119 3022 2168 memorata)
3048 2113 3252 2168 litterae
3287 2114 3654 2168 auctoritatis
3675 2120 3880 2169 vestrae

2219 2198 2636 2256 demonstrant.
2657 2201 2814 2256 Talis
2839 2217 2868 2256 a
2907 2202 3038 2257 sede
3059 2201 3398 2270 apostolica,
3419 2208 3474 2256 et
3506 2217 3648 2272 papa
3673 2203 3877 2273 Sergio

2221 2285 2474 2357 habitus,
2529 2304 2642 2359 quo
2691 2289 2766 2345 lis
2794 2289 2865 2345 ab
2907 2291 3046 2345 aliis
3097 2303 3208 2346 non
3243 2290 3616 2360 ignorabatur
3651 2290 3872 2359 haberi,

2221 2376 2276 2430 id
2303 2382 2408 2440 est,
2439 2383 2501 2432 ut
2525 2377 2710 2433 Codex
2731 2379 3084 2448 Episcopalis
3105 2379 3375 2448 ostendit,
3403 2393 3502 2448 pro
3524 2379 3881 2435 criminibus

2217 2465 2340 2519 suis
2387 2467 2598 2521 honore
2655 2468 2911 2536 privatus
2959 2473 3014 2523 et
3043 2467 3113 2522 ab
3157 2467 3410 2523 Ecclesia
3469 2468 3689 2536 pulsus.
3744 2486 3771 2517 »
3809 2470 3879 2524 Et

2223 2547 2391 2622 paulo
2425 2553 2574 2610 infra
2601 2573 2614 2608 :
2649 2576 2675 2606 cr
2702 2555 2864 2612 Sicut
2891 2562 3124 2611 sanctus
3150 2557 3416 2612 Gelasius
3441 2557 3512 2612 de.
3541 2557 3744 2612 Acacio
3773 2557 3868 2611 di-

2216 2643 2317 2708 cit,
2353 2641 2450 2711 qui
2497 2655 2530 2698 a
2561 2643 2694 2698 sede
2713 2645 3029 2714 apostolica
3053 2645 3378 2713 damnatus,
3409 2651 3466 2699 et
3488 2658 3596 2699 non
3628 2645 3880 2700 restitu—

2217 2735 2331 2796 tus,
2367 2730 2501 2786 licet
2523 2733 2870 2788 Anastasius
2889 2747 3050 2803 papa,
3087 2733 3328 2792 sicutin
3349 2733 3518 2789 Libro
3547 2735 3875 2804 Episc0pali

2217 2819 2482 2890 legimus,
2511 2835 2639 2876 eum
2672 2823 2922 2892 recipere
2953 2821 3218 2890 voluerit,
3249 2823 3420 2877 vitam
3450 2823 3656 2877 ﬁnivit.
3686 2842 3711 2871 υ
3735 2825 3876 2892 Quae

2219 2907 2422 2962 ultima
2441 2909 2511 2963 de
2541 2909 2844 2965 Anastasio
2860 2911 3110 2966 secundo
3134 2910 3416 2965 habentur
3439 2911 3496 2964 in
3515 2911 3685 2965 Libro
3716 2912 3874 2966 Pon-

2217 2995 2440 3064 tiﬁcali,
2475 2997 2553 3052 ita
2583 2995 2648 3052 ut
2673 2998 2896 3053 nullum
2919 2999 3163 3054 dubium
3189 3011 3312 3054 esse
3341 2999 3522 3068 possit
3553 2999 3693 3068 quin
3719 3000 3878 3055 Iliu-

2215 3099 2442 3140 cmarus
2473 3086 2808 3142 Rhemensis
2838 3101 2936 3158 per
2988 3087 3220 3142 Librum
3272 3089 3671 3158 episcopalem,
3697 3090 3876 3144 Gesta

2216 3174 2568 3242 pontiﬁcalia
2598 3175 2966 3232 intellexerit.
3008 3177 3109 3230 llis
3138 3177 3376 3247 adjungi
3409 3183 3590 3246 potest
3618 3176 3764 3232 libcr
3794 3180 3875 3232 ri-

2214 3262 2410 3332 tualis,
2449 3277 2614 3333 quem
2659 3263 3000 3334 Onuphrius
3045 3265 3360 3320 Panvinius
3383 3265 3455 3334 (α)
3486 3266 3544 3320 in
3572 3267 3725 3320 notis
3760 3281 3872 3321 ms.

2211 3351 2280 3404 ad
2329 3351 2598 3408 Cencium
2646 3353 3036 3409 Camerarium
3086 3352 3288 3409 Carolo
3329 3355 3531 3424 Magno
3571 3353 3875 3424 attribuit,

2215 3439 2272 3492 in
2303 3453 2416 3509 quo
2447 3440 2518 3496 de
2546 3441 2958 3497 Puriﬁcatione
2981 3443 3034 3496 S.
3071 3443 3300 3498 Marize:
3343 3463 3368 3492 α
3397 3444 3474 3497 De
3501 3441 3605 3497 hac
3635 3441 3878 3496 festivi—

2217 3532 2350 3596 tate,
2379 3534 2436 3583 et
2455 3529 2592 3584 aliis
2620 3529 3036 3585 festivitatibus
3063 3530 3118 3584 S.
3151 3530 3347 3585 Mariae
3375 3531 3432 3585 in
3462 3531 3652 3595 Gestis
3681 3531 3874 3599 ponti-

2213 3616 2478 3673 ﬁcalibus
2500 3617 2713 3678 legitur
2743 3619 2892 3688 quod
2923 3620 3158 3690 Sergius
3180 3632 3321 3689 papa
3352 3619 3682 3688 praeceperit
3714 3620 3875 3674 Leta-

2212 3705 2340 3761 nias
2389 3706 2512 3761 ﬁeri
2546 3707 2604 3761 in
2647 3708 2742 3762 die
2775 3707 3241 3763 Prmsentationis
3271 3708 3494 3763 Domini
3532 3708 3587 3762 in
3630 3708 3864 3778 templo.

2211 3795 2290 3850 Ita
2320 3795 2471 3850 enim
2501 3797 2780 3866 scriptum
2811 3802 2914 3864 est,
2950 3802 3012 3851 ut
3050 3795 3109 3850 in
3148 3795 3355 3851 diebus
3381 3795 3870 3851 Annuntiationis

2207 3883 2457 3952 Domini,
2501 3885 2962 3954 Dormitationis,
2996 3897 3061 3938 ac
3091 3885 3425 3956 Nativitatis
3467 3886 3522 3938 S.
3567 3885 3662 3939 Dei
3695 3885 3872 3955 geni—

2210 3971 2378 4025 tricis
2426 3973 2638 4040 Mariae,
2671 3977 2728 4026 et
2773 3973 2828 4026 S.
2862 3972 3169 4035 Simeonis,
3212 3972 3362 4042 quod
3407 3973 3734 4042 Hypapante
3762 3973 3871 4028 di-

2208 4057 2364 4113 citur
2411 4059 2622 4124 Graece,
2671 4074 2798 4114 cum
2842 4059 3075 4115 letaniis
3117 4066 3318 4115 exeant
3354 4073 3386 4114 a
3422 4061 3475 4115 S.
3503 4061 3774 4124 Adriano,
3810 4068 3870 4116 et

2208 4147 2275 4202 ad
2299 4147 2354 4201 S.
2380 4149 2616 4203 Mariam
2651 4148 2903 4218 populus
2928 4155 3214 4205 occurrat.
3251 4169 3276 4197 υ
3302 4151 3425 4203 meo
3455 4150 3559 4218 ibi,
3589 4164 3716 4219 qua:
3749 4164 3867 4206 non

2209 4234 2316 4288 sub
2346 4236 2534 4291 Caroli
2563 4237 2772 4308 Magni,
2802 4238 2896 4292 sed
2937 4237 3140 4293 incerti
3173 4239 3427 4294 auctoris
3455 4239 3682 4293 nomine
3705 4238 3871 4293 edita

2210 4329 2346 4378 sunt
2381 4331 2506 4394 post
2533 4325 2846 4396 fragmenta
2874 4327 3062 4382 Caroli
3105 4329 3316 4398 Magni.
3357 4327 3460 4381 Sed
3503 4327 3641 4396 quid
3673 4327 3872 4382 haere-

2211 4427 2338 4469 mus
2369 4415 2423 4469 in
2474 4415 2646 4483 hujus
2681 4415 2932 4470 llitualis
2985 4416 3336 4486 testimonio,
3388 4431 3515 4471 cum
3551 4415 3870 4472 habeamus

2207 4504 2392 4558 locum
2421 4502 2810 4559 clarissimum
2832 4504 3189 4560 Venerabilis
3205 4505 3384 4574 Beda',
3410 4505 3509 4574 qui
3539 4503 3668 4574 plus
3686 4519 3864 4574 quam

2204 4598 2431 4648 centum
2457 4593 2628 4648 annis
2648 4599 2780 4648 ante
2805 4594 3092 4648 Anastasii
3119 4599 3374 4663 tempora
3399 4593 3567 4660 obiit,
3595 4599 3652 4648 et
3669 4599 3865 4648 tamen

2204 4682 2372 4738 Gesta
2407 4683 2760 4750 pontiﬁcalia
2790 4682 3037 4737 citavit?
3077 4686 3136 4738 In
3169 4681 3576 4754 Martyrologio
3601 4682 3752 4737 enim
3785 4685 3863 4739 ad

2203 4785 2307 4826 vm
2341 4772 2474 4827 ldus
2502 4771 2744 4842 Augusti
2779 4789 2790 4826 :
2825 4792 2850 4821 «
2887 4771 3076 4826 Romaa
3118 4773 3173 4827 S.
3205 4772 3352 4827 Sixti
3397 4771 3674 4840 episcopi.
3701 4771 3867 4828 Feli-

2203 4860 2452 4931 cissimi,
2492 4868 2548 4915 et
2585 4859 2814 4931 Agapiti
2848 4861 3100 4926 diaconi,
3149 4862 3247 4932 qui
3280 4859 3549 4916 decollati
3585 4867 3722 4915 sunt
3747 4862 3866 4918 sub

2201 4950 2374 5004 Decio
2404 4967 2415 5003 :
2450 4949 2717 5004 decollati
2750 4954 3042 5005 suntcum
3073 4963 3141 5005 eo
3196 4955 3252 5004 et
3281 4949 3386 5004 alii
3433 4954 3681 5018 quatuor
3710 4950 3867 5005 sub-

2202 5039 2433 5094 diaconi
2459 5038 2792 5100 .lanuarius,
2821 5040 3078 5108 Magnus,
3103 5038 3402 5094 Vicentius
3427 5044 3482 5092 et
3510 5037 3863 5108 Stephanus,

2206 5126 2348 5182 utin
2392 5126 2583 5181 Gestis
2645 5125 3073 5194 pontiﬁcalibus
3117 5125 3346 5196 legitur.
3396 5143 3423 5174 »
3476 5127 3556 5179 Ita
3593 5125 3738 5180 Beda
3796 5127 3862 5182 in

2201 5217 2285 5269 Ma
2296 5214 2624 5284 rtyrologio,
2645 5212 2790 5283 quod
2807 5213 3200 5269 llenschenius
3215 5228 3282 5269 ex
3303 5213 3569 5283 pluribus
3587 5215 3862 5284 antiquis

2202 5318 2334 5360 mss.
2362 5301 2662 5357 codicibus
2705 5303 3023 5357 correctius
3051 5302 3254 5372 edidit,
3283 5309 3338 5358 et
3374 5303 3521 5373 quod
3541 5304 3600 5358 in
3625 5293 3865 5359 duobus

2201 5393 2658 5462 octingentorum
2681 5403 2957 5446 annorum
2994 5405 3126 5446 mss.
3161 5391 3464 5448 codicibus
3487 5391 3864 5448 bibliothecas

2203 5480 2785 5538 Palatino-Vaticana:
2845 5480 3145 5548 reperitur.
3202 5481 3387 5550 Quare
3425 5487 3580 5538 certo
3627 5487 3865 5537 constat
