  <div class='ocr_page' id='page_1' title='image "/cluster/home/n/w/nwhite01/storage/ocr_20150623/127/hvd.32044054759881/106.png"; bbox 0 0 4060 6176; ppageno 0'>
   <div class='ocr_carea' id='block_1_1' title="bbox 143 320 246 377">
    <p class='ocr_par' dir='ltr' id='par_1_1' title="bbox 143 320 246 377">
     <span class='ocr_line' id='line_1_1' title="bbox 143 320 246 377; baseline -0.01 0"><span class='ocrx_word' id='word_1_1' title='bbox 143 320 246 377; x_wconf 70' lang='grc'><strong>204</strong></span> 
     </span>
    </p>
   </div>
   <div class='ocr_carea' id='block_1_2' title="bbox 873 312 1823 385">
    <p class='ocr_par' dir='ltr' id='par_1_2' title="bbox 873 312 1823 376">
     <span class='ocr_line' id='line_1_2' title="bbox 873 312 1823 376; baseline -0.008 -2"><span class='ocrx_word' id='word_1_2' title='bbox 873 319 1277 376; x_wconf 83' lang='lat' dir='ltr'><strong>SCHELESTR.</strong></span> <span class='ocrx_word' id='word_1_3' title='bbox 1321 314 1623 373; x_wconf 84' lang='lat' dir='ltr'><strong>DISSERT.</strong></span> <span class='ocrx_word' id='word_1_4' title='bbox 1666 312 1756 367; x_wconf 88' lang='lat' dir='ltr'><strong>DE</strong></span> <span class='ocrx_word' id='word_1_5' title='bbox 1793 313 1823 367; x_wconf 75' lang='grc' dir='ltr'><em>Α</em></span> 
     </span>
    </p>
   </div>
   <div class='ocr_carea' id='block_1_3' title="bbox 1936 312 2845 385">
    <p class='ocr_par' dir='ltr' id='par_1_3' title="bbox 1936 313 2845 385">
     <span class='ocr_line' id='line_1_3' title="bbox 1936 313 2845 385; baseline 0.013 -17"><span class='ocrx_word' id='word_1_6' title='bbox 1936 313 2022 384; x_wconf 82' lang='lat' dir='ltr'><strong>1Q.</strong></span> <span class='ocrx_word' id='word_1_7' title='bbox 2065 313 2232 372; x_wconf 80' lang='grc' dir='ltr'><strong>ΒΟΜ.</strong></span> <span class='ocrx_word' id='word_1_8' title='bbox 2274 317 2470 375; x_wconf 88' lang='grc' dir='ltr'><strong>ΡΟΝΤ.</strong></span> <span class='ocrx_word' id='word_1_9' title='bbox 2511 323 2845 385; x_wconf 80' lang='lat' dir='ltr'><strong>CATALOG.</strong></span> 
     </span>
    </p>
   </div>
   <div class='ocr_carea' id='block_1_4' title="bbox 3453 330 3560 388">
    <p class='ocr_par' dir='ltr' id='par_1_4' title="bbox 3453 330 3560 388">
     <span class='ocr_line' id='line_1_4' title="bbox 3453 330 3560 388; baseline 0 0"><span class='ocrx_word' id='word_1_10' title='bbox 3453 330 3560 388; x_wconf 75' lang='grc'>202</span> 
     </span>
    </p>
   </div>
   <div class='ocr_carea' id='block_1_5' title="bbox 151 435 3568 528">
    <p class='ocr_par' dir='ltr' id='par_1_5' title="bbox 151 435 3568 528">
     <span class='ocr_line' id='line_1_5' title="bbox 151 435 3568 528; baseline 0.004 -22"><span class='ocrx_word' id='word_1_11' title='bbox 151 450 297 520; x_wconf 85' lang='lat' dir='ltr'><strong>quod</strong></span> <span class='ocrx_word' id='word_1_12' title='bbox 323 460 459 504; x_wconf 82' lang='lat' dir='ltr'><strong>ante</strong></span> <span class='ocrx_word' id='word_1_13' title='bbox 487 446 860 516; x_wconf 86' lang='lat' dir='ltr'><strong>Anastasium</strong></span> <span class='ocrx_word' id='word_1_14' title='bbox 882 446 1052 502; x_wconf 91' lang='lat' dir='ltr'><strong>Liber</strong></span> <span class='ocrx_word' id='word_1_15' title='bbox 1079 445 1432 503; x_wconf 88' lang='lat' dir='ltr'><strong>Pontiﬁcalis</strong></span> <span class='ocrx_word' id='word_1_16' title='bbox 1453 443 1807 513; x_wconf 77' lang='lat' dir='ltr'><strong>temporibus</strong></span> <span class='ocrx_word' id='word_1_17' title='bbox 1835 435 1896 494; x_wconf 89' lang='lat' dir='ltr'><strong>A</strong></span> <span class='ocrx_word' id='word_1_18' title='bbox 1987 444 2042 502; x_wconf 89' lang='grc'><strong>5.</strong></span> <span class='ocrx_word' id='word_1_19' title='bbox 2095 448 2266 505; x_wconf 86' lang='lat' dir='ltr'><strong>Porro</strong></span> <span class='ocrx_word' id='word_1_20' title='bbox 2297 451 2560 519; x_wconf 86' lang='lat' dir='ltr'><strong>quamvis</strong></span> <span class='ocrx_word' id='word_1_21' title='bbox 2589 458 2899 523; x_wconf 87' lang='lat' dir='ltr'><strong>scriptores</strong></span> <span class='ocrx_word' id='word_1_22' title='bbox 2945 462 3160 514; x_wconf 92' lang='lat' dir='ltr'><strong>veteres</strong></span> <span class='ocrx_word' id='word_1_23' title='bbox 3192 463 3398 528; x_wconf 90' lang='lat' dir='ltr'><strong>reperti</strong></span> <span class='ocrx_word' id='word_1_24' title='bbox 3448 463 3568 518; x_wconf 91' lang='lat' dir='ltr'><strong>sint</strong></span> 
     </span>
    </p>
   </div>
   <div class='ocr_carea' id='block_1_6' title="bbox 150 533 1810 606">
    <p class='ocr_par' dir='ltr' id='par_1_6' title="bbox 150 533 1810 606">
     <span class='ocr_line' id='line_1_6' title="bbox 150 533 1810 606; baseline -0.003 -13"><span class='ocrx_word' id='word_1_25' title='bbox 150 539 306 593; x_wconf 72' lang='lat' dir='ltr'><strong>Beda:</strong></span> <span class='ocrx_word' id='word_1_26' title='bbox 327 539 447 606; x_wconf 90' lang='lat' dir='ltr'><strong>jam</strong></span> <span class='ocrx_word' id='word_1_27' title='bbox 479 538 851 605; x_wconf 89' lang='lat' dir='ltr'><strong>conscriptus</strong></span> <span class='ocrx_word' id='word_1_28' title='bbox 893 533 1090 606; x_wconf 87' lang='lat' dir='ltr'><strong>fuerit,</strong></span> <span class='ocrx_word' id='word_1_29' title='bbox 1133 540 1189 590; x_wconf 92' lang='lat' dir='ltr'><strong>et</strong></span> <span class='ocrx_word' id='word_1_30' title='bbox 1221 535 1432 590; x_wconf 87' lang='lat' dir='ltr'><strong>idcirco</strong></span> <span class='ocrx_word' id='word_1_31' title='bbox 1469 533 1810 590; x_wconf 78' lang='lat' dir='ltr'><strong>Anastasius</strong></span> 
     </span>
    </p>
   </div>
   <div class='ocr_carea' id='block_1_7' title="bbox 152 625 1077 692">
    <p class='ocr_par' dir='ltr' id='par_1_7' title="bbox 152 625 1077 692">
     <span class='ocr_line' id='line_1_7' title="bbox 152 625 1077 692; baseline -0.008 -8"><span class='ocrx_word' id='word_1_32' title='bbox 152 628 319 684; x_wconf 78' lang='lat' dir='ltr'><strong>illius</strong></span> <span class='ocrx_word' id='word_1_33' title='bbox 345 631 550 682; x_wconf 83' lang='lat' dir='ltr'><strong>auctor</strong></span> <span class='ocrx_word' id='word_1_34' title='bbox 579 639 704 680; x_wconf 91' lang='lat' dir='ltr'><strong>esse</strong></span> <span class='ocrx_word' id='word_1_35' title='bbox 732 639 842 680; x_wconf 93' lang='lat' dir='ltr'><strong>non</strong></span> <span class='ocrx_word' id='word_1_36' title='bbox 876 625 1077 692; x_wconf 90' lang='lat' dir='ltr'><strong>possit.</strong></span> 
     </span>
    </p>
   </div>
   <div class='ocr_carea' id='block_1_8' title="bbox 223 711 1814 781">
    <p class='ocr_par' dir='ltr' id='par_1_8' title="bbox 223 711 1814 781">
     <span class='ocr_line' id='line_1_8' title="bbox 223 711 1814 781; baseline -0.003 -12"><span class='ocrx_word' id='word_1_37' title='bbox 223 713 275 770; x_wconf 77' lang='grc'><strong>4.</strong></span> <span class='ocrx_word' id='word_1_38' title='bbox 332 716 484 769; x_wconf 88' lang='lat' dir='ltr'><strong>Idem</strong></span> <span class='ocrx_word' id='word_1_39' title='bbox 515 713 894 768; x_wconf 88' lang='lat' dir='ltr'><strong>conﬁrmatur</strong></span> <span class='ocrx_word' id='word_1_40' title='bbox 921 726 988 767; x_wconf 81' lang='lat' dir='ltr'><strong>ex</strong></span> <span class='ocrx_word' id='word_1_41' title='bbox 1021 713 1097 768; x_wconf 90' lang='lat' dir='ltr'><strong>iis</strong></span> <span class='ocrx_word' id='word_1_42' title='bbox 1145 712 1482 768; x_wconf 84' lang='lat' dir='ltr'><strong>auctoribus</strong></span> <span class='ocrx_word' id='word_1_43' title='bbox 1525 711 1646 781; x_wconf 90' lang='lat' dir='ltr'><strong>qui,</strong></span> <span class='ocrx_word' id='word_1_44' title='bbox 1681 711 1814 766; x_wconf 91' lang='lat' dir='ltr'><strong>licet</strong></span> 
     </span>
    </p>
   </div>
   <div class='ocr_carea' id='block_1_9' title="bbox 151 800 1816 875">
    <p class='ocr_par' dir='ltr' id='par_1_9' title="bbox 151 800 1816 875">
     <span class='ocr_line' id='line_1_9' title="bbox 151 800 1816 875; baseline -0.004 -15"><span class='ocrx_word' id='word_1_45' title='bbox 151 810 281 875; x_wconf 90' lang='lat' dir='ltr'><strong>post</strong></span> <span class='ocrx_word' id='word_1_46' title='bbox 302 803 676 858; x_wconf 89' lang='lat' dir='ltr'><strong>Anastasium</strong></span> <span class='ocrx_word' id='word_1_47' title='bbox 707 801 1218 857; x_wconf 89' lang='lat' dir='ltr'><strong>Bibliothecarium</strong></span> <span class='ocrx_word' id='word_1_48' title='bbox 1242 801 1599 869; x_wconf 82' lang='lat' dir='ltr'><strong>scripserint,</strong></span> <span class='ocrx_word' id='word_1_49' title='bbox 1627 805 1683 854; x_wconf 89' lang='lat' dir='ltr'><strong>et</strong></span> <span class='ocrx_word' id='word_1_50' title='bbox 1714 800 1816 854; x_wconf 75' lang='lat' dir='ltr'><strong>Li-</strong></span> 
     </span>
    </p>
   </div>
   <div class='ocr_carea' id='block_1_10' title="bbox 151 889 1814 958">
    <p class='ocr_par' dir='ltr' id='par_1_10' title="bbox 151 889 1814 958">
     <span class='ocr_line' id='line_1_10' title="bbox 151 889 1814 958; baseline -0.004 -11"><span class='ocrx_word' id='word_1_51' title='bbox 151 893 320 947; x_wconf 91' lang='lat' dir='ltr'><strong>brum</strong></span> <span class='ocrx_word' id='word_1_52' title='bbox 377 890 772 946; x_wconf 84' lang='lat' dir='ltr'><strong>Pontiﬁcalem</strong></span> <span class='ocrx_word' id='word_1_53' title='bbox 819 891 1075 957; x_wconf 88' lang='lat' dir='ltr'><strong>citarint,</strong></span> <span class='ocrx_word' id='word_1_54' title='bbox 1107 902 1398 958; x_wconf 86' lang='lat' dir='ltr'><strong>nunquam</strong></span> <span class='ocrx_word' id='word_1_55' title='bbox 1446 895 1630 943; x_wconf 89' lang='lat' dir='ltr'><strong>tamen</strong></span> <span class='ocrx_word' id='word_1_56' title='bbox 1660 889 1814 942; x_wconf 84' lang='lat' dir='ltr'><strong>Ana—</strong></span> 
     </span>
    </p>
   </div>
   <div class='ocr_carea' id='block_1_11' title="bbox 151 977 1820 1045">
    <p class='ocr_par' dir='ltr' id='par_1_11' title="bbox 151 977 1820 1045">
     <span class='ocr_line' id='line_1_11' title="bbox 151 977 1820 1045; baseline -0.004 -8"><span class='ocrx_word' id='word_1_57' title='bbox 151 982 317 1037; x_wconf 91' lang='lat' dir='ltr'><strong>stasii</strong></span> <span class='ocrx_word' id='word_1_58' title='bbox 343 981 695 1034; x_wconf 89' lang='lat' dir='ltr'><strong>mentionem</strong></span> <span class='ocrx_word' id='word_1_59' title='bbox 720 977 1292 1034; x_wconf 84' lang='lat' dir='ltr'><strong>feceruntAnselmus</strong></span> <span class='ocrx_word' id='word_1_60' title='bbox 1319 977 1820 1045; x_wconf 91' lang='lat' dir='ltr'><strong>Lucensisepisco-</strong></span> 
     </span>
    </p>
   </div>
   <div class='ocr_carea' id='block_1_12' title="bbox 154 1063 1818 1142">
    <p class='ocr_par' dir='ltr' id='par_1_12' title="bbox 154 1063 1818 1142">
     <span class='ocr_line' id='line_1_12' title="bbox 154 1063 1818 1142; baseline -0.004 -16"><span class='ocrx_word' id='word_1_61' title='bbox 154 1087 258 1142; x_wconf 89' lang='lat' dir='ltr'><strong>pus</strong></span> <span class='ocrx_word' id='word_1_62' title='bbox 275 1070 684 1140; x_wconf 90' lang='lat' dir='ltr'><strong>subGregorio</strong></span> <span class='ocrx_word' id='word_1_63' title='bbox 709 1069 819 1135; x_wconf 79' lang='lat' dir='ltr'><strong>VII,</strong></span> <span class='ocrx_word' id='word_1_64' title='bbox 847 1066 948 1122; x_wconf 91' lang='lat' dir='ltr'><strong>lib.</strong></span> <span class='ocrx_word' id='word_1_65' title='bbox 969 1081 1032 1121; x_wconf 86' lang='grc' dir='ltr'><strong>ιιι</strong></span> <span class='ocrx_word' id='word_1_66' title='bbox 1048 1068 1270 1121; x_wconf 90' lang='lat' dir='ltr'><strong>Decreti</strong></span> <span class='ocrx_word' id='word_1_67' title='bbox 1285 1079 1406 1135; x_wconf 86' lang='lat' dir='ltr'><strong>cap.</strong></span> <span class='ocrx_word' id='word_1_68' title='bbox 1428 1063 1547 1133; x_wconf 68' lang='lat'><strong>420,</strong></span> <span class='ocrx_word' id='word_1_69' title='bbox 1563 1079 1734 1136; x_wconf 82' lang='lat' dir='ltr'><strong>agens</strong></span> <span class='ocrx_word' id='word_1_70' title='bbox 1749 1065 1818 1119; x_wconf 91' lang='lat' dir='ltr'><strong>de</strong></span> 
     </span>
    </p>
   </div>
   <div class='ocr_carea' id='block_1_13' title="bbox 151 1155 1811 1226">
    <p class='ocr_par' dir='ltr' id='par_1_13' title="bbox 151 1155 1811 1226">
     <span class='ocr_line' id='line_1_13' title="bbox 151 1155 1811 1226; baseline -0.005 -11"><span class='ocrx_word' id='word_1_71' title='bbox 151 1159 362 1215; x_wconf 75' lang='lat' dir='ltr'><strong>exsilio</strong></span> <span class='ocrx_word' id='word_1_72' title='bbox 394 1157 613 1212; x_wconf 90' lang='lat' dir='ltr'><strong>Liberii</strong></span> <span class='ocrx_word' id='word_1_73' title='bbox 635 1171 812 1226; x_wconf 60' lang='lat' dir='ltr'><strong>papae,</strong></span> <span class='ocrx_word' id='word_1_74' title='bbox 845 1164 901 1211; x_wconf 92' lang='lat' dir='ltr'><strong>et</strong></span> <span class='ocrx_word' id='word_1_75' title='bbox 925 1155 1108 1210; x_wconf 88' lang='lat' dir='ltr'><strong>Felice</strong></span> <span class='ocrx_word' id='word_1_76' title='bbox 1136 1156 1262 1224; x_wconf 90' lang='lat' dir='ltr'><strong>ejus</strong></span> <span class='ocrx_word' id='word_1_77' title='bbox 1286 1167 1562 1210; x_wconf 90' lang='lat' dir='ltr'><strong>consensu</strong></span> <span class='ocrx_word' id='word_1_78' title='bbox 1585 1155 1811 1209; x_wconf 85' lang='lat' dir='ltr'><strong>ordina-</strong></span> 
     </span>
    </p>
   </div>
   <div class='ocr_carea' id='block_1_14' title="bbox 150 1241 1815 1314">
    <p class='ocr_par' dir='ltr' id='par_1_14' title="bbox 150 1241 1815 1314">
     <span class='ocr_line' id='line_1_14' title="bbox 150 1241 1815 1314; baseline -0.005 -12"><span class='ocrx_word' id='word_1_79' title='bbox 150 1255 229 1314; x_wconf 89' lang='lat' dir='ltr'><strong>to,</strong></span> <span class='ocrx_word' id='word_1_80' title='bbox 253 1247 500 1312; x_wconf 92' lang='lat' dir='ltr'><strong>librum,</strong></span> <span class='ocrx_word' id='word_1_81' title='bbox 520 1259 591 1300; x_wconf 81' lang='lat' dir='ltr'><strong>ex</strong></span> <span class='ocrx_word' id='word_1_82' title='bbox 615 1258 730 1314; x_wconf 91' lang='lat' dir='ltr'><strong>quo</strong></span> <span class='ocrx_word' id='word_1_83' title='bbox 755 1244 938 1299; x_wconf 90' lang='lat' dir='ltr'><strong>locum</strong></span> <span class='ocrx_word' id='word_1_84' title='bbox 957 1243 1297 1313; x_wconf 83' lang='lat' dir='ltr'><strong>desumpsit,</strong></span> <span class='ocrx_word' id='word_1_85' title='bbox 1320 1243 1461 1297; x_wconf 86' lang='lat' dir='ltr'><strong>citat</strong></span> <span class='ocrx_word' id='word_1_86' title='bbox 1482 1243 1572 1296; x_wconf 91' lang='lat' dir='ltr'><strong>his</strong></span> <span class='ocrx_word' id='word_1_87' title='bbox 1597 1241 1815 1297; x_wconf 87' lang='lat' dir='ltr'><strong>verbis:</strong></span> 
     </span>
    </p>
   </div>
   <div class='ocr_carea' id='block_1_15' title="bbox 150 1327 1814 1404">
    <p class='ocr_par' dir='ltr' id='par_1_15' title="bbox 150 1327 1814 1404">
     <span class='ocr_line' id='line_1_15' title="bbox 150 1327 1814 1404; baseline -0.004 -14"><span class='ocrx_word' id='word_1_88' title='bbox 150 1339 237 1390; x_wconf 79' lang='lat' dir='ltr'><strong>E1:</strong></span> <span class='ocrx_word' id='word_1_89' title='bbox 259 1336 617 1404; x_wconf 64' lang='lat' dir='ltr'><strong>Ponti/ticali;</strong></span> <span class='ocrx_word' id='word_1_90' title='bbox 647 1339 705 1388; x_wconf 91' lang='lat' dir='ltr'><strong>et</strong></span> <span class='ocrx_word' id='word_1_91' title='bbox 728 1333 828 1387; x_wconf 88' lang='lat' dir='ltr'><strong>lib.</strong></span> <span class='ocrx_word' id='word_1_92' title='bbox 865 1347 903 1397; x_wconf 83' lang='lat'><strong>1,</strong></span> <span class='ocrx_word' id='word_1_93' title='bbox 932 1346 1034 1400; x_wconf 87' lang='lat' dir='ltr'><strong>cap</strong></span> <span class='ocrx_word' id='word_1_94' title='bbox 1060 1327 1151 1400; x_wconf 84' lang='lat'><strong>77,</strong></span> <span class='ocrx_word' id='word_1_95' title='bbox 1181 1330 1349 1386; x_wconf 84' lang='lat' dir='ltr'><strong>habet</strong></span> <span class='ocrx_word' id='word_1_96' title='bbox 1375 1331 1527 1384; x_wconf 86' lang='lat' dir='ltr'><strong>hunc</strong></span> <span class='ocrx_word' id='word_1_97' title='bbox 1551 1329 1814 1384; x_wconf 59' lang='lat' dir='ltr'><strong>titulum:</strong></span> 
     </span>
    </p>
   </div>
   <div class='ocr_carea' id='block_1_16' title="bbox 145 1417 1820 1488">
    <p class='ocr_par' dir='ltr' id='par_1_16' title="bbox 145 1417 1820 1488">
     <span class='ocr_line' id='line_1_16' title="bbox 145 1417 1820 1488; baseline -0.005 -10"><span class='ocrx_word' id='word_1_98' title='bbox 145 1428 224 1479; x_wconf 86' lang='lat' dir='ltr'><strong>De</strong></span> <span class='ocrx_word' id='word_1_99' title='bbox 267 1423 610 1487; x_wconf 82' lang='lat' dir='ltr'><strong>obedientia,</strong></span> <span class='ocrx_word' id='word_1_100' title='bbox 655 1423 705 1474; x_wconf 90' lang='lat' dir='ltr'><strong>ei</strong></span> <span class='ocrx_word' id='word_1_101' title='bbox 733 1421 1060 1488; x_wconf 80' lang='lat' dir='ltr'><strong>humilitate,</strong></span> <span class='ocrx_word' id='word_1_102' title='bbox 1105 1435 1270 1488; x_wconf 88' lang='lat' dir='ltr'><strong>quam</strong></span> <span class='ocrx_word' id='word_1_103' title='bbox 1312 1434 1412 1471; x_wconf 74' lang='lat' dir='ltr'><strong>rem</strong></span> <span class='ocrx_word' id='word_1_104' title='bbox 1439 1419 1669 1486; x_wconf 87' lang='lat' dir='ltr'><strong>Pipinus</strong></span> <span class='ocrx_word' id='word_1_105' title='bbox 1694 1417 1820 1471; x_wconf 88' lang='lat' dir='ltr'><strong>Ste—</strong></span> 
     </span>
    </p>
   </div>
   <div class='ocr_carea' id='block_1_17' title="bbox 141 1507 1818 1582">
    <p class='ocr_par' dir='ltr' id='par_1_17' title="bbox 141 1507 1818 1582">
     <span class='ocr_line' id='line_1_17' title="bbox 141 1507 1818 1582; baseline -0.003 -17"><span class='ocrx_word' id='word_1_106' title='bbox 141 1513 336 1582; x_wconf 82' lang='lat' dir='ltr'><strong>phano</strong></span> <span class='ocrx_word' id='word_1_107' title='bbox 363 1527 531 1580; x_wconf 68' lang='lat' dir='ltr'><strong>papa:</strong></span> <span class='ocrx_word' id='word_1_108' title='bbox 570 1511 838 1571; x_wconf 71' lang='lat' dir='ltr'><strong>exhibuit,</strong></span> <span class='ocrx_word' id='word_1_109' title='bbox 883 1525 950 1562; x_wconf 79' lang='lat' dir='ltr'><strong>ea:</strong></span> <span class='ocrx_word' id='word_1_110' title='bbox 977 1509 1302 1576; x_wconf 77' lang='lat' dir='ltr'><strong>Pontiﬁcati.</strong></span> <span class='ocrx_word' id='word_1_111' title='bbox 1335 1507 1441 1561; x_wconf 88' lang='lat' dir='ltr'><strong>Ubi</strong></span> <span class='ocrx_word' id='word_1_112' title='bbox 1489 1507 1818 1562; x_wconf 84' lang='lat' dir='ltr'><strong>nullatenus</strong></span> 
     </span>
    </p>
   </div>
   <div class='ocr_carea' id='block_1_18' title="bbox 145 1595 1821 1667">
    <p class='ocr_par' dir='ltr' id='par_1_18' title="bbox 145 1595 1821 1667">
     <span class='ocr_line' id='line_1_18' title="bbox 145 1595 1821 1667; baseline -0.004 -12"><span class='ocrx_word' id='word_1_113' title='bbox 145 1601 452 1655; x_wconf 87' lang='lat' dir='ltr'><strong>Anastasii</strong></span> <span class='ocrx_word' id='word_1_114' title='bbox 499 1598 780 1666; x_wconf 88' lang='lat' dir='ltr'><strong>meminit,</strong></span> <span class='ocrx_word' id='word_1_115' title='bbox 813 1612 879 1653; x_wconf 90' lang='lat' dir='ltr'><strong>eo</strong></span> <span class='ocrx_word' id='word_1_116' title='bbox 914 1598 1062 1667; x_wconf 92' lang='lat' dir='ltr'><strong>quod</strong></span> <span class='ocrx_word' id='word_1_117' title='bbox 1105 1597 1272 1652; x_wconf 88' lang='lat' dir='ltr'><strong>Liber</strong></span> <span class='ocrx_word' id='word_1_118' title='bbox 1302 1595 1656 1651; x_wconf 90' lang='lat' dir='ltr'><strong>Pontiﬁcalis</strong></span> <span class='ocrx_word' id='word_1_119' title='bbox 1700 1595 1821 1648; x_wconf 88' lang='lat' dir='ltr'><strong>An-</strong></span> 
     </span>
    </p>
   </div>
   <div class='ocr_carea' id='block_1_19' title="bbox 148 1683 1814 1757">
    <p class='ocr_par' dir='ltr' id='par_1_19' title="bbox 148 1683 1814 1757">
     <span class='ocr_line' id='line_1_19' title="bbox 148 1683 1814 1757; baseline -0.006 -11"><span class='ocrx_word' id='word_1_120' title='bbox 148 1689 318 1746; x_wconf 76' lang='lat' dir='ltr'><strong>selmi</strong></span> <span class='ocrx_word' id='word_1_121' title='bbox 355 1687 721 1757; x_wconf 88' lang='lat' dir='ltr'><strong>temporibus</strong></span> <span class='ocrx_word' id='word_1_122' title='bbox 740 1687 990 1742; x_wconf 92' lang='lat' dir='ltr'><strong>nondum</strong></span> <span class='ocrx_word' id='word_1_123' title='bbox 1012 1686 1315 1741; x_wconf 84' lang='lat' dir='ltr'><strong>Anastasio</strong></span> <span class='ocrx_word' id='word_1_124' title='bbox 1337 1685 1594 1740; x_wconf 88' lang='lat' dir='ltr'><strong>tributus</strong></span> <span class='ocrx_word' id='word_1_125' title='bbox 1616 1683 1814 1739; x_wconf 86' lang='lat' dir='ltr'><strong>fuerit.</strong></span> 
     </span>
    </p>
   </div>
   <div class='ocr_carea' id='block_1_20' title="bbox 1925 537 3564 608">
    <p class='ocr_par' dir='ltr' id='par_1_20' title="bbox 1925 537 3564 608">
     <span class='ocr_line' id='line_1_20' title="bbox 1925 537 3564 608; baseline 0.009 -16"><span class='ocrx_word' id='word_1_126' title='bbox 1925 537 2022 605; x_wconf 92' lang='lat' dir='ltr'><strong>qui</strong></span> <span class='ocrx_word' id='word_1_127' title='bbox 2071 538 2229 593; x_wconf 85' lang='lat' dir='ltr'><strong>Vitas</strong></span> <span class='ocrx_word' id='word_1_128' title='bbox 2261 539 2595 608; x_wconf 90' lang='lat' dir='ltr'><strong>pontiﬁcum</strong></span> <span class='ocrx_word' id='word_1_129' title='bbox 2629 555 2660 595; x_wconf 90' lang='lat' dir='ltr'><strong>a</strong></span> <span class='ocrx_word' id='word_1_130' title='bbox 2694 543 2855 598; x_wconf 91' lang='lat' dir='ltr'><strong>Petro</strong></span> <span class='ocrx_word' id='word_1_131' title='bbox 2897 543 2963 598; x_wconf 92' lang='lat' dir='ltr'><strong>ad</strong></span> <span class='ocrx_word' id='word_1_132' title='bbox 3008 545 3298 602; x_wconf 84' lang='lat' dir='ltr'><strong>Liberium</strong></span> <span class='ocrx_word' id='word_1_133' title='bbox 3325 550 3564 606; x_wconf 87' lang='lat' dir='ltr'><strong>Damaso</strong></span> 
     </span>
    </p>
   </div>
   <div class='ocr_carea' id='block_1_21' title="bbox 1923 624 3568 704">
    <p class='ocr_par' dir='ltr' id='par_1_21' title="bbox 1923 624 3568 704">
     <span class='ocr_line' id='line_1_21' title="bbox 1923 624 3568 704; baseline 0.01 -26"><span class='ocrx_word' id='word_1_134' title='bbox 1923 624 2272 693; x_wconf 86' lang='lat' dir='ltr'><strong>tribuerunt,</strong></span> <span class='ocrx_word' id='word_1_135' title='bbox 2309 629 2588 684; x_wconf 89' lang='lat' dir='ltr'><strong>neminem</strong></span> <span class='ocrx_word' id='word_1_136' title='bbox 2620 634 2803 686; x_wconf 86' lang='lat' dir='ltr'><strong>tamen</strong></span> <span class='ocrx_word' id='word_1_137' title='bbox 2837 633 3020 702; x_wconf 91' lang='lat' dir='ltr'><strong>reperi</strong></span> <span class='ocrx_word' id='word_1_138' title='bbox 3051 635 3150 704; x_wconf 89' lang='lat' dir='ltr'><strong>qui</strong></span> <span class='ocrx_word' id='word_1_139' title='bbox 3190 637 3568 704; x_wconf 87' lang='lat' dir='ltr'><strong>posteriorum</strong></span> 
     </span>
    </p>
   </div>
   <div class='ocr_carea' id='block_1_22' title="bbox 1925 714 3567 792">
    <p class='ocr_par' dir='ltr' id='par_1_22' title="bbox 1925 714 3567 792">
     <span class='ocr_line' id='line_1_22' title="bbox 1925 714 3567 792; baseline 0.009 -26"><span class='ocrx_word' id='word_1_140' title='bbox 1925 714 2260 782; x_wconf 85' lang='lat' dir='ltr'><strong>pontiﬁcum</strong></span> <span class='ocrx_word' id='word_1_141' title='bbox 2288 716 2448 771; x_wconf 90' lang='lat' dir='ltr'><strong>Vitas</strong></span> <span class='ocrx_word' id='word_1_142' title='bbox 2471 731 2503 771; x_wconf 92' lang='lat' dir='ltr'><strong>a</strong></span> <span class='ocrx_word' id='word_1_143' title='bbox 2533 718 2771 774; x_wconf 85' lang='lat' dir='ltr'><strong>Damaso</strong></span> <span class='ocrx_word' id='word_1_144' title='bbox 2799 733 2938 789; x_wconf 90' lang='lat' dir='ltr'><strong>papa</strong></span> <span class='ocrx_word' id='word_1_145' title='bbox 2964 737 3146 792; x_wconf 90' lang='lat' dir='ltr'><strong>usque</strong></span> <span class='ocrx_word' id='word_1_146' title='bbox 3175 724 3242 778; x_wconf 90' lang='lat' dir='ltr'><strong>ad</strong></span> <span class='ocrx_word' id='word_1_147' title='bbox 3271 726 3567 781; x_wconf 87' lang='lat' dir='ltr'><strong>Nicolaum</strong></span> 
     </span>
    </p>
   </div>
   <div class='ocr_carea' id='block_1_23' title="bbox 1927 802 3574 873">
    <p class='ocr_par' dir='ltr' id='par_1_23' title="bbox 1927 802 3574 873">
     <span class='ocr_line' id='line_1_23' title="bbox 1927 802 3574 873; baseline 0.008 -18"><span class='ocrx_word' id='word_1_148' title='bbox 1927 802 2196 872; x_wconf 89' lang='lat' dir='ltr'><strong>primum,</strong></span> <span class='ocrx_word' id='word_1_149' title='bbox 2237 803 2344 858; x_wconf 90' lang='lat' dir='ltr'><strong>sub</strong></span> <span class='ocrx_word' id='word_1_150' title='bbox 2375 819 2488 873; x_wconf 92' lang='lat' dir='ltr'><strong>quo</strong></span> <span class='ocrx_word' id='word_1_151' title='bbox 2517 807 2858 863; x_wconf 87' lang='lat' dir='ltr'><strong>Anastasius</strong></span> <span class='ocrx_word' id='word_1_152' title='bbox 2902 809 3385 870; x_wconf 87' lang='lat' dir='ltr'><strong>Bibliothecarius</strong></span> <span class='ocrx_word' id='word_1_153' title='bbox 3418 815 3574 870; x_wconf 88' lang='lat' dir='ltr'><strong>scri-</strong></span> 
     </span>
    </p>
   </div>
   <div class='ocr_carea' id='block_1_24' title="bbox 1929 891 3570 962">
    <p class='ocr_par' dir='ltr' id='par_1_24' title="bbox 1929 891 3570 962">
     <span class='ocr_line' id='line_1_24' title="bbox 1929 891 3570 962; baseline 0.008 -17"><span class='ocrx_word' id='word_1_154' title='bbox 1929 891 2062 959; x_wconf 91' lang='lat' dir='ltr'><strong>psit,</strong></span> <span class='ocrx_word' id='word_1_155' title='bbox 2108 892 2412 948; x_wconf 86' lang='lat' dir='ltr'><strong>Anastasio</strong></span> <span class='ocrx_word' id='word_1_156' title='bbox 2457 894 2830 962; x_wconf 89' lang='lat' dir='ltr'><strong>adjudicavit.</strong></span> <span class='ocrx_word' id='word_1_157' title='bbox 2882 898 3164 955; x_wconf 89' lang='lat' dir='ltr'><strong>Martinus</strong></span> <span class='ocrx_word' id='word_1_158' title='bbox 3214 902 3462 960; x_wconf 87' lang='lat' dir='ltr'><strong>Polonus</strong></span> <span class='ocrx_word' id='word_1_159' title='bbox 3514 905 3570 958; x_wconf 92' lang='lat' dir='ltr'><strong>in</strong></span> 
     </span>
    </p>
   </div>
   <div class='ocr_carea' id='block_1_25' title="bbox 1926 979 3577 1063">
    <p class='ocr_par' dir='ltr' id='par_1_25' title="bbox 1926 979 3577 1063">
     <span class='ocr_line' id='line_1_25' title="bbox 1926 979 3577 1063; baseline 0.009 -30"><span class='ocrx_word' id='word_1_160' title='bbox 1926 979 2195 1035; x_wconf 90' lang='lat' dir='ltr'><strong>Chronici</strong></span> <span class='ocrx_word' id='word_1_161' title='bbox 2229 983 2320 1036; x_wconf 91' lang='lat' dir='ltr'><strong>sui</strong></span> <span class='ocrx_word' id='word_1_162' title='bbox 2355 983 2627 1052; x_wconf 69' lang='lat' dir='ltr'><strong>prooemio</strong></span> <span class='ocrx_word' id='word_1_163' title='bbox 2651 985 2794 1040; x_wconf 88' lang='lat' dir='ltr'><strong>citat</strong></span> <span class='ocrx_word' id='word_1_164' title='bbox 2830 999 3025 1042; x_wconf 90' lang='lat' dir='ltr'><strong>omnes</strong></span> <span class='ocrx_word' id='word_1_165' title='bbox 3045 995 3306 1045; x_wconf 88' lang='lat' dir='ltr'><strong>auctores</strong></span> <span class='ocrx_word' id='word_1_166' title='bbox 3332 1005 3398 1046; x_wconf 83' lang='lat' dir='ltr'><strong>ex</strong></span> <span class='ocrx_word' id='word_1_167' title='bbox 3433 994 3577 1063; x_wconf 86' lang='lat' dir='ltr'><strong>qui-</strong></span> 
     </span>
    </p>
   </div>
   <div class='ocr_carea' id='block_1_26' title="bbox 1930 1067 3574 1144">
    <p class='ocr_par' dir='ltr' id='par_1_26' title="bbox 1930 1067 3574 1144">
     <span class='ocr_line' id='line_1_26' title="bbox 1930 1067 3574 1144; baseline 0.009 -22"><span class='ocrx_word' id='word_1_168' title='bbox 1930 1067 2038 1123; x_wconf 90' lang='lat' dir='ltr'><strong>bus</strong></span> <span class='ocrx_word' id='word_1_169' title='bbox 2062 1069 2361 1124; x_wconf 91' lang='lat' dir='ltr'><strong>historiam</strong></span> <span class='ocrx_word' id='word_1_170' title='bbox 2397 1071 2804 1140; x_wconf 88' lang='lat' dir='ltr'><strong>imperatorum</strong></span> <span class='ocrx_word' id='word_1_171' title='bbox 2835 1080 2891 1129; x_wconf 91' lang='lat' dir='ltr'><strong>et</strong></span> <span class='ocrx_word' id='word_1_172' title='bbox 2923 1076 3254 1144; x_wconf 75' lang='lat' dir='ltr'><strong>pontificum</strong></span> <span class='ocrx_word' id='word_1_173' title='bbox 3283 1079 3574 1136; x_wconf 85' lang='lat' dir='ltr'><strong>Romano-</strong></span> 
     </span>
    </p>
   </div>
   <div class='ocr_carea' id='block_1_27' title="bbox 1931 1160 3584 1240">
    <p class='ocr_par' dir='ltr' id='par_1_27' title="bbox 1931 1160 3584 1240">
     <span class='ocr_line' id='line_1_27' title="bbox 1931 1160 3584 1240; baseline 0.008 -27"><span class='ocrx_word' id='word_1_174' title='bbox 1931 1173 2056 1214; x_wconf 90' lang='lat' dir='ltr'><strong>rum</strong></span> <span class='ocrx_word' id='word_1_175' title='bbox 2083 1160 2404 1229; x_wconf 89' lang='lat' dir='ltr'><strong>desumpsit</strong></span> <span class='ocrx_word' id='word_1_176' title='bbox 2433 1177 2445 1213; x_wconf 94' lang='lat'><strong>:</strong></span> <span class='ocrx_word' id='word_1_177' title='bbox 2479 1181 2505 1211; x_wconf 84' lang='lat'>«</span> <span class='ocrx_word' id='word_1_178' title='bbox 2537 1162 2871 1232; x_wconf 89' lang='lat' dir='ltr'><strong>Compilavi,</strong></span> <span class='ocrx_word' id='word_1_179' title='bbox 2900 1164 3112 1237; x_wconf 89' lang='lat' dir='ltr'><strong>inquit,</strong></span> <span class='ocrx_word' id='word_1_180' title='bbox 3142 1181 3387 1237; x_wconf 58' lang='lat' dir='ltr'><strong>praesens</strong></span> <span class='ocrx_word' id='word_1_181' title='bbox 3411 1185 3584 1240; x_wconf 92' lang='lat' dir='ltr'><strong>opus-</strong></span> 
     </span>
    </p>
   </div>
   <div class='ocr_carea' id='block_1_28' title="bbox 1930 1247 3581 1321">
    <p class='ocr_par' dir='ltr' id='par_1_28' title="bbox 1930 1247 3581 1321">
     <span class='ocr_line' id='line_1_28' title="bbox 1930 1247 3581 1321; baseline 0.008 -19"><span class='ocrx_word' id='word_1_182' title='bbox 1930 1247 2124 1303; x_wconf 88' lang='lat' dir='ltr'><strong>culum</strong></span> <span class='ocrx_word' id='word_1_183' title='bbox 2169 1262 2236 1304; x_wconf 87' lang='lat' dir='ltr'><strong>ex</strong></span> <span class='ocrx_word' id='word_1_184' title='bbox 2280 1250 2514 1318; x_wconf 87' lang='lat' dir='ltr'><strong>scriptis</strong></span> <span class='ocrx_word' id='word_1_185' title='bbox 2550 1251 2664 1305; x_wconf 89' lang='lat' dir='ltr'><strong>Titi</strong></span> <span class='ocrx_word' id='word_1_186' title='bbox 2727 1253 2919 1321; x_wconf 88' lang='lat' dir='ltr'><strong>Livii;</strong></span> <span class='ocrx_word' id='word_1_187' title='bbox 2977 1255 3108 1310; x_wconf 89' lang='lat' dir='ltr'><strong>item</strong></span> <span class='ocrx_word' id='word_1_188' title='bbox 3159 1269 3226 1311; x_wconf 85' lang='lat' dir='ltr'><strong>ex</strong></span> <span class='ocrx_word' id='word_1_189' title='bbox 3275 1258 3581 1315; x_wconf 91' lang='lat' dir='ltr'><strong>Chronicis</strong></span> 
     </span>
    </p>
   </div>
   <div class='ocr_carea' id='block_1_29' title="bbox 1930 1335 3582 1415">
    <p class='ocr_par' dir='ltr' id='par_1_29' title="bbox 1930 1335 3582 1415">
     <span class='ocr_line' id='line_1_29' title="bbox 1930 1335 3582 1415; baseline 0.01 -26"><span class='ocrx_word' id='word_1_190' title='bbox 1930 1335 2156 1391; x_wconf 88' lang='lat' dir='ltr'><strong>Orosii:</strong></span> <span class='ocrx_word' id='word_1_191' title='bbox 2208 1339 2341 1394; x_wconf 91' lang='lat' dir='ltr'><strong>item</strong></span> <span class='ocrx_word' id='word_1_192' title='bbox 2389 1353 2456 1394; x_wconf 84' lang='lat' dir='ltr'><strong>ex</strong></span> <span class='ocrx_word' id='word_1_193' title='bbox 2499 1341 2803 1397; x_wconf 90' lang='lat' dir='ltr'><strong>Chronicis</strong></span> <span class='ocrx_word' id='word_1_194' title='bbox 2841 1343 3066 1400; x_wconf 88' lang='lat' dir='ltr'><strong>Damasi</strong></span> <span class='ocrx_word' id='word_1_195' title='bbox 3107 1360 3260 1415; x_wconf 72' lang='lat' dir='ltr'><strong>papa:</strong></span> <span class='ocrx_word' id='word_1_196' title='bbox 3297 1348 3367 1403; x_wconf 91' lang='lat' dir='ltr'><strong>de</strong></span> <span class='ocrx_word' id='word_1_197' title='bbox 3390 1347 3582 1405; x_wconf 90' lang='lat' dir='ltr'><strong>Gestis</strong></span> 
     </span>
    </p>
   </div>
   <div class='ocr_carea' id='block_1_30' title="bbox 1935 1425 3576 1508">
    <p class='ocr_par' dir='ltr' id='par_1_30' title="bbox 1935 1425 3576 1508">
     <span class='ocr_line' id='line_1_30' title="bbox 1935 1425 3576 1508; baseline 0.009 -29"><span class='ocrx_word' id='word_1_198' title='bbox 1935 1425 2300 1493; x_wconf 91' lang='lat' dir='ltr'><strong>pontiﬁcum:</strong></span> <span class='ocrx_word' id='word_1_199' title='bbox 2336 1427 2467 1482; x_wconf 82' lang='lat' dir='ltr'><strong>item</strong></span> <span class='ocrx_word' id='word_1_200' title='bbox 2501 1429 2570 1483; x_wconf 89' lang='lat' dir='ltr'><strong>de</strong></span> <span class='ocrx_word' id='word_1_201' title='bbox 2594 1430 2784 1485; x_wconf 86' lang='lat' dir='ltr'><strong>Gestis</strong></span> <span class='ocrx_word' id='word_1_202' title='bbox 2806 1431 3018 1488; x_wconf 88' lang='lat' dir='ltr'><strong>Bovisii</strong></span> <span class='ocrx_word' id='word_1_203' title='bbox 3051 1434 3304 1506; x_wconf 89' lang='lat' dir='ltr'><strong>episcopi</strong></span> <span class='ocrx_word' id='word_1_204' title='bbox 3328 1437 3576 1508; x_wconf 86' lang='lat' dir='ltr'><strong>Sutrini,</strong></span> 
     </span>
    </p>
   </div>
   <div class='ocr_carea' id='block_1_31' title="bbox 1929 1513 3578 1585">
    <p class='ocr_par' dir='ltr' id='par_1_31' title="bbox 1929 1513 3578 1585">
     <span class='ocr_line' id='line_1_31' title="bbox 1929 1513 3578 1585; baseline 0.009 -18"><span class='ocrx_word' id='word_1_205' title='bbox 1929 1513 2000 1568; x_wconf 91' lang='lat' dir='ltr'><strong>de</strong></span> <span class='ocrx_word' id='word_1_206' title='bbox 2036 1513 2228 1569; x_wconf 91' lang='lat' dir='ltr'><strong>Gestis</strong></span> <span class='ocrx_word' id='word_1_207' title='bbox 2260 1516 2628 1585; x_wconf 83' lang='lat' dir='ltr'><strong>pontiﬁcum;</strong></span> <span class='ocrx_word' id='word_1_208' title='bbox 2665 1518 2798 1574; x_wconf 89' lang='lat' dir='ltr'><strong>item</strong></span> <span class='ocrx_word' id='word_1_209' title='bbox 2835 1534 2902 1575; x_wconf 87' lang='lat' dir='ltr'><strong>ex</strong></span> <span class='ocrx_word' id='word_1_210' title='bbox 2925 1520 3229 1579; x_wconf 90' lang='lat' dir='ltr'><strong>Chronicis</strong></span> <span class='ocrx_word' id='word_1_211' title='bbox 3271 1524 3433 1580; x_wconf 89' lang='lat' dir='ltr'><strong>Pauli</strong></span> <span class='ocrx_word' id='word_1_212' title='bbox 3461 1527 3578 1583; x_wconf 83' lang='lat' dir='ltr'><strong>Ro-</strong></span> 
     </span>
    </p>
   </div>
   <div class='ocr_carea' id='block_1_32' title="bbox 1932 1601 3581 1682">
    <p class='ocr_par' dir='ltr' id='par_1_32' title="bbox 1932 1601 3581 1682">
     <span class='ocr_line' id='line_1_32' title="bbox 1932 1601 3581 1682; baseline 0.009 -27"><span class='ocrx_word' id='word_1_213' title='bbox 1932 1601 2083 1656; x_wconf 90' lang='lat' dir='ltr'><strong>mani</strong></span> <span class='ocrx_word' id='word_1_214' title='bbox 2115 1603 2344 1658; x_wconf 88' lang='lat' dir='ltr'><strong>diaconi</strong></span> <span class='ocrx_word' id='word_1_215' title='bbox 2373 1605 2526 1659; x_wconf 89' lang='lat' dir='ltr'><strong>card.</strong></span> <span class='ocrx_word' id='word_1_216' title='bbox 2573 1606 2642 1661; x_wconf 91' lang='lat' dir='ltr'><strong>de</strong></span> <span class='ocrx_word' id='word_1_217' title='bbox 2671 1608 2862 1663; x_wconf 91' lang='lat' dir='ltr'><strong>Gestis</strong></span> <span class='ocrx_word' id='word_1_218' title='bbox 2893 1615 3304 1682; x_wconf 85' lang='lat' dir='ltr'><strong>utrorumque;</strong></span> <span class='ocrx_word' id='word_1_219' title='bbox 3337 1615 3471 1669; x_wconf 92' lang='lat' dir='ltr'><strong>item</strong></span> <span class='ocrx_word' id='word_1_220' title='bbox 3509 1617 3581 1670; x_wconf 92' lang='lat' dir='ltr'><strong>de</strong></span> 
     </span>
    </p>
   </div>
   <div class='ocr_carea' id='block_1_33' title="bbox 1929 1691 3578 1769">
    <p class='ocr_par' dir='ltr' id='par_1_33' title="bbox 1929 1691 3578 1769">
     <span class='ocr_line' id='line_1_33' title="bbox 1929 1691 3578 1769; baseline 0.008 -25"><span class='ocrx_word' id='word_1_221' title='bbox 1929 1691 2234 1746; x_wconf 88' lang='lat' dir='ltr'><strong>Chronicis</strong></span> <span class='ocrx_word' id='word_1_222' title='bbox 2261 1692 2506 1748; x_wconf 89' lang='lat' dir='ltr'><strong>Gilberti</strong></span> <span class='ocrx_word' id='word_1_223' title='bbox 2534 1695 2604 1749; x_wconf 90' lang='lat' dir='ltr'><strong>de</strong></span> <span class='ocrx_word' id='word_1_224' title='bbox 2640 1695 2832 1750; x_wconf 91' lang='lat' dir='ltr'><strong>Gestis</strong></span> <span class='ocrx_word' id='word_1_225' title='bbox 2883 1704 3288 1769; x_wconf 87' lang='lat' dir='ltr'><strong>utrorumque;</strong></span> <span class='ocrx_word' id='word_1_226' title='bbox 3342 1701 3480 1756; x_wconf 88' lang='lat' dir='ltr'><strong>item</strong></span> <span class='ocrx_word' id='word_1_227' title='bbox 3510 1715 3578 1757; x_wconf 82' lang='lat' dir='ltr'><strong>ex</strong></span> 
     </span>
    </p>
   </div>
   <div class='ocr_carea' id='block_1_34' title="bbox 146 1757 3580 1854">
    <p class='ocr_par' dir='ltr' id='par_1_34' title="bbox 146 1757 3580 1854">
     <span class='ocr_line' id='line_1_34' title="bbox 146 1757 3580 1854; baseline 0.001 -15"><span class='ocrx_word' id='word_1_228' title='bbox 146 1777 489 1833; x_wconf 86' lang='lat' dir='ltr'><strong>Cardinalis</strong></span> <span class='ocrx_word' id='word_1_229' title='bbox 508 1776 822 1832; x_wconf 78' lang='lat' dir='ltr'><strong>Deusdedit</strong></span> <span class='ocrx_word' id='word_1_230' title='bbox 846 1775 904 1830; x_wconf 88' lang='lat' dir='ltr'><strong>in</strong></span> <span class='ocrx_word' id='word_1_231' title='bbox 928 1775 1275 1830; x_wconf 87' lang='lat' dir='ltr'><strong>Collectione</strong></span> <span class='ocrx_word' id='word_1_232' title='bbox 1304 1773 1618 1842; x_wconf 85' lang='lat' dir='ltr'><strong>Canonum,</strong></span> <span class='ocrx_word' id='word_1_233' title='bbox 1647 1786 1815 1842; x_wconf 86' lang='lat' dir='ltr'><strong>quam</strong></span> <span class='ocrx_word' id='word_1_234' title='bbox 1853 1757 1902 1816; x_wconf 83' lang='grc' dir='ltr'>Β</span> <span class='ocrx_word' id='word_1_235' title='bbox 1927 1779 2228 1834; x_wconf 89' lang='lat' dir='ltr'><strong>Chronicis</strong></span> <span class='ocrx_word' id='word_1_236' title='bbox 2246 1781 2517 1836; x_wconf 87' lang='lat' dir='ltr'><strong>Richardi</strong></span> <span class='ocrx_word' id='word_1_237' title='bbox 2543 1784 2802 1838; x_wconf 84' lang='lat' dir='ltr'><strong>monachi</strong></span> <span class='ocrx_word' id='word_1_238' title='bbox 2825 1757 3242 1854; x_wconf 78' lang='lat' dir='ltr'><strong>Cluniacensis,</strong></span> <span class='ocrx_word' id='word_1_239' title='bbox 3272 1757 3298 1838; x_wconf 55' lang='grc' dir='ltr'>ἐ</span> <span class='ocrx_word' id='word_1_240' title='bbox 3322 1795 3430 1843; x_wconf 84' lang='lat' dir='ltr'><strong>etc.</strong></span> <span class='ocrx_word' id='word_1_241' title='bbox 3453 1791 3580 1844; x_wconf 74' lang='lat' dir='ltr'><strong>Haec</strong></span> 
     </span>
    </p>
   </div>
   <div class='ocr_carea' id='block_1_35' title="bbox 147 1858 1817 1933">
    <p class='ocr_par' dir='ltr' id='par_1_35' title="bbox 147 1858 1817 1933">
     <span class='ocr_line' id='line_1_35' title="bbox 147 1858 1817 1933; baseline -0.004 -10"><span class='ocrx_word' id='word_1_242' title='bbox 147 1867 375 1924; x_wconf 77' lang='lat' dir='ltr'><strong>Victori</strong></span> <span class='ocrx_word' id='word_1_243' title='bbox 422 1868 498 1921; x_wconf 85' lang='lat' dir='ltr'><strong>III</strong></span> <span class='ocrx_word' id='word_1_244' title='bbox 531 1865 899 1933; x_wconf 82' lang='lat' dir='ltr'><strong>nuncupavit,</strong></span> <span class='ocrx_word' id='word_1_245' title='bbox 957 1863 1058 1918; x_wconf 88' lang='lat' dir='ltr'><strong>lib.</strong></span> <span class='ocrx_word' id='word_1_246' title='bbox 1105 1877 1164 1928; x_wconf 88' lang='lat' dir='ltr'><strong>ll,</strong></span> <span class='ocrx_word' id='word_1_247' title='bbox 1201 1877 1357 1918; x_wconf 91' lang='lat' dir='ltr'><strong>num.</strong></span> <span class='ocrx_word' id='word_1_248' title='bbox 1413 1858 1504 1932; x_wconf 82' lang='grc'><strong>75,</strong></span> <span class='ocrx_word' id='word_1_249' title='bbox 1554 1862 1718 1931; x_wconf 87' lang='lat' dir='ltr'><strong>plura</strong></span> <span class='ocrx_word' id='word_1_250' title='bbox 1746 1863 1817 1917; x_wconf 94' lang='lat' dir='ltr'><strong>de</strong></span> 
     </span>
    </p>
   </div>
   <div class='ocr_carea' id='block_1_36' title="bbox 147 1950 1816 2025">
    <p class='ocr_par' dir='ltr' id='par_1_36' title="bbox 147 1950 1816 2025">
     <span class='ocr_line' id='line_1_36' title="bbox 147 1950 1816 2025; baseline -0.005 -11"><span class='ocrx_word' id='word_1_251' title='bbox 147 1960 385 2014; x_wconf 89' lang='lat' dir='ltr'><strong>Conone</strong></span> <span class='ocrx_word' id='word_1_252' title='bbox 426 1969 574 2025; x_wconf 89' lang='lat' dir='ltr'><strong>papa</strong></span> <span class='ocrx_word' id='word_1_253' title='bbox 603 1954 745 2010; x_wconf 89' lang='lat' dir='ltr'><strong>citat</strong></span> <span class='ocrx_word' id='word_1_254' title='bbox 792 1969 859 2008; x_wconf 77' lang='lat' dir='ltr'><strong>ea:</strong></span> <span class='ocrx_word' id='word_1_255' title='bbox 882 1955 1116 2006; x_wconf 82' lang='lat' dir='ltr'><strong>Romano</strong></span> <span class='ocrx_word' id='word_1_256' title='bbox 1145 1952 1486 2020; x_wconf 84' lang='lat' dir='ltr'><strong>Ponttﬁeali:</strong></span> <span class='ocrx_word' id='word_1_257' title='bbox 1517 1950 1614 2006; x_wconf 89' lang='lat' dir='ltr'><strong>ubi</strong></span> <span class='ocrx_word' id='word_1_258' title='bbox 1649 1951 1816 2006; x_wconf 90' lang='lat' dir='ltr'><strong>Liber</strong></span> 
     </span>
    </p>
   </div>
   <div class='ocr_carea' id='block_1_37' title="bbox 151 2039 1818 2110">
    <p class='ocr_par' dir='ltr' id='par_1_37' title="bbox 151 2039 1818 2110">
     <span class='ocr_line' id='line_1_37' title="bbox 151 2039 1818 2110; baseline -0.004 -9"><span class='ocrx_word' id='word_1_259' title='bbox 151 2045 521 2101; x_wconf 86' lang='lat' dir='ltr'><strong>Pontiﬁcalis</strong></span> <span class='ocrx_word' id='word_1_260' title='bbox 551 2048 786 2098; x_wconf 86' lang='lat' dir='ltr'><strong>vocatur</strong></span> <span class='ocrx_word' id='word_1_261' title='bbox 815 2042 1122 2104; x_wconf 85' lang='lat' dir='ltr'><strong>Romanus,</strong></span> <span class='ocrx_word' id='word_1_262' title='bbox 1163 2041 1297 2110; x_wconf 89' lang='lat' dir='ltr'><strong>quia</strong></span> <span class='ocrx_word' id='word_1_263' title='bbox 1336 2041 1394 2094; x_wconf 89' lang='lat' dir='ltr'><strong>in</strong></span> <span class='ocrx_word' id='word_1_264' title='bbox 1423 2053 1487 2094; x_wconf 90' lang='lat' dir='ltr'><strong>eo</strong></span> <span class='ocrx_word' id='word_1_265' title='bbox 1525 2039 1818 2094; x_wconf 82' lang='lat' dir='ltr'><strong>Romano-</strong></span> 
     </span>
    </p>
   </div>
   <div class='ocr_carea' id='block_1_38' title="bbox 150 2129 1819 2203">
    <p class='ocr_par' dir='ltr' id='par_1_38' title="bbox 150 2129 1819 2203">
     <span class='ocr_line' id='line_1_38' title="bbox 150 2129 1819 2203; baseline -0.004 -15"><span class='ocrx_word' id='word_1_266' title='bbox 150 2150 279 2190; x_wconf 86' lang='lat' dir='ltr'><strong>rum</strong></span> <span class='ocrx_word' id='word_1_267' title='bbox 317 2131 662 2203; x_wconf 89' lang='lat' dir='ltr'><strong>pontiﬁcum</strong></span> <span class='ocrx_word' id='word_1_268' title='bbox 702 2136 828 2184; x_wconf 90' lang='lat' dir='ltr'><strong>acta</strong></span> <span class='ocrx_word' id='word_1_269' title='bbox 862 2129 1248 2191; x_wconf 86' lang='lat' dir='ltr'><strong>continentur,</strong></span> <span class='ocrx_word' id='word_1_270' title='bbox 1286 2143 1413 2198; x_wconf 65' lang='lat' dir='ltr'><strong>quae</strong></span> <span class='ocrx_word' id='word_1_271' title='bbox 1453 2133 1638 2183; x_wconf 90' lang='lat' dir='ltr'><strong>tamen</strong></span> <span class='ocrx_word' id='word_1_272' title='bbox 1667 2142 1819 2197; x_wconf 66' lang='lat' dir='ltr'><strong>prae-</strong></span> 
     </span>
    </p>
   </div>
   <div class='ocr_carea' id='block_1_39' title="bbox 154 2215 1817 2282">
    <p class='ocr_par' dir='ltr' id='par_1_39' title="bbox 154 2215 1817 2282">
     <span class='ocr_line' id='line_1_39' title="bbox 154 2215 1817 2282; baseline -0.005 -3"><span class='ocrx_word' id='word_1_273' title='bbox 154 2223 308 2279; x_wconf 83' lang='lat' dir='ltr'><strong>fatus</strong></span> <span class='ocrx_word' id='word_1_274' title='bbox 335 2221 663 2277; x_wconf 89' lang='lat' dir='ltr'><strong>cardinalis</strong></span> <span class='ocrx_word' id='word_1_275' title='bbox 688 2221 813 2274; x_wconf 91' lang='lat' dir='ltr'><strong>sine</strong></span> <span class='ocrx_word' id='word_1_276' title='bbox 844 2219 964 2274; x_wconf 92' lang='lat' dir='ltr'><strong>ullo</strong></span> <span class='ocrx_word' id='word_1_277' title='bbox 990 2219 1243 2274; x_wconf 88' lang='lat' dir='ltr'><strong>auctoris</strong></span> <span class='ocrx_word' id='word_1_278' title='bbox 1267 2217 1497 2272; x_wconf 89' lang='lat' dir='ltr'><strong>nomine</strong></span> <span class='ocrx_word' id='word_1_279' title='bbox 1528 2215 1716 2282; x_wconf 87' lang='lat' dir='ltr'><strong>refert,</strong></span> <span class='ocrx_word' id='word_1_280' title='bbox 1752 2229 1817 2271; x_wconf 91' lang='lat' dir='ltr'><strong>eo</strong></span> 
     </span>
    </p>
   </div>
   <div class='ocr_carea' id='block_1_40' title="bbox 157 2305 1821 2382">
    <p class='ocr_par' dir='ltr' id='par_1_40' title="bbox 157 2305 1821 2382">
     <span class='ocr_line' id='line_1_40' title="bbox 157 2305 1821 2382; baseline -0.004 -15"><span class='ocrx_word' id='word_1_281' title='bbox 157 2313 300 2382; x_wconf 85' lang='lat' dir='ltr'><strong>quod</strong></span> <span class='ocrx_word' id='word_1_282' title='bbox 328 2311 489 2366; x_wconf 88' lang='lat' dir='ltr'><strong>liber</strong></span> <span class='ocrx_word' id='word_1_283' title='bbox 508 2310 607 2364; x_wconf 91' lang='lat' dir='ltr'><strong>ille</strong></span> <span class='ocrx_word' id='word_1_284' title='bbox 627 2307 980 2376; x_wconf 89' lang='lat' dir='ltr'><strong>temporibus</strong></span> <span class='ocrx_word' id='word_1_285' title='bbox 1003 2307 1128 2362; x_wconf 89' lang='lat' dir='ltr'><strong>suis</strong></span> <span class='ocrx_word' id='word_1_286' title='bbox 1149 2307 1295 2360; x_wconf 92' lang='lat' dir='ltr'><strong>nulli</strong></span> <span class='ocrx_word' id='word_1_287' title='bbox 1319 2305 1540 2362; x_wconf 87' lang='lat' dir='ltr'><strong>auctori</strong></span> <span class='ocrx_word' id='word_1_288' title='bbox 1563 2306 1821 2361; x_wconf 80' lang='lat' dir='ltr'><strong>tributus</strong></span> 
     </span>
    </p>
   </div>
   <div class='ocr_carea' id='block_1_41' title="bbox 154 2394 1822 2463">
    <p class='ocr_par' dir='ltr' id='par_1_41' title="bbox 154 2394 1822 2463">
     <span class='ocr_line' id='line_1_41' title="bbox 154 2394 1822 2463; baseline -0.004 -8"><span class='ocrx_word' id='word_1_289' title='bbox 154 2407 318 2455; x_wconf 88' lang='lat' dir='ltr'><strong>esset.</strong></span> <span class='ocrx_word' id='word_1_290' title='bbox 369 2400 526 2454; x_wconf 89' lang='lat' dir='ltr'><strong>Idem</strong></span> <span class='ocrx_word' id='word_1_291' title='bbox 581 2403 805 2452; x_wconf 89' lang='lat' dir='ltr'><strong>constat</strong></span> <span class='ocrx_word' id='word_1_292' title='bbox 851 2409 916 2451; x_wconf 85' lang='lat' dir='ltr'><strong>ex</strong></span> <span class='ocrx_word' id='word_1_293' title='bbox 964 2397 1130 2450; x_wconf 90' lang='lat' dir='ltr'><strong>lvone</strong></span> <span class='ocrx_word' id='word_1_294' title='bbox 1170 2394 1502 2449; x_wconf 86' lang='lat' dir='ltr'><strong>Carnotensi</strong></span> <span class='ocrx_word' id='word_1_295' title='bbox 1554 2395 1822 2463; x_wconf 92' lang='lat' dir='ltr'><strong>episcopo</strong></span> 
     </span>
    </p>
   </div>
   <div class='ocr_carea' id='block_1_42' title="bbox 157 2481 1824 2558">
    <p class='ocr_par' dir='ltr' id='par_1_42' title="bbox 157 2481 1824 2558">
     <span class='ocr_line' id='line_1_42' title="bbox 157 2481 1824 2558; baseline -0.005 -14"><span class='ocrx_word' id='word_1_296' title='bbox 157 2495 296 2558; x_wconf 86' lang='lat' dir='ltr'><strong>part.</strong></span> <span class='ocrx_word' id='word_1_297' title='bbox 346 2502 425 2554; x_wconf 81' lang='lat' dir='ltr'><strong>IV,</strong></span> <span class='ocrx_word' id='word_1_298' title='bbox 474 2499 596 2555; x_wconf 87' lang='lat' dir='ltr'><strong>cap.</strong></span> <span class='ocrx_word' id='word_1_299' title='bbox 628 2481 719 2553; x_wconf 87' lang='lat'><strong>79,</strong></span> <span class='ocrx_word' id='word_1_300' title='bbox 749 2484 848 2539; x_wconf 92' lang='lat' dir='ltr'><strong>ubi</strong></span> <span class='ocrx_word' id='word_1_301' title='bbox 883 2483 1048 2538; x_wconf 92' lang='lat' dir='ltr'><strong>habet</strong></span> <span class='ocrx_word' id='word_1_302' title='bbox 1080 2504 1105 2534; x_wconf 79' lang='grc' dir='ltr'>α</span> <span class='ocrx_word' id='word_1_303' title='bbox 1137 2483 1396 2553; x_wconf 79' lang='lat' dir='ltr'><strong>Sergium</strong></span> <span class='ocrx_word' id='word_1_304' title='bbox 1430 2496 1649 2552; x_wconf 90' lang='lat' dir='ltr'><strong>papam,</strong></span> <span class='ocrx_word' id='word_1_305' title='bbox 1685 2495 1824 2552; x_wconf 90' lang='lat' dir='ltr'><strong>pro-</strong></span> 
     </span>
    </p>
   </div>
   <div class='ocr_carea' id='block_1_43' title="bbox 161 2571 1821 2647">
    <p class='ocr_par' dir='ltr' id='par_1_43' title="bbox 161 2571 1821 2647">
     <span class='ocr_line' id='line_1_43' title="bbox 161 2571 1821 2647; baseline -0.005 -14"><span class='ocrx_word' id='word_1_306' title='bbox 161 2587 274 2647; x_wconf 85' lang='lat' dir='ltr'><strong>pter</strong></span> <span class='ocrx_word' id='word_1_307' title='bbox 327 2575 601 2646; x_wconf 69' lang='lat' dir='ltr'><strong>quaedam</strong></span> <span class='ocrx_word' id='word_1_308' title='bbox 641 2571 894 2640; x_wconf 88' lang='lat' dir='ltr'><strong>capitula</strong></span> <span class='ocrx_word' id='word_1_309' title='bbox 940 2577 1099 2626; x_wconf 85' lang='lat' dir='ltr'><strong>extra</strong></span> <span class='ocrx_word' id='word_1_310' title='bbox 1147 2572 1324 2626; x_wconf 89' lang='lat' dir='ltr'><strong>ritum</strong></span> <span class='ocrx_word' id='word_1_311' title='bbox 1368 2572 1821 2626; x_wconf 90' lang='lat' dir='ltr'><strong>ecclesiasticum</strong></span> 
     </span>
    </p>
   </div>
   <div class='ocr_carea' id='block_1_44' title="bbox 160 2660 1823 2732">
    <p class='ocr_par' dir='ltr' id='par_1_44' title="bbox 160 2660 1823 2732">
     <span class='ocr_line' id='line_1_44' title="bbox 160 2660 1823 2732; baseline -0.004 -12"><span class='ocrx_word' id='word_1_312' title='bbox 160 2678 400 2732; x_wconf 79' lang='lat' dir='ltr'><strong>annexa,</strong></span> <span class='ocrx_word' id='word_1_313' title='bbox 425 2677 542 2718; x_wconf 92' lang='lat' dir='ltr'><strong>non</strong></span> <span class='ocrx_word' id='word_1_314' title='bbox 566 2661 982 2728; x_wconf 87' lang='lat' dir='ltr'><strong>subscripsisse</strong></span> <span class='ocrx_word' id='word_1_315' title='bbox 1003 2661 1238 2730; x_wconf 91' lang='lat' dir='ltr'><strong>synodo,</strong></span> <span class='ocrx_word' id='word_1_316' title='bbox 1263 2674 1432 2730; x_wconf 90' lang='lat' dir='ltr'><strong>quam</strong></span> <span class='ocrx_word' id='word_1_317' title='bbox 1457 2660 1823 2714; x_wconf 88' lang='lat' dir='ltr'><strong>Justinianus</strong></span> 
     </span>
    </p>
   </div>
   <div class='ocr_carea' id='block_1_45' title="bbox 158 2747 1824 2822">
    <p class='ocr_par' dir='ltr' id='par_1_45' title="bbox 158 2747 1824 2822">
     <span class='ocr_line' id='line_1_45' title="bbox 158 2747 1824 2822; baseline -0.004 -15"><span class='ocrx_word' id='word_1_318' title='bbox 158 2755 480 2822; x_wconf 88' lang='lat' dir='ltr'><strong>imperator</strong></span> <span class='ocrx_word' id='word_1_319' title='bbox 514 2751 574 2805; x_wconf 90' lang='lat' dir='ltr'><strong>in</strong></span> <span class='ocrx_word' id='word_1_320' title='bbox 603 2750 758 2819; x_wconf 80' lang='lat' dir='ltr'><strong>regia</strong></span> <span class='ocrx_word' id='word_1_321' title='bbox 792 2748 931 2804; x_wconf 88' lang='lat' dir='ltr'><strong>urbe</strong></span> <span class='ocrx_word' id='word_1_322' title='bbox 958 2748 1282 2819; x_wconf 83' lang='lat' dir='ltr'><strong>collegerat.</strong></span> <span class='ocrx_word' id='word_1_323' title='bbox 1311 2750 1390 2803; x_wconf 84' lang='lat' dir='ltr'><strong>Ex</strong></span> <span class='ocrx_word' id='word_1_324' title='bbox 1419 2747 1587 2803; x_wconf 92' lang='lat' dir='ltr'><strong>Libro</strong></span> <span class='ocrx_word' id='word_1_325' title='bbox 1619 2747 1824 2802; x_wconf 92' lang='lat' dir='ltr'><strong>Ponti-</strong></span> 
     </span>
    </p>
   </div>
   <div class='ocr_carea' id='block_1_46' title="bbox 161 2833 1823 2906">
    <p class='ocr_par' dir='ltr' id='par_1_46' title="bbox 161 2833 1823 2906">
     <span class='ocr_line' id='line_1_46' title="bbox 161 2833 1823 2906; baseline -0.004 -12"><span class='ocrx_word' id='word_1_326' title='bbox 161 2841 330 2896; x_wconf 87' lang='lat' dir='ltr'><strong>ﬁcali.</strong></span> <span class='ocrx_word' id='word_1_327' title='bbox 364 2859 394 2889; x_wconf 72' lang='grc' dir='ltr'><strong>ιι</strong></span> <span class='ocrx_word' id='word_1_328' title='bbox 425 2840 512 2894; x_wconf 80' lang='lat' dir='ltr'><strong>Ex</strong></span> <span class='ocrx_word' id='word_1_329' title='bbox 540 2851 664 2906; x_wconf 85' lang='lat' dir='ltr'><strong>cap.</strong></span> <span class='ocrx_word' id='word_1_330' title='bbox 693 2833 797 2891; x_wconf 63' lang='lat'><strong>94:</strong></span> <span class='ocrx_word' id='word_1_331' title='bbox 841 2837 906 2890; x_wconf 88' lang='lat' dir='ltr'><strong>de</strong></span> <span class='ocrx_word' id='word_1_332' title='bbox 946 2837 1102 2890; x_wconf 79' lang='lat' dir='ltr'><strong>libris</strong></span> <span class='ocrx_word' id='word_1_333' title='bbox 1137 2835 1346 2890; x_wconf 86' lang='lat' dir='ltr'><strong>Gelasii</strong></span> <span class='ocrx_word' id='word_1_334' title='bbox 1374 2852 1440 2890; x_wconf 78' lang='lat' dir='ltr'><strong>ea:</strong></span> <span class='ocrx_word' id='word_1_335' title='bbox 1468 2836 1631 2889; x_wconf 85' lang='lat' dir='ltr'><strong>Libro</strong></span> <span class='ocrx_word' id='word_1_336' title='bbox 1672 2837 1823 2889; x_wconf 84' lang='lat' dir='ltr'><strong>Pon—</strong></span> 
     </span>
    </p>
   </div>
   <div class='ocr_carea' id='block_1_47' title="bbox 163 2923 1823 2998">
    <p class='ocr_par' dir='ltr' id='par_1_47' title="bbox 163 2923 1823 2998">
     <span class='ocr_line' id='line_1_47' title="bbox 163 2923 1823 2998; baseline -0.002 -16"><span class='ocrx_word' id='word_1_337' title='bbox 163 2931 370 2998; x_wconf 77' lang='lat' dir='ltr'><strong>tiﬁcali.</strong></span> <span class='ocrx_word' id='word_1_338' title='bbox 434 2930 520 2982; x_wconf 82' lang='lat' dir='ltr'><strong>Ex</strong></span> <span class='ocrx_word' id='word_1_339' title='bbox 575 2941 698 2996; x_wconf 87' lang='lat' dir='ltr'><strong>cap.</strong></span> <span class='ocrx_word' id='word_1_340' title='bbox 751 2923 870 2980; x_wconf 71' lang='grc'>424.</span> <span class='ocrx_word' id='word_1_341' title='bbox 921 2928 1053 2980; x_wconf 82' lang='lat' dir='ltr'><strong>Item</strong></span> <span class='ocrx_word' id='word_1_342' title='bbox 1100 2927 1164 2979; x_wconf 89' lang='lat' dir='ltr'><strong>de</strong></span> <span class='ocrx_word' id='word_1_343' title='bbox 1212 2929 1612 2994; x_wconf 78' lang='lat' dir='ltr'><strong>conﬁrmatione</strong></span> <span class='ocrx_word' id='word_1_344' title='bbox 1658 2930 1823 2980; x_wconf 68' lang='lat' dir='ltr'><strong>semtz</strong></span> 
     </span>
    </p>
   </div>
   <div class='ocr_carea' id='block_1_48' title="bbox 166 3014 1823 3086">
    <p class='ocr_par' dir='ltr' id='par_1_48' title="bbox 166 3014 1823 3086">
     <span class='ocr_line' id='line_1_48' title="bbox 166 3014 1823 3086; baseline -0.002 -14"><span class='ocrx_word' id='word_1_345' title='bbox 166 3019 380 3086; x_wconf 81' lang='lat' dir='ltr'><strong>synodi.</strong></span> <span class='ocrx_word' id='word_1_346' title='bbox 419 3033 495 3070; x_wconf 72' lang='lat' dir='ltr'><strong>ea:</strong></span> <span class='ocrx_word' id='word_1_347' title='bbox 523 3017 686 3070; x_wconf 83' lang='lat' dir='ltr'><strong>Libro</strong></span> <span class='ocrx_word' id='word_1_348' title='bbox 733 3015 1039 3084; x_wconf 79' lang='lat' dir='ltr'><strong>Pontiﬁcali</strong></span> <span class='ocrx_word' id='word_1_349' title='bbox 1091 3015 1241 3069; x_wconf 91' lang='lat' dir='ltr'><strong>Idem</strong></span> <span class='ocrx_word' id='word_1_350' title='bbox 1276 3014 1441 3082; x_wconf 84' lang='lat' dir='ltr'><strong>plane</strong></span> <span class='ocrx_word' id='word_1_351' title='bbox 1471 3014 1823 3070; x_wconf 87' lang='lat' dir='ltr'><strong>Romualdus</strong></span> 
     </span>
    </p>
   </div>
   <div class='ocr_carea' id='block_1_49' title="bbox 169 3103 1819 3172">
    <p class='ocr_par' dir='ltr' id='par_1_49' title="bbox 169 3103 1819 3172">
     <span class='ocr_line' id='line_1_49' title="bbox 169 3103 1819 3172; baseline -0.004 -9"><span class='ocrx_word' id='word_1_352' title='bbox 169 3108 572 3163; x_wconf 86' lang='lat' dir='ltr'><strong>Salernitanus</strong></span> <span class='ocrx_word' id='word_1_353' title='bbox 594 3104 1062 3172; x_wconf 89' lang='lat' dir='ltr'><strong>archiepiscopus</strong></span> <span class='ocrx_word' id='word_1_354' title='bbox 1091 3104 1150 3157; x_wconf 92' lang='lat' dir='ltr'><strong>in</strong></span> <span class='ocrx_word' id='word_1_355' title='bbox 1173 3103 1425 3158; x_wconf 86' lang='lat' dir='ltr'><strong>Historia</strong></span> <span class='ocrx_word' id='word_1_356' title='bbox 1449 3117 1551 3156; x_wconf 91' lang='lat' dir='ltr'><strong>ms.</strong></span> <span class='ocrx_word' id='word_1_357' title='bbox 1589 3103 1819 3157; x_wconf 90' lang='lat' dir='ltr'><strong>Librum</strong></span> 
     </span>
    </p>
   </div>
   <div class='ocr_carea' id='block_1_50' title="bbox 173 3191 1825 3262">
    <p class='ocr_par' dir='ltr' id='par_1_50' title="bbox 173 3191 1825 3262">
     <span class='ocr_line' id='line_1_50' title="bbox 173 3191 1825 3262; baseline -0.002 -12"><span class='ocrx_word' id='word_1_358' title='bbox 173 3196 560 3252; x_wconf 88' lang='lat' dir='ltr'><strong>Pontiﬁcalem</strong></span> <span class='ocrx_word' id='word_1_359' title='bbox 605 3193 695 3248; x_wconf 91' lang='lat' dir='ltr'><strong>his</strong></span> <span class='ocrx_word' id='word_1_360' title='bbox 731 3191 923 3247; x_wconf 85' lang='lat' dir='ltr'><strong>verbis</strong></span> <span class='ocrx_word' id='word_1_361' title='bbox 952 3193 1176 3247; x_wconf 91' lang='lat' dir='ltr'><strong>citans:</strong></span> <span class='ocrx_word' id='word_1_362' title='bbox 1228 3193 1332 3246; x_wconf 86' lang='lat' dir='ltr'><strong>Hic</strong></span> <span class='ocrx_word' id='word_1_363' title='bbox 1372 3192 1520 3247; x_wconf 90' lang='lat' dir='ltr'><strong>idem</strong></span> <span class='ocrx_word' id='word_1_364' title='bbox 1564 3191 1693 3260; x_wconf 88' lang='lat' dir='ltr'><strong>(Leo</strong></span> <span class='ocrx_word' id='word_1_365' title='bbox 1741 3191 1825 3262; x_wconf 87' lang='lat' dir='ltr'><strong>IV)</strong></span> 
     </span>
    </p>
   </div>
   <div class='ocr_carea' id='block_1_51' title="bbox 171 3279 1818 3350">
    <p class='ocr_par' dir='ltr' id='par_1_51' title="bbox 171 3279 1818 3350">
     <span class='ocr_line' id='line_1_51' title="bbox 171 3279 1818 3350; baseline -0.004 -12"><span class='ocrx_word' id='word_1_366' title='bbox 171 3291 223 3338; x_wconf 85' lang='lat' dir='ltr'><strong>ut</strong></span> <span class='ocrx_word' id='word_1_367' title='bbox 252 3288 312 3337; x_wconf 83' lang='lat' dir='ltr'><strong>in</strong></span> <span class='ocrx_word' id='word_1_368' title='bbox 345 3283 662 3350; x_wconf 73' lang='lat' dir='ltr'><strong>Pontiﬁcali</strong></span> <span class='ocrx_word' id='word_1_369' title='bbox 693 3283 910 3349; x_wconf 82' lang='lat' dir='ltr'><strong>legitur,</strong></span> <span class='ocrx_word' id='word_1_370' title='bbox 943 3280 1230 3336; x_wconf 91' lang='lat' dir='ltr'><strong>invidiose</strong></span> <span class='ocrx_word' id='word_1_371' title='bbox 1261 3293 1434 3349; x_wconf 91' lang='lat' dir='ltr'><strong>super</strong></span> <span class='ocrx_word' id='word_1_372' title='bbox 1477 3279 1818 3349; x_wconf 87' lang='lat' dir='ltr'><strong>quibusdam</strong></span> 
     </span>
    </p>
   </div>
   <div class='ocr_carea' id='block_1_52' title="bbox 168 3369 1826 3439">
    <p class='ocr_par' dir='ltr' id='par_1_52' title="bbox 168 3369 1826 3439">
     <span class='ocr_line' id='line_1_52' title="bbox 168 3369 1826 3439; baseline -0.003 -11"><span class='ocrx_word' id='word_1_373' title='bbox 168 3372 523 3428; x_wconf 85' lang='lat' dir='ltr'><strong>criminibus</strong></span> <span class='ocrx_word' id='word_1_374' title='bbox 558 3369 818 3436; x_wconf 88' lang='lat' dir='ltr'><strong>pulsatus</strong></span> <span class='ocrx_word' id='word_1_375' title='bbox 857 3369 1133 3438; x_wconf 85' lang='lat' dir='ltr'><strong>synodum</strong></span> <span class='ocrx_word' id='word_1_376' title='bbox 1173 3369 1556 3439; x_wconf 82' lang='lat' dir='ltr'><strong>congregavit,</strong></span> <span class='ocrx_word' id='word_1_377' title='bbox 1605 3373 1662 3423; x_wconf 92' lang='lat' dir='ltr'><strong>et</strong></span> <span class='ocrx_word' id='word_1_378' title='bbox 1705 3381 1826 3423; x_wconf 91' lang='lat' dir='ltr'><strong>sese</strong></span> 
     </span>
    </p>
   </div>
   <div class='ocr_carea' id='block_1_53' title="bbox 165 3455 1824 3529">
    <p class='ocr_par' dir='ltr' id='par_1_53' title="bbox 165 3455 1824 3529">
     <span class='ocr_line' id='line_1_53' title="bbox 165 3455 1824 3529; baseline -0.002 -14"><span class='ocrx_word' id='word_1_379' title='bbox 165 3463 494 3529; x_wconf 87' lang='lat' dir='ltr'><strong>juramento</strong></span> <span class='ocrx_word' id='word_1_380' title='bbox 521 3458 822 3514; x_wconf 80' lang='lat' dir='ltr'><strong>innoxium</strong></span> <span class='ocrx_word' id='word_1_381' title='bbox 841 3458 1269 3512; x_wconf 90' lang='lat' dir='ltr'><strong>demonstravit.</strong></span> <span class='ocrx_word' id='word_1_382' title='bbox 1291 3457 1499 3512; x_wconf 88' lang='lat' dir='ltr'><strong>Eodem</strong></span> <span class='ocrx_word' id='word_1_383' title='bbox 1523 3455 1639 3511; x_wconf 85' lang='lat' dir='ltr'><strong>fere</strong></span> <span class='ocrx_word' id='word_1_384' title='bbox 1661 3457 1824 3512; x_wconf 93' lang='lat' dir='ltr'><strong>modo</strong></span> 
     </span>
    </p>
   </div>
   <div class='ocr_carea' id='block_1_54' title="bbox 171 3545 1826 3615">
    <p class='ocr_par' dir='ltr' id='par_1_54' title="bbox 171 3545 1826 3615">
     <span class='ocr_line' id='line_1_54' title="bbox 171 3545 1826 3615; baseline -0.002 -12"><span class='ocrx_word' id='word_1_385' title='bbox 171 3549 436 3604; x_wconf 88' lang='lat' dir='ltr'><strong>intitulat</strong></span> <span class='ocrx_word' id='word_1_386' title='bbox 465 3547 679 3602; x_wconf 90' lang='lat' dir='ltr'><strong>librum</strong></span> <span class='ocrx_word' id='word_1_387' title='bbox 702 3547 865 3601; x_wconf 90' lang='lat' dir='ltr'><strong>illum</strong></span> <span class='ocrx_word' id='word_1_388' title='bbox 896 3545 1182 3601; x_wconf 89' lang='lat' dir='ltr'><strong>Laborans</strong></span> <span class='ocrx_word' id='word_1_389' title='bbox 1197 3545 1532 3614; x_wconf 89' lang='lat' dir='ltr'><strong>cardinalis,</strong></span> <span class='ocrx_word' id='word_1_390' title='bbox 1559 3546 1659 3615; x_wconf 91' lang='lat' dir='ltr'><strong>qui</strong></span> <span class='ocrx_word' id='word_1_391' title='bbox 1678 3559 1826 3600; x_wconf 91' lang='lat' dir='ltr'><strong>anno</strong></span> 
     </span>
    </p>
   </div>
   <div class='ocr_carea' id='block_1_55' title="bbox 167 3635 1824 3704">
    <p class='ocr_par' dir='ltr' id='par_1_55' title="bbox 167 3635 1824 3704">
     <span class='ocr_line' id='line_1_55' title="bbox 167 3635 1824 3704; baseline -0.003 -12"><span class='ocrx_word' id='word_1_392' title='bbox 167 3637 310 3694; x_wconf 72' lang='grc'><strong>4182</strong></span> <span class='ocrx_word' id='word_1_393' title='bbox 359 3637 623 3704; x_wconf 90' lang='lat' dir='ltr'><strong>scripsit,</strong></span> <span class='ocrx_word' id='word_1_394' title='bbox 684 3642 750 3690; x_wconf 90' lang='lat' dir='ltr'><strong>ut</strong></span> <span class='ocrx_word' id='word_1_395' title='bbox 785 3647 854 3690; x_wconf 82' lang='lat' dir='ltr'><strong>ex</strong></span> <span class='ocrx_word' id='word_1_396' title='bbox 901 3635 1025 3703; x_wconf 87' lang='lat' dir='ltr'><strong>ejus</strong></span> <span class='ocrx_word' id='word_1_397' title='bbox 1081 3635 1509 3704; x_wconf 89' lang='lat' dir='ltr'><strong>compilatione,</strong></span> <span class='ocrx_word' id='word_1_398' title='bbox 1555 3649 1681 3703; x_wconf 74' lang='lat' dir='ltr'><strong>quae</strong></span> <span class='ocrx_word' id='word_1_399' title='bbox 1721 3648 1824 3688; x_wconf 92' lang='lat' dir='ltr'><strong>ms.</strong></span> 
     </span>
    </p>
   </div>
   <div class='ocr_carea' id='block_1_56' title="bbox 172 3723 1824 3793">
    <p class='ocr_par' dir='ltr' id='par_1_56' title="bbox 172 3723 1824 3793">
     <span class='ocr_line' id='line_1_56' title="bbox 172 3723 1824 3793; baseline -0.004 -9"><span class='ocrx_word' id='word_1_400' title='bbox 172 3732 231 3784; x_wconf 90' lang='lat' dir='ltr'><strong>in</strong></span> <span class='ocrx_word' id='word_1_401' title='bbox 244 3728 482 3783; x_wconf 86' lang='lat' dir='ltr'><strong>archivo</strong></span> <span class='ocrx_word' id='word_1_402' title='bbox 496 3725 754 3781; x_wconf 77' lang='lat' dir='ltr'><strong>basilicae</strong></span> <span class='ocrx_word' id='word_1_403' title='bbox 768 3724 820 3778; x_wconf 91' lang='lat' dir='ltr'><strong>S.</strong></span> <span class='ocrx_word' id='word_1_404' title='bbox 844 3724 995 3778; x_wconf 90' lang='lat' dir='ltr'><strong>Petri</strong></span> <span class='ocrx_word' id='word_1_405' title='bbox 1013 3731 1356 3792; x_wconf 89' lang='lat' dir='ltr'><strong>asservatur,</strong></span> <span class='ocrx_word' id='word_1_406' title='bbox 1374 3723 1789 3793; x_wconf 89' lang='lat' dir='ltr'><strong>licetcolligere</strong></span> <span class='ocrx_word' id='word_1_407' title='bbox 1812 3740 1824 3788; x_wconf 90' lang='lat'><strong>;</strong></span> 
     </span>
    </p>
   </div>
   <div class='ocr_carea' id='block_1_57' title="bbox 173 3809 1828 3884">
    <p class='ocr_par' dir='ltr' id='par_1_57' title="bbox 173 3809 1828 3884">
     <span class='ocr_line' id='line_1_57' title="bbox 173 3809 1828 3884; baseline -0.005 -11"><span class='ocrx_word' id='word_1_408' title='bbox 173 3827 332 3884; x_wconf 87' lang='lat' dir='ltr'><strong>parte</strong></span> <span class='ocrx_word' id='word_1_409' title='bbox 356 3817 512 3872; x_wconf 91' lang='lat' dir='ltr'><strong>enim</strong></span> <span class='ocrx_word' id='word_1_410' title='bbox 543 3829 605 3876; x_wconf 77' lang='grc' dir='ltr'>ιι,</span> <span class='ocrx_word' id='word_1_411' title='bbox 639 3826 764 3884; x_wconf 88' lang='lat' dir='ltr'><strong>cap.</strong></span> <span class='ocrx_word' id='word_1_412' title='bbox 800 3809 884 3880; x_wconf 78' lang='grc'><strong>40,</strong></span> <span class='ocrx_word' id='word_1_413' title='bbox 917 3818 973 3866; x_wconf 93' lang='lat' dir='ltr'><strong>et</strong></span> <span class='ocrx_word' id='word_1_414' title='bbox 1012 3818 1168 3878; x_wconf 89' lang='lat' dir='ltr'><strong>parte</strong></span> <span class='ocrx_word' id='word_1_415' title='bbox 1193 3826 1271 3882; x_wconf 75' lang='lat' dir='ltr'><strong>XI,</strong></span> <span class='ocrx_word' id='word_1_416' title='bbox 1305 3826 1427 3881; x_wconf 89' lang='lat' dir='ltr'><strong>cap.</strong></span> <span class='ocrx_word' id='word_1_417' title='bbox 1461 3810 1514 3878; x_wconf 90' lang='lat'><strong>6,</strong></span> <span class='ocrx_word' id='word_1_418' title='bbox 1549 3811 1691 3866; x_wconf 91' lang='lat' dir='ltr'><strong>citat</strong></span> <span class='ocrx_word' id='word_1_419' title='bbox 1720 3811 1828 3866; x_wconf 91' lang='lat' dir='ltr'><strong>ab-</strong></span> 
     </span>
    </p>
   </div>
   <div class='ocr_carea' id='block_1_58' title="bbox 171 3901 1827 3971">
    <p class='ocr_par' dir='ltr' id='par_1_58' title="bbox 171 3901 1827 3971">
     <span class='ocr_line' id='line_1_58' title="bbox 171 3901 1827 3971; baseline -0.006 -9"><span class='ocrx_word' id='word_1_420' title='bbox 171 3907 359 3962; x_wconf 85' lang='lat' dir='ltr'><strong>solute</strong></span> <span class='ocrx_word' id='word_1_421' title='bbox 380 3905 545 3958; x_wconf 84' lang='lat' dir='ltr'><strong>Gesta</strong></span> <span class='ocrx_word' id='word_1_422' title='bbox 566 3905 904 3971; x_wconf 76' lang='lat' dir='ltr'><strong>Pontiﬁcum,</strong></span> <span class='ocrx_word' id='word_1_423' title='bbox 926 3901 1265 3971; x_wconf 91' lang='lat' dir='ltr'><strong>nullumque</strong></span> <span class='ocrx_word' id='word_1_424' title='bbox 1289 3901 1519 3955; x_wconf 91' lang='lat' dir='ltr'><strong>illorum</strong></span> <span class='ocrx_word' id='word_1_425' title='bbox 1541 3905 1827 3971; x_wconf 90' lang='lat' dir='ltr'><strong>gestorum</strong></span> 
     </span>
    </p>
   </div>
   <div class='ocr_carea' id='block_1_59' title="bbox 171 3987 1825 4056">
    <p class='ocr_par' dir='ltr' id='par_1_59' title="bbox 171 3987 1825 4056">
     <span class='ocr_line' id='line_1_59' title="bbox 171 3987 1825 4056; baseline -0.005 -7"><span class='ocrx_word' id='word_1_426' title='bbox 171 4001 463 4049; x_wconf 85' lang='lat' dir='ltr'><strong>auctorem</strong></span> <span class='ocrx_word' id='word_1_427' title='bbox 516 3991 762 4046; x_wconf 88' lang='lat' dir='ltr'><strong>indicat.</strong></span> <span class='ocrx_word' id='word_1_428' title='bbox 819 3991 921 4044; x_wconf 86' lang='lat' dir='ltr'><strong>His</strong></span> <span class='ocrx_word' id='word_1_429' title='bbox 959 3989 1180 4044; x_wconf 89' lang='lat' dir='ltr'><strong>accedit</strong></span> <span class='ocrx_word' id='word_1_430' title='bbox 1217 3988 1539 4043; x_wconf 89' lang='lat' dir='ltr'><strong>Bernardus</strong></span> <span class='ocrx_word' id='word_1_431' title='bbox 1579 3987 1825 4056; x_wconf 90' lang='lat' dir='ltr'><strong>primum</strong></span> 
     </span>
    </p>
   </div>
   <div class='ocr_carea' id='block_1_60' title="bbox 175 4077 1829 4152">
    <p class='ocr_par' dir='ltr' id='par_1_60' title="bbox 175 4077 1829 4152">
     <span class='ocr_line' id='line_1_60' title="bbox 175 4077 1829 4152; baseline -0.004 -16"><span class='ocrx_word' id='word_1_432' title='bbox 175 4083 476 4152; x_wconf 88' lang='lat' dir='ltr'><strong>Papiensis</strong></span> <span class='ocrx_word' id='word_1_433' title='bbox 517 4080 878 4149; x_wconf 74' lang='lat' dir='ltr'><strong>praepositus,</strong></span> <span class='ocrx_word' id='word_1_434' title='bbox 926 4084 1118 4147; x_wconf 89' lang='lat' dir='ltr'><strong>postea</strong></span> <span class='ocrx_word' id='word_1_435' title='bbox 1142 4077 1490 4132; x_wconf 89' lang='lat' dir='ltr'><strong>Faventinus</strong></span> <span class='ocrx_word' id='word_1_436' title='bbox 1526 4077 1829 4146; x_wconf 88' lang='lat' dir='ltr'><strong>episcopus</strong></span> 
     </span>
    </p>
   </div>
   <div class='ocr_carea' id='block_1_61' title="bbox 175 4164 1830 4236">
    <p class='ocr_par' dir='ltr' id='par_1_61' title="bbox 175 4164 1830 4236">
     <span class='ocr_line' id='line_1_61' title="bbox 175 4164 1830 4236; baseline -0.005 -9"><span class='ocrx_word' id='word_1_437' title='bbox 175 4175 231 4227; x_wconf 92' lang='lat' dir='ltr'><strong>in</strong></span> <span class='ocrx_word' id='word_1_438' title='bbox 257 4171 616 4227; x_wconf 90' lang='lat' dir='ltr'><strong>Collectione</strong></span> <span class='ocrx_word' id='word_1_439' title='bbox 641 4167 1042 4234; x_wconf 89' lang='lat' dir='ltr'><strong>Decretalium,</strong></span> <span class='ocrx_word' id='word_1_440' title='bbox 1067 4180 1236 4236; x_wconf 91' lang='lat' dir='ltr'><strong>quam</strong></span> <span class='ocrx_word' id='word_1_441' title='bbox 1264 4166 1548 4221; x_wconf 88' lang='lat' dir='ltr'><strong>Antonius</strong></span> <span class='ocrx_word' id='word_1_442' title='bbox 1563 4164 1830 4236; x_wconf 84' lang='lat' dir='ltr'><strong>Augusti-</strong></span> 
     </span>
    </p>
   </div>
   <div class='ocr_carea' id='block_1_62' title="bbox 174 4253 1829 4324">
    <p class='ocr_par' dir='ltr' id='par_1_62' title="bbox 174 4253 1829 4324">
     <span class='ocr_line' id='line_1_62' title="bbox 174 4253 1829 4324; baseline -0.006 -9"><span class='ocrx_word' id='word_1_443' title='bbox 174 4276 282 4315; x_wconf 90' lang='lat' dir='ltr'><strong>nus</strong></span> <span class='ocrx_word' id='word_1_444' title='bbox 332 4257 784 4313; x_wconf 88' lang='lat' dir='ltr'><strong>Tarraconensis</strong></span> <span class='ocrx_word' id='word_1_445' title='bbox 831 4255 1319 4324; x_wconf 88' lang='lat' dir='ltr'><strong>archiepiscopus,</strong></span> <span class='ocrx_word' id='word_1_446' title='bbox 1371 4254 1523 4308; x_wconf 86' lang='lat' dir='ltr'><strong>inter</strong></span> <span class='ocrx_word' id='word_1_447' title='bbox 1559 4253 1829 4323; x_wconf 84' lang='lat' dir='ltr'><strong>antiquas</strong></span> 
     </span>
    </p>
   </div>
   <div class='ocr_carea' id='block_1_63' title="bbox 173 4342 1828 4413">
    <p class='ocr_par' dir='ltr' id='par_1_63' title="bbox 173 4342 1828 4413">
     <span class='ocr_line' id='line_1_63' title="bbox 173 4342 1828 4413; baseline -0.007 -7"><span class='ocrx_word' id='word_1_448' title='bbox 173 4350 558 4406; x_wconf 85' lang='lat' dir='ltr'><strong>Decretalium</strong></span> <span class='ocrx_word' id='word_1_449' title='bbox 605 4345 982 4401; x_wconf 88' lang='lat' dir='ltr'><strong>Collectiones</strong></span> <span class='ocrx_word' id='word_1_450' title='bbox 1035 4345 1217 4413; x_wconf 89' lang='lat' dir='ltr'><strong>primo</strong></span> <span class='ocrx_word' id='word_1_451' title='bbox 1249 4344 1376 4399; x_wconf 90' lang='lat' dir='ltr'><strong>loco</strong></span> <span class='ocrx_word' id='word_1_452' title='bbox 1418 4343 1638 4398; x_wconf 88' lang='lat' dir='ltr'><strong>edidit:</strong></span> <span class='ocrx_word' id='word_1_453' title='bbox 1677 4342 1828 4396; x_wconf 92' lang='lat' dir='ltr'><strong>libro</strong></span> 
     </span>
    </p>
   </div>
   <div class='ocr_carea' id='block_1_64' title="bbox 1928 1869 3586 1941">
    <p class='ocr_par' dir='ltr' id='par_1_64' title="bbox 1928 1869 3586 1941">
     <span class='ocr_line' id='line_1_64' title="bbox 1928 1869 3586 1941; baseline 0.008 -19"><span class='ocrx_word' id='word_1_454' title='bbox 1928 1869 2214 1925; x_wconf 88' lang='lat' dir='ltr'><strong>Martinus</strong></span> <span class='ocrx_word' id='word_1_455' title='bbox 2237 1870 2503 1940; x_wconf 88' lang='lat' dir='ltr'><strong>Polonus,</strong></span> <span class='ocrx_word' id='word_1_456' title='bbox 2533 1872 2632 1941; x_wconf 90' lang='lat' dir='ltr'><strong>qui</strong></span> <span class='ocrx_word' id='word_1_457' title='bbox 2658 1872 3171 1930; x_wconf 88' lang='lat' dir='ltr'><strong>nullibiAnastasii</strong></span> <span class='ocrx_word' id='word_1_458' title='bbox 3201 1877 3586 1934; x_wconf 89' lang='lat' dir='ltr'><strong>Bibliotheca-</strong></span> 
     </span>
    </p>
   </div>
   <div class='ocr_carea' id='block_1_65' title="bbox 1927 1958 3579 2032">
    <p class='ocr_par' dir='ltr' id='par_1_65' title="bbox 1927 1958 3579 2032">
     <span class='ocr_line' id='line_1_65' title="bbox 1927 1958 3579 2032; baseline 0.007 -21"><span class='ocrx_word' id='word_1_459' title='bbox 1927 1959 2001 2012; x_wconf 91' lang='lat' dir='ltr'><strong>rii</strong></span> <span class='ocrx_word' id='word_1_460' title='bbox 2033 1959 2311 2028; x_wconf 90' lang='lat' dir='ltr'><strong>meminit,</strong></span> <span class='ocrx_word' id='word_1_461' title='bbox 2346 1958 2481 2013; x_wconf 92' lang='lat' dir='ltr'><strong>licet</strong></span> <span class='ocrx_word' id='word_1_462' title='bbox 2509 1973 2704 2015; x_wconf 91' lang='lat' dir='ltr'><strong>omnes</strong></span> <span class='ocrx_word' id='word_1_463' title='bbox 2733 1970 3025 2018; x_wconf 90' lang='lat' dir='ltr'><strong>enumeret</strong></span> <span class='ocrx_word' id='word_1_464' title='bbox 3050 1978 3193 2032; x_wconf 92' lang='lat' dir='ltr'><strong>quos</strong></span> <span class='ocrx_word' id='word_1_465' title='bbox 3216 1967 3286 2020; x_wconf 92' lang='lat' dir='ltr'><strong>de</strong></span> <span class='ocrx_word' id='word_1_466' title='bbox 3307 1967 3579 2022; x_wconf 82' lang='lat' dir='ltr'><strong>Romanis</strong></span> 
     </span>
    </p>
   </div>
   <div class='ocr_carea' id='block_1_66' title="bbox 1927 2047 3576 2124">
    <p class='ocr_par' dir='ltr' id='par_1_66' title="bbox 1927 2047 3576 2124">
     <span class='ocr_line' id='line_1_66' title="bbox 1927 2047 3576 2124; baseline 0.006 -23"><span class='ocrx_word' id='word_1_467' title='bbox 1927 2047 2299 2116; x_wconf 88' lang='lat' dir='ltr'><strong>pontiﬁcibus</strong></span> <span class='ocrx_word' id='word_1_468' title='bbox 2340 2047 2568 2117; x_wconf 84' lang='lat' dir='ltr'><strong>legerat,</strong></span> <span class='ocrx_word' id='word_1_469' title='bbox 2610 2054 2664 2104; x_wconf 91' lang='lat' dir='ltr'><strong>et</strong></span> <span class='ocrx_word' id='word_1_470' title='bbox 2710 2049 2858 2106; x_wconf 91' lang='lat' dir='ltr'><strong>inter</strong></span> <span class='ocrx_word' id='word_1_471' title='bbox 2885 2051 3020 2106; x_wconf 91' lang='lat' dir='ltr'><strong>illos</strong></span> <span class='ocrx_word' id='word_1_472' title='bbox 3047 2053 3346 2109; x_wconf 89' lang='lat' dir='ltr'><strong>Damasum</strong></span> <span class='ocrx_word' id='word_1_473' title='bbox 3380 2069 3576 2124; x_wconf 90' lang='lat' dir='ltr'><strong>papam</strong></span> 
     </span>
    </p>
   </div>
   <div class='ocr_carea' id='block_1_67' title="bbox 1929 2135 3578 2204">
    <p class='ocr_par' dir='ltr' id='par_1_67' title="bbox 1929 2135 3578 2204">
     <span class='ocr_line' id='line_1_67' title="bbox 1929 2135 3578 2204; baseline 0.005 -15"><span class='ocrx_word' id='word_1_474' title='bbox 1929 2135 2251 2204; x_wconf 82' lang='lat' dir='ltr'><strong>ponendum</strong></span> <span class='ocrx_word' id='word_1_475' title='bbox 2291 2148 2413 2191; x_wconf 84' lang='lat' dir='ltr'><strong>esse</strong></span> <span class='ocrx_word' id='word_1_476' title='bbox 2447 2136 2816 2191; x_wconf 82' lang='lat' dir='ltr'><strong>existimarit.</strong></span> <span class='ocrx_word' id='word_1_477' title='bbox 2867 2139 3076 2194; x_wconf 87' lang='lat' dir='ltr'><strong>Eodem</strong></span> <span class='ocrx_word' id='word_1_478' title='bbox 3130 2141 3295 2195; x_wconf 89' lang='lat' dir='ltr'><strong>modo</strong></span> <span class='ocrx_word' id='word_1_479' title='bbox 3335 2142 3578 2198; x_wconf 86' lang='lat' dir='ltr'><strong>Jacobus</strong></span> 
     </span>
    </p>
   </div>
   <div class='ocr_carea' id='block_1_68' title="bbox 1927 2223 3581 2298">
    <p class='ocr_par' dir='ltr' id='par_1_68' title="bbox 1927 2223 3581 2298">
     <span class='ocr_line' id='line_1_68' title="bbox 1927 2223 3581 2298; baseline 0.004 -20"><span class='ocrx_word' id='word_1_480' title='bbox 1927 2225 2109 2278; x_wconf 89' lang='lat' dir='ltr'><strong>Zenus</strong></span> <span class='ocrx_word' id='word_1_481' title='bbox 2136 2224 2442 2294; x_wconf 76' lang='lat' dir='ltr'><strong>ep&#39;scopus</strong></span> <span class='ocrx_word' id='word_1_482' title='bbox 2482 2223 2787 2280; x_wconf 85' lang='lat' dir='ltr'><strong>Patavinus</strong></span> <span class='ocrx_word' id='word_1_483' title='bbox 2819 2225 2877 2280; x_wconf 91' lang='lat' dir='ltr'><strong>in</strong></span> <span class='ocrx_word' id='word_1_484' title='bbox 2920 2225 3068 2282; x_wconf 81' lang='lat' dir='ltr'><strong>libro</strong></span> <span class='ocrx_word' id='word_1_485' title='bbox 3107 2228 3178 2283; x_wconf 91' lang='lat' dir='ltr'><strong>de</strong></span> <span class='ocrx_word' id='word_1_486' title='bbox 3203 2225 3354 2284; x_wconf 84' lang='lat' dir='ltr'><strong>Vitis</strong></span> <span class='ocrx_word' id='word_1_487' title='bbox 3383 2231 3581 2298; x_wconf 90' lang='lat' dir='ltr'><strong>ponti-</strong></span> 
     </span>
    </p>
   </div>
   <div class='ocr_carea' id='block_1_69' title="bbox 1931 2313 3582 2386">
    <p class='ocr_par' dir='ltr' id='par_1_69' title="bbox 1931 2313 3582 2386">
     <span class='ocr_line' id='line_1_69' title="bbox 1931 2313 3582 2386; baseline 0.002 -18"><span class='ocrx_word' id='word_1_488' title='bbox 1931 2313 2120 2382; x_wconf 87' lang='lat' dir='ltr'><strong>ﬁcum,</strong></span> <span class='ocrx_word' id='word_1_489' title='bbox 2153 2314 2404 2370; x_wconf 78' lang='lat' dir='ltr'><strong>nondum</strong></span> <span class='ocrx_word' id='word_1_490' title='bbox 2447 2314 2599 2383; x_wconf 86' lang='lat' dir='ltr'><strong>typis</strong></span> <span class='ocrx_word' id='word_1_491' title='bbox 2618 2313 2927 2383; x_wconf 89' lang='lat' dir='ltr'><strong>descripto,</strong></span> <span class='ocrx_word' id='word_1_492' title='bbox 2988 2315 3154 2370; x_wconf 89' lang='lat' dir='ltr'><strong>habet</strong></span> <span class='ocrx_word' id='word_1_493' title='bbox 3197 2317 3426 2386; x_wconf 90' lang='lat' dir='ltr'><strong>quidem</strong></span> <span class='ocrx_word' id='word_1_494' title='bbox 3464 2320 3582 2372; x_wconf 88' lang='lat' dir='ltr'><strong>Da-</strong></span> 
     </span>
    </p>
   </div>
   <div class='ocr_carea' id='block_1_70' title="bbox 1932 2403 3579 2474">
    <p class='ocr_par' dir='ltr' id='par_1_70' title="bbox 1932 2403 3579 2474">
     <span class='ocr_line' id='line_1_70' title="bbox 1932 2403 3579 2474; baseline 0.002 -16"><span class='ocrx_word' id='word_1_495' title='bbox 1932 2417 2150 2458; x_wconf 90' lang='lat' dir='ltr'><strong>masum</strong></span> <span class='ocrx_word' id='word_1_496' title='bbox 2185 2416 2384 2472; x_wconf 90' lang='lat' dir='ltr'><strong>papam</strong></span> <span class='ocrx_word' id='word_1_497' title='bbox 2413 2415 2514 2472; x_wconf 90' lang='lat' dir='ltr'><strong>pro</strong></span> <span class='ocrx_word' id='word_1_498' title='bbox 2541 2410 2774 2458; x_wconf 92' lang='lat' dir='ltr'><strong>auctore</strong></span> <span class='ocrx_word' id='word_1_499' title='bbox 2804 2403 3018 2472; x_wconf 89' lang='lat' dir='ltr'><strong>prioris</strong></span> <span class='ocrx_word' id='word_1_500' title='bbox 3044 2405 3225 2474; x_wconf 89' lang='lat' dir='ltr'><strong>partis</strong></span> <span class='ocrx_word' id='word_1_501' title='bbox 3245 2405 3403 2461; x_wconf 90' lang='lat' dir='ltr'><strong>Libri</strong></span> <span class='ocrx_word' id='word_1_502' title='bbox 3435 2408 3579 2462; x_wconf 88' lang='lat' dir='ltr'><strong>Pon-</strong></span> 
     </span>
    </p>
   </div>
   <div class='ocr_carea' id='block_1_71' title="bbox 1932 2491 3585 2561">
    <p class='ocr_par' dir='ltr' id='par_1_71' title="bbox 1932 2491 3585 2561">
     <span class='ocr_line' id='line_1_71' title="bbox 1932 2491 3585 2561; baseline 0.002 -14"><span class='ocrx_word' id='word_1_503' title='bbox 1932 2492 2186 2556; x_wconf 88' lang='lat' dir='ltr'><strong>tiﬁcalis,</strong></span> <span class='ocrx_word' id='word_1_504' title='bbox 2233 2492 2328 2547; x_wconf 88' lang='lat' dir='ltr'><strong>sed</strong></span> <span class='ocrx_word' id='word_1_505' title='bbox 2381 2504 2737 2561; x_wconf 90' lang='lat' dir='ltr'><strong>nequaquam</strong></span> <span class='ocrx_word' id='word_1_506' title='bbox 2779 2491 3147 2548; x_wconf 86' lang='lat' dir='ltr'><strong>Anastasium</strong></span> <span class='ocrx_word' id='word_1_507' title='bbox 3191 2495 3585 2550; x_wconf 88' lang='lat' dir='ltr'><strong>Bibliotheca-</strong></span> 
     </span>
    </p>
   </div>
   <div class='ocr_carea' id='block_1_72' title="bbox 1935 2579 3582 2651">
    <p class='ocr_par' dir='ltr' id='par_1_72' title="bbox 1935 2579 3582 2651">
     <span class='ocr_line' id='line_1_72' title="bbox 1935 2579 3582 2651; baseline 0.002 -18"><span class='ocrx_word' id='word_1_508' title='bbox 1935 2580 2087 2634; x_wconf 90' lang='lat' dir='ltr'><strong>rium</strong></span> <span class='ocrx_word' id='word_1_509' title='bbox 2121 2579 2461 2647; x_wconf 79' lang='lat' dir='ltr'><strong>posterioris</strong></span> <span class='ocrx_word' id='word_1_510' title='bbox 2491 2579 2672 2647; x_wconf 89' lang='lat' dir='ltr'><strong>partis</strong></span> <span class='ocrx_word' id='word_1_511' title='bbox 2696 2585 2984 2634; x_wconf 89' lang='lat' dir='ltr'><strong>auctorem</strong></span> <span class='ocrx_word' id='word_1_512' title='bbox 3006 2581 3304 2651; x_wconf 80' lang='lat' dir='ltr'><strong>agnoscit;</strong></span> <span class='ocrx_word' id='word_1_513' title='bbox 3337 2588 3400 2638; x_wconf 94' lang='lat' dir='ltr'><strong>ut</strong></span> <span class='ocrx_word' id='word_1_514' title='bbox 3427 2583 3582 2638; x_wconf 91' lang='lat' dir='ltr'><strong>enim</strong></span> 
     </span>
    </p>
   </div>
   <div class='ocr_carea' id='block_1_73' title="bbox 1937 2667 3582 2739">
    <p class='ocr_par' dir='ltr' id='par_1_73' title="bbox 1937 2667 3582 2739">
     <span class='ocr_line' id='line_1_73' title="bbox 1937 2667 3582 2739; baseline 0.002 -17"><span class='ocrx_word' id='word_1_515' title='bbox 1937 2667 2180 2722; x_wconf 84' lang='lat' dir='ltr'><strong>Felicem</strong></span> <span class='ocrx_word' id='word_1_516' title='bbox 2199 2667 2509 2722; x_wconf 83' lang='lat' dir='ltr'><strong>secundum</strong></span> <span class='ocrx_word' id='word_1_517' title='bbox 2531 2679 2726 2722; x_wconf 90' lang='lat' dir='ltr'><strong>verum</strong></span> <span class='ocrx_word' id='word_1_518' title='bbox 2757 2667 3078 2736; x_wconf 90' lang='lat' dir='ltr'><strong>pontiﬁcem</strong></span> <span class='ocrx_word' id='word_1_519' title='bbox 3098 2667 3279 2724; x_wconf 86' lang='lat' dir='ltr'><strong>fuisse</strong></span> <span class='ocrx_word' id='word_1_520' title='bbox 3298 2671 3582 2739; x_wconf 90' lang='lat' dir='ltr'><strong>ostendat,</strong></span> 
     </span>
    </p>
   </div>
   <div class='ocr_carea' id='block_1_74' title="bbox 1940 2754 3578 2829">
    <p class='ocr_par' dir='ltr' id='par_1_74' title="bbox 1940 2754 3578 2829">
     <span class='ocr_line' id='line_1_74' title="bbox 1940 2754 3578 2829; baseline 0.002 -20"><span class='ocrx_word' id='word_1_521' title='bbox 1940 2755 2166 2810; x_wconf 90' lang='lat' dir='ltr'><strong>Damasi</strong></span> <span class='ocrx_word' id='word_1_522' title='bbox 2220 2754 2564 2810; x_wconf 87' lang='lat' dir='ltr'><strong>auctoritate</strong></span> <span class='ocrx_word' id='word_1_523' title='bbox 2617 2755 2672 2810; x_wconf 93' lang='lat' dir='ltr'><strong>id</strong></span> <span class='ocrx_word' id='word_1_524' title='bbox 2731 2755 2790 2810; x_wconf 91' lang='lat' dir='ltr'><strong>in</strong></span> <span class='ocrx_word' id='word_1_525' title='bbox 2845 2755 3050 2824; x_wconf 89' lang='lat' dir='ltr'><strong>primis</strong></span> <span class='ocrx_word' id='word_1_526' title='bbox 3097 2757 3428 2826; x_wconf 91' lang='lat' dir='ltr'><strong>comprobat</strong></span> <span class='ocrx_word' id='word_1_527' title='bbox 3469 2756 3578 2829; x_wconf 89' lang='lat' dir='ltr'><strong>(a):</strong></span> 
     </span>
    </p>
   </div>
   <div class='ocr_carea' id='block_1_75' title="bbox 1941 2843 3585 2913">
    <p class='ocr_par' dir='ltr' id='par_1_75' title="bbox 1941 2843 3585 2913">
     <span class='ocr_line' id='line_1_75' title="bbox 1941 2843 3585 2913; baseline 0.002 -16"><span class='ocrx_word' id='word_1_528' title='bbox 1941 2865 1968 2890; x_wconf 91' lang='grc'><em>‹‹</em></span> <span class='ocrx_word' id='word_1_529' title='bbox 1999 2844 2260 2909; x_wconf 88' lang='lat' dir='ltr'><strong>Damaso,</strong></span> <span class='ocrx_word' id='word_1_530' title='bbox 2300 2843 2512 2913; x_wconf 91' lang='lat' dir='ltr'><strong>inquit,</strong></span> <span class='ocrx_word' id='word_1_531' title='bbox 2545 2845 2617 2900; x_wconf 91' lang='lat' dir='ltr'><strong>de</strong></span> <span class='ocrx_word' id='word_1_532' title='bbox 2656 2844 3116 2900; x_wconf 88' lang='lat' dir='ltr'><strong>antecessoribus</strong></span> <span class='ocrx_word' id='word_1_533' title='bbox 3159 2846 3285 2900; x_wconf 89' lang='lat' dir='ltr'><strong>suis</strong></span> <span class='ocrx_word' id='word_1_534' title='bbox 3313 2846 3585 2900; x_wconf 87' lang='lat' dir='ltr'><strong>Romanis</strong></span> 
     </span>
    </p>
   </div>
   <div class='ocr_carea' id='block_1_76' title="bbox 1933 2931 3584 3005">
    <p class='ocr_par' dir='ltr' id='par_1_76' title="bbox 1933 2931 3584 3005">
     <span class='ocr_line' id='line_1_76' title="bbox 1933 2931 3584 3005; baseline 0.001 -19"><span class='ocrx_word' id='word_1_535' title='bbox 1933 2931 2325 3001; x_wconf 89' lang='lat' dir='ltr'><strong>pontiﬁcibus,</strong></span> <span class='ocrx_word' id='word_1_536' title='bbox 2353 2938 2410 2986; x_wconf 91' lang='lat' dir='ltr'><strong>et</strong></span> <span class='ocrx_word' id='word_1_537' title='bbox 2443 2931 2532 2986; x_wconf 91' lang='lat' dir='ltr'><strong>his</strong></span> <span class='ocrx_word' id='word_1_538' title='bbox 2564 2931 2927 3001; x_wconf 90' lang='lat' dir='ltr'><strong>potissimum</strong></span> <span class='ocrx_word' id='word_1_539' title='bbox 2950 2933 3047 3002; x_wconf 92' lang='lat' dir='ltr'><strong>qui</strong></span> <span class='ocrx_word' id='word_1_540' title='bbox 3081 2946 3148 2987; x_wconf 92' lang='lat' dir='ltr'><strong>eo</strong></span> <span class='ocrx_word' id='word_1_541' title='bbox 3178 2939 3377 3005; x_wconf 90' lang='lat' dir='ltr'><strong>agente</strong></span> <span class='ocrx_word' id='word_1_542' title='bbox 3406 2935 3584 2990; x_wconf 88' lang='lat' dir='ltr'><strong>vitam</strong></span> 
     </span>
    </p>
   </div>
   <div class='ocr_carea' id='block_1_77' title="bbox 1939 3018 3579 3090">
    <p class='ocr_par' dir='ltr' id='par_1_77' title="bbox 1939 3018 3579 3090">
     <span class='ocr_line' id='line_1_77' title="bbox 1939 3018 3579 3090; baseline 0.003 -15"><span class='ocrx_word' id='word_1_543' title='bbox 1939 3018 2308 3090; x_wconf 69' lang='lat' dir='ltr'><strong>praafuerunt,</strong></span> <span class='ocrx_word' id='word_1_544' title='bbox 2339 3020 2478 3075; x_wconf 90' lang='lat' dir='ltr'><strong>ﬁdes</strong></span> <span class='ocrx_word' id='word_1_545' title='bbox 2506 3019 2860 3088; x_wconf 89' lang='lat' dir='ltr'><strong>probabilior</strong></span> <span class='ocrx_word' id='word_1_546' title='bbox 2887 3019 3211 3076; x_wconf 87' lang='lat' dir='ltr'><strong>adhibenda</strong></span> <span class='ocrx_word' id='word_1_547' title='bbox 3241 3022 3485 3078; x_wconf 91' lang='lat' dir='ltr'><strong>videtur.</strong></span> <span class='ocrx_word' id='word_1_548' title='bbox 3519 3024 3579 3080; x_wconf 86' lang='lat' dir='ltr'><strong>Si</strong></span> 
     </span>
    </p>
   </div>
   <div class='ocr_carea' id='block_1_78' title="bbox 1937 3108 3582 3181">
    <p class='ocr_par' dir='ltr' id='par_1_78' title="bbox 1937 3108 3582 3181">
     <span class='ocr_line' id='line_1_78' title="bbox 1937 3108 3582 3181; baseline 0.002 -17"><span class='ocrx_word' id='word_1_549' title='bbox 1937 3109 2091 3164; x_wconf 89' lang='lat' dir='ltr'><strong>enim</strong></span> <span class='ocrx_word' id='word_1_550' title='bbox 2117 3111 2392 3164; x_wconf 88' lang='lat' dir='ltr'><strong>Damasus</strong></span> <span class='ocrx_word' id='word_1_551' title='bbox 2418 3108 2540 3177; x_wconf 90' lang='lat' dir='ltr'><strong>ipse</strong></span> <span class='ocrx_word' id='word_1_552' title='bbox 2565 3108 2740 3176; x_wconf 90' lang='lat' dir='ltr'><strong>hujus</strong></span> <span class='ocrx_word' id='word_1_553' title='bbox 2763 3109 3029 3164; x_wconf 89' lang='lat' dir='ltr'><strong>conditor</strong></span> <span class='ocrx_word' id='word_1_554' title='bbox 3057 3109 3248 3180; x_wconf 87' lang='lat' dir='ltr'><strong>operis</strong></span> <span class='ocrx_word' id='word_1_555' title='bbox 3272 3108 3404 3180; x_wconf 88' lang='lat' dir='ltr'><strong>fuit,</strong></span> <span class='ocrx_word' id='word_1_556' title='bbox 3433 3111 3582 3181; x_wconf 91' lang='lat' dir='ltr'><strong>quod</strong></span> 
     </span>
    </p>
   </div>
   <div class='ocr_carea' id='block_1_79' title="bbox 1937 3187 3656 3266">
    <p class='ocr_par' dir='ltr' id='par_1_79' title="bbox 1937 3187 3656 3266">
     <span class='ocr_line' id='line_1_79' title="bbox 1937 3187 3656 3266; baseline 0.001 -14"><span class='ocrx_word' id='word_1_557' title='bbox 1937 3196 2193 3266; x_wconf 68' lang='lat' dir='ltr'><strong>epistolae</strong></span> <span class='ocrx_word' id='word_1_558' title='bbox 2212 3196 2385 3251; x_wconf 89' lang='lat' dir='ltr'><strong>initio</strong></span> <span class='ocrx_word' id='word_1_559' title='bbox 2407 3195 2600 3264; x_wconf 90' lang='lat' dir='ltr'><strong>operis</strong></span> <span class='ocrx_word' id='word_1_560' title='bbox 2615 3195 2741 3250; x_wconf 63' lang='lat' dir='ltr'><strong>sitae</strong></span> <span class='ocrx_word' id='word_1_561' title='bbox 2762 3194 3148 3266; x_wconf 68' lang='lat' dir='ltr'><strong>praeseferunt;</strong></span> <span class='ocrx_word' id='word_1_562' title='bbox 3169 3198 3303 3266; x_wconf 92' lang='lat' dir='ltr'><strong>quis</strong></span> <span class='ocrx_word' id='word_1_563' title='bbox 3318 3198 3589 3254; x_wconf 89' lang='lat' dir='ltr'><strong>dubitare</strong></span> <span class='ocrx_word' id='word_1_564' title='bbox 3650 3187 3656 3194; x_wconf 78' lang='grc'><em>’</em></span> 
     </span>
    </p>
   </div>
   <div class='ocr_carea' id='block_1_80' title="bbox 1939 3285 3588 3355">
    <p class='ocr_par' dir='ltr' id='par_1_80' title="bbox 1939 3285 3588 3355">
     <span class='ocr_line' id='line_1_80' title="bbox 1939 3285 3588 3355; baseline 0 -14"><span class='ocrx_word' id='word_1_565' title='bbox 1939 3286 2168 3355; x_wconf 91' lang='lat' dir='ltr'><strong>poterit,</strong></span> <span class='ocrx_word' id='word_1_566' title='bbox 2202 3285 2418 3340; x_wconf 88' lang='lat' dir='ltr'><strong>certius</strong></span> <span class='ocrx_word' id='word_1_567' title='bbox 2450 3285 2704 3340; x_wconf 89' lang='lat' dir='ltr'><strong>tenuisse</strong></span> <span class='ocrx_word' id='word_1_568' title='bbox 2736 3285 2922 3353; x_wconf 90' lang='lat' dir='ltr'><strong>illum,</strong></span> <span class='ocrx_word' id='word_1_569' title='bbox 2952 3286 3052 3352; x_wconf 87' lang='lat' dir='ltr'><strong>qui</strong></span> <span class='ocrx_word' id='word_1_570' title='bbox 3078 3286 3310 3341; x_wconf 83' lang='lat' dir='ltr'><strong>maximi</strong></span> <span class='ocrx_word' id='word_1_571' title='bbox 3347 3287 3588 3355; x_wconf 91' lang='lat' dir='ltr'><strong>pontiﬁ-</strong></span> 
     </span>
    </p>
   </div>
   <div class='ocr_carea' id='block_1_81' title="bbox 1937 3371 3584 3442">
    <p class='ocr_par' dir='ltr' id='par_1_81' title="bbox 1937 3371 3584 3442">
     <span class='ocr_line' id='line_1_81' title="bbox 1937 3371 3584 3442; baseline 0 -14"><span class='ocrx_word' id='word_1_572' title='bbox 1937 3388 2030 3429; x_wconf 92' lang='lat' dir='ltr'><strong>ces</strong></span> <span class='ocrx_word' id='word_1_573' title='bbox 2072 3388 2169 3442; x_wconf 89' lang='lat' dir='ltr'><strong>per</strong></span> <span class='ocrx_word' id='word_1_574' title='bbox 2201 3387 2303 3428; x_wconf 90' lang='lat' dir='ltr'><strong>sua</strong></span> <span class='ocrx_word' id='word_1_575' title='bbox 2331 3379 2582 3442; x_wconf 91' lang='lat' dir='ltr'><strong>tempora</strong></span> <span class='ocrx_word' id='word_1_576' title='bbox 2621 3371 3018 3442; x_wconf 57' lang='lat' dir='ltr'><strong>praefuerunt?</strong></span> <span class='ocrx_word' id='word_1_577' title='bbox 3051 3392 3077 3423; x_wconf 69' lang='grc' dir='ltr'><strong>ι</strong></span> <span class='ocrx_word' id='word_1_578' title='bbox 3110 3374 3176 3427; x_wconf 91' lang='lat' dir='ltr'><strong>Et</strong></span> <span class='ocrx_word' id='word_1_579' title='bbox 3209 3374 3325 3428; x_wconf 67' lang='lat' dir='ltr'><strong>haec</strong></span> <span class='ocrx_word' id='word_1_580' title='bbox 3353 3374 3584 3442; x_wconf 91' lang='lat' dir='ltr'><strong>quidem</strong></span> 
     </span>
    </p>
   </div>
   <div class='ocr_carea' id='block_1_82' title="bbox 1938 3460 3587 3530">
    <p class='ocr_par' dir='ltr' id='par_1_82' title="bbox 1938 3460 3587 3530">
     <span class='ocr_line' id='line_1_82' title="bbox 1938 3460 3587 3530; baseline -0.001 -13"><span class='ocrx_word' id='word_1_581' title='bbox 1938 3465 2119 3518; x_wconf 89' lang='lat' dir='ltr'><strong>Zenus</strong></span> <span class='ocrx_word' id='word_1_582' title='bbox 2143 3463 2453 3517; x_wconf 89' lang='lat' dir='ltr'><strong>Patavinus</strong></span> <span class='ocrx_word' id='word_1_583' title='bbox 2481 3462 2551 3516; x_wconf 90' lang='lat' dir='ltr'><strong>de</strong></span> <span class='ocrx_word' id='word_1_584' title='bbox 2587 3462 2766 3530; x_wconf 90' lang='lat' dir='ltr'><strong>priori</strong></span> <span class='ocrx_word' id='word_1_585' title='bbox 2801 3461 2953 3515; x_wconf 81' lang='lat' dir='ltr'><strong>Libri</strong></span> <span class='ocrx_word' id='word_1_586' title='bbox 2991 3460 3341 3515; x_wconf 86' lang='lat' dir='ltr'><strong>Pontiﬁcalis</strong></span> <span class='ocrx_word' id='word_1_587' title='bbox 3373 3467 3529 3528; x_wconf 89' lang='lat' dir='ltr'><strong>parte</strong></span> <span class='ocrx_word' id='word_1_588' title='bbox 3553 3475 3587 3516; x_wconf 91' lang='lat' dir='ltr'><strong>a</strong></span> 
     </span>
    </p>
   </div>
   <div class='ocr_carea' id='block_1_83' title="bbox 1939 3546 3590 3619">
    <p class='ocr_par' dir='ltr' id='par_1_83' title="bbox 1939 3546 3590 3619">
     <span class='ocr_line' id='line_1_83' title="bbox 1939 3546 3590 3619; baseline -0.002 -13"><span class='ocrx_word' id='word_1_589' title='bbox 1939 3553 2102 3607; x_wconf 91' lang='lat' dir='ltr'><strong>Petro</strong></span> <span class='ocrx_word' id='word_1_590' title='bbox 2127 3551 2384 3619; x_wconf 91' lang='lat' dir='ltr'><strong>apostolo</strong></span> <span class='ocrx_word' id='word_1_591' title='bbox 2408 3550 2476 3603; x_wconf 89' lang='lat' dir='ltr'><strong>ad</strong></span> <span class='ocrx_word' id='word_1_592' title='bbox 2501 3549 2725 3602; x_wconf 90' lang='lat' dir='ltr'><strong>Damasi</strong></span> <span class='ocrx_word' id='word_1_593' title='bbox 2759 3547 3168 3616; x_wconf 88' lang='lat' dir='ltr'><strong>pontiﬁcatum,</strong></span> <span class='ocrx_word' id='word_1_594' title='bbox 3194 3546 3266 3602; x_wconf 92' lang='lat' dir='ltr'><strong>ob</strong></span> <span class='ocrx_word' id='word_1_595' title='bbox 3282 3548 3428 3602; x_wconf 89' lang='lat' dir='ltr'><strong>duas</strong></span> <span class='ocrx_word' id='word_1_596' title='bbox 3455 3547 3590 3617; x_wconf 90' lang='lat' dir='ltr'><strong>epi—</strong></span> 
     </span>
    </p>
   </div>
   <div class='ocr_carea' id='block_1_84' title="bbox 1937 3634 3589 3708">
    <p class='ocr_par' dir='ltr' id='par_1_84' title="bbox 1937 3634 3589 3708">
     <span class='ocr_line' id='line_1_84' title="bbox 1937 3634 3589 3708; baseline -0.002 -13"><span class='ocrx_word' id='word_1_597' title='bbox 1937 3639 2114 3695; x_wconf 90' lang='lat' dir='ltr'><strong>stolas</strong></span> <span class='ocrx_word' id='word_1_598' title='bbox 2141 3651 2281 3708; x_wconf 90' lang='lat' dir='ltr'><strong>quas</strong></span> <span class='ocrx_word' id='word_1_599' title='bbox 2301 3636 2658 3692; x_wconf 90' lang='lat' dir='ltr'><strong>ostendimus</strong></span> <span class='ocrx_word' id='word_1_600' title='bbox 2679 3634 3084 3703; x_wconf 87' lang='lat' dir='ltr'><strong>supposititias</strong></span> <span class='ocrx_word' id='word_1_601' title='bbox 3105 3649 3245 3691; x_wconf 88' lang='lat' dir='ltr'><strong>esse.</strong></span> <span class='ocrx_word' id='word_1_602' title='bbox 3268 3635 3589 3692; x_wconf 86' lang='lat' dir='ltr'><strong>Audiamus</strong></span> 
     </span>
    </p>
   </div>
   <div class='ocr_carea' id='block_1_85' title="bbox 1939 3723 3586 3795">
    <p class='ocr_par' dir='ltr' id='par_1_85' title="bbox 1939 3723 3586 3795">
     <span class='ocr_line' id='line_1_85' title="bbox 1939 3723 3586 3795; baseline -0.002 -12"><span class='ocrx_word' id='word_1_603' title='bbox 1939 3741 2089 3783; x_wconf 92' lang='lat' dir='ltr'><strong>nunc</strong></span> <span class='ocrx_word' id='word_1_604' title='bbox 2137 3725 2277 3795; x_wconf 90' lang='lat' dir='ltr'><strong>quid</strong></span> <span class='ocrx_word' id='word_1_605' title='bbox 2309 3724 2466 3779; x_wconf 91' lang='lat' dir='ltr'><strong>dicat</strong></span> <span class='ocrx_word' id='word_1_606' title='bbox 2493 3723 2564 3778; x_wconf 92' lang='lat' dir='ltr'><strong>de</strong></span> <span class='ocrx_word' id='word_1_607' title='bbox 2593 3723 2739 3778; x_wconf 92' lang='lat' dir='ltr'><strong>Vitis</strong></span> <span class='ocrx_word' id='word_1_608' title='bbox 2784 3723 3117 3792; x_wconf 91' lang='lat' dir='ltr'><strong>pontiﬁcum</strong></span> <span class='ocrx_word' id='word_1_609' title='bbox 3152 3724 3251 3794; x_wconf 90' lang='lat' dir='ltr'><strong>qui</strong></span> <span class='ocrx_word' id='word_1_610' title='bbox 3283 3725 3586 3780; x_wconf 89' lang='lat' dir='ltr'><strong>Damasum</strong></span> 
     </span>
    </p>
   </div>
   <div class='ocr_carea' id='block_1_86' title="bbox 1938 3812 3589 3885">
    <p class='ocr_par' dir='ltr' id='par_1_86' title="bbox 1938 3812 3589 3885">
     <span class='ocr_line' id='line_1_86' title="bbox 1938 3812 3589 3885; baseline -0.001 -16"><span class='ocrx_word' id='word_1_611' title='bbox 1938 3827 2136 3885; x_wconf 89' lang='lat' dir='ltr'><strong>papam</strong></span> <span class='ocrx_word' id='word_1_612' title='bbox 2169 3812 2461 3869; x_wconf 90' lang='lat' dir='ltr'><strong>subsecuti</strong></span> <span class='ocrx_word' id='word_1_613' title='bbox 2494 3818 2647 3867; x_wconf 92' lang='lat' dir='ltr'><strong>sunt.</strong></span> <span class='ocrx_word' id='word_1_614' title='bbox 2683 3814 2763 3866; x_wconf 87' lang='lat' dir='ltr'><strong>Ita</strong></span> <span class='ocrx_word' id='word_1_615' title='bbox 2792 3813 2944 3866; x_wconf 89' lang='lat' dir='ltr'><strong>enim</strong></span> <span class='ocrx_word' id='word_1_616' title='bbox 2969 3812 3137 3867; x_wconf 88' lang='lat' dir='ltr'><strong>habet</strong></span> <span class='ocrx_word' id='word_1_617' title='bbox 3156 3813 3224 3868; x_wconf 93' lang='lat' dir='ltr'><strong>ad</strong></span> <span class='ocrx_word' id='word_1_618' title='bbox 3256 3813 3421 3868; x_wconf 88' lang='lat' dir='ltr'><strong>ﬁnem</strong></span> <span class='ocrx_word' id='word_1_619' title='bbox 3450 3814 3589 3868; x_wconf 72' lang='lat' dir='ltr'><strong>Vitae</strong></span> 
     </span>
    </p>
   </div>
   <div class='ocr_carea' id='block_1_87' title="bbox 1937 3901 3590 3970">
    <p class='ocr_par' dir='ltr' id='par_1_87' title="bbox 1937 3901 3590 3970">
     <span class='ocr_line' id='line_1_87' title="bbox 1937 3901 3590 3970; baseline 0 -12"><span class='ocrx_word' id='word_1_620' title='bbox 1937 3903 2144 3959; x_wconf 87' lang='lat' dir='ltr'><strong>Felicis</strong></span> <span class='ocrx_word' id='word_1_621' title='bbox 2190 3901 2464 3957; x_wconf 88' lang='lat' dir='ltr'><strong>secundi:</strong></span> <span class='ocrx_word' id='word_1_622' title='bbox 2521 3921 2546 3952; x_wconf 84' lang='grc' dir='ltr'><strong>α</strong></span> <span class='ocrx_word' id='word_1_623' title='bbox 2580 3901 2914 3970; x_wconf 91' lang='lat' dir='ltr'><strong>Quanquam</strong></span> <span class='ocrx_word' id='word_1_624' title='bbox 2964 3901 3114 3955; x_wconf 90' lang='lat' dir='ltr'><strong>enim</strong></span> <span class='ocrx_word' id='word_1_625' title='bbox 3154 3907 3237 3956; x_wconf 93' lang='lat' dir='ltr'><strong>tot</strong></span> <span class='ocrx_word' id='word_1_626' title='bbox 3279 3902 3590 3970; x_wconf 87' lang='lat' dir='ltr'><strong>scriptores</strong></span> 
     </span>
    </p>
   </div>
   <div class='ocr_carea' id='block_1_88' title="bbox 1936 3989 3588 4060">
    <p class='ocr_par' dir='ltr' id='par_1_88' title="bbox 1936 3989 3588 4060">
     <span class='ocr_line' id='line_1_88' title="bbox 1936 3989 3588 4060; baseline 0 -15"><span class='ocrx_word' id='word_1_627' title='bbox 1936 3992 2038 4047; x_wconf 90' lang='lat' dir='ltr'><strong>alii</strong></span> <span class='ocrx_word' id='word_1_628' title='bbox 2068 3990 2319 4059; x_wconf 83' lang='lat' dir='ltr'><strong>fuerunt,</strong></span> <span class='ocrx_word' id='word_1_629' title='bbox 2352 3990 2453 4060; x_wconf 91' lang='lat' dir='ltr'><strong>qui</strong></span> <span class='ocrx_word' id='word_1_630' title='bbox 2489 3995 2614 4058; x_wconf 93' lang='lat' dir='ltr'><strong>post</strong></span> <span class='ocrx_word' id='word_1_631' title='bbox 2638 3990 2961 4055; x_wconf 90' lang='lat' dir='ltr'><strong>Damasum,</strong></span> <span class='ocrx_word' id='word_1_632' title='bbox 2992 3989 3356 4059; x_wconf 91' lang='lat' dir='ltr'><strong>sequentium</strong></span> <span class='ocrx_word' id='word_1_633' title='bbox 3389 3991 3588 4060; x_wconf 46' lang='lat' dir='ltr'><strong>ponti-</strong></span> 
     </span>
    </p>
   </div>
   <div class='ocr_carea' id='block_1_89' title="bbox 1939 4077 3590 4149">
    <p class='ocr_par' dir='ltr' id='par_1_89' title="bbox 1939 4077 3590 4149">
     <span class='ocr_line' id='line_1_89' title="bbox 1939 4077 3590 4149; baseline -0.001 -13"><span class='ocrx_word' id='word_1_634' title='bbox 1939 4081 2108 4136; x_wconf 91' lang='lat' dir='ltr'><strong>ﬁcum</strong></span> <span class='ocrx_word' id='word_1_635' title='bbox 2154 4085 2308 4149; x_wconf 78' lang='lat' dir='ltr'><strong>gesta</strong></span> <span class='ocrx_word' id='word_1_636' title='bbox 2354 4078 2602 4147; x_wconf 90' lang='lat' dir='ltr'><strong>adjicere</strong></span> <span class='ocrx_word' id='word_1_637' title='bbox 2649 4077 2837 4132; x_wconf 92' lang='lat' dir='ltr'><strong>conati</strong></span> <span class='ocrx_word' id='word_1_638' title='bbox 2885 4083 3040 4146; x_wconf 93' lang='lat' dir='ltr'><strong>sunt,</strong></span> <span class='ocrx_word' id='word_1_639' title='bbox 3093 4085 3278 4134; x_wconf 85' lang='lat' dir='ltr'><strong>tamen</strong></span> <span class='ocrx_word' id='word_1_640' title='bbox 3319 4079 3590 4148; x_wconf 90' lang='lat' dir='ltr'><strong>quoniam</strong></span> 
     </span>
    </p>
   </div>
   <div class='ocr_carea' id='block_1_90' title="bbox 1939 4165 3592 4238">
    <p class='ocr_par' dir='ltr' id='par_1_90' title="bbox 1939 4165 3592 4238">
     <span class='ocr_line' id='line_1_90' title="bbox 1939 4165 3592 4238; baseline 0 -14"><span class='ocrx_word' id='word_1_641' title='bbox 1939 4170 2285 4238; x_wconf 89' lang='lat' dir='ltr'><strong>scriptorum</strong></span> <span class='ocrx_word' id='word_1_642' title='bbox 2317 4168 2572 4236; x_wconf 91' lang='lat' dir='ltr'><strong>ipsorum</strong></span> <span class='ocrx_word' id='word_1_643' title='bbox 2596 4165 2904 4222; x_wconf 89' lang='lat' dir='ltr'><strong>obscurum</strong></span> <span class='ocrx_word' id='word_1_644' title='bbox 2933 4173 3019 4222; x_wconf 92' lang='lat' dir='ltr'><strong>est</strong></span> <span class='ocrx_word' id='word_1_645' title='bbox 3038 4179 3261 4235; x_wconf 91' lang='lat' dir='ltr'><strong>nomen,</strong></span> <span class='ocrx_word' id='word_1_646' title='bbox 3290 4173 3592 4224; x_wconf 90' lang='lat' dir='ltr'><strong>auctores-</strong></span> 
     </span>
    </p>
   </div>
   <div class='ocr_carea' id='block_1_91' title="bbox 1941 4254 3588 4327">
    <p class='ocr_par' dir='ltr' id='par_1_91' title="bbox 1941 4254 3588 4327">
     <span class='ocr_line' id='line_1_91' title="bbox 1941 4254 3588 4327; baseline 0 -14"><span class='ocrx_word' id='word_1_647' title='bbox 1941 4271 2050 4327; x_wconf 91' lang='lat' dir='ltr'><strong>que</strong></span> <span class='ocrx_word' id='word_1_648' title='bbox 2078 4257 2380 4312; x_wconf 87' lang='lat' dir='ltr'><strong>admodum</strong></span> <span class='ocrx_word' id='word_1_649' title='bbox 2418 4255 2645 4321; x_wconf 91' lang='lat' dir='ltr'><strong>incerti,</strong></span> <span class='ocrx_word' id='word_1_650' title='bbox 2667 4254 2924 4310; x_wconf 90' lang='lat' dir='ltr'><strong>incultus</strong></span> <span class='ocrx_word' id='word_1_651' title='bbox 2953 4269 3104 4324; x_wconf 89' lang='lat' dir='ltr'><strong>vero,</strong></span> <span class='ocrx_word' id='word_1_652' title='bbox 3127 4263 3184 4311; x_wconf 91' lang='lat' dir='ltr'><strong>et</strong></span> <span class='ocrx_word' id='word_1_653' title='bbox 3213 4256 3588 4326; x_wconf 81' lang='lat' dir='ltr'><strong>perhorridas</strong></span> 
     </span>
    </p>
   </div>
   <div class='ocr_carea' id='block_1_92' title="bbox 1937 4342 3582 4415">
    <p class='ocr_par' dir='ltr' id='par_1_92' title="bbox 1937 4342 3582 4415">
     <span class='ocr_line' id='line_1_92' title="bbox 1937 4342 3582 4415; baseline 0.001 -15"><span class='ocrx_word' id='word_1_654' title='bbox 1937 4359 2144 4410; x_wconf 90' lang='lat' dir='ltr'><strong>sermo,</strong></span> <span class='ocrx_word' id='word_1_655' title='bbox 2173 4343 2492 4400; x_wconf 89' lang='lat' dir='ltr'><strong>barbariem</strong></span> <span class='ocrx_word' id='word_1_656' title='bbox 2525 4342 2803 4409; x_wconf 90' lang='lat' dir='ltr'><strong>redolens,</strong></span> <span class='ocrx_word' id='word_1_657' title='bbox 2841 4344 3021 4414; x_wconf 90' lang='lat' dir='ltr'><strong>magis</strong></span> <span class='ocrx_word' id='word_1_658' title='bbox 3052 4357 3152 4399; x_wconf 91' lang='lat' dir='ltr'><strong>nec</strong></span> <span class='ocrx_word' id='word_1_659' title='bbox 3175 4345 3355 4401; x_wconf 93' lang='lat' dir='ltr'><strong>multo</strong></span> <span class='ocrx_word' id='word_1_660' title='bbox 3388 4345 3582 4415; x_wconf 87' lang='lat' dir='ltr'><strong>profe—</strong></span> 
     </span>
    </p>
   </div>
   <div class='ocr_carea' id='block_1_93' title="bbox 176 4415 3579 4507">
    <p class='ocr_par' dir='ltr' id='par_1_93' title="bbox 176 4415 3579 4507">
     <span class='ocr_line' id='line_1_93' title="bbox 176 4415 3579 4507; baseline -0.001 -15"><span class='ocrx_word' id='word_1_661' title='bbox 176 4451 423 4507; x_wconf 88' lang='lat' dir='ltr'><strong>namque</strong></span> <span class='ocrx_word' id='word_1_662' title='bbox 474 4436 666 4504; x_wconf 87' lang='lat' dir='ltr'><strong>tertio,</strong></span> <span class='ocrx_word' id='word_1_663' title='bbox 718 4435 890 4490; x_wconf 88' lang='lat' dir='ltr'><strong>titulo</strong></span> <span class='ocrx_word' id='word_1_664' title='bbox 921 4431 970 4502; x_wconf 78' lang='grc'><strong>4,</strong></span> <span class='ocrx_word' id='word_1_665' title='bbox 1016 4447 1135 4503; x_wconf 90' lang='lat' dir='ltr'><strong>cap.</strong></span> <span class='ocrx_word' id='word_1_666' title='bbox 1183 4431 1238 4503; x_wconf 69' lang='lat'><strong>2,</strong></span> <span class='ocrx_word' id='word_1_667' title='bbox 1282 4431 1481 4487; x_wconf 86' lang='lat' dir='ltr'><strong>habet:</strong></span> <span class='ocrx_word' id='word_1_668' title='bbox 1529 4433 1616 4484; x_wconf 76' lang='lat' dir='ltr'><strong>Ea:</strong></span> <span class='ocrx_word' id='word_1_669' title='bbox 1654 4432 1827 4484; x_wconf 81' lang='lat' dir='ltr'><strong>Gestis</strong></span> <span class='ocrx_word' id='word_1_670' title='bbox 1857 4415 1908 4475; x_wconf 80' lang='lat' dir='ltr'><strong>D</strong></span> <span class='ocrx_word' id='word_1_671' title='bbox 1939 4441 2028 4489; x_wconf 86' lang='lat' dir='ltr'><strong>cto</strong></span> <span class='ocrx_word' id='word_1_672' title='bbox 2052 4433 2218 4488; x_wconf 91' lang='lat' dir='ltr'><strong>nobis</strong></span> <span class='ocrx_word' id='word_1_673' title='bbox 2264 4432 2395 4487; x_wconf 90' lang='lat' dir='ltr'><strong>usui</strong></span> <span class='ocrx_word' id='word_1_674' title='bbox 2422 4438 2605 4492; x_wconf 90' lang='lat' dir='ltr'><strong>erant,</strong></span> <span class='ocrx_word' id='word_1_675' title='bbox 2641 4450 2665 4480; x_wconf 90' lang='grc'><strong>››</strong></span> <span class='ocrx_word' id='word_1_676' title='bbox 2694 4436 2800 4485; x_wconf 90' lang='lat' dir='ltr'><strong>etc.</strong></span> <span class='ocrx_word' id='word_1_677' title='bbox 2845 4433 2924 4486; x_wconf 88' lang='lat' dir='ltr'><strong>Ex</strong></span> <span class='ocrx_word' id='word_1_678' title='bbox 2951 4432 3166 4501; x_wconf 90' lang='lat' dir='ltr'><strong>quibus</strong></span> <span class='ocrx_word' id='word_1_679' title='bbox 3215 4433 3579 4490; x_wconf 84' lang='lat' dir='ltr'><strong>manifestum</strong></span> 
     </span>
    </p>
   </div>
   <div class='ocr_carea' id='block_1_94' title="bbox 176 4523 1826 4593">
    <p class='ocr_par' dir='ltr' id='par_1_94' title="bbox 176 4523 1826 4593">
     <span class='ocr_line' id='line_1_94' title="bbox 176 4523 1826 4593; baseline -0.005 -12"><span class='ocrx_word' id='word_1_680' title='bbox 176 4530 541 4581; x_wconf 79' lang='lat' dir='ltr'><strong>Romanorum</strong></span> <span class='ocrx_word' id='word_1_681' title='bbox 587 4528 922 4593; x_wconf 77' lang='lat' dir='ltr'><strong>pontiﬁcum.</strong></span> <span class='ocrx_word' id='word_1_682' title='bbox 964 4525 1067 4578; x_wconf 89' lang='lat' dir='ltr'><strong>Leo</strong></span> <span class='ocrx_word' id='word_1_683' title='bbox 1114 4525 1214 4584; x_wconf 85' lang='lat' dir='ltr'><strong>HI,</strong></span> <span class='ocrx_word' id='word_1_684' title='bbox 1272 4524 1490 4575; x_wconf 84' lang='lat' dir='ltr'><strong>natione</strong></span> <span class='ocrx_word' id='word_1_685' title='bbox 1532 4523 1826 4580; x_wconf 87' lang='lat' dir='ltr'><strong>Romanus,</strong></span> 
     </span>
    </p>
   </div>
   <div class='ocr_carea' id='block_1_95' title="bbox 174 4611 1831 4680">
    <p class='ocr_par' dir='ltr' id='par_1_95' title="bbox 174 4611 1831 4680">
     <span class='ocr_line' id='line_1_95' title="bbox 174 4611 1831 4680; baseline -0.005 -14"><span class='ocrx_word' id='word_1_686' title='bbox 174 4615 405 4666; x_wconf 60' lang='lat' dir='ltr'><strong>amcitia</strong></span> <span class='ocrx_word' id='word_1_687' title='bbox 444 4614 691 4666; x_wconf 80' lang='lat' dir='ltr'><strong>Lotharii</strong></span> <span class='ocrx_word' id='word_1_688' title='bbox 732 4618 782 4666; x_wconf 90' lang='lat' dir='ltr'><strong>et</strong></span> <span class='ocrx_word' id='word_1_689' title='bbox 823 4613 1092 4665; x_wconf 75' lang='lat' dir='ltr'><strong>Ludovico</strong></span> <span class='ocrx_word' id='word_1_690' title='bbox 1133 4614 1538 4680; x_wconf 83' lang='lat' dir='ltr'><strong>imperatorum,</strong></span> <span class='ocrx_word' id='word_1_691' title='bbox 1587 4611 1831 4660; x_wconf 83' lang='lat' dir='ltr'><strong>sanctam</strong></span> 
     </span>
    </p>
   </div>
   <div class='ocr_carea' id='block_1_96' title="bbox 174 4697 1832 4770">
    <p class='ocr_par' dir='ltr' id='par_1_96' title="bbox 174 4697 1832 4770">
     <span class='ocr_line' id='line_1_96' title="bbox 174 4697 1832 4770; baseline -0.005 -15"><span class='ocrx_word' id='word_1_692' title='bbox 174 4711 224 4755; x_wconf 80' lang='lat' dir='ltr'><strong>et</strong></span> <span class='ocrx_word' id='word_1_693' title='bbox 251 4701 621 4756; x_wconf 76' lang='lat' dir='ltr'><strong>venerabilem</strong></span> <span class='ocrx_word' id='word_1_694' title='bbox 655 4715 847 4756; x_wconf 79' lang='lat' dir='ltr'><strong>Lxxvu</strong></span> <span class='ocrx_word' id='word_1_695' title='bbox 891 4703 1260 4770; x_wconf 84' lang='lat' dir='ltr'><strong>episcopo-rum</strong></span> <span class='ocrx_word' id='word_1_696' title='bbox 1287 4701 1346 4752; x_wconf 86' lang='lat' dir='ltr'><strong>in</strong></span> <span class='ocrx_word' id='word_1_697' title='bbox 1381 4698 1603 4752; x_wconf 81' lang='lat' dir='ltr'><strong>ecclesia</strong></span> <span class='ocrx_word' id='word_1_698' title='bbox 1632 4697 1694 4749; x_wconf 92' lang='lat' dir='ltr'><strong>B.</strong></span> <span class='ocrx_word' id='word_1_699' title='bbox 1720 4697 1832 4748; x_wconf 88' lang='lat' dir='ltr'><strong>Pe—</strong></span> 
     </span>
    </p>
   </div>
   <div class='ocr_carea' id='block_1_97' title="bbox 174 4780 1827 4857">
    <p class='ocr_par' dir='ltr' id='par_1_97' title="bbox 174 4780 1827 4857">
     <span class='ocr_line' id='line_1_97' title="bbox 174 4780 1827 4857; baseline -0.004 -15"><span class='ocrx_word' id='word_1_700' title='bbox 174 4793 248 4843; x_wconf 82' lang='lat' dir='ltr'><strong>tri</strong></span> <span class='ocrx_word' id='word_1_701' title='bbox 287 4790 563 4857; x_wconf 83' lang='lat' dir='ltr'><strong>synodum</strong></span> <span class='ocrx_word' id='word_1_702' title='bbox 613 4791 1004 4857; x_wconf 83' lang='lat' dir='ltr'><strong>congregavit;</strong></span> <span class='ocrx_word' id='word_1_703' title='bbox 1048 4797 1102 4844; x_wconf 88' lang='lat' dir='ltr'><strong>et</strong></span> <span class='ocrx_word' id='word_1_704' title='bbox 1142 4788 1243 4843; x_wconf 90' lang='lat' dir='ltr'><strong>lib.</strong></span> <span class='ocrx_word' id='word_1_705' title='bbox 1293 4801 1348 4855; x_wconf 85' lang='lat' dir='ltr'><strong>v,</strong></span> <span class='ocrx_word' id='word_1_706' title='bbox 1382 4787 1473 4841; x_wconf 85' lang='lat' dir='ltr'><strong>tit.</strong></span> <span class='ocrx_word' id='word_1_707' title='bbox 1507 4782 1562 4846; x_wconf 76' lang='lat'><strong>5,</strong></span> <span class='ocrx_word' id='word_1_708' title='bbox 1589 4800 1706 4852; x_wconf 90' lang='lat' dir='ltr'><strong>cap.</strong></span> <span class='ocrx_word' id='word_1_709' title='bbox 1754 4780 1827 4837; x_wconf 63' lang='grc' dir='ltr'><strong>ἓξ</strong></span> 
     </span>
    </p>
   </div>
   <div class='ocr_carea' id='block_1_98' title="bbox 179 4874 1826 4947">
    <p class='ocr_par' dir='ltr' id='par_1_98' title="bbox 179 4874 1826 4947">
     <span class='ocr_line' id='line_1_98' title="bbox 179 4874 1826 4947; baseline -0.005 -13"><span class='ocrx_word' id='word_1_710' title='bbox 179 4883 262 4934; x_wconf 70' lang='lat' dir='ltr'><strong>Er</strong></span> <span class='ocrx_word' id='word_1_711' title='bbox 283 4882 456 4947; x_wconf 81' lang='lat' dir='ltr'><strong>gestis</strong></span> <span class='ocrx_word' id='word_1_712' title='bbox 486 4882 851 4934; x_wconf 82' lang='lat' dir='ltr'><strong>Romanorum</strong></span> <span class='ocrx_word' id='word_1_713' title='bbox 884 4880 1220 4947; x_wconf 81' lang='lat' dir='ltr'><strong>pontiﬁcum.</strong></span> <span class='ocrx_word' id='word_1_714' title='bbox 1253 4878 1504 4945; x_wconf 85' lang='lat' dir='ltr'><strong>Tempore</strong></span> <span class='ocrx_word' id='word_1_715' title='bbox 1533 4874 1826 4935; x_wconf 72' lang='lat' dir='ltr'><strong>Zachariae,</strong></span> 
     </span>
    </p>
   </div>
   <div class='ocr_carea' id='block_1_99' title="bbox 177 4959 1835 5038">
    <p class='ocr_par' dir='ltr' id='par_1_99' title="bbox 177 4959 1835 5038">
     <span class='ocr_line' id='line_1_99' title="bbox 177 4959 1835 5038; baseline -0.005 -15"><span class='ocrx_word' id='word_1_716' title='bbox 177 4974 401 5025; x_wconf 83' lang='lat' dir='ltr'><strong>natione</strong></span> <span class='ocrx_word' id='word_1_717' title='bbox 440 4968 631 5038; x_wconf 63' lang='lat' dir='ltr'><strong>Graci,</strong></span> <span class='ocrx_word' id='word_1_718' title='bbox 689 4970 933 5037; x_wconf 87' lang='lat' dir='ltr'><strong>contigit,</strong></span> <span class='ocrx_word' id='word_1_719' title='bbox 984 4973 1130 5034; x_wconf 83' lang='lat' dir='ltr'><strong>etc.;</strong></span> <span class='ocrx_word' id='word_1_720' title='bbox 1166 4976 1220 5022; x_wconf 81' lang='lat' dir='ltr'><strong>et</strong></span> <span class='ocrx_word' id='word_1_721' title='bbox 1263 4967 1351 5022; x_wconf 92' lang='lat' dir='ltr'><strong>tit.</strong></span> <span class='ocrx_word' id='word_1_722' title='bbox 1399 4962 1434 5019; x_wconf 91' lang='grc'><strong>7</strong></span> <span class='ocrx_word' id='word_1_723' title='bbox 1475 4977 1599 5034; x_wconf 87' lang='lat' dir='ltr'><strong>cap.</strong></span> <span class='ocrx_word' id='word_1_724' title='bbox 1653 4959 1702 5016; x_wconf 80' lang='grc'><strong>4.</strong></span> <span class='ocrx_word' id='word_1_725' title='bbox 1746 4965 1835 5015; x_wconf 78' lang='lat' dir='ltr'><strong>Ea:</strong></span> 
     </span>
    </p>
   </div>
   <div class='ocr_carea' id='block_1_100' title="bbox 175 5053 1835 5129">
    <p class='ocr_par' dir='ltr' id='par_1_100' title="bbox 175 5053 1835 5129">
     <span class='ocr_line' id='line_1_100' title="bbox 175 5053 1835 5129; baseline -0.004 -18"><span class='ocrx_word' id='word_1_726' title='bbox 175 5063 343 5124; x_wconf 82' lang='lat' dir='ltr'><strong>gestis</strong></span> <span class='ocrx_word' id='word_1_727' title='bbox 426 5062 788 5114; x_wconf 79' lang='lat' dir='ltr'><strong>Romanorum</strong></span> <span class='ocrx_word' id='word_1_728' title='bbox 850 5061 1184 5129; x_wconf 78' lang='lat' dir='ltr'><strong>pontiﬁcum.</strong></span> <span class='ocrx_word' id='word_1_729' title='bbox 1256 5061 1506 5125; x_wconf 86' lang='lat' dir='ltr'><strong>Tempore</strong></span> <span class='ocrx_word' id='word_1_730' title='bbox 1570 5053 1835 5123; x_wconf 83' lang='lat' dir='ltr'><strong>Stephani</strong></span> 
     </span>
    </p>
   </div>
   <div class='ocr_carea' id='block_1_101' title="bbox 175 5146 1833 5218">
    <p class='ocr_par' dir='ltr' id='par_1_101' title="bbox 175 5146 1833 5218">
     <span class='ocr_line' id='line_1_101' title="bbox 175 5146 1833 5218; baseline -0.003 -16"><span class='ocrx_word' id='word_1_731' title='bbox 175 5165 355 5218; x_wconf 59' lang='lat' dir='ltr'><strong>papa,</strong></span> <span class='ocrx_word' id='word_1_732' title='bbox 415 5151 635 5202; x_wconf 87' lang='lat' dir='ltr'><strong>natione</strong></span> <span class='ocrx_word' id='word_1_733' title='bbox 682 5149 875 5209; x_wconf 80' lang='lat' dir='ltr'><strong>Siculi,</strong></span> <span class='ocrx_word' id='word_1_734' title='bbox 919 5153 1026 5203; x_wconf 84' lang='lat' dir='ltr'><strong>etc.</strong></span> <span class='ocrx_word' id='word_1_735' title='bbox 1078 5146 1183 5201; x_wconf 87' lang='lat' dir='ltr'><strong>Ubi</strong></span> <span class='ocrx_word' id='word_1_736' title='bbox 1236 5147 1404 5201; x_wconf 80' lang='lat' dir='ltr'><strong>Gesta</strong></span> <span class='ocrx_word' id='word_1_737' title='bbox 1452 5147 1833 5200; x_wconf 87' lang='lat' dir='ltr'><strong>Romanorum</strong></span> 
     </span>
    </p>
   </div>
   <div class='ocr_carea' id='block_1_102' title="bbox 182 5235 1831 5305">
    <p class='ocr_par' dir='ltr' id='par_1_102' title="bbox 182 5235 1831 5305">
     <span class='ocr_line' id='line_1_102' title="bbox 182 5235 1831 5305; baseline -0.001 -14"><span class='ocrx_word' id='word_1_738' title='bbox 182 5238 516 5305; x_wconf 86' lang='lat' dir='ltr'><strong>pontiﬁcum</strong></span> <span class='ocrx_word' id='word_1_739' title='bbox 541 5239 818 5305; x_wconf 90' lang='lat' dir='ltr'><strong>citantur,</strong></span> <span class='ocrx_word' id='word_1_740' title='bbox 843 5236 988 5291; x_wconf 91' lang='lat' dir='ltr'><strong>nulli</strong></span> <span class='ocrx_word' id='word_1_741' title='bbox 1021 5241 1208 5290; x_wconf 89' lang='lat' dir='ltr'><strong>tamen</strong></span> <span class='ocrx_word' id='word_1_742' title='bbox 1226 5237 1448 5292; x_wconf 90' lang='lat' dir='ltr'><strong>auctori</strong></span> <span class='ocrx_word' id='word_1_743' title='bbox 1473 5235 1831 5304; x_wconf 89' lang='lat' dir='ltr'><strong>tribuuntur,</strong></span> 
     </span>
    </p>
   </div>
   <div class='ocr_carea' id='block_1_103' title="bbox 180 5324 1838 5396">
    <p class='ocr_par' dir='ltr' id='par_1_103' title="bbox 180 5324 1838 5396">
     <span class='ocr_line' id='line_1_103' title="bbox 180 5324 1838 5396; baseline -0.001 -15"><span class='ocrx_word' id='word_1_744' title='bbox 180 5329 328 5396; x_wconf 88' lang='lat' dir='ltr'><strong>quod</strong></span> <span class='ocrx_word' id='word_1_745' title='bbox 363 5327 637 5381; x_wconf 90' lang='lat' dir='ltr'><strong>nimirum</strong></span> <span class='ocrx_word' id='word_1_746' title='bbox 667 5325 792 5379; x_wconf 91' lang='lat' dir='ltr'><strong>illis</strong></span> <span class='ocrx_word' id='word_1_747' title='bbox 812 5324 1166 5392; x_wconf 89' lang='lat' dir='ltr'><strong>temporibus</strong></span> <span class='ocrx_word' id='word_1_748' title='bbox 1197 5325 1445 5380; x_wconf 86' lang='lat' dir='ltr'><strong>nondum</strong></span> <span class='ocrx_word' id='word_1_749' title='bbox 1469 5325 1577 5380; x_wconf 92' lang='lat' dir='ltr'><strong>sub</strong></span> <span class='ocrx_word' id='word_1_750' title='bbox 1605 5326 1838 5380; x_wconf 84' lang='lat' dir='ltr'><strong>Anasta-</strong></span> 
     </span>
    </p>
   </div>
   <div class='ocr_carea' id='block_1_104' title="bbox 180 5411 1835 5472">
    <p class='ocr_par' dir='ltr' id='par_1_104' title="bbox 180 5411 1835 5472">
     <span class='ocr_line' id='line_1_104' title="bbox 180 5411 1835 5472; baseline 0.001 -2"><span class='ocrx_word' id='word_1_751' title='bbox 180 5419 250 5471; x_wconf 89' lang='lat' dir='ltr'><strong>sii</strong></span> <span class='ocrx_word' id='word_1_752' title='bbox 281 5413 720 5470; x_wconf 83' lang='lat' dir='ltr'><strong>Bibliothecarii</strong></span> <span class='ocrx_word' id='word_1_753' title='bbox 750 5411 979 5467; x_wconf 89' lang='lat' dir='ltr'><strong>nomine</strong></span> <span class='ocrx_word' id='word_1_754' title='bbox 1009 5413 1175 5468; x_wconf 91' lang='lat' dir='ltr'><strong>Liber</strong></span> <span class='ocrx_word' id='word_1_755' title='bbox 1208 5413 1558 5471; x_wconf 87' lang='lat' dir='ltr'><strong>Pontiﬁcalis</strong></span> <span class='ocrx_word' id='word_1_756' title='bbox 1578 5416 1835 5472; x_wconf 89' lang='lat' dir='ltr'><strong>circum-</strong></span> 
     </span>
    </p>
   </div>
   <div class='ocr_carea' id='block_1_105' title="bbox 181 5503 1337 5574">
    <p class='ocr_par' dir='ltr' id='par_1_105' title="bbox 181 5503 1337 5574">
     <span class='ocr_line' id='line_1_105' title="bbox 181 5503 1337 5574; baseline 0 -18"><span class='ocrx_word' id='word_1_757' title='bbox 181 5503 447 5568; x_wconf 78' lang='lat' dir='ltr'><strong>ferretur,</strong></span> <span class='ocrx_word' id='word_1_758' title='bbox 483 5510 546 5558; x_wconf 90' lang='lat' dir='ltr'><strong>ut</strong></span> <span class='ocrx_word' id='word_1_759' title='bbox 570 5505 686 5572; x_wconf 90' lang='lat' dir='ltr'><strong>jam</strong></span> <span class='ocrx_word' id='word_1_760' title='bbox 731 5518 905 5574; x_wconf 84' lang='lat' dir='ltr'><strong>supra</strong></span> <span class='ocrx_word' id='word_1_761' title='bbox 934 5503 1337 5560; x_wconf 88' lang='lat' dir='ltr'><strong>indicavimus.</strong></span> 
     </span>
    </p>
   </div>
   <div class='ocr_carea' id='block_1_106' title="bbox 249 5592 1255 5664">
    <p class='ocr_par' dir='ltr' id='par_1_106' title="bbox 249 5592 1255 5664">
     <span class='ocr_line' id='line_1_106' title="bbox 249 5592 1255 5664; baseline 0.001 -19"><span class='ocrx_word' id='word_1_762' title='bbox 249 5592 320 5664; x_wconf 77' lang='grc' dir='ltr'><strong>(α)</strong></span> <span class='ocrx_word' id='word_1_763' title='bbox 353 5595 412 5647; x_wconf 88' lang='lat' dir='ltr'><strong>In</strong></span> <span class='ocrx_word' id='word_1_764' title='bbox 436 5593 634 5648; x_wconf 90' lang='lat' dir='ltr'><strong>codice</strong></span> <span class='ocrx_word' id='word_1_765' title='bbox 663 5607 762 5649; x_wconf 91' lang='lat' dir='ltr'><strong>ms.</strong></span> <span class='ocrx_word' id='word_1_766' title='bbox 796 5593 912 5647; x_wconf 89' lang='lat' dir='ltr'><strong>bib.</strong></span> <span class='ocrx_word' id='word_1_767' title='bbox 947 5594 1255 5650; x_wconf 59' lang='lat' dir='ltr'><strong>Vaticana.</strong></span> 
     </span>
    </p>
   </div>
   <div class='ocr_carea' id='block_1_107' title="bbox 449 5688 1010 5762">
    <p class='ocr_par' dir='ltr' id='par_1_107' title="bbox 449 5688 1010 5762">
     <span class='ocr_line' id='line_1_107' title="bbox 449 5688 1010 5762; baseline 0 -19"><span class='ocrx_word' id='word_1_768' title='bbox 449 5691 702 5762; x_wconf 66' lang='grc' dir='ltr'><strong>¹Ριηιιοι..</strong></span> <span class='ocrx_word' id='word_1_769' title='bbox 743 5688 1010 5745; x_wconf 76' lang='lat' dir='ltr'><strong>CXXVII.</strong></span> 
     </span>
    </p>
   </div>
   <div class='ocr_carea' id='block_1_108' title="bbox 1942 4520 3582 4592">
    <p class='ocr_par' dir='ltr' id='par_1_108' title="bbox 1942 4520 3582 4592">
     <span class='ocr_line' id='line_1_108' title="bbox 1942 4520 3582 4592; baseline 0.001 -15"><span class='ocrx_word' id='word_1_770' title='bbox 1942 4523 2002 4577; x_wconf 90' lang='lat' dir='ltr'><strong>ﬁt</strong></span> <span class='ocrx_word' id='word_1_771' title='bbox 2028 4524 2235 4577; x_wconf 90' lang='lat' dir='ltr'><strong>Zenum</strong></span> <span class='ocrx_word' id='word_1_772' title='bbox 2272 4521 2603 4576; x_wconf 84' lang='lat' dir='ltr'><strong>Patavinum</strong></span> <span class='ocrx_word' id='word_1_773' title='bbox 2634 4520 2995 4575; x_wconf 84' lang='lat' dir='ltr'><strong>existimasse</strong></span> <span class='ocrx_word' id='word_1_774' title='bbox 3032 4535 3224 4576; x_wconf 90' lang='lat' dir='ltr'><strong>verum</strong></span> <span class='ocrx_word' id='word_1_775' title='bbox 3257 4536 3399 4587; x_wconf 87' lang='lat' dir='ltr'><strong>esse,</strong></span> <span class='ocrx_word' id='word_1_776' title='bbox 3433 4525 3582 4592; x_wconf 93' lang='lat' dir='ltr'><strong>quod</strong></span> 
     </span>
    </p>
   </div>
   <div class='ocr_carea' id='block_1_109' title="bbox 1943 4609 3583 4682">
    <p class='ocr_par' dir='ltr' id='par_1_109' title="bbox 1943 4609 3583 4682">
     <span class='ocr_line' id='line_1_109' title="bbox 1943 4609 3583 4682; baseline -0.002 -15"><span class='ocrx_word' id='word_1_777' title='bbox 1943 4613 2295 4682; x_wconf 89' lang='lat' dir='ltr'><strong>probandum</strong></span> <span class='ocrx_word' id='word_1_778' title='bbox 2334 4609 2714 4678; x_wconf 91' lang='lat' dir='ltr'><strong>suscepimus,</strong></span> <span class='ocrx_word' id='word_1_779' title='bbox 2759 4622 2868 4662; x_wconf 92' lang='lat' dir='ltr'><strong>non</strong></span> <span class='ocrx_word' id='word_1_780' title='bbox 2903 4609 3133 4678; x_wconf 90' lang='lat' dir='ltr'><strong>quidem</strong></span> <span class='ocrx_word' id='word_1_781' title='bbox 3181 4610 3252 4665; x_wconf 93' lang='lat' dir='ltr'><strong>ab</strong></span> <span class='ocrx_word' id='word_1_782' title='bbox 3282 4611 3583 4666; x_wconf 82' lang='lat' dir='ltr'><strong>Anastasio</strong></span> 
     </span>
    </p>
   </div>
   <div class='ocr_carea' id='block_1_110' title="bbox 1941 4698 3584 4768">
    <p class='ocr_par' dir='ltr' id='par_1_110' title="bbox 1941 4698 3584 4768">
     <span class='ocr_line' id='line_1_110' title="bbox 1941 4698 3584 4768; baseline -0.001 -13"><span class='ocrx_word' id='word_1_783' title='bbox 1941 4700 2406 4768; x_wconf 88' lang='lat' dir='ltr'><strong>Bibliothecario,</strong></span> <span class='ocrx_word' id='word_1_784' title='bbox 2455 4703 2686 4752; x_wconf 91' lang='lat' dir='ltr'><strong>auctore</strong></span> <span class='ocrx_word' id='word_1_785' title='bbox 2731 4698 3053 4766; x_wconf 91' lang='lat' dir='ltr'><strong>notissimo,</strong></span> <span class='ocrx_word' id='word_1_786' title='bbox 3105 4699 3201 4753; x_wconf 90' lang='lat' dir='ltr'><strong>sed</strong></span> <span class='ocrx_word' id='word_1_787' title='bbox 3255 4713 3287 4754; x_wconf 89' lang='lat' dir='ltr'><strong>a</strong></span> <span class='ocrx_word' id='word_1_788' title='bbox 3318 4699 3584 4768; x_wconf 90' lang='lat' dir='ltr'><strong>pluribus</strong></span> 
     </span>
    </p>
   </div>
   <div class='ocr_carea' id='block_1_111' title="bbox 1940 4786 3588 4860">
    <p class='ocr_par' dir='ltr' id='par_1_111' title="bbox 1940 4786 3588 4860">
     <span class='ocr_line' id='line_1_111' title="bbox 1940 4786 3588 4860; baseline -0.001 -14"><span class='ocrx_word' id='word_1_789' title='bbox 1940 4793 2130 4860; x_wconf 91' lang='lat' dir='ltr'><strong>iisque</strong></span> <span class='ocrx_word' id='word_1_790' title='bbox 2161 4790 2340 4860; x_wconf 88' lang='lat' dir='ltr'><strong>ignoti</strong></span> <span class='ocrx_word' id='word_1_791' title='bbox 2374 4787 2626 4843; x_wconf 90' lang='lat' dir='ltr'><strong>nominis</strong></span> <span class='ocrx_word' id='word_1_792' title='bbox 2645 4786 3000 4859; x_wconf 89' lang='lat' dir='ltr'><strong>auctoribus,</strong></span> <span class='ocrx_word' id='word_1_793' title='bbox 3023 4787 3255 4845; x_wconf 90' lang='lat' dir='ltr'><strong>Librum</strong></span> <span class='ocrx_word' id='word_1_794' title='bbox 3276 4789 3588 4844; x_wconf 84' lang='lat' dir='ltr'><strong>Pontiﬁca-</strong></span> 
     </span>
    </p>
   </div>
   <div class='ocr_carea' id='block_1_112' title="bbox 1941 4875 2684 4946">
    <p class='ocr_par' dir='ltr' id='par_1_112' title="bbox 1941 4875 2684 4946">
     <span class='ocr_line' id='line_1_112' title="bbox 1941 4875 2684 4946; baseline -0.011 -10"><span class='ocrx_word' id='word_1_795' title='bbox 1941 4880 2049 4936; x_wconf 90' lang='lat' dir='ltr'><strong>lem</strong></span> <span class='ocrx_word' id='word_1_796' title='bbox 2075 4877 2453 4946; x_wconf 90' lang='lat' dir='ltr'><strong>compositum</strong></span> <span class='ocrx_word' id='word_1_797' title='bbox 2486 4875 2684 4931; x_wconf 87' lang='lat' dir='ltr'><strong>fuisse.</strong></span> 
     </span>
    </p>
   </div>
   <div class='ocr_carea' id='block_1_113' title="bbox 2010 4963 3584 5032">
    <p class='ocr_par' dir='ltr' id='par_1_113' title="bbox 2010 4963 3584 5032">
     <span class='ocr_line' id='line_1_113' title="bbox 2010 4963 3584 5032; baseline 0 -9"><span class='ocrx_word' id='word_1_798' title='bbox 2010 4967 2065 5023; x_wconf 91' lang='lat'><strong>6.</strong></span> <span class='ocrx_word' id='word_1_799' title='bbox 2095 4964 2352 5022; x_wconf 89' lang='lat' dir='ltr'><strong>Secunda</strong></span> <span class='ocrx_word' id='word_1_800' title='bbox 2381 4964 2528 5019; x_wconf 90' lang='lat' dir='ltr'><strong>ratio</strong></span> <span class='ocrx_word' id='word_1_801' title='bbox 2565 4977 2675 5032; x_wconf 89' lang='lat' dir='ltr'><strong>qua</strong></span> <span class='ocrx_word' id='word_1_802' title='bbox 2722 4970 2946 5020; x_wconf 91' lang='lat' dir='ltr'><strong>constat</strong></span> <span class='ocrx_word' id='word_1_803' title='bbox 2990 4963 3221 5020; x_wconf 89' lang='lat' dir='ltr'><strong>Librum</strong></span> <span class='ocrx_word' id='word_1_804' title='bbox 3272 4965 3584 5023; x_wconf 89' lang='lat' dir='ltr'><strong>Pontiﬁca-</strong></span> 
     </span>
    </p>
   </div>
   <div class='ocr_carea' id='block_1_114' title="bbox 1943 5051 3582 5118">
    <p class='ocr_par' dir='ltr' id='par_1_114' title="bbox 1943 5051 3582 5118">
     <span class='ocr_line' id='line_1_114' title="bbox 1943 5051 3582 5118; baseline -0.001 -4"><span class='ocrx_word' id='word_1_805' title='bbox 1943 5059 2050 5114; x_wconf 89' lang='lat' dir='ltr'><strong>lem</strong></span> <span class='ocrx_word' id='word_1_806' title='bbox 2081 5053 2381 5112; x_wconf 82' lang='lat' dir='ltr'><strong>Anastasio</strong></span> <span class='ocrx_word' id='word_1_807' title='bbox 2407 5051 2852 5108; x_wconf 91' lang='lat' dir='ltr'><strong>Bibliothecario</strong></span> <span class='ocrx_word' id='word_1_808' title='bbox 2883 5051 3251 5108; x_wconf 88' lang='lat' dir='ltr'><strong>tribuendum</strong></span> <span class='ocrx_word' id='word_1_809' title='bbox 3289 5067 3399 5110; x_wconf 91' lang='lat' dir='ltr'><strong>non</strong></span> <span class='ocrx_word' id='word_1_810' title='bbox 3435 5068 3582 5118; x_wconf 87' lang='lat' dir='ltr'><strong>esse.</strong></span> 
     </span>
    </p>
   </div>
   <div class='ocr_carea' id='block_1_115' title="bbox 1943 5140 3583 5215">
    <p class='ocr_par' dir='ltr' id='par_1_115' title="bbox 1943 5140 3583 5215">
     <span class='ocr_line' id='line_1_115' title="bbox 1943 5140 3583 5215; baseline -0.002 -12"><span class='ocrx_word' id='word_1_811' title='bbox 1943 5147 2155 5204; x_wconf 90' lang='lat' dir='ltr'><strong>nititur</strong></span> <span class='ocrx_word' id='word_1_812' title='bbox 2193 5143 2532 5200; x_wconf 87' lang='lat' dir='ltr'><strong>auctoritate</strong></span> <span class='ocrx_word' id='word_1_813' title='bbox 2572 5140 3091 5210; x_wconf 90' lang='lat' dir='ltr'><strong>manuscriptorum</strong></span> <span class='ocrx_word' id='word_1_814' title='bbox 3136 5143 3419 5214; x_wconf 91' lang='lat' dir='ltr'><strong>codicum,</strong></span> <span class='ocrx_word' id='word_1_815' title='bbox 3483 5145 3583 5215; x_wconf 92' lang='lat' dir='ltr'><strong>qui</strong></span> 
     </span>
    </p>
   </div>
   <div class='ocr_carea' id='block_1_116' title="bbox 1943 5233 3586 5306">
    <p class='ocr_par' dir='ltr' id='par_1_116' title="bbox 1943 5233 3586 5306">
     <span class='ocr_line' id='line_1_116' title="bbox 1943 5233 3586 5306; baseline -0.002 -14"><span class='ocrx_word' id='word_1_816' title='bbox 1943 5235 2288 5306; x_wconf 89' lang='lat' dir='ltr'><strong>antiquitate</strong></span> <span class='ocrx_word' id='word_1_817' title='bbox 2337 5233 2625 5289; x_wconf 77' lang='lat' dir='ltr'><strong>Anastasii</strong></span> <span class='ocrx_word' id='word_1_818' title='bbox 2673 5236 2892 5287; x_wconf 71' lang='lat' dir='ltr'><strong>mtatem</strong></span> <span class='ocrx_word' id='word_1_819' title='bbox 2936 5241 3225 5302; x_wconf 87' lang='lat' dir='ltr'><strong>superant.</strong></span> <span class='ocrx_word' id='word_1_820' title='bbox 3267 5233 3387 5303; x_wconf 90' lang='lat' dir='ltr'><strong>Qua</strong></span> <span class='ocrx_word' id='word_1_821' title='bbox 3416 5235 3485 5290; x_wconf 94' lang='lat' dir='ltr'><strong>de</strong></span> <span class='ocrx_word' id='word_1_822' title='bbox 3525 5246 3586 5288; x_wconf 93' lang='lat' dir='ltr'><strong>re</strong></span> 
     </span>
    </p>
   </div>
   <div class='ocr_carea' id='block_1_117' title="bbox 1945 5319 3586 5390">
    <p class='ocr_par' dir='ltr' id='par_1_117' title="bbox 1945 5319 3586 5390">
     <span class='ocr_line' id='line_1_117' title="bbox 1945 5319 3586 5390; baseline -0.003 -10"><span class='ocrx_word' id='word_1_823' title='bbox 1945 5324 2267 5380; x_wconf 89' lang='lat' dir='ltr'><strong>audiendus</strong></span> <span class='ocrx_word' id='word_1_824' title='bbox 2289 5328 2374 5377; x_wconf 90' lang='lat' dir='ltr'><strong>est</strong></span> <span class='ocrx_word' id='word_1_825' title='bbox 2399 5321 2702 5390; x_wconf 88' lang='lat' dir='ltr'><strong>Philippus</strong></span> <span class='ocrx_word' id='word_1_826' title='bbox 2726 5319 2981 5377; x_wconf 91' lang='lat' dir='ltr'><strong>Labbeus</strong></span> <span class='ocrx_word' id='word_1_827' title='bbox 3000 5320 3150 5378; x_wconf 91' lang='lat' dir='ltr'><strong>libro</strong></span> <span class='ocrx_word' id='word_1_828' title='bbox 3175 5323 3244 5379; x_wconf 90' lang='lat' dir='ltr'><strong>de</strong></span> <span class='ocrx_word' id='word_1_829' title='bbox 3267 5321 3586 5390; x_wconf 85' lang='lat' dir='ltr'><strong>Scriptori-</strong></span> 
     </span>
    </p>
   </div>
   <div class='ocr_carea' id='block_1_118' title="bbox 1948 5407 3591 5480">
    <p class='ocr_par' dir='ltr' id='par_1_118' title="bbox 1948 5407 3591 5480">
     <span class='ocr_line' id='line_1_118' title="bbox 1948 5407 3591 5480; baseline -0.001 -13"><span class='ocrx_word' id='word_1_830' title='bbox 1948 5414 2056 5467; x_wconf 91' lang='lat' dir='ltr'><strong>bus</strong></span> <span class='ocrx_word' id='word_1_831' title='bbox 2083 5413 2143 5467; x_wconf 91' lang='lat' dir='ltr'><strong>in</strong></span> <span class='ocrx_word' id='word_1_832' title='bbox 2184 5413 2442 5480; x_wconf 91' lang='lat' dir='ltr'><strong>Damaso,</strong></span> <span class='ocrx_word' id='word_1_833' title='bbox 2474 5409 2571 5466; x_wconf 92' lang='lat' dir='ltr'><strong>ubi</strong></span> <span class='ocrx_word' id='word_1_834' title='bbox 2615 5407 2854 5465; x_wconf 84' lang='lat' dir='ltr'><strong>aﬁirmat</strong></span> <span class='ocrx_word' id='word_1_835' title='bbox 2891 5411 3256 5468; x_wconf 86' lang='lat' dir='ltr'><strong>Anastasium</strong></span> <span class='ocrx_word' id='word_1_836' title='bbox 3289 5423 3398 5465; x_wconf 93' lang='lat' dir='ltr'><strong>non</strong></span> <span class='ocrx_word' id='word_1_837' title='bbox 3428 5423 3591 5478; x_wconf 92' lang='lat' dir='ltr'><strong>posse</strong></span> 
     </span>
    </p>
   </div>
   <div class='ocr_carea' id='block_1_119' title="bbox 1949 5498 3587 5574">
    <p class='ocr_par' dir='ltr' id='par_1_119' title="bbox 1949 5498 3587 5574">
     <span class='ocr_line' id='line_1_119' title="bbox 1949 5498 3587 5574; baseline -0.002 -16"><span class='ocrx_word' id='word_1_838' title='bbox 1949 5515 2073 5558; x_wconf 88' lang='lat' dir='ltr'><strong>esse</strong></span> <span class='ocrx_word' id='word_1_839' title='bbox 2101 5508 2388 5557; x_wconf 89' lang='lat' dir='ltr'><strong>auctorem</strong></span> <span class='ocrx_word' id='word_1_840' title='bbox 2415 5498 2627 5569; x_wconf 88' lang='lat' dir='ltr'><strong>prioris</strong></span> <span class='ocrx_word' id='word_1_841' title='bbox 2645 5499 2846 5570; x_wconf 89' lang='lat' dir='ltr'><strong>partis.</strong></span> <span class='ocrx_word' id='word_1_842' title='bbox 2875 5518 2902 5551; x_wconf 77' lang='grc' dir='ltr'><em>α</em></span> <span class='ocrx_word' id='word_1_843' title='bbox 2924 5500 3085 5574; x_wconf 87' lang='lat' dir='ltr'><strong>Cum,</strong></span> <span class='ocrx_word' id='word_1_844' title='bbox 3114 5499 3324 5572; x_wconf 89' lang='lat' dir='ltr'><strong>inquit,</strong></span> <span class='ocrx_word' id='word_1_845' title='bbox 3343 5499 3587 5557; x_wconf 89' lang='lat' dir='ltr'><strong>viderim</strong></span> 
     </span>
    </p>
   </div>
   <div class='ocr_carea' id='block_1_120' title="bbox 3275 5682 3309 5739">
    <p class='ocr_par' dir='ltr' id='par_1_120' title="bbox 3275 5682 3309 5739">
     <span class='ocr_line' id='line_1_120' title="bbox 3275 5682 3309 5739; baseline 0 0"><span class='ocrx_word' id='word_1_846' title='bbox 3275 5682 3309 5739; x_wconf 89' lang='grc'><strong>7</strong></span> 
     </span>
    </p>
   </div>
  </div>
