4048 6168
514 248 622 306 203

1315 252 1408 308 AD
1444 251 1879 307 ANASTASIUM
1916 248 2430 305 PROLEGOMENA
2464 251 2644 306 EDIT.
2690 251 3115 309 ROM.-VAT[C.

3800 249 3887 308 904

514 374 970 443 manuscriptum
1018 375 1272 430 codicem
1305 375 1533 445 Optima:
1565 381 1730 444 notae,
1773 380 2024 445 tempore
2056 372 2169 431 Ca—
2195 369 2252 429 A
2277 373 2457 428 Leone
2477 374 2669 440 tertio,
2701 375 2984 444 Stephano
3022 375 3246 446 quinto,
3304 374 3562 430 Paschali
3617 375 3793 443 primo
3844 383 3890 431 et
3930 354 3935 357 ’

512 462 623 518 roli
653 462 841 533 Magni
873 468 1187 533 exaratum,
1217 464 1276 518 in
1312 479 1425 534 quo
1452 465 1593 519 Vita:
1638 465 1753 520 illa!
1783 466 2021 520 Damaso
2045 465 2161 532 jam

513 556 633 605 tum
667 549 1087 620 tribuebantur,
1112 559 1416 622 antequam
1436 558 1539 608 aut
1564 559 1733 609 natus
1761 560 1911 609 esset
1929 552 2165 608 Anasta-

422 666 423 673 η
511 639 658 707 sius,
685 644 786 696 aut
811 639 1006 696 saltem
1034 656 1102 696 ex
1124 641 1329 711 primis
1347 640 1605 697 infantiae
1621 643 1955 712 crepundiis
1974 656 2163 697 emer-

513 727 707 784 sisset.
734 746 760 778 »
784 729 1011 799 Repetit
1037 729 1155 784 haec
1183 730 1396 785 Labbei
1414 731 1587 786 verba
1611 731 1943 786 Lambecius
1979 731 2084 786 lib.
2110 732 2158 786 II

512 814 881 872 Bibliotheca:
900 816 1184 881 Ctesareae,
1215 830 1336 886 cap.
1360 814 1414 886 8,
1448 818 1518 873 ad
1544 818 1798 873 codicem
1819 814 1944 886 277,
1987 831 2157 887 quem

517 903 1006 960 membranaceum
1046 911 1102 960 et
1141 910 1529 974 pervetustum
1577 911 1756 977 vocat,
1802 913 1857 961 et
1903 906 2156 975 ejusdem

516 994 744 1064 generis
764 1008 886 1049 esse
904 994 1163 1063 perhibet
1180 1009 1309 1052 cum
1329 1009 1395 1050 eo
1414 1009 1581 1066 quem
1596 996 1853 1052 Labbeus
1868 1010 1928 1051 se
1944 995 2164 1050 vidisse

513 1081 819 1138 afﬁirmat:
854 1084 1162 1152 «Ejusdem
1184 1085 1412 1155 generis
1441 1091 1527 1140 est
1548 1086 1740 1151 etiam,
1766 1086 1978 1155 inquit,
2009 1100 2162 1155 pra:-

516 1170 914 1228 stantissimus
943 1171 1043 1228 ille
1068 1178 1126 1227 et
1143 1173 1358 1229 collatu
1389 1173 1776 1244 dignissimus
1816 1173 1993 1229 codex
2037 1187 2150 1229 ms.

512 1260 947 1330 Ambrosianus,
979 1262 1049 1318 de
1066 1277 1180 1332 quo
1211 1264 1270 1317 in
1290 1277 1538 1332 praesens
1562 1263 1778 1334 agitur,
1802 1270 1997 1333 utpote
2029 1278 2157 1319 cum

513 1356 629 1406 tam
667 1363 735 1405 ex
780 1351 1071 1419 scriptura
1118 1365 1289 1421 quam
1333 1351 1472 1407 aliis
1513 1352 1972 1408 circumstantiis
2003 1356 2158 1408 certo

514 1443 737 1494 constet
771 1451 901 1495 eum
922 1439 992 1494 ad
1035 1439 1401 1509 imperatoris
1452 1440 1723 1495 Ludovici
1756 1440 1843 1495 Pii
1905 1446 2159 1510 tempora

511 1527 819 1597 pertinere.
861 1528 1147 1599 Pertingit
1175 1534 1369 1584 autem
1396 1528 1479 1584 ibi
1526 1529 1772 1585 historia
1821 1531 2158 1599 pontificum

512 1616 901 1674 Romanorum
948 1621 1169 1672 tantum
1212 1632 1397 1688 usque
1438 1619 1506 1674 ad
1555 1632 1754 1688 papam
1810 1618 2156 1689 Stephanum

513 1704 849 1772 secundum,
898 1705 1006 1773 vel,
1059 1711 1123 1761 ut
1167 1706 1273 1761 alii
1330 1711 1670 1776 supputant,
1734 1708 1990 1776 tertium,
2057 1708 2157 1779 qui

509 1805 661 1848 anno
679 1788 787 1848 752
809 1792 1026 1850 electus
1050 1800 1155 1864 est,
1186 1800 1242 1849 et
1263 1808 1413 1850 anno
1445 1791 1551 1850 757
1587 1794 1755 1850 obiit.
1791 1814 1817 1845 »
1864 1796 2159 1853 Accedunt

512 1881 744 1938 demum
787 1882 1015 1938 codices
1060 1883 1438 1953 manuscripti
1464 1888 1602 1952 tres,
1642 1898 1886 1955 quorum
1929 1886 2075 1941 alter
2097 1887 2156 1942 in

514 1969 868 2026 bibliotheca
897 1971 1171 2027 Vaticana
1192 1973 1483 2041 reperitur
1512 1972 1620 2028 sub
1650 1986 1889 2029 numero
1909 1971 2071 2043 5269,
2097 1976 2158 2030 in

520 2071 635 2128 quo
658 2058 802 2113 Vitae
832 2059 1216 2115 Romanorum
1252 2060 1587 2129 pontiﬁcum
1617 2062 1893 2117 desinunt
1926 2062 1984 2120 in
2010 2063 2161 2119 Gre—

518 2146 682 2217 gorio
704 2148 772 2214 II,
801 2148 903 2216 qui
924 2152 1152 2203 centum
1184 2148 1355 2204 annis
1383 2154 1514 2204 ante
1541 2149 1909 2206 Anastasium
1936 2151 2161 2208 Biblio—

523 2233 844 2290 thecarium
890 2234 1059 2303 obiit,
1107 2236 1212 2291 alii
1263 2235 1379 2293 duo
1425 2239 1485 2293 in
1546 2237 1895 2295 bibliotheca
1948 2240 2162 2311 regina:

518 2325 755 2393 Sueciae,
779 2329 836 2380 et
854 2323 1205 2381 bibliotheca
1234 2328 1417 2382 sancti
1440 2328 1614 2383 Marci
1632 2329 1934 2384 Florentize
1968 2344 2163 2387 asser-

523 2418 753 2477 vantur,
783 2412 881 2484 qui
914 2412 1141 2468 codices
1170 2413 1230 2467 in
1250 2410 1505 2470 Adriano
1543 2416 1729 2484 primo
1769 2418 2000 2487 ﬁniunt,
2049 2432 2163 2488 quo

521 2502 775 2558 nondum
822 2506 993 2557 natus
1040 2506 1164 2556 erat
1199 2500 1558 2558 Anastasius.
1620 2504 1696 2558 Ex
1767 2505 1983 2575 quibus
2020 2507 2164 2562 satis

521 2604 808 2661 superque
847 2595 1074 2646 constat
1116 2588 1351 2645 Librum
1414 2590 1803 2647 Pontiﬁcalem
1859 2594 2164 2650 Anastasio

520 2678 911 2748 antiquiorem
935 2692 1078 2748 esse,
1101 2678 1358 2749 adeoque
1380 2679 1546 2734 illum
1570 2680 1746 2736 istius
1781 2680 1919 2736 libri
1959 2689 2166 2739 aucto—

520 2782 638 2825 rem
669 2781 792 2823 esse
821 2780 933 2822 non
966 2781 1148 2835 posse.

558 2855 613 2913 7.
659 2856 852 2913 Tertia
910 2855 1058 2912 ratio
1104 2869 1217 2926 qua
1263 2856 1536 2925 probatur
1586 2870 1699 2913 non
1763 2859 1995 2930 quidem
2057 2860 2158 2915 uni

515 2947 822 3007 Anastasio
862 2946 1330 3015 Bibliothecario,
1368 2946 1463 3002 sed
1513 2946 1783 3016 pluribus
1824 2948 2161 3003 auctoribus

518 3041 784 3097 ultimam
810 3039 968 3096 Libri
994 3036 1348 3094 Pontiﬁcalis
1371 3039 1588 3104 partem
1611 3035 1972 3091 tribuendam
2013 3051 2154 3108 esse,

495 3124 584 3183 ex
607 3127 944 3184 diversitate
967 3126 1102 3197 styli
1128 3123 1474 3193 desumitur,
1497 3122 1568 3177 de
1614 3136 1727 3192 qua
1762 3129 1946 3178 exstat
1979 3136 2161 3180 aecu-

515 3222 639 3272 rata
667 3218 829 3272 Lucae
857 3206 1137 3273 Holstenii
1171 3210 1453 3268 sententia
1476 3210 1536 3264 in
1558 3211 1714 3265 notis
1747 3213 2159 3282 manuscriptis

512 3305 582 3361 ad
604 3304 972 3363 Anastasium
991 3305 1063 3359 de
1087 3302 1238 3358 Vitis
1261 3298 1622 3370 Pontiﬁcum,
1655 3299 1713 3355 in
1734 3299 1948 3371 quibus
1971 3301 2158 3359 obser-

510 3400 607 3449 vat
652 3401 867 3464 partem
909 3393 1069 3449 illam
1114 3405 1240 3462 quae
1274 3389 1434 3449 Vitas
1459 3404 1492 3445 a
1538 3388 1810 3445 Zacharia
1866 3406 2048 3464 usque
2085 3393 2153 3448 ad

511 3482 812 3539 Nicolaum
838 3483 1090 3553 primum
1114 3482 1535 3552 complectitur,
1556 3496 1588 3539 a
1608 3483 1789 3539 variis
1822 3481 2159 3539 auctoribus

515 3570 664 3641 stylo
704 3571 931 3628 diverso
974 3571 1358 3641 conscriptam
1413 3571 1611 3627 fuisse.
1661 3570 1867 3642 Sicque
1907 3575 2067 3627 notat
2088 3572 2159 3626 de

513 3660 643 3715 Vita
662 3660 977 3715 Zachariam
1013 3680 1040 3711 α
1063 3660 1220 3729 Stylo
1262 3661 1530 3717 nonnihil
1573 3662 1805 3731 puriore
1825 3666 1882 3715 et
1920 3673 2158 3715 nervoso

508 3747 745 3815 scripta,
776 3752 1066 3816 totamque
1097 3747 1399 3803 historiam
1428 3750 1796 3818 pontiﬁcatus
1818 3747 2160 3818 complecti-

506 3837 624 3904 tur,
646 3840 844 3890 contra
866 3836 1015 3904 quod
1050 3836 1109 3889 in
1140 3837 1542 3904 superioribus
1582 3837 1971 3906 pontificibus.
2009 3850 2159 3906 quo-

510 3936 640 3980 rum
668 3928 823 3993 gesta
847 3924 1106 3979 eumdem
1132 3923 1343 3993 stylum
1360 3930 1416 3979 et
1440 3930 1730 3980 auctorem
1761 3924 2152 3994 praeseferunt,

502 4011 718 4067 factum
735 4015 876 4066 erat.
906 4012 1034 4066 »De
1072 4011 1244 4066 Paulo
1294 4025 1456 4081 papa,
1500 4012 1771 4081 Stephani
1809 4013 1965 4068 tertii
2017 4028 2156 4071 suc-

504 4111 748 4165 cessore,
795 4102 955 4154 notat
986 4098 1132 4154 idem
1179 4099 1547 4155 Holstenius:
1580 4120 1607 4152 «
1654 4102 1781 4156 Haec
1823 4103 1949 4158 Vita
1992 4102 2154 4158 valde

502 4189 699 4259 jejuna
725 4186 875 4242 nihil
898 4186 1239 4242 historicum
1280 4185 1464 4256 habet,
1507 4190 1763 4258 ejusdem
1799 4204 1929 4246 cum
1974 4204 2157 4261 supe-

508 4275 766 4333 rioribus
795 4275 953 4345 styli.
980 4293 1006 4324 ι>
1033 4276 1229 4345 Itaque
1241 4277 1405 4345 juxta
1426 4283 1668 4333 mentem
1696 4279 1977 4335 Holstenii
2003 4279 2151 4334 idem

504 4370 708 4421 auctor
731 4368 848 4418 tres
873 4363 1339 4432 supradictorum
1371 4366 1710 4435 pontiﬁcum
1732 4367 1890 4421 Vitas
1919 4368 2146 4437 adjecit.
2179 4364 2234 4425 D

504 4455 585 4509 De
606 4451 890 4522 Stephano
925 4459 1130 4522 quarto
1158 4460 1347 4511 autem
1391 4455 1557 4511 habet
1602 4454 1931 4525 sequentia:
1960 4475 1986 4507 α
2025 4456 2153 4511 Vita

500 4539 773 4611 Stephani
805 4552 963 4609 papa:
989 4542 1205 4612 scripta
1225 4549 1311 4599 est
1338 4543 1566 4599 diverso
1587 4544 1734 4613 stylo
1754 4555 1787 4597 a
1827 4543 2155 4612 superiori-

503 4630 634 4698 bus,
664 4629 974 4698 modosque
992 4629 1263 4701 loquendi
1283 4631 1402 4688 sive
1417 4631 1804 4687 barbarismos
1826 4631 2149 4700 peculiares

506 4720 694 4790 habet,
719 4734 846 4790 quae
864 4718 1056 4777 nescio
1081 4732 1247 4789 quem
1269 4717 1705 4776 africanismum
1725 4733 1921 4789 sapere
1937 4720 2145 4776 viden-

502 4814 621 4864 tur.
673 4826 700 4858 »
757 4809 841 4864 Ad
902 4809 1146 4865 Adriani
1195 4820 1328 4863 vero
1371 4807 1579 4877 Vitam,
1626 4822 1753 4878 qua:
1800 4813 1975 4864 totam
2020 4810 2145 4878 ejus

499 4896 872 4967 pontiﬁcatus
894 4896 1199 4953 historiam
1230 4896 1506 4967 continet,
1542 4896 1691 4952 nihil
1726 4902 1904 4968 notat,
1939 4899 2054 4954 nisi
2074 4900 2143 4955 ad

502 4984 691 5053 ﬁnem,
716 4985 816 5041 ubi
841 4986 901 5041 in
929 4986 1214 5058 margine:
1250 5006 1275 5037 ‹‹
1308 4987 1409 5042 Hic
1429 4986 1560 5041 ﬁnit
1579 4987 1754 5043 codex
1779 4987 2146 5043 Florentinus

502 5072 685 5127 sancti
729 5075 927 5138 Marci,
955 5080 1011 5130 et
1038 5089 1173 5131 mss.
1214 5076 1595 5131 serenissima:
1636 5076 1865 5145 regina},
1897 5094 1924 5124 »
1984 5076 2148 5132 indi-

499 5172 657 5227 cans,
687 5163 752 5213 ut
774 5159 922 5216 infra
942 5163 1287 5229 videbimus,
1312 5166 1457 5219 hanc
1485 5163 1668 5217 Vitam
1691 5163 1762 5216 ab
1783 5168 2015 5220 auctore
2046 5164 2147 5221 illo

504 5248 700 5307 forsan
721 5250 1126 5321 conscriptam,
1151 5252 1237 5306 vel
1258 5252 1535 5318 adjectam
1556 5249 1755 5319 fuisse,
1780 5252 1882 5322 qui
1913 5252 2147 5308 Librum

502 5342 912 5409 Pontiﬁcalem,
932 5352 1001 5393 ex
1021 5353 1137 5407 quo
1156 5339 1384 5394 codices
1400 5338 1761 5394 bibliotheca:
1786 5342 1996 5411 regina:
2021 5343 2151 5395 Sue-

501 5431 673 5486 ciazet
685 5428 1047 5485 bibliothecae
1060 5427 1241 5482 sancti
1254 5427 1425 5482 Marci
1437 5426 1712 5498 descripti
1726 5436 1881 5496 sunt,
1899 5430 1957 5483 in
1972 5443 2149 5484 unum

502 5516 769 5574 volumen
805 5516 1059 5588 collegit.
1100 5518 1179 5572 De
1211 5516 1451 5573 Adriani
1490 5518 1661 5588 primi
1715 5517 2147 5573 successoribus

2270 462 2526 533 Eugenio
2543 464 2811 530 secundo,
2842 464 2991 519 nihil
3030 464 3264 519 omnino
3293 462 3552 518 observat
3572 465 3744 517 Lucas
3771 463 3892 519 Hol-

2272 551 2526 619 stenius;
2558 551 2628 607 de
2667 552 2967 607 Valentino
3007 559 3212 619 tamen,
3262 551 3506 621 Eugenii
3565 565 3889 619 successum,

2269 640 2486 695 notavit
2513 640 2573 695 in
2602 642 2887 712 margine:
2921 661 2947 692 α
2971 642 3094 696 Haec
3120 641 3246 696 Vita
3273 640 3553 709 peculiari
3577 639 3721 710 stylo
3760 642 3891 709 pha—

2270 726 2445 783 lerata
2492 729 2899 799 agnoscitur.»
2933 730 3065 785 Post
3120 742 3311 799 quem,
3360 729 3592 783 omissis
3623 729 3692 783 ad
3733 730 3893 783 trium

2268 832 2661 874 successorum
2692 818 2850 873 Vitas
2872 818 3049 881 notis,
3066 819 3137 873 de
3162 817 3462 873 Benedicto
3484 818 3656 873 tertio
3696 819 3772 872 ita
3800 817 3898 872 ha-

2268 908 2391 964 bet:
2425 928 2451 958 «
2477 907 2581 962 Hic
2610 906 2930 962 affectatum
2956 912 3012 962 et
3055 907 3484 976 ineptissimum
3531 906 3891 978 exaggerandi

2271 996 2615 1066 proﬂuvium
2658 994 2912 1065 observa,
2949 1000 3005 1049 et
3047 1008 3314 1050 numeros
3360 996 3631 1064 poeticos.
3665 1013 3690 1044 ››
3734 996 3799 1048 Et
3833 995 3892 1048 ad

2267 1085 2489 1142 Nicolai
2510 1084 2681 1154 primi
2704 1083 2893 1138 Vitam
2920 1085 3249 1154 sequentia:
3281 1104 3306 1137 «
3330 1084 3485 1139 Hanc
3504 1085 3689 1139 Vitam
3712 1083 3896 1139 asedis

2268 1175 2593 1246 apostolicae
2631 1172 3073 1228 bibliothecario
3115 1174 3405 1243 scriptam,
3443 1174 3607 1228 docet
3647 1170 3896 1242 frequens

2268 1263 2472 1320 scrinii
2504 1259 2880 1317 ecélesiastici
2916 1261 3146 1317 mentio.
3176 1279 3203 1311 »
3231 1263 3513 1316 Hactenus
3544 1262 3721 1334 ¹[λυθῶ
3770 1261 3898 1315 llol-

2269 1354 2441 1411 Stenii
2480 1359 2623 1409 notze
2652 1354 2722 1410 de
2751 1353 2900 1412 Vitis
2947 1352 3334 1421 pontiﬁcuma
3387 1351 3661 1420 Gregorio
3717 1351 3897 1415 tertio,

2271 1444 2376 1500 sub
2402 1458 2515 1515 quo
2560 1445 2917 1500 Venerabilis
2946 1443 3091 1498 Beda
3138 1440 3307 1511 vixit,
3335 1453 3515 1509 usque
3537 1439 3604 1494 ad
3659 1445 3900 1507 tempora

2269 1533 2491 1589 Nicolai
2538 1534 2735 1603 primi,
2783 1533 2997 1604 quibus
3037 1529 3379 1585 Anastasius
3435 1527 3903 1582 Bibliothecarius

2271 1623 2487 1692 ﬁoruit,
2512 1637 2655 1694 quas
2672 1629 2834 1679 notas
2851 1636 2915 1677 eo
2934 1620 3229 1677 lubentius
3247 1618 3342 1673 hic
3366 1616 3733 1683 adduximus,
3761 1616 3902 1685 quod

2187 1685 2241 1744 B
2269 1712 2358 1767 vir
2372 1685 3079 1780 eruditissimusmagnam
3092 1708 3222 1763 vitae
3240 1711 3451 1776 partem
3489 1704 3905 1773 consumpserit

2272 1801 2331 1856 in
2361 1801 2721 1856 conferendis
2772 1813 2901 1854 cum
2951 1797 3107 1853 edito
3149 1793 3438 1849 Anastasii
3496 1806 3663 1862 opere
3704 1804 3907 1846 manu—

2270 1891 2505 1960 scriptis
2523 1887 2842 1950 codicibus,
2862 1891 2919 1941 et
2944 1885 3003 1941 in
3024 1883 3400 1940 discernenda
3420 1881 3699 1951 stylorum
3716 1880 3907 1935 diver-

2269 1980 2439 2035 sitate
2483 1976 2807 2033 acutissimi
2849 1973 3061 2043 judicii
3102 1970 3295 2027 fuerit.
3344 1972 3426 2024 Ex
3483 1968 3697 2038 quibus
3736 1968 3901 2023 facile

2269 2067 2588 2137 unicuique
2617 2063 2851 2134 patebit,
2882 2067 2947 2118 ut
2985 2074 3086 2131 ego
3117 2064 3274 2115 certo
3307 2059 3598 2125 existimo,
3654 2057 3907 2113 ultimam

2269 2156 2427 2213 Libri
2445 2153 2798 2211 Pontiﬁcalis
2817 2156 3030 2221 partem
3052 2161 3166 2204 non
3200 2148 3431 2218 quidem
3469 2147 3569 2202 uni
3589 2145 3909 2201 Anastasio.

2271 2246 2367 2302 sed
2430 2243 2697 2314 pluribus
2765 2246 2822 2296 et
2886 2239 3136 2295 diversis
3193 2235 3530 2292 auctoribus
3589 2234 3909 2303 adjudicari

2271 2335 2492 2401 debere,
2525 2337 2697 2402 prout
2716 2328 2978 2400 sequenti
3001 2326 3188 2396 capite
3218 2326 3608 2380 ostendemus.

2941 2415 3159 2471 CAPUT
3195 2414 3314 2468 VIII
3327 2454 3340 2466 .

2272 2492 2323 2547 A
2362 2493 2691 2562 quibusnam
2736 2489 3048 2543 auctoribus
3071 2490 3121 2539 et
3160 2484 3517 2562 quandouam
3563 2484 3723 2537 Liber
3756 2485 3917 2538 Ponti

2766 2562 2940 2630 ﬁculis
2961 2558 3293 2625 conscriptus
3316 2557 3389 2609 sit
3403 2558 3431 2608 ?

2272 2652 2313 2701 Ι.
2335 2653 2487 2701 Liber
2509 2650 2843 2707 Pontiﬁcalis,
2865 2646 3035 2709 quoad
3052 2644 3277 2709 priorem
3289 2646 3482 2709 partem
3488 2677 3504 2701 ,
3532 2656 3643 2709 quas
3657 2643 3919 2704 complec-

2334 2717 2455 2763 titur
2476 2715 2624 2762 Vitas
2649 2703 2953 2775 pontiii’ctim
2987 2703 3148 2775 usque
3179 2706 3240 2751 ad
3267 2767 3279 2775 ε
3297 2703 3694 2775 Constantinum.
3725 2703 3916 2766 papam

2332 2767 2667 2838 conscriptus.
2687 2778 2765 2838 est
2780 2777 2895 2834 post
2919 2767 3111 2838 sextam
3122 2767 3392 2838 synodum,
3413 2767 3571 2838 idque
3586 2780 3648 2838 eo
3683 2769 3925 2838 tempore

2369 2853 2435 2886 no
2463 2827 2681 2887 Exarchi
2733 2827 2987 2884 Rivcnna:
3024 2827 3281 2878 sedebant.
3323 2854 3381 2861 —
3422 2828 3486 2876 Il.
3530 2827 3655 2875 Post
3697 2832 3925 2876 mortem

2409 2901 2647 2948 natantini
2672 2910 2816 2960 patsz
2848 2895 3031 2960 prodiit
3060 2893 3194 2939 circa
3220 2891 3420 2960 initium
3434 2890 3925 2960 octaviste‘culimui

2333 2963 2394 3011 ab
2429 2962 2610 3010 eodem
2642 2950 3023 3017 auctore-prima
3047 2953 3299 3017 appendix
3325 2950 3647 3017 adiccha‘fuit
3680 2950 3927 2999 Vitarum

2333 2967 2394 3011 ab
2429 2967 2610 3010 eodem
2642 2967 2846 3008 auctore
2862 2968 3023 3017 prima
3047 2967 3299 3062 appendix
3325 2967 3522 3011 aduecta
3554 2967 3647 2997 nm
3688 2967 3927 2999 uiarum

2333 3025 2565 3085 Gregorii
2631 3023 2677 3071 II
2728 3024 2779 3069 et
2806 3016 3067 3085 _Gregorii
3142 3014 3219 3085 All,
3254 3014 3390 3085 quod
3435 3012 3683 3085 probatur
3708 3026 3771 3060 ex
3800 3027 3929 3085 .ma-

2332 3074 2592 3148 nusEripto
2607 3085 2785 3134 codice
2806 3074 3076 3148 Vaticano,
3106 3080 3156 3124 et
3183 3074 3333 3148 Beda:
3354 3075 3660 3148 testimonio,
3688 3089 3750 3146 ac
3762 3074 3929 3148 ﬁliol-

2331 3135 2694 3211 steniij‘udicig
2709 3139 3202 3211 comprobaturhquj
3229 3151 3409 3211 omnes
3442 3137 3592 3184 Rom.
3616 3135 3932 3211 pontiﬁcum

2327 3212 2474 3259 Vitas
2489 3198 2536 3258 ’ὲ
2565 3211 2632 3262 Β,
2665 3198 3114 3269 Petro’usquead
3133 3198 3451 3269 __Zacha_i'_iam
3473 3212 3593 3269 ring
3624 3198 3932 3269 cadumun

2329 3274 2459 3335 stylo
2494 3261 2809 3335 conscriptas
2857 3261 2971 3335 esse
3011 3265 3183 3335 docet.
3210 3287 3274 3335 -f
3294 3261 3383 3309 Ill.
3411 3261 3930 3335 Satislitntcstimoniq

2325 3320 2610 3395 legatorum
2622 3320 2906 3391 Agathonis
2928 3327 2988 3395 ab
3014 3324 3297 3395 Humberto
3314 3320 3742 3395 cardinaliallantp,
3780 3323 3934 3395 quod

2328 3383 2711 3458 su‘pposititium
2760 3406 2875 3458 esse
2896 3387 3207 3458 _os_tendit_ur.
3237 3411 3299 3421 —-
3317 3384 3407 3458 LV.
3448 3384 3598 3432 Prior
3640 3383 3933 3458 illa.Libri

2329 3444 2644 3507 Pciritificalis
2676 3470 2793 3518 pars
2815 3451 2983 3518 habet
3023 3452 3283 3518 auctorem
3317 3447 3625 3518 Romanum,
3646 3448 3700 3491 et
3742 3444 3930 3518 forsan

2328 3519 2652 3568 bibliotheca:
2676 3509 2978 3580 pontiﬁciis,
3001 3514 3099 3580 aut
3129 3510 3334 3580 archivo
3367 3509 3936 3580 apostolicg'praaposi-

2326 3585 2455 3629 tum.
2471 3567 2537 3616 ⁷-
2559 3582 2632 3629 V.
2666 3567 2745 3628 ᾹΙ)
2771 3579 2872 3626 alio
2896 3567 3107 3621 auctore
3124 3571 3336 3631 adjectae
3358 3567 3477 3616 sunt
3495 3570 3609 3616 vitae
3627 3567 3932 3627 Zachariae,

2330 3643 2581 3705 Stephani
2603 3643 2675 3691 III
2702 3644 2753 3691 et
2783 3638 2928 3705 Pauli
2949 3634 3116 3705 primi,
3140 3645 3254 3694 quae
3274 3632 3935 3705 secundam‘ap‘pendicem

2329 3694 2572 3758 efﬁciunt.
2622 3708 2670 3753 et
2706 3703 2887 3752 eodem
2923 3694 3054 3758 stylo
3107 3694 3410 3758 conscripta;
3457 3694 3670 3758 sunt_ab_
3703 3706 3941 3758 _unggex

2330 3744 2764 3824 EiéFéiib’mShJ,‘
2774 3744 3158 3833 quriwarghiv‘um
3194 3744 3535 3833 apes-telich
3546 3754 3679 3833 'cilat
3700 3754 3943 3833 ianLita

2331 3815 2574 3892 Stephani
2618 3815 2768 3892 tertii.
2790 3815 2877 3861 ‘—
2918 3822 3009 3892 Vl_.
3060 3815 3455 3892 Vit-anstephani
3490 3815 3561 3892 1v
3589 3817 3943 3892 ‘n'gnmhabet

2329 3878 2591 3940 auctorem
2611 3891 2928 3942 Africanum,
2948 3882 3155 3942 utputat
3176 3880 3492 3942 Holstenius.
3514 3878 3945 3942 sed‘ltomanum

2325 3938 2903 4015 contemporaneum,_ut
2920 3938 3171 4015 probatur
3190 3955 3252 4015 ex
3270 3941 3410 3989 Actis
3427 3943 3476 4015 et
3496 3938 3849 4015 conﬁrmatur
3874 3956 3949 4015 ex

2326 4000 2679 4063 VitaiAdriani
2704 4000 2871 4074 primi,
2887 4000 3039 4074 quam
3133 4003 3318 4051 eodem
3332 4006 3541 4074 auctore
3555 4000 3950 4072 Lateranensis

2325 4080 2413 4125 aut
2431 4064 2939 4124 Vaticana-basilica:
2952 4066 3141 4133 clerico
3156 4066 3507 4133 conscriptam
3519 4064 3929 4133 fuissqgonstat
3940 4105 3952 4116 .

2326 4124 2385 4188 Et
2408 4138 2517 4186 haec
2543 4141 2620 4186 est
2643 4137 2790 4185 tertia
2812 4130 3067 4195 appendix
3088 4126 3248 4195 Libro
3272 4124 3559 4195 Pontiﬁcal‘i
3581 4124 3786 4195 addita,
3813 4147 3964 4195 qua-

2326 4214 2442 4248 cum
2466 4200 2647 4248 ﬁniunt
2669 4199 2771 4246 duo
2794 4187 3002 4243 codices
3026 4203 3156 4237 mss.
3186 4189 3399 4248 Regius,
3428 4192 3478 4237 et
3496 4187 3852 4241 Florentin’us'
3892 4195 3959 4242 δ,

2328 4263 2508 4311 Marci.
2535 4288 2595 4298 —-
2612 4261 2732 4314 VII.
2762 4260 2881 4308 Vita
2902 4251 3355 4314 Leonis_lll_aliugm
3372 4250 3519 4314 plane
3542 4250 3831 4304 auctorem
3859 4255 3964 4304 ha.

2325 4325 2429 4381 bet,
2458 4326 2545 4387 qui
2579 4312 2751 4387 forsan
2802 4319 3039 4387 bagizicae‘
3075 4312 3140 4387 ὃ...
3179 4312 3327 4373 Pauli
3378 4312 3849 4387 aseriptusnglzat,‘
3908 4325 3971 4367 et

2333 4369 2836 4449 Staphaniwvvitam
2854 4374 3144 4449 Pontiﬁcali
3170 4369 3377 4449 quoque
3403 4369 3798 4449 adjecitndee
3824 4369 3971 4430 'hzec

2327 4432 3005 4509 essgtmqiiartavappexigix
3066 4436 3128 4509 ad
3184 4432 3395 4509 Libram
3453 4432 3857 4509 li'oniiﬁt'flilpm.
3896 4471 3969 4480 _.

2326 4493 2467 4560 Vill.
2502 4493 2877 4571 emergam
2892 4504 2975 4571 _IIA1
2999 4500 3261 4571 auctorem
3306 4493 3863 4571 ﬁo‘mggumjabe,_
3900 4513 3979 4571 iet

2326 4559 2453 4634 stylo
2467 4559 2687 4631 eleganti
2704 4559 3107 4634 anscripjapst.
3139 4559 3429 4634 61323095110
3450 4560 3582 4634 Vitae
3605 4559 3872 4634 Eusgtiii
3898 4570 3978 4625 Il.

2321 4620 2653 4683 V’alentirn‘i’et
2679 4620 2928 4691 Gregorii
2941 4626 3010 4675 IV
3031 4620 3262 4691 ngnnjhil
3294 4621 3551 4691 diil‘erunt.
3583 4649 3646 4691 _—
3671 4620 3786 4674 ΙΧ.
3832 4620 3984 4678 ὅθι-ὲ

2321 4672 3293 4758 έίῖῖίιῦἷίδνέῐξῖδῗδὶἶῗᾷξῒ-ἁ.ρι’ἱοιξῖὺιιεμ
3313 4687 3365 4732 et
3407 4684 3478 4758 811
3500 4672 3992 4758 θοάρω-εέροᾗὲε

2317 4746 2469 4809 Libro
2514 4746 2798 4807 Pontiﬁcali
2846 4746 3045 4820 adjecta
3087 4748 3184 4818 est,
3231 4761 3261 4795 ει
3311 4758 3413 4807 quo
3455 4746 3650 4820 Leonis
3690 4749 3794 4799 1v
3841 4755 3995 4804 Vita

2317 4822 2605 4882 conscripta
2624 4820 2737 4878 fuit,
2759 4809 3189 4882 quem'Rotnw‘in
3224 4820 3424 4882 ωηερε,
3444 4809 3688 4882 dignitate
3723 4820 3995 4882 ggqsu-

2316 4886 2480 4931 tutum
2501 4870 2658 4932 fuisse
2678 4870 2807 4930 Acta
2820 4879 2934 4940 ipsa
2948 4871 3213 4943 testagtur-
3237 4870 3375 4943 -AX.
3398 4871 3707 4943 Anastasius
3723 4874 4003 4943 Biblio-

2317 4946 2572 4993 thecarius
2594 4958 2694 4991 non
2717 4943 2811 4990 fuit
2832 4933 3265 5003 auctornYitarpm
3286 4933 3463 5003 δεμ-εςῇ
3476 4933 3519 4981 ΙΙ
3537 4934 3586 4979 et
3605 4933 3848 5003 Lepuis
3884 4943 4003 4997 ιν,

2315 5007 2474 5056 multo
2504 5008 2672 5054 minus
2707 5002 2971 5052 Benedicti
3000 4998 3463 5065 III,q_uiLeoni‘l_V
3479 5000 3780 5065 successit,
3806 5005 4007 5065 cujus

2317 5071 2437 5117 Vita
2457 5069 2687 5116 aifcctato
2717 5071 2765 5114 et
2794 5065 3040 5127 peculiari
3059 5059 3187 5115 εὶΥῙυ
3212 5059 3509 5127 conscripti!
3525 5064 3632 5127 ρει.
3660 5059 4021 5127 Probatur

2319 5134 2487 5193 itaque
2507 5130 2712 5178 illorum
2735 5124 2984 5178 sententia
3007 5136 3120 5191 qua
3132 5126 3466 5173 Anastasium
3492 5124 3625 5172 Vitaé
3670 5126 3961 5181 Nicolai
3998 5139 4018 5182 l

2319 5197 2579 5237 auctorem
2613 5192 2751 5237 facit.

2319 5197 2579 5241 auctorem
2613 5194 2751 5241 facit.

2332 5271 2381 5327 i.
2400 5275 2700 5343 Postquam
2716 5275 3416 5345 superioribuscapitibus
3435 5285 3891 5342 monstratum
3914 5299 4024 5345 est

2264 5354 2495 5410 Librum
2508 5353 2915 5420 Pontilicalem,
2942 5356 3042 5423 qui
3066 5355 3221 5410 Vitas
3258 5358 3590 5425 pontificum
3606 5372 3635 5411 a
3660 5360 3915 5422 Petro
3936 5372 4024 5424 ad

2262 5433 2560 5489 Nicolaum
2577 5433 3259 5502 primumcomplectitur.
3280 5437 3585 5491 Anastasio
3611 5450 3698 5492 an
3710 5441 3777 5495 ti
3794 5447 4024 5512 αῃῑυ.

2264 5528 2381 5570 rem
2420 5526 2561 5581 esse,
2584 5518 2640 5566 et
2679 5524 2790 5566 non
2836 5512 2906 5566 ab
2953 5526 3085 5584 uno,
3146 5515 3241 5570 sed
3282 5515 3529 5571 diversis
3570 5525 4024 5585 auctor-ibus

2188 3014 2237 3077 C
