4060 6176
163 244 272 305 205

889 235 1297 303 SCHELESTR.
1336 241 1635 300 DISSERT.
1675 242 1766 296 DE
1802 224 2027 311 anno.
2073 241 2245 299 non.
2294 245 2492 301 rom.
2534 247 2870 305 CATALOG.

3477 232 3583 314 206

174 373 571 443 compositum
593 370 799 442 fuisse,
831 370 1241 441 inquirendum
1267 375 1353 425 est
1374 368 1479 459 hoc
1497 367 1683 436 capite
1707 348 1844 459 qui:-
1864 363 1923 424 A
1948 365 2106 420 Vixit
2134 368 2284 422 enim
2317 369 2461 425 Beda
2491 371 2561 426 ab
2590 386 2739 428 anno
2764 372 2868 430 673
2893 392 3076 448 usque
3102 379 3170 433 ad
3202 397 3415 443 annum
3455 386 3583 459 735,

169 473 292 516 nam
340 459 439 514 illi
482 465 748 515 auctores
791 472 912 515 esse
961 460 1262 528 possint_et
1288 456 1644 528 quandonam
1685 455 1838 509 scri-

171 549 396 620 pserint
427 548 456 602 ?
491 548 818 604 Notandum
856 553 1046 604 autem
1073 553 1159 603 est
1183 546 1410 602 Librum
1451 543 1836 601 Pontiﬁcalem

169 641 261 695 hic
286 645 447 695 recte
471 639 536 694 in
555 638 704 694 duas
730 645 919 707 partes
937 636 1145 706 dividi,
1174 637 1232 690 in
1256 636 1503 706 priorem
1534 633 1832 698 nimirum,

169 743 297 800 qua:
329 742 450 784 uno
482 728 632 798 stylo
663 726 735 782 ab
768 727 961 782 eodem
992 733 1226 780 auctore
1254 724 1578 793 conscripta
1601 721 1751 776 fuit:
1780 725 1836 775 et

169 819 577 890 posteriorem,
598 830 726 887 quae
740 816 968 872 diverso
985 815 1132 885 stylo
1156 828 1187 869 a
1211 812 1480 883 pluribus
1498 809 1834 868 auctoribus

167 914 406 964 exarata
438 907 691 962 videtur.
725 906 805 960 De
835 905 1017 974 priori
1051 908 1227 972 parte,
1262 915 1388 972 quae
1407 903 1567 956 Vitas
1595 900 1835 970 pontiﬁ—

169 1011 297 1053 cum
327 1010 451 1052 uno
492 994 644 1065 stylo
675 993 1095 1063 complectitur,
1131 991 1372 1047 habetur
1398 990 1645 1060 primum
1683 996 1834 1044 tem—

170 1087 348 1158 poris,
406 1099 528 1156 quo
571 1085 900 1153 conscripta
947 1081 1078 1154 fuit,
1124 1081 1407 1138 indicium
1446 1080 1505 1135 in
1530 1081 1657 1136 Vita
1688 1081 1834 1135 Leo-

171 1176 259 1231 nis
302 1175 377 1242 ΙΙ,
435 1175 500 1228 in
545 1187 659 1244 qua
699 1174 771 1229 de
809 1172 914 1227 hoc
955 1170 1223 1241 pontiﬁce
1281 1176 1547 1226 narratur
1586 1188 1600 1224 :
1656 1190 1682 1221 α
1728 1169 1832 1223 Hic

165 1265 709 1335 suscepitsanctam
737 1267 952 1318 sextam
980 1261 1281 1330 synodum,
1310 1275 1435 1330 qua:
1453 1273 1551 1328 per
1569 1259 1670 1314 Dei
1691 1271 1832 1328 pro—

164 1355 497 1410 videntiam
533 1366 717 1423 nuper
750 1352 810 1406 in
842 1351 994 1422 regia
1022 1349 1161 1405 urbe
1189 1348 1471 1405 celebrata
1497 1354 1599 1404 est.
1631 1364 1658 1396 1o
1689 1347 1828 1402 Cum

163 1445 318 1498 enim
340 1450 557 1499 auctor
577 1447 823 1496 testetur
848 1453 1028 1509 nuper
1058 1439 1118 1493 in
1141 1437 1281 1493 urbe
1295 1436 1830 1505 Constantinopoli-

167 1539 301 1586 tana
327 1530 685 1586 celebratam
727 1528 932 1585 fuisset
966 1533 1182 1583 sextam
1213 1525 1516 1597 synodum,
1547 1524 1828 1580 celebrata

162 1625 360 1676 autem
404 1618 491 1674 sit
533 1622 693 1673 sexta
737 1617 989 1686 synodus
1029 1613 1136 1670 sub
1180 1613 1492 1690 Agathone,
1539 1612 1745 1667 Leonis
1782 1611 1832 1666 II

164 1709 617 1778 prmdecessore,
647 1719 798 1761 anno
818 1702 943 1774 681,
970 1711 1173 1760 auctor
1195 1702 1311 1758 haec
1345 1701 1597 1758 scribere
1631 1701 1833 1756 debuit

163 1809 274 1852 non
306 1794 520 1865 procul
551 1808 586 1849 a
613 1794 724 1849 ﬁne
739 1793 970 1863 septimi
998 1792 1194 1848 saeculi
1228 1810 1244 1861 ;
1275 1791 1422 1846 alias
1445 1791 1598 1846 enim
1634 1801 1830 1844 verum

163 1899 286 1940 esse
314 1897 436 1939 non
472 1887 664 1953 potest
699 1883 850 1952 quod
881 1881 1052 1951 dixit,
1097 1896 1273 1950 nuper
1308 1880 1628 1933 celebratam
1661 1878 1833 1944 fuisse

166 1978 386 2028 sextam
433 1972 732 2040 synodum.
777 1971 1099 2027 Secundum
1145 1969 1429 2024 indicium
1484 1965 1727 2021 habetur
1773 1965 1832 2020 in

166 2062 299 2119 Vita
324 2063 593 2119 Cononis
621 2081 636 2132 ;
671 2062 750 2118 ibi
785 2063 935 2118 enim
959 2063 1172 2134 legitur
1200 2061 1270 2116 de
1297 2059 1422 2128 ejus
1441 2057 1836 2126 assumptione

169 2152 238 2207 ad
263 2151 704 2221 pontiﬁcatum,
735 2165 861 2221 quae
886 2164 1033 2206 anno
1061 2149 1166 2205 686
1185 2149 1432 2218 contigit
1458 2164 1470 2200 :
1501 2166 1526 2197 ‹‹
1546 2151 1603 2201 et
1629 2144 1834 2198 missos

167 2242 392 2310 pariter
422 2253 546 2296 una
576 2253 706 2295 cum
736 2239 966 2294 clericis
991 2244 1047 2294 et
1080 2237 1292 2309 populo
1315 2237 1382 2291 ad
1410 2231 1837 2290 excellentissi-

171 2342 327 2384 mum
380 2328 752 2383 Theodorum
797 2327 1125 2396 exarchum,
1178 2331 1243 2381 ut
1295 2337 1416 2380 mos
1455 2329 1560 2393 est,
1602 2321 1836 2376 direxe—

173 2423 326 2473 runt.
367 2435 398 2467 ι
432 2416 704 2473 Notanda
751 2422 890 2472 sunt
929 2416 1045 2470 haec
1079 2413 1268 2483 verba,
1317 2416 1378 2466 ut
1408 2426 1520 2465 mos
1551 2415 1629 2464 est
1661 2428 1676 2474 ;
1719 2420 1831 2462 non

168 2509 316 2562 enim
349 2507 522 2562 dixit
551 2511 776 2575 auctor,
808 2511 871 2558 ut
896 2508 1061 2558 moris
1087 2505 1201 2571 fuit
1230 2503 1336 2570 vel,
1367 2507 1430 2555 ut
1459 2501 1580 2570 ﬁeri
1606 2499 1828 2569 solebat,

172 2597 255 2652 sed
290 2601 357 2649 ut
384 2609 511 2648 mos
554 2598 635 2648 est
670 2593 1048 2665 ;signiﬁcans
1083 2592 1207 2648 illis
1237 2591 1428 2647 verbis
1473 2590 1619 2645 hanc
1646 2589 1826 2644 Vitam

173 2685 573 2753 conscriptam
618 2681 801 2739 fuisse
850 2695 960 2753 quo
1007 2689 1260 2752 tempore
1310 2680 1378 2735 ad
1427 2679 1703 2735 exarchos
1762 2677 1832 2732 de

166 2772 458 2828 electione
494 2771 628 2828 novi
670 2771 960 2841 pontiﬁcis
994 2770 1362 2838 referebatur,
1405 2769 1657 2839 adeoque
1697 2772 1832 2822 tunc

165 2875 291 2917 cum
316 2861 572 2918 exarchi
603 2860 880 2916 Ravennaa
909 2866 1070 2916 erant
1098 2879 1110 2914 :
1145 2857 1378 2915 fuerunt
1396 2863 1583 2914 autem
1611 2858 1835 2913 ducen-

169 2951 238 3007 tis
281 2950 479 3007 ferme
505 2949 677 3006 annis
703 2967 718 3019 ;
748 2949 1043 3020 Longinus
1086 2949 1238 3005 enim
1284 2949 1507 3018 primus
1540 2961 1572 3002 a
1605 2947 1832 3003 Justino

1947 462 2202 550 cumque
2224 463 2362 550 post
2397 459 2660 550 Gregorii
2711 466 2947 550 secundi
3009 471 3421 546 pontiﬁcatum,
3482 479 3584 550 qui

1945 557 2094 598 anno
2140 541 2246 599 744
2288 547 2480 617 capit,
2521 555 2578 604 et
2632 563 2782 607 anno
2832 549 2931 608 734
2988 556 3182 625 desiit,
3232 541 3587 625 Venerabilis

1945 633 2088 687 Beda
2110 641 2399 703 superstes
2419 635 2614 708 fuerit,
2644 639 2877 696 Librum
2904 643 3287 704 Pontiﬁcalem
3316 653 3510 711 videre
3533 664 3590 714 et

1945 721 2125 777 citare
2152 723 2357 791 potuit.
2385 723 2457 779 Ut
2487 725 2668 795 igitur
2690 736 2930 786 mentem
2956 747 3133 789 meam
3159 737 3230 792 de
3253 739 3412 796 Libri
3436 744 3590 802 Pon—

1945 810 2180 906 tiﬁcalis
2225 818 2495 906 tempore,
2550 831 2663 887 quo
2713 819 2961 887 primum
3013 823 3071 879 in
3116 825 3298 884 lucem
3349 834 3586 906 prodiit,

1945 902 2146 971 paucis
2189 902 2496 974 absolvam,
2547 908 2886 964 crediderim
2918 920 3303 972 ante-annum
3341 919 3450 976 732
3474 902 3590 993 pu¥

1943 999 2081 1055 blici
2118 1001 2273 1070 juris
2311 1001 2542 1073 factum,
2575 1007 2633 1057 et
2677 1001 2812 1057 huic
2842 1001 3168 1061 collectioni
3217 1009 3587 1078 appendicem

1944 1094 2137 1157 postea
2189 1089 2260 1144 ab
2322 1091 2514 1146 eodem
2570 1097 2802 1148 auctore
2856 1095 3204 1165 adjunctam,
3258 1113 3385 1168 qua:
3432 1101 3590 1157 Vitas

1941 1179 2204 1250 Gregorii
2248 1181 2296 1234 Il
2344 1185 2400 1236 et
2443 1181 2704 1253 Gregorii
2759 1184 2832 1237 IlI
2878 1185 3376 1254 complectebatur.
3426 1189 3587 1258 Quod

1942 1266 2204 1322 ﬁrmatur
2241 1282 2308 1324 ex
2354 1269 2430 1324 iis
2468 1285 2593 1340 quze
2621 1271 2946 1328 observavit
2986 1275 3166 1330 Lucas
3200 1276 3532 1335 Holstenius
3574 1297 3587 1333 :

1941 1369 2070 1410 cum
2118 1355 2270 1410 enim
2317 1370 2512 1412 omnes
2553 1359 2885 1427 pontiﬁcum
2932 1361 3090 1417 Vitas
3133 1363 3325 1421 sidulo
3361 1367 3591 1434 pervol—

1938 1443 2137 1513 visset,
2171 1446 2464 1501 adnotavit
2509 1454 2662 1518 gesta
2704 1450 3040 1517 pontiﬁcum
3070 1465 3103 1506 a
3145 1453 3308 1509 Petro
3332 1456 3591 1524 apostolo

1940 1544 2125 1602 usque
2188 1533 2257 1588 ad
2307 1534 2657 1605 Zachariam,
2727 1538 2989 1610 Gregorii
3047 1542 3119 1596 IlI
3183 1558 3588 1616 successorem,

1942 1621 2136 1676 eodem
2198 1624 2434 1679 omnino
2487 1625 2633 1694 stylo
2683 1627 2938 1698 adeoque
2993 1629 3063 1685 ab
3119 1633 3314 1688 eodem
3359 1642 3592 1693 auctore

1942 1712 2268 1781 conscripta
2338 1712 2536 1769 fuisse.
2615 1715 2969 1784 Superiorum
3028 1724 3345 1790 pontiﬁcum
3408 1725 3590 1790 Gesta,

1946 1798 2335 1868 inquitLucas
2355 1802 2687 1857 Holstenius
2715 1804 2771 1858 in
2800 1806 2954 1859 notis
2978 1807 3046 1861 ad
3070 1808 3255 1863 Vitam
3281 1811 3586 1882 Zachariae,

1945 1888 2186 1941 eumdem
2223 1890 2424 1956 stylum
2457 1897 2508 1944 et
2535 1896 2805 1945 auctorem
2837 1897 3216 1962 presse/erunt.
3248 1899 3423 1969 quue
3459 1915 3589 1957 eum

1945 1987 2013 2028 ex
2060 1974 2304 2031 lectione
2351 1978 2538 2046 ipsius
2588 1979 2725 2035 libri
2778 1987 3000 2037 constet
3045 1984 3205 2040 nulla
3253 1987 3589 2056 probatione

1948 2061 2207 2133 indigere
2235 2065 2520 2122 existimo.

2015 2147 2066 2204 3.
2122 2151 2306 2221 Objici
2360 2159 2544 2210 tamen
2598 2163 2781 2226 potest
2834 2159 2973 2216 huic
3029 2169 3237 2219 nostra:
3293 2170 3590 2225 sententia!

1943 2240 2258 2328 auctoritas
2286 2243 2579 2298 Humberti
2621 2247 2936 2304 cardinalis
2962 2249 3138 2320 Sylva:
3165 2253 3453 2325 Candidae,
3488 2257 3589 2328 qui

1944 2327 2004 2381 in
2057 2330 2335 2398 opusculo
2380 2338 2577 2388 contra
2614 2335 2865 2391 Nicetam
2919 2339 3295 2412 Pectoratum,
3327 2344 3481 2401 edito
3511 2327 3594 2403 ab

1942 2414 2186 2505 Henrico
2215 2418 2446 2474 Canisio
2490 2426 2642 2476 tomo
2695 2424 2761 2477 VI
2800 2426 3184 2496 Antiquarum
3235 2431 3587 2505 Lectionum,

1943 2503 2134 2574 refert,
2181 2518 2212 2560 a
2256 2506 2460 2577 legatis
2495 2508 2812 2579 Agathonis
2857 2525 3013 2582 papae
3061 2515 3120 2570 in
3168 2525 3327 2573 sexta
3375 2503 3589 2590 synodo

1941 2592 2179 2649 citatum
2207 2594 2389 2650 fuisse
2418 2595 2604 2651 locum
2637 2612 2705 2653 ex
2724 2600 2914 2656 Gestis
2940 2604 3390 2676 pontiﬁcalibus,
3413 2609 3591 2666 adeo-

1943 2695 2053 2751 que
2095 2682 2329 2738 Librum
2374 2684 2760 2742 Pontiﬁcalem
2814 2692 3200 2760 conscriptum
3243 2693 3424 2751 fuisse
3459 2703 3592 2753 ante

1945 2775 2197 2858 tempora
2216 2772 2577 2829 Constantini
2607 2789 2785 2846 papa,
2802 2791 2932 2833 cum
2952 2778 3173 2850 Agatho
3205 2797 3304 2852 per
3321 2784 3588 2858 triginta,

1943 2857 2120 2914 ferme
2185 2873 2365 2916 annos
2432 2866 2563 2916 ante
2611 2862 3048 2921 Constantinum
3097 2868 3323 2926 obierit.
3378 2857 3586 2929 Verum

1941 2957 2244 3018 antequam
2283 2949 2420 3005 huic
2461 2950 2768 3020 objectioni
2816 2955 3202 3027 respondeam,
3256 2958 3416 3016 locus
3463 2961 3589 3031 ipse

167 3041 408 3096 Juniore
444 3010 761 3094 institutus
777 3010 1168 3094 estvexarchus
1194 3010 1344 3092 anno
1363 3033 1486 3104 567,
1513 3040 1835 3106 postremus
1858 3010 1907 3074 C
1939 3010 2184 3093 aﬁ'erend
2197 3053 2260 3093 us
2289 3043 2394 3106 est,
2426 3010 2632 3108 quivita
2665 3039 2832 3096 habet
2851 3010 2999 3111 apud
3021 3010 3414 3102 Cani—sintne:

170 3127 505 3200 Eutychius
536 3127 610 3182 ab
624 3125 934 3196 Aistulpho
953 3125 1453 3198 Longobardorum
1482 3138 1610 3196 rege
1632 3123 1834 3194 pulsus

169 3233 296 3273 ann.
353 3214 494 3273 752.
545 3216 702 3271 Unde
743 3230 810 3272 ex
857 3216 1130 3286 praedicto
1178 3216 1301 3272 loco
1343 3220 1497 3285 patet
1541 3218 1830 3270 auctorem

169 3305 307 3361 Vitae
337 3304 606 3361 Cononis
630 3304 882 3361 scribere
915 3304 1183 3360 debuisse
1207 3309 1337 3359 ante
1364 3303 1613 3358 medium
1646 3301 1828 3358 octavi

169 3394 392 3464 saeculi,
442 3406 562 3464 quo
589 3392 819 3448 exarchi
863 3401 965 3449 seu
1012 3391 1260 3463 praefecti
1289 3391 1656 3461 imperatoris
1679 3391 1832 3445 Con-

169 3481 686 3552 stantinopolitani
733 3482 791 3536 in
834 3481 998 3537 Italia
1023 3494 1147 3537 esse
1185 3480 1484 3536 desierunt
1525 3497 1537 3532 :
1581 3478 1832 3534 scribere

167 3579 361 3627 autem
419 3570 688 3641 potuisse
725 3570 879 3625 circa
927 3569 1110 3626 octavi
1154 3568 1350 3625 saaculi
1409 3569 1668 3632 initium,
1718 3581 1832 3638 quo

166 3659 456 3716 Ravennae
487 3660 742 3715 nondum
776 3659 969 3715 sedere
991 3659 1280 3715 desierant
1305 3657 1558 3727 exarchi,
1587 3657 1654 3712 ad
1688 3670 1832 3726 quos

167 3748 240 3803 de
282 3748 575 3804 electione
617 3747 748 3802 novi
795 3747 1086 3816 pontiﬁcis
1124 3745 1323 3801 referri
1371 3744 1609 3813 solebat,
1658 3749 1723 3799 ut
1764 3757 1832 3798 ex

165 3835 344 3893 Libro
370 3837 605 3893 Diurno
629 3842 868 3892 constat.

235 3924 293 3981 2.
328 3926 582 3982 Videtur
631 3925 826 3996 itaque
869 3926 1036 3982 Liber
1072 3925 1429 3981 Pontiﬁcalis
1469 3921 1832 3992 conscriptus

167 4013 356 4072 fuisse
387 4021 524 4085 post
549 4019 786 4070 mortem
811 4015 1172 4071 Constantini
1206 4028 1383 4084 papas,
1412 4013 1513 4082 qui
1542 4024 1691 4066 anno
1719 4006 1826 4065 744

165 4103 338 4173 obiit,
360 4105 546 4174 idque
565 4103 829 4159 ﬁrmatur
848 4103 1190 4160 auctoritate
1213 4101 1590 4170 manuscripti
1611 4099 1831 4155 codicis

164 4194 436 4251 Vaticani
479 4190 643 4262 5269,
691 4193 789 4263 qui
850 4193 984 4248 licet
1039 4198 1170 4247 ante
1214 4189 1320 4248 500
1364 4191 1598 4246 circiter
1648 4201 1829 4244 annos

163 4290 444 4341 exaratns
485 4281 585 4350 sit,
626 4294 694 4336 ex
735 4281 1064 4350 antiquiore
1104 4286 1289 4336 tamen
1333 4278 1661 4348 descriptus
1689 4276 1824 4345 fuit,

1943 3126 2250 3196 piissimus
2291 3127 2558 3196 princeps
2604 3128 3016 3187 Constantinus
3062 3133 3436 3208 interrogavit
3489 3152 3588 3196 eos

1942 3214 2192 3285 qualiter
2233 3215 2483 3271 Romana
2513 3217 2766 3273 Ecclesia
2803 3220 2873 3274 de
2911 3221 3196 3279 sacriﬁcio
3244 3227 3504 3296 corporis
3529 3233 3589 3283 et

1941 3304 2245 3374 sanguinis
2268 3305 2337 3360 D.
2379 3306 2444 3358 N.
2490 3305 2620 3360 Jesu
2662 3305 2877 3361 Christi
2919 3309 3178 3366 ordinem
3209 3319 3440 3369 teneret.
3489 3315 3582 3370 Illi

1941 3393 2358 3460 responderunt
2389 3410 2400 3445 :
2431 3393 2492 3447 In
2531 3393 2710 3449 calice
2751 3394 2981 3451 Domini
3028 3411 3140 3453 non
3182 3399 3347 3455 debet
3395 3401 3580 3457 solum

1940 3479 2131 3534 offerri
2187 3480 2405 3550 vinum,
2471 3481 2590 3536 sed
2625 3495 2774 3550 aqua
2831 3483 3091 3538 mixtum.
3143 3504 3170 3534 »
3226 3487 3296 3540 Et
3345 3493 3578 3556 postea:

2014 3587 2040 3618 α
2066 3567 2294 3623 Oblatio
2324 3582 2454 3624 vero
2484 3582 2611 3637 qua:
2639 3570 2698 3622 in
2721 3569 3070 3624 sacriﬁcium
3097 3571 3299 3628 altaris
3322 3573 3581 3647 oﬁ‘ertur,

1941 3654 2158 3710 nullam
2202 3657 2656 3732 commistionem
2705 3661 2806 3710 aut
2849 3659 3274 3726 corruptionem
3318 3660 3582 3720 fermenti

1939 3741 2107 3797 debet
2141 3742 2366 3812 habere,
2400 3744 2554 3798 sicut
2583 3743 2742 3798 beata
2771 3743 2944 3813 Virgo
2974 3747 3153 3802 Maria
3180 3748 3397 3820 absque
3425 3753 3583 3808 omni

1940 3831 2311 3900 corruptione
2347 3831 2639 3886 Christum
2683 3833 2944 3902 concepit
2975 3839 3031 3888 et
3070 3837 3305 3905 peperit.
3338 3839 3484 3895 Hinc
3523 3843 3584 3897 in

1940 3919 2194 3975 Ecclesia
2221 3933 2343 3975 mos
2372 3919 2647 3990 obtinuit,
2676 3925 2742 3976 ut
2767 3921 3114 3978 sacriﬁcium
3143 3924 3348 3982 altaris
3377 3941 3487 3984 non
3524 3932 3583 3986 in

1941 4008 2123 4063 serico
2153 4015 2254 4064 aut
2281 4009 2340 4064 in
2369 4023 2555 4079 panno
2587 4010 2792 4080 tincto,
2815 4011 2909 4066 sed
2942 4010 2999 4066 in
3027 4011 3148 4068 lino
3177 4020 3400 4072 terreno
3429 4018 3586 4075 cele—

1940 4096 2158 4167 bretur,
2191 4099 2345 4153 sicut
2374 4113 2583 4167 corpus
2607 4098 2836 4154 Domini
2868 4097 2984 4154 fuit
3014 4099 3072 4154 in
3104 4101 3344 4159 sindone
3375 4108 3585 4163 munda

1940 4189 2228 4259 sepultum
2257 4205 2272 4257 ;
2307 4188 2391 4242 sic
2412 4194 2468 4242 et
2488 4186 2704 4243 oblatio
2727 4187 2936 4242 munda
2961 4188 3128 4244 debet
3143 4203 3266 4247 esse
3285 4206 3315 4248 a
3334 4192 3587 4252 fermen-

1940 4283 2017 4345 to,
2033 4278 2198 4346 juxta
2221 4277 2417 4346 qutein
2434 4277 2625 4332 Gestis
2640 4276 3068 4345 pontiﬁcalibus
3081 4291 3112 4333 a
3130 4278 3292 4336 beato
3302 4282 3585 4352 Sylvestro

166 4378 369 4442 utpote
414 4369 629 4425 ﬁniens
667 4368 986 4439 catalogum
1033 4367 1392 4437 pontiﬁcum,
1445 4379 1610 4436 quem
1656 4363 1825 4421 Libro
1855 4372 1909 4432 D
1939 4365 2185 4437 legimus
2211 4369 2512 4420 statutum.
2543 4382 2568 4413 »
2597 4365 2879 4420 Hactenus
2907 4365 3103 4436 legati,
3134 4375 3190 4423 et
3221 4384 3586 4442 prosequun—

163 4459 500 4518 Pontiﬁcali
524 4458 828 4529 praeponit,
849 4459 907 4512 in
928 4457 1203 4528 Gregorio
1217 4458 1284 4524 II,
1317 4455 1678 4512 Constantini
1705 4468 1828 4510 suc-

160 4563 413 4606 cessore.
463 4546 635 4602 Liber
666 4559 801 4602 vero
839 4545 1214 4613 Pontiﬁcalis,
1240 4545 1338 4615 qui
1379 4543 1730 4615 Catalogum,
1765 4544 1824 4598 in

160 4638 369 4694 codice
431 4634 836 4706 subsequitur,
890 4635 1020 4691 ﬁnit
1075 4634 1169 4688 his
1220 4632 1460 4689 verbis:
1510 4633 1819 4699 Gregorius.

161 4729 391 4780 natione
417 4726 718 4787 Romanus,
747 4739 814 4778 ea:
834 4728 996 4794 patre
1025 4723 1302 4785 Marcello,
1325 4722 1463 4776 sedit
1492 4735 1662 4774 annos
1699 4734 1814 4788 xvx,

157 4830 374 4869 menses
421 4827 505 4884 Ix,
539 4813 654 4867 dies
689 4826 770 4868 x1.
800 4815 928 4868 Fuit
955 4816 1135 4866 autem
1155 4812 1479 4882 temporibus
1511 4811 1821 4872 Anastasii,

164 4903 482 4965 Theodosii,
540 4902 757 4963 Leonis,
790 4906 957 4971 atque
1005 4901 1350 4955 Constantini
1393 4902 1766 4967 Augustorum
1804 4917 1821 4964 ;

157 4992 260 5048 ubi
287 4998 518 5047 tantum
549 4988 722 5046 refert
740 4996 964 5060 tempus
981 4989 1347 5060 pontiﬁcatus
1359 4988 1484 5043 sine
1498 4987 1636 5042 ullis
1655 4989 1820 5057 actis,

164 5094 234 5135 ex
265 5093 386 5151 quo
413 5078 718 5149 colligitur
743 5088 1032 5134 auctorem
1061 5078 1292 5148 quidem
1319 5077 1617 5132 inchoasse
1638 5076 1822 5130 Vitam

162 5169 461 5239 Gregorii,
496 5169 591 5223 sed
627 5181 741 5224 non
767 5166 1103 5237 absolvisse,
1130 5167 1267 5222 dum
1287 5165 1454 5221 Liber
1473 5163 1826 5220 Pontiﬁcalis

161 5258 404 5326 prodiit.
431 5257 696 5312 Putarem
726 5255 908 5327 igitur
934 5260 1063 5325 post
1081 5254 1304 5319 obitum
1321 5253 1682 5326 Constantini
1703 5265 1827 5321 pro-

160 5346 348 5401 diisse
373 5345 611 5401 Librum
643 5343 1034 5399 Pontiﬁcalem
1070 5362 1082 5397 :
1119 5344 1270 5413 quod
1303 5342 1537 5398 omnino
1559 5341 1825 5396 convenit

161 5435 241 5488 iis
267 5448 396 5504 qua:
435 5447 614 5504 supra
643 5432 970 5488 notavimus
993 5433 1064 5488 de
1093 5431 1419 5487 Venerabili
1450 5430 1615 5498 Beda,
1647 5445 1679 5484 a
1711 5443 1823 5500 quo

161 5523 421 5578 omnium
457 5522 649 5592 primo
680 5519 853 5576 Liber
880 5519 1237 5575 Pontiﬁcalis
1277 5519 1489 5574 citatus
1517 5518 1816 5588 reperitur.

1939 4459 2036 4509 tur
2054 4454 2190 4508 Acta
2223 4468 2239 4505 :
2266 4473 2292 4504 ‹‹
2324 4453 2481 4507 Tunc
2505 4452 2722 4522 placuit
2741 4452 3006 4522 piissimo
3029 4456 3279 4527 principi
3301 4459 3587 4516 Constan-

1937 4542 2060 4597 tino
2113 4541 2232 4596 haec
2285 4540 2523 4595 traditio
2545 4540 2873 4610 apostolicae
2916 4542 3089 4612 sedis,
3133 4560 3160 4593 »
3201 4551 3309 4601 etc.
3365 4549 3583 4604 Partem

1936 4628 2110 4700 hujus
2159 4629 2269 4685 loci
2317 4629 2388 4684 ab
2443 4628 2565 4684 illis
2630 4628 2838 4696 verbis,
2872 4629 2996 4684 hinc
3051 4633 3110 4685 in
3173 4634 3414 4689 Ecclesia
3462 4652 3573 4692 mos

1933 4720 2185 4780 obtinuit,
2242 4731 2342 4788 pro
2386 4716 2522 4772 libri
2567 4717 2921 4772 Pontiﬁcalis
2975 4719 3322 4790 antiquitate
3379 4723 3581 4780 citavit

1933 4807 2275 4863 Pearsonius
2308 4806 2364 4860 in
2397 4804 2667 4874 operibus
2713 4807 3055 4877 posthumis,
3109 4808 3339 4864 dissert.
3387 4826 3426 4876 ι,
3475 4813 3574 4880 qui

1934 4895 2266 4952 nullatenus
2294 4894 2702 4948 animadvertit
2747 4897 2906 4964 Acta,
2937 4911 3060 4965 quae
3101 4897 3448 4952 Humbertus
3482 4912 3580 4954 re—

1937 4983 2063 5052 fert,
2112 4981 2343 5052 penitus
2389 4981 2710 5049 apocrypha
2757 4995 2898 5052 esse,
2931 4989 2986 5038 et
3031 4982 3100 5037 ab
3130 4983 3328 5052 aliquo
3376 4985 3578 5044 Latino

1935 5071 2085 5128 haud
2131 5070 2347 5126 dudum
2392 5071 2522 5122 ante
2560 5067 2857 5124 llumberti
2903 5076 3155 5138 tempora
3201 5068 3380 5129 fuisse
3431 5089 3576 5132 con-

1933 5163 2061 5217 ﬁcta
2097 5179 2110 5229 ;
2140 5173 2251 5214 non
2281 5158 2431 5213 enim
2462 5156 2766 5226 reperitur,
2799 5157 2856 5212 in
2888 5163 3043 5213 sexta
3067 5160 3281 5230 synodo
3304 5165 3574 5232 praedicta

1930 5248 2207 5306 allocutio
2251 5246 2612 5303 Constantini
2674 5246 3056 5318 imperatoris,
3112 5249 3196 5305 vel
3256 5251 3571 5323 legatorum

1932 5340 2088 5395 sedis
2117 5337 2444 5407 apostolica:
2476 5337 2788 5406 responsio.
2823 5337 2926 5393 Sed
2956 5353 3056 5395 nec
3085 5339 3254 5411 legati
3287 5355 3353 5395 ex
3384 5341 3574 5398 Gestis

1935 5425 2363 5497 pontiﬁcalibus
2415 5426 2594 5480 citare
2644 5431 2970 5494 potuerunt,
3026 5444 3149 5499 qua:
3198 5430 3257 5483 in
3300 5429 3421 5483 illis
3462 5443 3572 5486 non

1935 5516 2321 5585 reperiuntur,
2345 5514 2497 5569 sicut
2519 5528 2629 5570 non
2651 5517 3019 5584 reperiuntur
3039 5518 3186 5586 apud
3205 5516 3573 5575 Anastasium
