4048 6168
476 284 582 347 207

1264 283 1357 338 AD
1393 280 1830 339 ANASTASIUM
1862 278 2376 336 PROLEGOMENA
2412 278 2590 335 EDIT.
2630 278 3069 335 ROM.-VATIC.

3752 272 3852 333 208

477 427 982 484 Bibliothecarium
1010 426 1067 480 in
1106 425 1411 494 Sylvestro,
1440 437 1623 493 neque
1647 421 1796 491 apud
1830 426 2114 475 auctorem
2134 397 2191 455 Α
2228 400 2415 457 Roma?
2434 402 2759 494 SCPiPSissﬁi
2788 402 2936 472 (μιοά
2963 415 3031 456 ex
3060 401 3238 473 gestis
3263 399 3322 494 ξη
3347 412 3689 494 υ-ιιοίιιιοίιιιθ
3708 414 3853 494 BOD"

477 516 711 572 secundi
739 515 990 584 Catalogi
1026 514 1081 568 in
1114 514 1329 579 eodem,
1365 512 1462 567 ubi
1494 510 1885 566 tantummodo
1907 507 2119 577 legitur

476 605 627 673 quod
660 611 892 659 sanctus
913 603 1192 673 Sylvester
1220 601 1611 668 constituerit,
1639 619 1664 649 «
1687 604 1751 655 ut
1770 596 2118 653 sacriﬁcium

474 692 678 747 altaris
699 693 884 747 nonin
903 692 1107 757 serico,
1126 703 1306 760 neque
1321 691 1377 744 in
1404 701 1588 757 panno
1603 689 1783 742 tincto
1800 685 2122 741 celebrare-

476 786 592 850 tur,
644 781 756 836 nisi
794 786 1011 835 tantum
1043 779 1104 833 in
1162 779 1315 833 lineo
1342 796 1355 845 ;
1383 783 1438 831 et
1463 777 1615 832 sicut
1643 789 1852 844 corpus
1892 771 2118 828 Domini

477 871 659 926 nostri
687 871 819 925 Jesu
865 868 1080 922 Christi
1116 868 1174 922 in
1203 867 1445 922 sindone
1486 867 1638 921 linea
1671 863 1957 933 sepultum
2012 866 2116 929 est,

477 959 563 1013 sic
596 959 769 1014 missa
813 956 1215 1011 celebraretur.
1264 973 1290 1005 ››
1322 956 1448 1010 Haec
1490 960 1626 1010 sunt
1658 952 1825 1007 verba
1863 948 2129 1005 auctoris

476 1047 712 1102 secundi
739 1045 1014 1115 Catalogi,
1042 1044 1191 1113 apud
1218 1058 1384 1114 quem
1403 1042 1562 1098 nulla
1588 1041 1913 1097 similitudo
1938 1039 2120 1094 insti-

477 1136 667 1190 tuitur
696 1134 846 1188 inter
866 1133 1293 1202 conceptionem
1316 1133 1376 1184 Β.
1403 1132 1594 1186 Mariae
1615 1128 1876 1199 Virginis
1903 1128 2121 1196 absque

475 1223 631 1277 omni
672 1223 1060 1291 corruptione,
1101 1227 1158 1275 et
1200 1220 1545 1276 oblationem
1584 1217 1856 1274 sacriﬁcii
1906 1217 2123 1287 absque

476 1312 631 1368 omni
673 1310 989 1380 fermento;
1023 1310 1285 1380 quinimo
1331 1309 1491 1365 nulla
1537 1307 1701 1376 plane
1746 1306 1957 1361 mentio
2002 1303 2123 1358 fer—

480 1401 656 1456 menti
688 1400 993 1469 reperitur,
1022 1399 1171 1469 quod
1211 1397 1444 1452 verbum
1486 1401 1688 1451 auctor
1718 1394 2120 1463 praedictorum

478 1489 747 1543 Actorum
798 1488 921 1543 loco
973 1502 1040 1543 ex
1092 1487 1283 1542 Gestis
1332 1484 1763 1553 pontiﬁcalibus
1821 1483 2121 1550 desumpto

480 1577 747 1645 adjunxit
778 1582 904 1646 post
932 1583 1184 1643 tempora
1221 1573 1512 1629 Anastasii
1543 1570 1993 1638 Bibliothecarii,
2023 1574 2125 1624 ut-

483 1669 611 1731 pote
651 1664 749 1732 qui
803 1663 1007 1717 ultima
1051 1661 1217 1715 verba
1258 1662 1337 1716 ita
1381 1659 1596 1715 refert:
1634 1681 1659 1711 α
1705 1659 1867 1713 Sicut
1914 1670 2125 1725 corpus

2228 494 2380 549 tiﬁce
2433 492 2757 547 memoratis
2800 495 2991 560 aperte
3036 488 3396 559 comprobari
3451 494 3649 557 potest.
3703 490 3854 545 Sicut

2230 595 2472 651 namque
2500 580 2570 635 de
2599 580 2833 636 secundi
2864 578 3115 649 Catalogi
3142 584 3375 633 auctore
3403 577 3754 634 ostendimus
3776 592 3856 634 ca~

2231 671 2347 739 pite
2371 669 2424 738 ἓ,
2457 684 2585 725 eum
2614 682 2871 740 magnam
2904 667 3074 723 Urbis
3100 673 3157 722 et
3182 658 3304 736 agri
3338 666 3575 722 Romani
3604 667 3853 722 notitiam

2231 759 2523 823 habuisse,
2556 771 2751 813 omnes
2778 756 2948 811 Urbis
2986 756 3248 827 regiones
3273 759 3331 809 et
3353 754 3641 822 ecclesias,
3674 768 3857 810 omnes

2229 847 2595 903 ecclesiarum
2631 847 2910 917 reliquias
2929 851 2985 901 et
3014 844 3239 916 titulos,
3263 857 3458 900 omnes
3478 842 3602 914 agri
3627 842 3854 898 Romani

2228 935 2352 989 vias
2363 949 2670 1005 omnesque
2683 937 2841 989 viaru
2853 949 2903 988 m
2915 934 3224 989 distantias
3240 938 3559 1002 perspectas
3571 931 3854 987 habuisse:

2229 1022 2315 1077 sic
2340 1028 2394 1077 et
2418 1023 2486 1077 de
2499 1022 2655 1077 Libri
2681 1022 3032 1077 Pontiﬁcalis
3050 1020 3603 1077 auctoredicendum
3621 1019 3858 1087 videtur,

2231 1110 2367 1178 quia
2406 1124 2533 1166 eum
2562 1110 2754 1166 omnia
2780 1111 2880 1166 illa
2914 1110 3035 1165 loca
3072 1110 3332 1179 apprime
3361 1108 3605 1171 novisse,
3634 1120 3703 1163 ex
3746 1107 3860 1177 ipso

2230 1201 2400 1256 Libro
2437 1200 2737 1273 colligitur
2774 1200 2996 1271 Allegat
3030 1212 3439 1269 nonnunquam
3494 1197 3863 1253 instrumenta

2234 1290 2462 1361 publica
2496 1291 2553 1345 in
2585 1289 2817 1345 archiva
2840 1289 2995 1344 sedis
3017 1287 3345 1357 apostolicae
3365 1292 3672 1356 asservata,
3701 1290 3762 1341 ut
3782 1297 3863 1355 pa-

2232 1383 2312 1434 tet
2340 1392 2408 1434 ex
2431 1378 2559 1434 Vita
2590 1378 2795 1434 Leonis
2814 1377 3074 1444 secundi,
3105 1375 3204 1432 ubi
3230 1390 3403 1447 agens
3422 1375 3493 1431 de
3512 1374 3865 1431 ordinatione

2230 1467 2677 1522 Ravennatensis
2704 1466 3123 1535 archiepiscopi
3159 1464 3388 1534 scribit,
3422 1478 3523 1533 pro
3554 1462 3731 1533 pallio
3760 1475 3862 1517 non

2232 1556 2502 1611 solvendo
2530 1556 2746 1611 editum
2778 1555 3158 1610 constitutum
3205 1553 3351 1622 quod
3378 1553 3598 1606 archiva
3631 1552 3867 1606 Ecclesiae

2233 1647 2553 1697 continetur.
2599 1645 2664 1699 Et
2699 1657 2767 1699 ex
2809 1644 2935 1697 Vita
2975 1642 3213 1697 Joannis
3238 1641 3305 1707 ν,
3352 1641 3450 1711 qui
3482 1653 3635 1697 anno
3665 1637 3767 1696 685
3802 1640 3866 1695 ad

481 1709 709 1804 ἶ)οωὶἓί
743 1749 924 1805 nostri
948 1750 1079 1804 Jesu
1106 1748 1323 1803 Christi
1350 1748 1407 1802 in
1440 1709 1679 1802 inagna
1707 1709 1885 1801 {in};
1914 1709 2123 1799 mihi
2152 1709 2204 1769 Β
2238 1732 2629 1800 pontiﬁcatum
2655 1736 2987 1800 assumptus
3005 1736 3110 1794 est.
3136 1729 3236 1785 ubi
3266 1730 3335 1785 de
3359 1709 3578 1786 Novelli
3599 1728 3870 1784 Sardinia!

483 1838 768 1906 sepultum
808 1843 913 1906 est,
960 1837 1045 1892 sic
1080 1838 1250 1891 missa
1300 1835 1703 1891 celebraretur.
1751 1853 1775 1882 »
1822 1833 1929 1888 Ubi
1963 1846 2126 1888 nemo

486 1939 597 1980 non
625 1926 779 1981 videt
799 1926 917 1980 hrec
934 1924 1280 1995 signiﬁcare,
1314 1924 1463 1994 quod
1492 1923 1646 1979 sicut
1671 1937 1880 1992 corpus
1908 1921 2123 1976 Christi

486 2014 544 2069 in
576 2015 817 2069 sindone
847 2014 1021 2068 lintea
1052 2013 1336 2082 sepultum
1368 2017 1472 2075 est,
1503 2012 1587 2066 sic
1618 2011 1967 2067 sacriﬁcium
1993 2024 2130 2066 cor-

486 2103 643 2173 poris
684 2102 898 2157 Christi
934 2101 1111 2155 linteo
1144 2101 1354 2155 mundo
1396 2099 1715 2168 otferretur,
1764 2114 1891 2170 quae
1940 2105 2126 2153 tamen

485 2192 544 2247 in
577 2192 829 2246 alienum
860 2202 1089 2244 sensum
1118 2190 1340 2243 detorta
1379 2194 1534 2257 sunt,
1562 2196 1618 2243 et
1645 2189 1713 2243 ad
1756 2189 2127 2258 qua-stionem

482 2281 552 2336 de
600 2277 874 2333 fermento
924 2278 1074 2332 inter
1110 2278 1335 2332 Graecos
1377 2283 1434 2332 et
1479 2277 1709 2331 Latinos
1763 2283 1890 2346 post
1935 2275 2126 2329 Photii

485 2374 739 2437 tempora
782 2373 963 2420 ortam
1014 2366 1287 2420 translata
1328 2365 1419 2419 his
1457 2364 1646 2419 verbis
1682 2382 1693 2418 :
1739 2368 1816 2418 sic
1839 2371 1889 2418 et
1929 2365 2130 2418 oblatio

483 2457 692 2511 munda
718 2456 870 2509 debet
887 2471 998 2509 esse
1014 2471 1047 2507 α
1063 2456 1345 2519 fermento.
1373 2456 1581 2508 Auctor
1604 2454 1787 2523 igitur
1810 2453 2128 2508 testimonii

484 2544 556 2599 ab
580 2544 887 2599 Humberto
913 2542 1203 2598 cardinale
1227 2541 1388 2596 allati
1425 2549 1550 2610 post
1578 2547 1760 2596 ortam
1790 2541 1941 2596 inter
1966 2540 2131 2596 Grae—

484 2647 582 2687 cos
628 2638 683 2688 et
711 2633 944 2687 Latinos
983 2630 1054 2685 de
1082 2643 1223 2699 pane
1251 2642 1445 2699 azyma
1490 2634 1547 2684 et
1590 2628 1924 2684 fermentata
1966 2644 2130 2698 qum—

484 2721 727 2775 stionem
759 2720 924 2786 vixit,
964 2718 1104 2773 adeo
1130 2724 1196 2772 ut
1226 2717 1374 2771 nihil
1425 2717 1590 2785 plane
1632 2730 1733 2786 pro
1782 2718 2128 2787 antiquitate

482 2808 642 2863 Libri
669 2806 1023 2863 Pontiﬁcalis
1044 2820 1112 2862 ex
1137 2806 1261 2874 ejus
1287 2804 1477 2859 verbis
1493 2805 1667 2859 statui
1694 2805 1896 2873 possit.
1922 2807 2127 2860 Verum

483 2896 725 2967 proinde
775 2900 882 2965 est,
928 2893 1078 2963 quod
1118 2894 1236 2962 jam
1277 2892 1697 2961 adnotavimus,
1746 2894 1946 2948 Bedam
2002 2893 2132 2962 pri-

483 2998 636 3041 mum
672 2984 870 3052 fuisse,
904 2982 1002 3052 qui
1031 2995 1095 3036 ea
1126 2981 1347 3048 citavit,
1375 2994 1441 3035 eo
1463 2980 1611 3050 quod
1634 2981 1822 3049 ipsius
1851 2981 2133 3050 tempori—

481 3073 591 3130 bus
616 3073 782 3128 Liber
811 3070 1163 3126 Pontiﬁcalis
1195 3070 1253 3123 in
1287 3070 1467 3124 lucem
1498 3069 1690 3125 editus
1718 3068 1911 3125 fuerit.

556 3159 606 3215 4.
639 3161 777 3215 Cum
801 3159 982 3229 igitur
1008 3157 1079 3211 de
1104 3164 1355 3225 tempore
1380 3161 1600 3211 constet
1621 3170 1734 3225 quo
1756 3157 1923 3211 Liber
1943 3158 2129 3213 Ponti-

484 3249 668 3304 ﬁcalis
698 3247 949 3316 scriptus
966 3243 1097 3313 fuit,
1123 3248 1296 3298 restat
1324 3251 1385 3297 ut
1404 3244 1474 3298 de
1492 3248 1724 3299 auctore
1743 3244 2126 3315 inquiramus,

483 3338 553 3394 de
582 3350 696 3407 quo
748 3333 1091 3389 Pearsonius
1128 3333 1421 3387 dissertat.
1458 3345 1497 3398 ι,
1548 3344 1670 3401 cap.
1726 3329 1811 3401 42,
1862 3347 2017 3387 num.
2047 3332 2122 3388 8:

485 3445 511 3476 «
551 3423 768 3479 Auctor
795 3423 920 3490 ejus
962 3433 1281 3490 anonymus
1322 3425 1378 3473 et
1429 3419 1684 3475 incertus
1737 3420 1931 3475 saeculi
1981 3421 2125 3475 sexti

480 3513 746 3581 scriptor,
778 3517 835 3565 et
865 3515 1051 3565 status
1100 3508 1406 3578 primitivaa
1434 3507 1701 3562 Ecclesia:
1729 3508 1964 3577 ignarus
1993 3508 2126 3578 fuit,

481 3602 631 3657 unde
660 3599 927 3669 pluribus
968 3604 1025 3652 et
1070 3596 1240 3652 fiedis
1283 3595 1580 3651 erroribus
1627 3602 1822 3663 scatet,
1866 3595 2130 3665 ﬁctisque

480 3688 912 3744 narrationibus
938 3686 1141 3755 plenus
1163 3690 1268 3739 est.
1288 3702 1313 3733 ››
1330 3685 1453 3737 llaec
1478 3684 1567 3738 vir
1585 3684 1851 3738 eruditus
1872 3685 2122 3753 quidem,

482 3778 577 3832 sed
612 3790 642 3831 a
675 3776 953 3845 religione
982 3772 1266 3827 catholica
1297 3771 1545 3841 alienus,
1591 3772 1688 3826 cui
1735 3772 1972 3840 proinde
2016 3786 2126 3827 non

483 3865 665 3935 placet
715 3864 813 3919 illa
845 3863 1064 3918 rituum
1093 3866 1149 3914 et
1192 3860 1582 3914 doctrinarum
1631 3860 1971 3929 antiquitas,
2004 3876 2130 3929 qua:

481 3954 752 4024 religioni
786 3950 1082 4007 catholicae
1112 3949 1216 4002 hoc
1250 3947 1308 4000 in
1346 3946 1495 4002 libro
1538 3948 1818 4004 tribuitur
1856 3953 1911 4002 et
1930 3949 1999 4003 de
2020 3963 2131 4018 qua

482 4040 859 4112 sequentibus
883 4036 1177 4105 capitibus
1205 4048 1458 4104 agemus.
1495 4035 1865 4091 Revertamur
1895 4036 2133 4104 proinde

482 4129 549 4184 ad
581 4129 737 4183 Libri
766 4135 1077 4193 auctorem,
1095 4137 1262 4193 quem
1289 4122 1431 4177 male
1454 4124 1649 4179 saeculi
1673 4124 1818 4178 sexti
1841 4130 2130 4179 auctorem

481 4218 652 4283 dixit,
680 4221 829 4271 recte
859 4226 1202 4281 anonyinum
1236 4212 1476 4266 vocavit.
1500 4214 1621 4266 Non
1649 4212 1799 4266 enim
1827 4219 2006 4282 sexto,
2036 4211 2129 4265 sed

2234 1820 2487 1889 episcopi
2516 1819 2878 1875 ordinatione
2908 1818 3028 1874 sedi
3059 1818 3387 1887 apostolicae
3424 1817 3695 1873 restituta
3724 1815 3872 1872 aﬂir—

2236 1915 2392 1964 mat:
2428 1910 2582 1974 Quod
2620 1910 2736 1977 ejus
2784 1909 3177 1977 chirographus
3221 1909 3439 1961 archiva
3485 1908 3740 1961 Ecclesiae
3778 1906 3874 1959 de—

2235 2004 2413 2053 tentus
2434 2003 2529 2052 est.
2560 1999 2638 2052 Ex
2665 1997 2879 2066 quibus
2896 2010 3007 2052 non
3035 1995 3273 2051 obscure
3304 1994 3499 2066 colligi
3525 1994 3756 2050 videtur
3779 2007 3871 2049 au-

2237 2092 2449 2142 ctorem
2478 2084 2658 2141 fuisse
2683 2083 3046 2139 bibliothecae
3080 2083 3387 2152 pontiﬁciae
3419 2090 3520 2138 aut
3543 2083 3779 2138 archivo
3802 2095 3875 2137 se-

2235 2175 2330 2230 dis
2358 2174 2685 2244 apostolicae
2714 2172 3059 2243 przefectum,
3085 2172 3199 2227 nisi
3227 2172 3361 2242 quis
3386 2171 3576 2227 dicere
3597 2170 3738 2226 velit
3755 2181 3875 2225 eum

2238 2264 2307 2318 ad
2349 2264 2645 2318 archivum
2686 2267 2787 2317 aut
2830 2260 3235 2316 bibliothecam
3268 2258 3540 2315 habuisse
3568 2270 3874 2325 accessum,

2239 2353 2437 2421 sicque
2466 2364 2532 2406 ex
2562 2349 2797 2405 archivo
2824 2349 3033 2404 citasse
3055 2348 3204 2419 quod
3234 2348 3294 2402 in
3315 2361 3380 2403 eo
3409 2348 3695 2403 asservari
3722 2344 3879 2401 vide-

2241 2446 2328 2495 rat
2356 2440 2442 2495 vel
2473 2444 2811 2510 c0gnoverat

2308 2526 2362 2582 5.
2386 2527 2570 2598 Atqus
2592 2526 2867 2583 hactenus
2886 2526 3116 2596 quidem
3137 2526 3209 2581 de
3231 2524 3334 2581 illa
3352 2523 3507 2580 Libri
3532 2521 3883 2579 Pontiﬁcalis

2240 2623 2416 2686 parte,
2449 2630 2574 2686 quae
2619 2617 2814 2671 eodem
2861 2615 3030 2686 stylo,
3063 2613 3132 2669 ab
3162 2614 3354 2669 eodem
3394 2619 3629 2669 auctore
3674 2611 3883 2680 scripta

2235 2705 2486 2773 videtur,
2516 2704 2894 2773 complectens
2920 2702 3216 2772 pontiﬁces
3243 2716 3276 2757 a
3307 2702 3469 2758 Petro
3493 2702 3758 2771 apostolo
3786 2713 3888 2755 us-

2238 2806 2349 2862 que
2382 2793 2448 2847 ad
2478 2792 2818 2864 Gregorium
2846 2793 2935 2846 IlI.
2970 2793 3133 2847 Nunc
3161 2790 3231 2846 de
3255 2789 3433 2846 altera
3462 2796 3621 2858 parte
3669 2785 3884 2859 praefati

2241 2881 2378 2936 libri
2402 2882 2706 2953 agendum,
2739 2894 2864 2949 qua:
2883 2880 3113 2935 diverso
3134 2878 3281 2948 stylo
3309 2883 3558 2945 exarata,
3590 2884 3702 2946 est,
3735 2882 3792 2933 et
3812 2875 3892 2931 in-

2239 2970 2384 3040 cipit
2412 2984 2542 3025 cum
2576 2970 2703 3024 Vita
2728 2969 3033 3037 Zachariae,
3066 2968 3166 3037 qui
3198 2980 3347 3023 anno
3375 2962 3484 3021 742
3510 2967 3795 3038 Gregorio
3823 2965 3891 3019 Ill

2161 3034 2210 3097 Ο
2240 3034 2538 3126 successit,
2566 3057 2635 3113 de
2682 3058 2850 3126 cujus
2874 3034 3054 3127 gestis
3081 3034 3308 3111 censuit
3351 3054 3532 3110 Lucas
3560 3034 3892 3111 Holstenius

2242 3150 2300 3204 in
2335 3162 2469 3205 mss.
2494 3147 2619 3203 suis
2643 3144 3118 3201 adnotationibus
3146 3163 3157 3197 :
3197 3164 3224 3194 α
3256 3144 3384 3199 Vita
3411 3143 3705 3199 Zachariae
3738 3155 3891 3212 papa:

2240 3237 2388 3308 stylo
2432 3250 2542 3291 non
2590 3232 2742 3289 nihil
2788 3232 3021 3302 puriore
3051 3238 3106 3287 et
3158 3245 3396 3288 nervoso
3428 3232 3647 3301 scripta
3680 3238 3790 3300 est,
3842 3234 3896 3284 et

2239 3332 2355 3381 tota
2390 3323 2650 3380 historia.
2691 3339 2715 3372 ››
2763 3321 2921 3389 Quod
2970 3319 3248 3375 nimirum
3296 3320 3413 3374 haec
3442 3320 3569 3375 Vita
3600 3320 3897 3376 contineat

2238 3418 2411 3466 totam
2442 3409 2805 3479 pontiﬁcatus
2850 3407 3151 3462 historiam
3174 3413 3229 3460 et
3256 3411 3457 3460 auctor
3478 3406 3755 3463 diversus
3780 3417 3893 3460 eam

2237 3500 2408 3555 Libro
2438 3498 2756 3554 Pontiﬁcali
2780 3497 3072 3567 adjecerit,
3095 3510 3126 3550 a
3155 3510 3268 3566 quo
3299 3494 3445 3565 stylo
3474 3495 3756 3551 nonnihil
3786 3509 3892 3565 pu—

2240 3590 2391 3645 riore
2414 3589 2643 3644 diﬁ‘erre
2672 3588 2920 3644 videtur.
2955 3586 3086 3641 Dixi
3118 3585 3385 3645 nonnihil,
3420 3584 3554 3653 quia
3586 3584 3649 3637 in
3688 3583 3896 3654 pleris—

2240 3692 2349 3749 que
2375 3680 2604 3748 quidem
2636 3677 2778 3733 locis
2801 3677 2855 3731 id
2888 3676 3077 3732 locum
3106 3672 3294 3741 habet,
3318 3672 3376 3726 in
3399 3671 3537 3727 aliis
3554 3678 3756 3729 tamen
3779 3678 3897 3741 sty—

2237 3766 2330 3822 lus
2347 3767 2603 3836 abjectus
2619 3765 2823 3821 etvilis
2843 3764 3091 3834 videtur,
3108 3764 3193 3819 uti
3211 3764 3268 3817 in
3286 3761 3693 3833 sequentibus,
3713 3773 3899 3833 quam.

2240 3856 2327 3911 vis
2351 3864 2407 3911 et
2439 3856 2537 3911 illa
2560 3856 2780 3923 puriori
2799 3853 2947 3922 stylo
2965 3852 3294 3920 conscripta
3319 3852 3439 3907 sint
3464 3870 3480 3905 :
3510 3852 3671 3905 Nulli
3688 3853 3889 3907 malum

2233 3961 2336 4014 pro
2368 3946 2510 3998 malo
2539 3945 2791 4004 reddens,
2822 3958 2993 4010 neque
3040 3941 3339 3994 vindictam
3384 3940 3691 4005 secundum
3731 3940 3899 3995 meri-

2241 4038 2355 4086 tum
2395 4033 2658 4093 tribuens,
2690 4030 2785 4084 sed
2804 4032 2932 4098 pius
2958 4045 3022 4083 ac
3058 4030 3363 4083 misericors
3393 4045 3428 4083 a
3457 4034 3699 4098 tempore
3742 4027 3899 4082 ordi-

2241 4122 2481 4173 nationis
2511 4134 2622 4171 sua:
2659 4118 2905 4170 omnibus
2932 4120 3134 4183 factus,
3176 4123 3284 4171 etc.
3329 4116 3539 4173 Cmtera
3572 4115 3900 4172 barbariem

2248 4207 2419 4262 istius
2449 4206 2636 4260 a-tatis
2678 4205 2954 4273 sapiunt:
2988 4207 3249 4272 Egressus
3278 4222 3346 4259 ea:
3385 4205 3486 4259 hac
3526 4208 3782 4261 Romana
3822 4206 3904 4259 ci-

482 4305 726 4373 septimo
753 4301 959 4357 saeculo
988 4308 1186 4356 auctor
1211 4299 1365 4353 Libri
1410 4299 1761 4355 Pontiﬁcalis
1787 4299 1949 4367 vixit,
1982 4299 2137 4351 inte—
2166 4363 2213 4373 _‘
2242 4297 2429 4355 vitate,
2462 4310 2582 4346 cum
2612 4294 2983 4348 sacerdotibus
3012 4299 3063 4349 et
3092 4296 3231 4348 clero
3272 4298 3516 4365 perrexit
3560 4295 3904 4363 ﬁducialiter

486 4406 701 4463 groque
722 4389 929 4445 saeculo
961 4389 1243 4443 recentior
1268 4396 1353 4443 est
1383 4402 1551 4457 quam
1583 4385 1922 4440 Pearsonius
1952 4384 2140 4438 credi-
2166 4363 2219 4424 D
2245 4388 2294 4436 et
2321 4383 2583 4435 audacter
2612 4382 2686 4435 ad
2715 4382 3110 4436 ambulandum
3134 4384 3193 4436 in
3220 4363 3392 4437 locum
3420 4384 3903 4438 Interannensiuin

484 4480 575 4535 dit
607 4498 617 4532 :
647 4492 965 4548 anonymus
994 4484 1179 4531 tamen
1229 4474 1361 4545 fuit,
1396 4476 1531 4544 quia
1565 4486 1765 4528 nomen
1810 4485 1978 4525 suum
2013 4471 2132 4538 ipse

490 4576 676 4622 tacere
721 4566 923 4636 voluit,
968 4565 1187 4634 aliique
1229 4564 1314 4617 vel
1362 4563 1699 4631 ignorarunt
1730 4558 1813 4612 vel
1848 4558 2133 4613 memoria:

490 4655 726 4725 prodere
742 4654 1081 4709 omiserunt.
1104 4655 1217 4708 Hoc
1236 4657 1419 4704 tamen
1449 4645 1597 4701 nihil
1619 4645 1870 4713 ejusdem
1894 4646 2133 4715 scripto-

492 4743 574 4797 ris
613 4742 944 4797 auctoritati
976 4740 1195 4795 ofﬁcere
1225 4736 1471 4801 videtur,
1499 4746 1627 4786 cum
1665 4745 1764 4800 pro
1800 4745 1863 4787 ea
1889 4732 2133 4789 sufﬁciat

491 4832 640 4902 quod
674 4830 883 4902 locum,
906 4836 963 4884 et
981 4827 1226 4883 oﬂicium
1252 4834 1364 4891 quo
1392 4819 1625 4875 functus
1646 4826 1750 4887 est,
1788 4835 2137 4878 commemo—

491 4921 651 4976 rarit.
687 4922 826 4975 Nam
874 4932 939 4971 ex
986 4914 1062 4966 iis
1111 4911 1355 4980 quisque
1399 4907 1566 4964 facile
1608 4908 1880 4979 colligere
1928 4910 2136 4979 poterit

491 5007 673 5064 fuisse
700 5009 886 5062 virum
929 5000 999 5053 de
1029 5004 1182 5053 statu
1211 4997 1479 5054 Ecclesiae
1504 4998 1716 5067 optime
1762 4997 2129 5065 instructum,

496 5097 889 5160 neminemque
952 5102 1042 5143 res
1104 5086 1523 5143 ecclesiasticas
1582 5085 1761 5155 magis
1813 5092 2134 5154 perspectas

498 5184 783 5239 habuisse.
808 5178 878 5230 Ut
901 5183 1088 5230 autem
1115 5174 1531 5245 quoddicimus
1554 5173 1739 5240 ipsius
1758 5175 2013 5229 auctoris
2046 5182 2136 5229 te-

494 5268 787 5327 stimoniis
808 5264 1261 5332 comprobemus,
1284 5262 1342 5315 in
1360 5260 1618 5315 Sisinnio
1640 5258 1724 5314 sic
1740 5261 1904 5316 habet
1929 5280 1979 5315 :«
2003 5264 2137 5317 Erat

494 5364 682 5414 autem
714 5358 982 5408 constans
1008 5351 1218 5418 animo,
1252 5355 1308 5404 et
1336 5362 1531 5403 curam
1562 5361 1733 5418 agens
1776 5363 1875 5417 pro
1906 5350 2140 5405 habita—

496 5443 719 5500 toribus
757 5442 931 5510 hujus
967 5439 1242 5495 civitatis.
1286 5458 1313 5487 »
1354 5437 1531 5492 Addit
1580 5437 1909 5492 Holstenius
1944 5454 2010 5490 ea-
2036 5454 2136 5493 ms.

497 5530 673 5588 codice
719 5531 1278 5586 Vaticano—Romano.
1320 5526 1471 5582 Adeo
1505 5531 1567 5582 ut
1594 5531 1815 5582 constet
1852 5532 2141 5582 auctorem

2250 4471 2441 4533 Urbis;
2464 4478 2518 4525 et
2543 4469 2692 4526 infra
2723 4490 2734 4525 :
2763 4472 2928 4524 Esum
2945 4473 3311 4540 sumpsit......
3346 4473 3719 4525 conviavit....
3746 4485 3905 4541 prae-

2240 4558 2567 4626 peditionem
2591 4560 2910 4613 nitebantur
2930 4561 3181 4625 facere...
3212 4559 3320 4612 sibi
3364 4559 3753 4613 redonaret....
3783 4571 3901 4610 eum

2241 4647 2615 4716 repedandum
2652 4648 2972 4701 absolvit....
3004 4650 3065 4701 in
3094 4663 3200 4716 quo
3245 4651 3296 4701 et
3328 4662 3484 4701 suam
3527 4648 3688 4715 ﬁniri
3734 4648 3905 4700 vitam

2232 4734 2364 4803 jure
2386 4738 2669 4803 professus
2717 4740 2795 4789 est
2823 4734 3092 4801 jurando.
3144 4735 3269 4789 Hinc
3310 4733 3368 4788 in
3416 4734 3540 4789 Vita
3583 4732 3899 4798 Zachariae,

2244 4838 2369 4893 quae
2397 4830 2581 4878 tamen
2602 4823 2786 4879 Romae
2811 4824 3027 4893 scripta
3048 4828 3204 4890 sunt,
3236 4828 3300 4878 ut
3330 4827 3484 4892 patet
3520 4836 3589 4877 ex
3616 4820 3751 4878 loco
3785 4822 3903 4890 jam

2244 4912 2441 4981 citato,
2477 4911 2576 4967 ubi
2603 4918 2803 4967 auctor
2830 4912 3011 4967 dicit:
3043 4927 3111 4965 ea:
3138 4911 3238 4965 hac
3264 4912 3505 4966 Romana
3529 4912 3759 4964 civitate
3782 4908 3906 4964 illis

2242 5001 2395 5055 enim
2426 4999 2685 5055 verbisse
2697 5000 2883 5054 Roma:
2896 4999 3201 5069 scripsisse
3218 5000 3526 5071 signiﬁcat,
3556 5000 3713 5070 quod
3729 4999 3908 5055 etiam

2244 5087 2621 5158 sequentibus
2672 5085 2952 5142 indicavit
2991 5105 3003 5141 :
3043 5109 3069 5139 α
3111 5087 3181 5142 Et
3209 5088 3295 5143 sic
3345 5102 3638 5160 regressus
3669 5093 3764 5142 est
3793 5089 3907 5141 Deo

2246 5176 2495 5246 propitio
2546 5189 2674 5230 cum
2720 5175 2972 5230 victoriae
3012 5174 3197 5246 palma
3238 5176 3296 5231 in
3346 5176 3491 5232 hanc
3537 5173 3740 5232 urbem
3788 5177 3911 5233 Ro—

2249 5278 2393 5320 mam
2425 5282 2439 5334 ;
2471 5269 2527 5319 et
2558 5261 2707 5317 infra
2739 5281 2755 5315 :
2798 5284 2824 5315 α
2854 5265 3037 5333 llujus
3080 5264 3330 5335 denique
3369 5263 3731 5335 temporibus
3781 5278 3912 5320 ma—

2249 5364 2423 5422 gnum
2475 5349 2805 5405 thesaurum
2863 5351 3142 5406 Dominus
3192 5353 3342 5408 Deus
3396 5358 3589 5408 noster
3657 5353 3722 5407 in
3803 5352 3912 5405 hac

2250 5440 2499 5494 Romana
2553 5437 2692 5495 urbe
2742 5451 2838 5508 per
2885 5439 3143 5494 eumdem
3204 5438 3515 5495 almiﬁcum
3566 5440 3911 5509 pontiﬁcem

2254 5525 2549 5596 prapalare
2576 5526 2849 5598 dignatus
2874 5532 2978 5583 est.
3004 5528 3063 5583 In
3092 5526 3402 5584 venerabili
3432 5528 3624 5599 itaque
3656 5526 3917 5596 patriar-
