4060 6176
208 288 315 347 eos

941 289 1343 389 SCH'ELESTR.
1386 297 1683 357 DISSERT.
1725 302 1815 358 DE
1852 303 2078 376 AN’I’IQ.
2121 307 2285 364 ROM.
2331 307 2529 365 PONT.
2576 313 2910 374 CATALOG.

3520 323 3626 385 240

210 410 336 471 chio
387 414 863 475 sacratissimum
916 419 1066 476 beati
1110 422 1341 495 Georgii
1396 427 1663 495 martyris
1713 425 1861 481 idem
1892 427 1951 484 A
1975 432 2114 516 sunt
2154 430 2224 486 de
2268 434 2483 501 synodo
2525 436 2633 493 sub
2668 438 3043 497 Constantino
3082 443 3435 516 C0pronymo
3472 461 3623 505 anno

209 503 622 561 sanctissimus
653 518 797 576 papa
830 508 891 563 in
925 522 1095 579 capsa
1125 512 1481 567 reconditum
1514 515 1726 583 reperit
1761 528 1863 569 ca-

204 596 418 660 put.....
454 593 521 647 In
554 594 874 651 venerabili
912 597 1181 653 diaconia
1208 600 1333 667 ejus
1362 599 1616 656 nominis
1645 602 1757 656 sita
1802 603 1861 657 in

200 680 308 735 hac
336 680 597 737 Romana
623 682 862 738 civitate
886 686 1119 755 regione
1142 688 1390 743 secunda
1418 688 1486 743 ad
1520 689 1717 745 Velum
1747 704 1862 746 au—

195 781 356 824 reum
386 768 539 825 illud
569 771 783 827 deduci
816 771 970 828 fecit.
999 792 1024 822 ι)
1052 774 1275 843 Quibus
1299 776 1568 833 omnibus
1593 778 1738 834 locis
1763 792 1860 834 au-

194 864 319 913 ctor
360 858 685 915 Romanam
730 861 928 917 urbem
968 876 1090 918 eam
1132 877 1256 919 esse
1300 865 1591 934 signiﬁcat
1634 868 1693 922 in
1742 882 1856 938 qua

196 955 534 1014 praesentem
572 949 761 1003 Vitam
791 950 1049 1019 scripsit,
1079 950 1180 1007 ubi
1211 959 1267 1007 et
1294 955 1491 1009 eodem
1522 955 1670 1025 stylo
1698 958 1854 1012 scri-

195 1034 307 1103 psit
333 1035 536 1089 Vitam
562 1036 840 1105 Stephani
867 1038 959 1105 Ill,
986 1039 1085 1109 qui
1109 1040 1396 1097 Zachariae
1425 1045 1724 1114 successit,
1749 1051 1850 1100 ut-

190 1128 316 1191 pote
333 1121 411 1177 de
438 1134 565 1193 quo
584 1122 832 1180 aﬁirmat
858 1127 1007 1196 quod
1042 1130 1388 1184 restauravit
1411 1136 1649 1199 quatuor
1671 1135 1728 1185 in
1748 1133 1850 1187 hac

179 1210 433 1264 Romana
457 1212 601 1265 urbe
630 1214 741 1266 sita
769 1215 1078 1283 antiquitus
1102 1217 1459 1281 arenodochia,
1490 1224 1547 1273 et
1578 1227 1848 1289 perpetuo

178 1303 495 1355 Emonam
525 1300 673 1355 hanc
714 1303 903 1356 urbem
938 1303 1096 1373 citat,
1142 1304 1418 1376 additque
1447 1321 1646 1364 versus
1676 1309 1843 1365 ﬁnem

172 1390 245 1443 de
270 1388 636 1444 civitatibus
664 1402 772 1460 cpe
800 1391 1029 1460 Pippini
1066 1393 1334 1449 Ecclesiae
1365 1395 1647 1451 redditis:
1686 1417 1712 1448 ‹‹
1744 1398 1845 1452 Do-

173 1477 479 1533 nationem
506 1477 569 1532 in
596 1479 837 1549 scriptis
857 1480 914 1534 B.
944 1482 1127 1551 Petro,
1153 1489 1325 1553 atque
1348 1489 1557 1541 sanctae
1580 1488 1842 1542 Romana:

171 1566 474 1637 Ecclesiae,
528 1568 619 1624 vel
666 1568 937 1625 omnibus
986 1571 1045 1625 in
1090 1577 1423 1640 perpetuum
1470 1574 1840 1642 pontiﬁcibus

169 1656 519 1725 apostolicae
554 1658 711 1714 sedis
752 1659 913 1714 misit
945 1660 1365 1729 possidendam,
1409 1675 1532 1730 quae
1562 1668 1619 1717 et
1659 1678 1838 1734 usque

1972 510 2079 571 754
2131 518 2624 592 Constantinopoli
2679 527 2980 600 celebrata,
3037 510 3205 600 quam
3258 510 3387 589 cum
3440 548 3619 605 nuper

1973 601 2174 659 factam
2216 620 2339 663 esse
2374 618 2576 666 auctor
2614 615 2847 684 scribat,
2896 631 3121 675 necesse
3162 627 3249 676 est
3289 636 3419 677 eum
3463 626 3618 679 circa

1972 689 2088 779 hinc
2114 697 2365 764 tempora
2390 698 2578 754 Romae
2607 703 2929 771 scripsisse.
2959 707 3115 774 Quod
3142 722 3210 763 ex
3241 711 3615 779 sequentibus

1967 777 2185 836 clarius
2215 784 2447 851 patebit.
2491 787 2765 856 Sequitur
2800 794 2955 848 enim
2998 795 3055 849 in
3089 796 3259 852 Libro
3289 777 3609 856 antilicali

1966 866 2094 921 Vita
2116 868 2353 925 Adriani
2392 873 2585 942 primi,
2618 891 2787 945 quam
2816 879 2972 949 (licet
2994 883 3065 937 de
3088 897 3154 938 ea
3178 886 3358 945 Lucas
3384 889 3614 945 Holste—-

1965 954 2099 1009 nius
2144 957 2293 1012 nihil
2337 960 2712 1034 adnotaverit)
2740 966 2811 1021 ab
2838 969 3033 1023 eodem
3071 979 3306 1028 auctore
3334 977 3609 1045 scriptam

1960 1053 2082 1096 esse
2112 1052 2271 1113 puto,
2305 1051 2425 1102 tum
2456 1049 2529 1103 ob
2556 1052 2689 1120 styli
2721 1054 3139 1129 similudinem,
3174 1066 3292 1115 tum
3320 1062 3391 1117 ob
3428 1064 3612 1132 phra—

1960 1142 2050 1184 ses
2085 1133 2308 1189 easdem
2347 1144 2403 1190 et
2439 1140 2664 1194 eosdem
2712 1141 3099 1203 barbarismos
3147 1149 3248 1218 qui
3298 1151 3609 1219 phrasibus

1959 1217 2292 1275 miscentur.
2331 1224 2483 1279 Citat
2532 1226 2746 1298 ubique
2786 1231 2927 1286 hanc
2960 1217 3257 1290 Romanam
3295 1217 3498 1293 urbem.
3540 1242 3610 1298 Et

1955 1303 2172 1360 alicubi
2203 1309 2349 1364 dicit
2382 1330 2393 1365 :
2429 1312 2617 1368 Secum
2647 1332 2768 1371 eum
2804 1319 2908 1372 huc
2934 1321 3156 1376 Romam
3198 1325 3494 1381 reduceret.
3524 1330 3607 1384 Ex

1954 1394 2170 1461 quibus
2192 1396 2461 1467 loquendi
2488 1404 2672 1459 modis
2695 1406 2996 1476 colligitur
3020 1412 3169 1480 quod
3192 1419 3393 1469 auctor
3416 1417 3607 1473 Romae

1952 1482 2208 1553 scripsit,
2253 1495 2423 1554 prout
2462 1488 2631 1546 facile
2667 1494 3041 1553 conﬁrmatur
3068 1513 3136 1554 ex
3169 1501 3246 1555 iis
3275 1517 3400 1571 qua:
3430 1506 3603 1562 initio

1952 1566 2126 1638 hujus
2171 1572 2308 1628 Vitae
2354 1576 2425 1631 de
2466 1577 2708 1635 Adriani
2758 1589 2914 1651 patre
2955 1566 3359 1644 commemorat
3388 1609 3402 1644 :
3436 1597 3600 1647 Patre

1954 1656 2219 1714 Theodoto
2268 1662 2478 1718 dudum
2531 1669 2748 1722 consule
2799 1675 2849 1723 et
2895 1672 3049 1733 duce,
3091 1678 3440 1741 postmodum
3475 1696 3601 1734 vero

169 1743 463 1800 hactenus
498 1745 564 1800 in
591 1747 827 1803 archiva
859 1753 1065 1804 sancta
1097 1756 1303 1805 ηοειηη
1330 1750 1597 1805 Ecclesia,
1628 1732 1836 1807 reed“-
1863 1732 1915 1792 Β
1938 1746 2250 1812 primicerio
2293 1757 2495 1806 sanctae
2520 1760 2720 1809 nostra:
2754 1758 3027 1813 Ecclesia
3058 1763 3138 1816 Ex
3170 1762 3262 1817 his
3290 1764 3443 1819 enim
3473 1767 3601 1822 cla-

163 1833 286 1888 dita
336 1837 605 1890 tenetur.
644 1852 671 1885 »
715 1835 820 1891 Ubi
862 1844 1062 1893 auctor
1101 1836 1345 1893 aﬁirmat
1385 1852 1446 1895 se
1490 1852 1600 1894 non
1646 1840 1831 1896 solum

164 1921 525 1991 Romanum,
578 1925 674 1979 sed
719 1924 892 1980 etiam
935 1927 1197 1981 Romanae
1242 1927 1507 1983 Ecclesia:
1554 1928 1831 1985 clericum

163 2010 369 2082 fuisse,
404 2012 750 2084 indicatque
769 2028 832 2069 se
854 2014 1088 2071 archivo
1115 2017 1432 2085 apostolico
1459 2020 1830 2086 praepositum

162 2102 448 2171 Stephani
499 2103 686 2157 Vitam
738 2104 1141 2173 conscripisse.
1190 2105 1363 2160 Addit
1404 2112 1614 2172 autem,
1661 2123 1831 2175 usque

166 2189 455 2252 hactenus,
479 2203 552 2246 eo
579 2190 731 2260 quod
761 2198 962 2247 auctor
982 2199 1108 2262 post
1132 2195 1367 2251 Paulum
1392 2194 1664 2264 Stephani
1690 2211 1831 2251 suc—

164 2292 477 2347 cessorem,
511 2281 688 2348 cujus
712 2295 939 2351 quoque
966 2282 1150 2337 Vitam
1176 2283 1369 2339 eodem
1397 2284 1544 2354 stylo
1565 2286 1831 2340 conscri—

165 2368 291 2435 psit,
326 2374 646 2436 superstes
674 2366 867 2424 fuerit.
900 2370 1094 2425 Trium
1127 2371 1320 2441 itaque
1352 2373 1554 2428 borum
1588 2373 1829 2441 pontifi—

163 2467 279 2510 cum
314 2454 475 2509 Vitae
520 2456 719 2511 eodem
759 2457 907 2527 stylo
949 2458 1197 2529 scriptae,
1240 2464 1296 2514 et
1331 2460 1402 2516 ab
1433 2474 1547 2516 uno
1576 2475 1645 2517 ex
1673 2461 1825 2517 clero

171 2541 414 2598 Romano
457 2544 790 2600 Pontiﬁcali
834 2545 1004 2602 Libro
1040 2548 1274 2616 adjecta;
1311 2553 1463 2603 sunt.

220 2628 267 2684 6.
288 2631 593 2702 Sequitur
614 2633 672 2687 in
692 2632 862 2690 Libro
880 2635 1197 2691 Pontiﬁcali
1219 2637 1346 2691 Vita
1362 2636 1632 2706 Stephani
1652 2639 1738 2707 IV,
1752 2640 1824 2695 de

162 2733 259 2789 qua
290 2721 494 2775 Lucas
526 2721 860 2778 Holstenius
898 2723 978 2778 ita
1009 2725 1235 2781 censuit
1267 2745 1279 2780 :
1317 2746 1343 2779 «
1375 2727 1505 2782 Vita
1547 2726 1818 2798 Stephani

162 2822 303 2877 papa:
322 2810 563 2879 scripta
583 2816 671 2866 est
688 2810 837 2880 stylo
853 2811 1078 2868 diverso
1097 2826 1129 2867 a
1146 2815 1564 2883 superioribus,
1590 2818 1823 2873 modos-

164 2910 255 2964 que
278 2896 578 2968 loquendi
607 2897 728 2953 sive
752 2898 1138 2956 barbarismos
1164 2902 1480 2970 peculiares
1503 2903 1689 2970 habet,
1716 2906 1815 2975 qui

166 2984 339 3040 nescio
382 2998 566 3054 quem
608 2983 1273 3066 africanismumsapere
1310 2990 1597 3046 videntur.
1633 3010 1659 3040 ι)
1692 2993 1815 3047 Haec

1947 1832 2173 1889 rissime
2212 1844 2364 1904 patet
2397 1848 2687 1897 auctorem
2728 1843 2908 1901 fuisse
2947 1862 3015 1902 ex
3043 1849 3195 1904 clero
3238 1852 3511 1920 Romano,
3540 1862 3597 1910 et

1942 1918 2134 1976 forsan
2155 1925 2540 1999 Lateranensi,
2558 1938 2659 1985 aut
2680 1931 2958 1989 Vaticana:
2981 1935 3234 1992 basilicae
3253 1918 3594 2011 ascriptum,

1942 2009 2092 2064 unde
2125 2009 2291 2098 {bene
2329 2020 2606 2087 putarem,
2639 2019 2911 2089 Stephani
2952 2025 3021 2077 IV
3054 2030 3111 2079 et
3143 2026 3382 2082 Adriani
3414 2009 3588 2098 primi

1943 2096 2100 2152 Vitas
2129 2096 2312 2156 fuisse
2339 2105 2562 2158 tertiam
2591 2108 2959 2175 appendicem
2987 2111 3056 2164 ad
3088 2113 3322 2167 Librum
3348 2096 3594 2170 Pontiﬁ—

1940 2183 2117 2239 calem
2159 2204 2171 2239 :
2219 2187 2278 2241 in
2322 2191 2490 2259 cujus
2534 2196 2797 2250 veritatis
2838 2197 3329 2255 conﬁrmationem
3376 2204 3587 2259 adduci

1940 2279 2180 2341 possunt
2203 2276 2318 2331 duo
2344 2279 2742 2349 antiquissimi
2769 2284 2996 2340 codices
3028 2289 3426 2359 manuscripti,
3452 2291 3588 2346 Flo-

1938 2360 2202 2415 rentinus
2240 2363 2517 2420 nimirum
2556 2370 2739 2423 sancti
2781 2371 2975 2441 Marci,
3012 2378 3069 2426 et
3102 2374 3245 2430 alter
3282 2376 3591 2433 Christinae

1934 2447 2243 2503 Succorum
2294 2453 2524 2525 reginae,
2577 2457 2677 2525 qui
2724 2466 2849 2526 post
2892 2460 3073 2515 Vitam
3115 2462 3355 2518 Adriani
3408 2467 3582 2535 primi

1936 2533 2167 2606 ﬁniunt,
2196 2552 2261 2592 eo
2287 2542 2436 2608 quod
2469 2555 2537 2596 ex
2566 2542 2687 2599 illis
2716 2545 2874 2600 Libri
2910 2549 3260 2605 Pontiﬁcalis
3288 2533 3588 2612 codicibus

1932 2622 2207 2693 descripti
2240 2635 2446 2698 essent,
2482 2632 2582 2700 qui
2618 2637 2748 2688 ante
2782 2636 3015 2691 Leonem
3050 2639 3307 2709 tertium,
3341 2642 3584 2701 Adriani

1932 2712 2106 2779 primi
2139 2728 2544 2790 successorem,
2578 2723 2795 2777 exarati
2826 2732 3007 2779 erant.

2000 2795 2050 2852 7.
2084 2801 2357 2871 Sequitur
2380 2806 2502 2859 Vita
2528 2809 2730 2865 Leonis
2758 2813 2937 2882 tertii,
2965 2828 3091 2883 quae
3114 2815 3232 2872 alio
3256 2818 3405 2889 stylo
3428 2821 3586 2877 alio—

1931 2899 2041 2954 que
2065 2895 2299 2944 auctore
2322 2894 2647 2962 conscripta
2676 2902 2778 2951 est.
2824 2900 3007 2954 Nullae
3046 2906 3198 2957 enim
3238 2905 3474 2973 phrases
3511 2922 3582 2964 ex

1926 2987 2099 3043 supra
2117 2977 2313 3032 relatis
2331 2979 2390 3033 in
2407 2993 2470 3035 ea
2493 2984 2887 3057 reperiuntur;
2909 2989 3143 3060 nullibi,
3162 2992 3299 3048 dum
3318 2995 3582 3053 Romana:

166 3070 261 3139 ille,
308 3072 477 3128 nihil
526 3072 690 3129 aliud
736 3074 1000 3130 indicans
1030 3058 1255 3147 {quare
1292 3078 1553 3134 divinare
1594 3086 1816 3149 oportet
1849 3058 1896 3119 Ο
1932 3062 2482 3155 υτὺίδηιηθηιίοηθω
2523 3068 2681 3143 facit.
2728 3088 3039 3142 pronomen
3081 3079 3220 3134 hunc
3262 3082 3570 3155 adiungit:

167 3173 288 3228 quos
316 3160 616 3231 loquendi
648 3163 844 3219 modos
885 3165 1201 3232 peculiares
1232 3166 1354 3235 ipse
1385 3173 1691 3222 notaverat.
1727 3169 1811 3223 An

157 3247 292 3304 inter
322 3249 475 3305 illos
505 3250 776 3306 censendi
808 3250 927 3306 sint
954 3258 1274 3323 sequentes,
1310 3255 1533 3322 judicet
1564 3256 1812 3323 prudens

154 3334 314 3393 lector
346 3356 361 3391 :
394 3339 791 3393 Monachicum
824 3341 944 3407 fore
989 3346 1328 3411 suscepturos
1370 3343 1632 3397 habitum.
1682 3348 1811 3399 Item

153 3425 410 3480 absolutis
432 3426 695 3481 omnibus
711 3442 896 3481 eorum
912 3428 1091 3482 rebus.
1208 3432 1268 3483 in
1297 3432 1620 3485 monasterio
1645 3432 1810 3485 clivi—

150 3511 358 3567 Staturi
406 3515 638 3568 retrudi
684 3517 952 3582 fecerunt,
996 3518 1093 3571 ubi
1126 3520 1274 3585 fame
1316 3524 1366 3573 et
1407 3520 1502 3572 siti
1540 3536 1803 3582 cremans,

149 3601 504 3672 clamansque
531 3618 755 3672 aquam,
786 3606 867 3658 ita
894 3606 1169 3661 ambulavit
1190 3608 1607 3676 Spiritum.......
1638 3612 1807 3661 teme-

147 3690 324 3743 ritatis
354 3693 921 3759 praescriptione”...
962 3695 1380 3771 insurregnerunt
1425 3710 1589 3764 super
1624 3697 1804 3764 ipsum

147 3777 620 3833 licitantem...”
659 3795 853 3834 causas
898 3781 965 3835 de
1002 3784 1241 3837 Justitiis
1283 3785 1346 3837 B.
1386 3785 1622 3838 rem...
1666 3799 1804 3838 con-

143 3867 431 3933 spicientes
462 3881 523 3921 se
551 3868 614 3919 in
644 3883 840 3935 magno
870 3870 1092 3941 decepta
1122 3886 1232 3926 esse
1253 3873 1480 3941 positos,
1525 3878 1632 3929 etc.
1675 3876 1799 3930 llaec

145 3955 452 4021 prudentis
485 3955 719 4012 lectoris
736 3958 962 4027 judicio
991 3960 1230 4029 subjeci,
1258 3975 1361 4033 ego
1384 3962 1536 4018 enim
1567 3963 1670 4019 hos
1697 3977 1800 4032 pe—

144 4042 394 4099 culiares
431 4044 713 4114 loquendi
747 4048 943 4105 modos
979 4048 1413 4106 africanismum
1444 4064 1659 4123 sapere,
1694 4067 1801 4109 ne—

142 4130 254 4185 scio
278 4145 401 4202 qua
421 4132 653 4189 ratione
676 4138 989 4202 asseruerit
1004 4145 1060 4194 et
1085 4140 1234 4195 unde
1253 4140 1550 4210 collegerit
1571 4141 1802 4197 Holste—

142 4219 286 4275 nius.
324 4222 617 4278 Videntur
647 4237 891 4295 namque
921 4227 1063 4284 mihi
1097 4229 1353 4285 indicare
1385 4230 1617 4286 illorum
1651 4237 1800 4287 tem—

142 4320 340 4376 porum
374 4309 726 4380 barbariem,
759 4327 885 4383 quas
914 4316 1085 4371 etiam
1117 4317 1397 4373 Romanas
1425 4331 1593 4373 aures
1618 4332 1798 4375 occu—

1925 3162 2037 3204 non
2067 3151 2213 3207 dicit
2247 3156 2593 3228 pontiﬁcem,
2625 3159 2763 3215 dum
2794 3176 2863 3216 ex
2892 3165 3079 3220 Gallia
3111 3169 3365 3240 Romam,
3402 3151 3577 3229 rediit

1920 3235 2024 3289 huc
2044 3240 2286 3311 venisse,
2311 3243 2407 3296 sed
2431 3244 2777 3314 simpliciter
2802 3250 3064 3306 Romanae
3089 3255 3250 3309 urbis
3273 3235 3534 3313 meminit
3559 3279 3571 3314 :

1924 3344 1950 3375 «
1985 3325 2207 3397 Franci,
2257 3329 2470 3401 inquit,
2513 3333 2744 3389 Romam
2791 3337 2957 3393 illum
2998 3354 3266 3411 remeare,
3307 3344 3367 3396 in
3406 3359 3570 3403 suam

1917 3414 2288 3481 apostolicam
2319 3418 2507 3474 sedem
2530 3420 2859 3493 honoriﬁce,
2882 3438 3012 3479 cum
3041 3428 3240 3498 nimio,
3268 3431 3564 3504 utdecuit,

1916 3501 2231 3557 emiserunt
2263 3504 2496 3577 honore,
2530 3510 2626 3578 qui
2663 3524 2762 3577 per
2792 3524 3251 3584 unamquamque
3277 3501 3563 3575 civitatem

1916 3593 2184 3658 tanquam
2226 3592 2412 3661 ipsum
2444 3597 2825 3664 suscipientes
2862 3600 3185 3666 apostolum
3228 3619 3409 3675 usque
3445 3608 3567 3664 Ro-

1916 3689 2060 3731 mam
2109 3678 2486 3735 deduxerunt.
2534 3684 2690 3738 Tunc
2733 3687 2993 3756 Romani,
3038 3703 3151 3758 prae
3192 3692 3373 3749 nimio
3415 3709 3565 3765 gau—

1910 3763 2008 3818 dio
2046 3780 2213 3821 suum
2259 3769 2599 3838 recipientes
2642 3780 2951 3842 pastorem.
2991 3816 3004 3829 .
3043 3817 3057 3830 .
3097 3818 3110 3831 .
3151 3819 3167 3832 .
3203 3819 3219 3833 .
3256 3821 3268 3833 .
3311 3799 3337 3830 »
3370 3763 3441 3837 Et
3466 3786 3565 3838 in—

1910 3852 1997 3907 fra
2035 3871 2046 3907 :
2101 3873 2124 3904 «
2169 3856 2398 3912 Romam
2446 3859 2669 3916 intrans
2714 3876 2843 3917 cum
2894 3866 3075 3921 multo
3118 3869 3328 3938 gaudio
3364 3878 3420 3926 et
3457 3872 3564 3927 la:—

1910 3942 2039 3996 titia
2068 3943 2123 3997 in
2148 3946 2561 4013 patriarchium
2594 3951 2966 4008 Lateranense
2998 3955 3251 4011 intravit.
3285 3976 3312 4008 υ
3336 3960 3416 4014 Ex
3447 3976 3559 4031 quo

1908 4029 2180 4100 laquendi
2222 4036 2387 4089 modo
2431 4036 2599 4091 facile
2638 4038 3009 4113 intelligitur,
3048 4052 3338 4101 auctorem
3388 4029 3560 4118 hujus

1912 4119 2049 4174 Vita:
2089 4135 2201 4176 non
2248 4125 2412 4178 modo
2458 4126 2637 4180 alium
2677 4141 2800 4183 esse
2841 4144 2873 4183 a
2907 4131 3113 4203 priori,
3160 4136 3254 4189 sed
3298 4136 3555 4193 dubitari

1907 4208 2077 4262 etiam
2110 4224 2273 4279 posse
2305 4227 2442 4267 num
2473 4215 2661 4269 Romae
2692 4217 2965 4289 scripsit;
2995 4221 3145 4277 nihil
3171 4223 3323 4278 enim
3348 4226 3406 4279 in
3437 4232 3552 4283 tota

1910 4295 2010 4350 illa
2038 4299 2163 4353 Vita
2201 4303 2457 4357 occurrit
2493 4306 2642 4361 unde
2674 4319 2738 4361 ea
2762 4307 2831 4362 de
2869 4324 2928 4364 re
2952 4312 3237 4381 suspicari
3273 4313 3409 4370 licet
3433 4317 3550 4371 nisi

142 4405 390 4467 paen“,
435 4405 754 4470 pmsemm
795 4420 922 4463 cum
953 4416 1173 4466 constet
1201 4425 1268 4467 ex
1302 4412 1589 4484 plerisque
1621 4416 1795 4485 hujus
1819 4397 1874 4458 ι)
1903 4402 1973 4443 ex
2000 4390 2122 4446 illis
2152 4393 2371 4447 verbis:
2410 4414 2434 4444 α
2465 4396 2621 4451 Nona
2653 4410 2785 4452 vero
2817 4399 3133 4458 indictione
3164 4407 3412 4475 peccatis
3443 4422 3553 4463 no-

139 4489 274 4546 Vitae
307 4492 463 4547 locis
499 4498 790 4550 auctorem
819 4498 945 4565 ejus
971 4500 1161 4555 Romae
1190 4502 1533 4572 scripsisse;
1565 4508 1793 4575 quando

136 4578 281 4634 enim
305 4580 387 4635 de
419 4580 557 4636 urbe
578 4583 751 4639 Roma
770 4587 912 4656 agit,
941 4587 1048 4644 hoc
1072 4589 1343 4661 loquendi
1375 4591 1538 4647 modo
1566 4594 1786 4650 utitur:

134 4667 193 4719 In
230 4668 386 4723 hanc
414 4671 718 4727 Romanam
757 4676 959 4730 urbem.
1006 4680 1073 4734 Et
1110 4681 1281 4751 paulo
1321 4686 1452 4737 ante
1496 4683 1785 4739 medium:

135 4756 199 4809 Et
225 4757 364 4818 huc,
394 4758 479 4813 vel
516 4765 579 4814 ut
608 4761 778 4817 habet
813 4764 930 4819 alia
968 4765 1157 4831 lectio,
1202 4769 1287 4823 hic
1322 4772 1542 4825 Romam
1584 4773 1793 4826 attule—

136 4852 279 4898 runt.
347 4847 413 4901 Et
466 4846 678 4904 ibidem
719 4869 732 4905 :
775 4853 1121 4910 Postmodum
1166 4874 1290 4913 vero
1337 4860 1562 4928 quidam
1609 4862 1789 4930 iniqui

138 4932 428 5004 Campani,
454 4940 552 5005 qui
578 4939 681 4993 huc
705 4941 927 4995 Romam
954 4945 1309 5002 advenerant.
1341 4950 1411 5003 Et
1436 4947 1522 5004 ini
1526 4961 1586 5005 ra
1608 4967 1620 5003 :
1650 4952 1790 5004 Dum

142 5022 381 5078 Tuscum
409 5036 459 5080 et
498 5027 768 5098 Campani
805 5031 893 5085 hic
919 5034 1097 5088 Romae
1133 5040 1417 5105 aggregati
1442 5042 1697 5105 fuissent.
1727 5042 1792 5095 Et

138 5123 333 5177 postea
356 5131 369 5167 :
401 5114 695 5171 Simulavit
722 5133 778 5172 se
803 5124 967 5188 quasi
989 5127 1253 5180 orationis
1283 5143 1448 5181 causa
1474 5130 1548 5183 ad
1579 5130 1792 5184 beatum

138 5200 355 5256 Petrum
393 5206 621 5259 Romam
651 5215 1096 5276 properaturum.
1134 5213 1357 5282 Quibus
1398 5217 1585 5273 verbis
1628 5231 1791 5273 nemo

142 5301 247 5344 non
272 5291 453 5362 videt,
475 5302 772 5350 auctorem
803 5298 989 5354 Romae
1017 5302 1337 5372 scripsisse.
1373 5306 1631 5362 Notanda
1660 5320 1795 5376 quo-

141 5390 247 5444 que
273 5387 414 5436 sunt
449 5382 621 5437 verba
647 5386 949 5453 sequentia
974 5406 986 5441 :
1019 5388 1423 5457 Confundentes
1453 5400 1616 5463 atque
1647 5412 1797 5449 ana—

142 5464 547 5524 thanatizantes
598 5474 987 5529 exsecrabilem
1040 5480 1197 5533 illam
1246 5484 1532 5549 synodum,
1577 5500 1697 5552 qum
1737 5487 1797 5539 in

143 5551 357 5611 (irasci:
384 5559 649 5627 partibus
690 5576 869 5631 nuper
907 5566 1060 5630 facta
1106 5573 1204 5623 est.
1250 5569 1385 5636 Quae
1425 5551 1796 5643 intelligenda

1903 4487 2041 4541 stris
2073 4488 2509 4547 imminentibus
2542 4493 2735 4550 subito
2766 4501 3122 4555 terraemotus
3152 4502 3336 4559 factus
3363 4507 3554 4576 pridie

1902 4575 2183 4634 Kalendas
2204 4582 2358 4650 Maii,
2377 4588 2432 4637 et
2450 4584 2689 4639 ecclesia
2708 4585 2859 4642 beati
2883 4589 3043 4645 Pauli
3064 4593 3309 4660 apostoli
3331 4575 3401 4648 ab
3425 4596 3550 4663 ipso

1901 4675 2226 4726 ῐΘῙῚῚΕῐΠΟῐΠ
2271 4686 2567 4738 οοηουδειι,
2609 4676 2800 4730 omnia
2839 4666 2992 4734 sarta
3042 4687 3185 4736 tecta
3226 4692 3481 4739 ruerunt.
3519 4704 3547 4734 υ

1901 4760 1982 4812 Ex
2010 4759 2101 4813 his
2129 4762 2278 4814 enim
2307 4769 2492 4829 posset
2519 4764 2651 4832 quis
2675 4765 2947 4837 colligere
2972 4771 3121 4838 quod
3149 4776 3350 4827 auctor
3372 4774 3547 4839 hujus

1904 4849 2044 4904 Vita}
2090 4851 2378 4919 ascriptus
2430 4850 2607 4907 fuerit
2652 4853 2905 4909 ecclesia:
2952 4860 3137 4911 sancti
3178 4859 3336 4913 Pauli
3387 4867 3547 4915 extra

1902 4938 2127 5008 Urbem,
2154 4953 2322 5008 quam
2354 4940 2566 5009 ubique
2597 4950 2757 4999 vocat
2787 4948 3066 5002 basilicam
3091 4950 3322 5003 doctoris
3350 4946 3549 5004 mundi

1902 5032 2043 5087 beati
2079 5034 2240 5086 Pauli
2276 5034 2523 5102 apostoli.
2565 5033 2723 5103 Quod
2766 5037 2893 5093 ideo
2929 5039 3135 5094 adnoto
3177 5040 3314 5110 quia
3354 5041 3548 5100 forsan

1900 5124 1964 5176 D.
1996 5123 2230 5177 Paulum
2265 5129 2532 5194 tauquam
2567 5133 2865 5195 patronum
2899 5142 3015 5183 suae
3044 5128 3300 5188 basilicae
3327 5133 3551 5190 distin-

1903 5229 2073 5287 guere
2103 5215 2286 5271 voluit
2307 5231 2338 5271 a
2363 5217 2585 5273 caeteris
2608 5217 2904 5286 apostolis,
2935 5232 3079 5288 quos
3101 5220 3238 5276 dum
3267 5224 3543 5292 nominat,

1903 5304 2246 5374 simpliciter
2292 5302 2581 5374 apostolos
2622 5319 2822 5363 vocare
2863 5310 3179 5365 consuevit.
3227 5310 3312 5365 Ab
3352 5310 3548 5367 eodem

1907 5391 2099 5449 forsan
2142 5399 2375 5450 auctore
2417 5396 2742 5464 conscripta
2771 5401 2857 5452 est
2886 5397 3013 5452 Vita
3041 5397 3311 5467 Stephani
3344 5398 3387 5452 V
3422 5399 3546 5469 qui,

1905 5484 2074 5538 Leoni
2098 5484 2171 5538 Ill
2199 5484 2472 5539 successi:
2500 5502 2516 5552 -,
2544 5498 2671 5539 nam
2701 5486 2899 5554 paucis
2922 5487 2992 5541 de
3021 5488 3144 5555 ejus
3169 5486 3346 5555 gestis
3375 5500 3551 5557 enar-

1904 5572 2069 5643 ratis,
2097 5573 2214 5628 fere
2240 5578 2399 5628 totus
2421 5573 2586 5628 estin
2613 5573 3007 5629 describendis
3025 5574 3192 5629 donis
3216 5588 3341 5643 quae
3369 5575 3566 5632 diver-
