4048 6168
486 411 588 472 211

1285 415 1376 470 AD
1414 413 1849 470 ANASTASIUM
1885 409 2399 468 PROLEGOMENA
2438 412 2619 466 EDIT.
2667 408 3098 468 ROM.—VATIC.

3786 399 3896 457 212

492 541 576 595 sis
613 541 875 597 ecclesiis
915 541 1148 611 obtulit,
1189 541 1338 610 quod
1383 540 1533 594 idem
1576 540 1635 593 in
1673 539 1876 593 Leonis
1914 538 1985 592 III
2014 537 2143 591 Vita
2166 537 2224 595 A
2256 535 2461 590 mutila
2482 537 2619 605 sint,
2645 551 2769 607 qua:
2789 538 2968 592 Lucas
2983 533 3308 590 Holstenius
3328 545 3396 587 ex
3423 527 3896 601 praestantissimo

490 629 788 685 observare
820 631 969 685 licet.
1059 673 1062 676 .

565 717 620 773 8.
648 721 726 774 De
755 720 1045 775 Paschalis
1075 719 1246 788 primi
1277 719 1405 774 Vita
1430 722 1653 774 constat
1675 731 1796 772 eam
1819 716 1890 770 ab
1913 723 2144 771 auctore

497 811 747 866 Romano
789 808 1169 877 conscriptam
1220 806 1447 863 fuisse:
1482 807 1743 862 meminit
1783 805 1935 860 enim
1982 802 2145 858 urbis

496 898 685 952 Romae
713 903 979 966 tanquam
1009 897 1264 951 civitatis
1287 897 1345 951 in
1371 909 1482 966 qua
1510 895 1813 951 scribebat.
1837 893 1931 948 Sic
1952 894 2146 947 narrat

496 987 567 1042 de
592 985 967 1040 translatione
996 985 1255 1054 corporis
1275 990 1484 1040 sancta:
1511 984 1754 1039 Caecilia:
1781 995 1910 1038 cum
1944 993 2146 1051 magno

496 1073 712 1128 honore
727 1073 876 1128 intra
897 1087 1116 1128 muros:
1137 1094 1164 1124 α
1183 1074 1640 1141 HujusBomanae
1653 1071 1816 1128 urbis
1835 1071 1892 1125 in
1907 1069 2147 1125 ecclesia

496 1161 686 1231 ipsius
711 1161 893 1216 sancti
923 1161 1190 1231 martyris
1210 1163 1469 1218 dedicata
1489 1161 1556 1216 ad
1582 1160 1805 1216 laudem
1827 1164 1884 1214 et
1905 1158 2144 1229 gloriam

497 1250 908 1318 omnipotentis
930 1251 1051 1320 Dei,
1080 1251 1330 1319 ejusdem
1353 1250 1600 1321 virginis
1620 1263 1829 1318 corpus
1852 1261 1980 1302 cum
2003 1246 2149 1301 cha-

501 1339 734 1395 rissimo
765 1340 1060 1394 Veleriano
1087 1353 1297 1409 sponso
1321 1346 1491 1410 atque
1515 1338 1800 1404 Tiburtio,
1825 1342 1881 1391 et
1903 1335 2148 1390 Maximo

501 1427 871 1498 martyribus,
896 1440 1110 1482 necnon
1131 1427 1356 1482 Urbano
1375 1434 1433 1481 et
1453 1427 1628 1481 Lucio
1649 1423 2020 1494 pontiﬁcibus
2039 1421 2147 1478 sub

500 1521 861 1571 sacrosancto
885 1516 1053 1571 altari
1077 1515 1398 1572 collocavit.
1429 1534 1454 1564 ››
1486 1516 1566 1569 Ex
1588 1515 1802 1585 quibus
1822 1512 2012 1568 verbis
2034 1523 2145 1566 non

501 1604 669 1659 modo
709 1609 931 1659 constat
967 1605 1036 1660 de
1068 1604 1190 1659 loco
1229 1604 1328 1658 ubi
1363 1604 1479 1658 hinc
1509 1603 1637 1658 Vita
1667 1603 1881 1670 scripta
1911 1606 2015 1670 est,
2049 1598 2144 1655 sed

497 1692 670 1748 etiam
707 1693 777 1746 de
816 1693 948 1761 styli
993 1693 1297 1763 elegantia,
1341 1705 1451 1761 qua
1490 1691 1561 1746 ab
1600 1697 1831 1746 auctore
1872 1691 2148 1745 adornata

497 1787 584 1836 est
612 1781 906 1836 Paschalis
944 1781 1208 1836 historia.
1242 1779 1402 1835 Illam
1445 1793 1579 1835 sane
1617 1780 1885 1850 colligere
1917 1778 2053 1834 licet
2079 1791 2148 1833 ex

2253 624 2448 679 codice
2477 625 2819 680 Farnesiano
2851 624 3136 694 supplevit
3170 623 3228 677 in
3261 621 3383 676 illis
3412 620 3592 674 variis
3621 615 3898 673 lectioni—

2253 711 2362 770 bus
2381 718 2436 768 et
2458 715 2611 769 notis
2631 728 2757 784 qua:
2780 715 2847 770 ad
2878 714 3187 783 marginem
3211 717 3266 766 et
3293 709 3458 764 ﬁnem
3487 708 3579 764 sui
3601 705 3899 774 exempla—

2255 803 2339 859 ris
2381 805 2610 872 adjecit.
2661 806 2867 861 Eodem
2925 805 3071 874 stylo
3117 803 3441 870 conscripta
3491 797 3718 855 videtur
3770 796 3896 851 Vita

2255 893 2459 948 Leonis
2491 895 2576 959 IV,
2605 908 2729 964 quae
2761 894 2992 962 phrases
3018 891 3368 962 supradictis
3397 888 3618 943 similes
3641 885 3895 954 exhibet,

2254 987 2310 1036 et
2354 987 2644 1037 auctorem
2696 983 2883 1037 Romae
2921 981 3223 1050 scripsisse
3263 978 3480 1034 indicat
3523 976 3617 1032 his
3657 973 3894 1030 verbis:

2253 1071 2643 1125 Monasterium
2681 1071 2824 1125 beati
2865 1072 3095 1124 Martini
3130 1069 3452 1136 confessoris
3491 1065 3713 1125 Christi,
3754 1063 3900 1132 quod

2255 1163 2412 1212 extra
2445 1175 2629 1213 muros
2666 1159 2831 1228 hujus
2868 1160 3106 1213 civitatis
3143 1159 3394 1212 Romanae
3420 1155 3587 1224 juxta
3625 1153 3902 1208 ecclesiam

2258 1247 2400 1301 beati
2420 1250 2568 1302 Petri
2595 1249 2827 1317 apostoli
2853 1251 3017 1302 situm
3045 1250 3143 1301 est.
3166 1245 3322 1301 Alibi
3357 1244 3668 1311 indicatur,
3693 1247 3906 1297 aucto-

2257 1349 2374 1390 rem
2414 1335 2594 1391 fuisse
2629 1342 3185 1405 contemporaneum,
3224 1339 3290 1390 ut
3326 1333 3554 1404 quando
3592 1334 3905 1387 narrantur

2255 1425 2642 1495 Agarenorum
2693 1433 2930 1496 strages.
2995 1426 3141 1479 Dum
3188 1423 3342 1479 enim
3393 1427 3560 1477 vento
3613 1419 3905 1476 divinitus

2259 1513 2518 1569 immisso
2573 1514 2848 1584 dispersae
2892 1514 3280 1584 Agarenorum
3338 1523 3506 1566 naves
3551 1509 3620 1565 ad
3674 1514 3903 1578 portum

2260 1601 2550 1670 pervenire
2592 1602 2966 1671 nequiverant
2998 1619 3010 1656 :
3045 1600 3222 1670 Super
3249 1600 3333 1654 his
3365 1600 3518 1652 novis
3556 1598 3907 1664 mysticisquc

2256 1691 2558 1752 miraculis,
2594 1691 2786 1760 inquit
2813 1696 3033 1758 auctor,
3066 1705 3187 1758 quae
3214 1689 3416 1742 nostris
3447 1687 3568 1740 licet
3595 1700 3706 1739 non
3730 1685 3908 1738 meri-

2258 1780 2328 1832 tis
2370 1780 2697 1848 temporibus
2739 1780 2932 1832 divina
2975 1779 3255 1832 ostendere
3290 1794 3356 1831 ac
3392 1776 3762 1830 demonstrare
3809 1772 3909 1825 di-

497 1871 573 1926 iis
599 1886 724 1942 quae
743 1871 812 1926 de
841 1871 1105 1926 incendio
1131 1870 1387 1924 civitatis
1411 1869 1673 1924 Leoninae
1697 1873 1925 1923 enarrat
1951 1885 1964 1920 :
1993 1888 2019 1918 α
2042 1867 2146 1922 Sed
2178 1855 2230 1916 B
2255 1872 2425 1934 gnata
2463 1872 2566 1921 est.
2589 1908 2637 1920 ..
2675 1868 2976 1922 clementia.
3019 1866 3125 1921 Ubi
3157 1879 3321 1922 nemo
3364 1877 3475 1920 non
3513 1863 3666 1918 videt
3699 1865 3910 1917 aucto—

496 1974 678 2030 neque
712 1959 816 2014 hoc
846 1959 1079 2015 silentio
1121 1958 1574 2028 praetereundum
1614 1971 1736 2012 esse
1773 1955 2144 2024 arbitramur,

497 2049 710 2118 inquit,
735 2049 884 2118 quod
907 2049 1100 2103 eodem
1124 2052 1393 2116 tempore,
1417 2046 1706 2102 diabolica
1727 2051 1995 2114 operante
2013 2057 2152 2099 ver-

497 2137 672 2204 sntia,
708 2149 805 2206 per
836 2136 1211 2206 quorumdam
1252 2137 1439 2206 gentis
1469 2135 1782 2206 Anglorum
1811 2131 2145 2201 dissudium,

498 2225 579 2280 ita
603 2231 689 2279 est
707 2224 896 2280 omnis
921 2224 1154 2280 illorum
1178 2223 1480 2294 habitatio,
1505 2238 1630 2293 quae
1650 2224 1709 2278 in
1731 2236 1927 2279 eorum
1949 2221 2149 2291 lingua

495 2313 719 2383 Burgus
753 2312 992 2382 dicitur,
1033 2313 1259 2367 ﬂamma
1292 2312 1446 2382 ignis
1475 2313 1797 2367 exundante
1827 2311 2144 2380 combusta,

496 2406 563 2456 ut
586 2401 756 2456 etiam
782 2413 882 2455 nec
906 2400 1147 2471 vestigia
1177 2400 1435 2468 pristina:
1462 2399 1840 2455 habitationis
1867 2400 1926 2453 in
1951 2399 2146 2454 eodem

496 2490 620 2545 loco
653 2489 899 2544 inveniri
932 2490 1274 2558 potuissent,
1307 2489 1476 2557 cujus
1505 2486 1852 2542 exuberante
1881 2487 2148 2541 incendio

497 2592 635 2649 pene
655 2583 828 2634 totam
855 2578 1158 2648 porticum,
1181 2591 1306 2647 quae
1321 2578 1485 2632 ducit
1506 2577 1575 2631 ad
1599 2575 1897 2630 basilicam
1923 2575 2151 2644 princi—

496 2668 587 2736 pis
628 2667 1017 2736 apostolorum
1067 2666 1220 2737 ignis
1267 2666 1446 2721 fomes
1492 2663 1830 2720 devastavit.
1863 2683 1888 2714 »
1933 2664 2058 2719 Haec
2095 2670 2152 2719 et

496 2755 661 2824 plura
693 2754 902 2809 ibidem
931 2760 1132 2810 auctor
1157 2753 1303 2824 stylo
1331 2754 1475 2810 satis
1505 2753 1772 2824 eleganti,
1801 2767 1834 2808 a
1860 2767 1975 2823 quo
2000 2767 2154 2808 non-

494 2845 643 2901 nihil
687 2844 918 2901 diﬂ‘erre
964 2845 1194 2902 videtur
1241 2845 1425 2915 stylus
1471 2858 1584 2916 quo
1628 2845 1970 2914 conscripta:
2015 2845 2153 2900 sunt

492 2934 634 2990 Vitaa
675 2947 1068 2990 successorum
1112 2935 1354 3005 Eugenii
1392 2936 1459 3004 ll,
1507 2934 1793 2990 Valentini
1835 2940 1892 2988 et
1928 2935 2151 3005 Grego-

496 3029 570 3084 rii
596 3029 680 3092 IV,
708 3041 777 3082 ex
801 3027 968 3096 cujus
994 3026 1169 3096 gestis
1195 3025 1514 3097 colligitur,
1540 3032 1828 3082 auctorem
1856 3032 1980 3095 post
2002 3025 2151 3080 Gre-

497 3118 644 3190 gorii
676 3121 893 3170 :etatem
935 3115 1257 3184 scripsisse.
1299 3114 1485 3187 Agens
1513 3116 1667 3170 enim
1695 3115 1769 3169 de
1799 3115 2147 3171 monasterio

2258 1969 2373 2010 rem
2399 1957 2598 2010 testari
2631 1956 2748 2012 haec
2783 1969 2909 2026 quae
2949 1961 3143 2012 narrat
3172 1955 3297 2012 suis
3328 1952 3681 2023 temporibus
3709 1949 3910 2006 conti-

2257 2045 2426 2116 gisse.
2462 2045 2681 2100 Indicat
2710 2059 2938 2115 quoque
2967 2045 3136 2114 cujus
3163 2042 3528 2099 auctoritatis
3557 2039 3738 2096 fuerit
3764 2040 3906 2094 dum

2258 2132 2430 2189 refert
2467 2147 2527 2189 se
2565 2147 2678 2189 una
2713 2147 2843 2189 cum
2883 2134 3153 2189 Romanis
3189 2130 3522 2202 proceribus
3554 2128 3802 2199 jussisse
3842 2133 3910 2182 ut

2255 2224 2520 2278 Saraceni
2579 2223 2680 2294 qui
2737 2224 2889 2292 capti
2944 2230 3107 2278 erant
3166 2222 3502 2293 ligarentur.
3558 2219 3626 2273 Et
3681 2217 3902 2273 addit:

2255 2313 2446 2366 Postea
2475 2327 2579 2381 per
2619 2312 2837 2366 diversa
2872 2315 3144 2381 artificum
3179 2327 3364 2380 opera,
3405 2308 3680 2379 quidquid
3714 2321 3911 2360 neces-

2255 2404 2465 2454 sarium
2514 2401 2752 2463 videbat,
2796 2417 2900 2469 per
2950 2417 3036 2454 eos
3083 2403 3265 2454 omnia
3302 2400 3628 2468 jubebamus
3675 2397 3906 2463 deferri.

2257 2489 2530 2559 Quisnam
2569 2496 2756 2546 autem
2808 2489 2981 2560 hujus
3020 2497 3076 2545 et
3115 2489 3486 2558 praecedentis
3528 2487 3668 2541 Vitae
3705 2489 3913 2540 auctor

2257 2579 2355 2648 sit,
2391 2578 2602 2634 nullibi
2633 2581 2998 2648 exprimitur,
3035 2579 3248 2634 nullibi
3283 2578 3594 2633 indicatur.

2332 2665 2416 2723 40.
2473 2667 2714 2722 Putabat
2764 2669 2996 2738 quidem
3051 2681 3164 2723 non
3217 2681 3380 2722 nemo
3438 2670 3725 2720 auctorem
3786 2676 3919 2718 esse

2260 2757 2626 2812 Anastasium
2688 2757 3218 2826 Bibliothecarium,
3270 2756 3370 2826 qui
3423 2755 3723 2825 praedictas
3772 2753 3920 2808 Ser-—

2263 2847 2344 2918 gii
2375 2849 2422 2901 lI
2449 2851 2506 2902 et
2541 2847 2742 2902 Leonis
2773 2849 2841 2902 IV
2877 2861 2943 2903 ac
2972 2847 3384 2917 subsequentes
3420 2843 3709 2901 Benedicti
3750 2845 3828 2898 IlI
3860 2848 3918 2897 et

2261 2938 2482 2994 Nicolai
2531 2939 2554 2992 Ι
2600 2938 2759 2994 Vitas
2806 2936 3126 2993 Pontiﬁcali
3180 2937 3409 3006 adjecit.
3467 2934 3672 2990 Verum
3719 2932 3920 2988 obstat

2259 3030 2386 3086 Vita
2426 3030 2713 3086 Benedicti
2757 3030 2850 3097 III,
2897 3042 3022 3099 qua:
3066 3039 3424 3097 nequaquam
3465 3024 3770 3080 Anastasio
3814 3023 3920 3078 Bi-

2257 3119 2636 3175 bliothecario
2666 3117 2848 3174 tribui
2882 3121 3084 3187 potest,
3111 3117 3176 3169 ob
3192 3115 3526 3184 affectatum,
3551 3118 3603 3168 et
3620 3114 3923 3182 ineptissi-

496 3189 679 3262 Sancti
701 3205 931 3261 Callixti
955 3210 1114 3260 trans
1135 3204 1408 3275 Tiberim,
1433 3204 1670 3260 scribit:
1702 3226 1728 3257 α
1751 3207 1812 3260 In
1839 3218 1952 3275 quo
1973 3205 2146 3259 etiam
2177 3189 2226 3252 Ο
2255 3223 2402 3262 mum
2442 3208 2816 3275 exaggerandi
2859 3204 3191 3275 pro/luvium
3239 3220 3303 3258 ac
3353 3218 3603 3259 numeros
3649 3205 3919 3272 poeticos,

499 3295 806 3353 monachos
843 3295 1152 3350 canonicos
1191 3295 1536 3366 aggregavit,
1573 3295 1671 3366 qui
1707 3294 1854 3349 inibi
1895 3292 2145 3350 oﬁicium

497 3383 748 3442 facerent
773 3388 830 3439 et
858 3383 1236 3454 omnipotenti
1266 3384 1379 3439 Deo
1411 3391 1598 3454 grates
1627 3389 1682 3438 et
1712 3383 1909 3438 laudes
1941 3382 2149 3438 diebus

497 3473 750 3545 singulis
782 3477 840 3528 et
867 3471 1134 3528 noctibus
1167 3472 1451 3543 prosecuti
1492 3471 1697 3527 intimo
1730 3471 1923 3527 cordis
1953 3473 2151 3540 spira—

501 3562 654 3617 mine
681 3562 1068 3629 decantarent,
1099 3560 1248 3632 quod
1282 3562 1435 3616 sicut
1467 3561 1525 3616 in
1560 3561 1992 3630 prasentiarum
2019 3573 2152 3614 cer-

501 3651 714 3716 nimus,
757 3663 960 3720 magno
1002 3650 1313 3705 certamine
1357 3663 1674 3720 magnoque
1723 3648 1917 3704 studio
1958 3653 2152 3716 pastor

502 3737 752 3791 eximius
796 3737 902 3791 hoc
940 3751 1084 3804 opus
1122 3737 1285 3792 valde
1323 3737 1719 3793 ﬁrmissimum
1759 3721 2077 3807 ampliavit.
2121 3753 2148 3785 ι

501 3825 583 3878 Ex
619 3823 833 3891 quibus
866 3823 1054 3877 verbis
1094 3824 1258 3892 plane
1296 3824 1602 3879 deducitur
1639 3831 1927 3878 auctorem
1963 3825 2152 3879 Romae

503 3910 734 3978 quidem
775 3910 1012 3976 vixisse,
1044 3910 1138 3964 sed
1172 3916 1301 3979 post
1339 3917 1592 3978 tempora
1629 3912 1893 3979 Gregorii
1934 3913 2148 3981 quarti.

572 3995 624 4050 9.
659 3998 736 4052 De
765 3997 962 4067 Sergio
1001 3999 1270 4063 secundo,
1305 3999 1406 4066 qui
1437 3997 1712 4068 Gregorio
1753 3999 1821 4052 IV
1849 3999 2150 4067 successit,

503 4085 672 4142 facile
696 4085 1014 4156 colligitur,
1057 4099 1123 4140 ex
1159 4086 1363 4155 primis
1398 4092 1684 4156 gestorum
1726 4085 1935 4155 verbis,
1964 4086 2151 4141 Vitam

501 4175 628 4245 ejus
671 4173 742 4230 ab
789 4174 907 4229 alio
956 4174 1198 4244 quodam
1268 4180 1501 4228 auctore
1571 4175 1954 4242 conscriptam
2006 4188 2148 4242 esse,

501 4263 792 4332 siquidem
824 4263 994 4317 initio
1017 4269 1353 4330 repetuntur
1380 4276 1576 4318 omnes
1605 4263 1742 4317 anni
1769 4264 2152 4317 Romanorum

506 4351 838 4419 pontiﬁcum
866 4364 898 4404 a
929 4352 1108 4404 Leone
1139 4351 1310 4406 tertio
1335 4366 1517 4421 usque
1546 4351 1614 4407 ad
1647 4352 1907 4422 Sergium
1941 4365 2157 4406 secun—

503 4438 661 4506 dum,
696 4439 846 4507 quod
885 4439 1121 4494 minime
1164 4437 1375 4494 factum
1414 4448 1580 4510 esset,
1618 4441 1669 4495 si
1703 4455 1854 4496 unus
1890 4441 2155 4509 idemque

2259 3312 2384 3369 qua}
2425 3298 2485 3352 in
2529 3310 2593 3352 ea
2638 3296 2902 3366 reperiri,
2957 3295 3281 3352 observavit
3329 3294 3510 3350 Lucas
3550 3293 3916 3350 Holstenius.

2257 3387 2494 3442 Tantum
2545 3385 2782 3441 initium
2830 3386 3004 3442 istius
3046 3385 3190 3441 Vita:
3239 3384 3539 3456 legendum
3591 3387 3696 3452 est,
3749 3389 3823 3439 ut
3864 3381 3921 3436 id

2259 3473 2658 3544 comprobetur
2683 3493 2696 3529 :
2723 3475 2923 3528 Beatus
2958 3477 3047 3529 vir
3080 3476 3183 3528 iste
3212 3473 3577 3528 dilectissimis
3614 3472 3922 3526 visceribus

2261 3563 2460 3625 editus,
2491 3563 2690 3617 siderio
2711 3563 2926 3632 pollens
2955 3577 3096 3625 rore,
3138 3577 3479 3631 crescensque
3507 3561 3731 3614 celerius
3764 3561 3926 3614 divi-

2260 3668 2455 3706 norum
2497 3652 2679 3706 studio
2725 3653 2961 3721 apicum,
3007 3652 3190 3705 Patris
3235 3650 3310 3704 ad
3351 3649 3711 3704 erudiendum
3752 3651 3928 3703 arbi—

2262 3742 2366 3794 trio
2418 3740 2682 3794 traditur.
2723 3739 2914 3795 Simili
2963 3740 3156 3808 inepto
3207 3737 3583 3809 exaggerandi
3633 3737 3930 3806 proﬂuvio

2264 3829 2426 3898 plena
2457 3834 2542 3884 est
2581 3829 2755 3897 hujus
2796 3827 3086 3897 pontiﬁcis
3123 3827 3273 3895 Vita,
3311 3827 3368 3881 in
3402 3839 3513 3897 qua
3553 3838 3928 3896 nequaquam

2265 3918 2503 3986 repetita
2553 3915 2759 3971 fuisset
2805 3917 3093 3971 successio
3143 3917 3524 3971 Romanorum
3574 3914 3929 3983 pontiﬁcum

2262 4005 2524 4075 Gregorii
2575 4005 2644 4059 IV
2691 4010 2746 4058 et
2797 4004 2979 4075 Sergii
3029 4006 3097 4072 Il,
3145 4018 3272 4074 qua:
3322 4003 3380 4058 in
3425 4002 3630 4058 Leonis
3671 4001 3749 4056 IV
3793 4002 3934 4058 Vita

2263 4093 2516 4148 exhibita
2549 4098 2690 4162 erat,
2724 4093 2772 4147 si
2807 4106 2958 4148 unus
2985 4097 3041 4147 et
3070 4093 3218 4148 idem
3247 4098 3451 4147 auctor
3492 4091 3678 4146 Vitam
3717 4092 3939 4147 Leonis

2263 4187 2318 4236 et
2347 4181 2635 4235 Benedicti
2680 4181 3119 4249 composuisset.
3167 4181 3347 4252 Magis
3394 4179 3575 4246 igitur
3621 4177 3938 4248 probanda

2263 4270 2491 4324 videtur
2544 4268 2644 4324 illa
2695 4269 3054 4325 eruditorum
3117 4269 3371 4324 virorum
3434 4268 3740 4334 sententia,
3798 4282 3943 4338 qua

2261 4357 2565 4413 Anastasio
2581 4357 3027 4413 Bibliothecario
3044 4358 3228 4413 Vitam
3244 4356 3469 4412 Nicolai
3491 4353 3656 4425 primi
3683 4355 3936 4412 tribuit.

2264 4446 2396 4501 Fuit
2435 4445 2554 4500 haec
2592 4447 2873 4502 sententia
2913 4447 3076 4502 Lucae
3111 4445 3414 4514 Holstenii,
3447 4444 3548 4514 qui
3583 4443 3760 4499 initio
3793 4445 3946 4500 vitae

503 4532 706 4582 auctor
759 4527 917 4582 Vitas
979 4526 1336 4597 pontiﬁcum,
1398 4529 1496 4598 qui
1549 4543 1582 4584 a
1632 4531 1810 4584 Leone
1855 4541 2038 4598 usque
2083 4527 2150 4582 ad
2183 4527 2233 4586 D
2263 4534 2484 4589 Nicolai
2515 4534 2850 4590 adnotavit:
2887 4553 2914 4584 α
2941 4535 3094 4588 Ilanc
3122 4533 3309 4589 Vitam
3340 4546 3373 4588 a
3403 4533 3558 4588 sedis
3586 4533 3948 4602 apostolicae

501 4617 761 4684 Sergium
797 4617 1110 4672 secundum
1136 4617 1390 4685 deerant,
1429 4617 1597 4672 Libro
1631 4616 1953 4671 Pontiﬁcali
1990 4617 2157 4685 adje-
2263 4621 2705 4678 bibliothecario
2765 4623 3034 4691 scriptam
3120 4621 3286 4676 docet
3357 4619 3626 4691 frequens
3706 4622 3945 4678 scrinii

503 4707 695 4762 cisset.
774 4706 988 4761 Auctor
1043 4707 1237 4775 itaque
1302 4705 1602 4761 Gestorum
1663 4706 1847 4776 Sergii
1915 4705 2152 4760 secundi
2261 4711 2639 4766 ecclesiastici
2672 4712 2904 4766 mentio.
2939 4726 2965 4759 ιδ
2998 4710 3183 4766 Unum
3221 4709 3395 4765 istius
3427 4708 3689 4764 veritatis
3717 4723 3952 4767 exem—

497 4796 766 4852 diversus
789 4800 875 4851 est
905 4795 976 4849 ab
1003 4795 1078 4850 iis
1103 4795 1203 4864 qui
1237 4794 1600 4863 superiorum
1633 4795 1964 4863 pontiﬁcum
1991 4792 2154 4849 Vitas
2264 4799 2420 4868 plum
2459 4799 2742 4854 adducere
2773 4797 3033 4854 suﬁiciet.
3065 4799 3144 4852 De
3172 4799 3350 4869 gestis
3379 4811 3622 4868 namque
3650 4798 3949 4856 Lotharii

501 4887 989 4956 conscripserunt,
1062 4884 1235 4954 idque
1299 4883 1598 4940 manifeste
1671 4892 2026 4942 monstratur
2084 4901 2152 4942 ex
2264 4889 2344 4945 ita
2392 4888 2599 4944 scribit
2638 4894 2838 4943 auctor
2878 4905 2890 4941 :
2935 4887 3089 4942 Sicut
3140 4888 3200 4940 in
3247 4887 3361 4940 illis
3415 4888 3556 4940 male
3606 4892 3955 4957 compositis

497 4975 665 5042 stylo,
691 4975 790 5043 qui
813 4972 1135 5045 singularis
1155 4973 1400 5041 videtur,
1424 4972 1741 5042 interjectis
1767 4973 1982 5044 ubique
2005 4975 2155 5030 inter
2260 4980 2420 5046 gestis
2462 4981 2523 5031 in
2565 4978 2764 5030 scrinio
2807 4977 2974 5044 hujus
3014 4976 3158 5030 sedis
3190 4977 3442 5044 repositis
3480 4975 3838 5032 declaratur.
3891 4983 3949 5045 §.

503 5063 733 5116 nomina
781 5070 837 5117 et
883 5063 1162 5131 adjectiva
1217 5062 1485 5132 pluribus
1528 5062 1734 5117 verbis.
1789 5065 1882 5120 Sic
1929 5067 2152 5122 dicitur
2265 5069 2412 5120 Tunc
2454 5066 2782 5120 Emiliensis
2831 5063 3192 5119 bibliothecae
3239 5063 3582 5132 Apostolicae
3623 5068 3964 5145 meminit,

499 5149 672 5204 initio
709 5149 1008 5204 Gestorum
1043 5169 1054 5204 :
1087 5152 1306 5216 Ingenti
1341 5151 1496 5218 ccepit
1524 5165 1644 5201 cum
1681 5153 1886 5206 studio.
1908 5194 1920 5206 .
1945 5195 1958 5207 .
2004 5156 2152 5208 acti—
2258 5157 2398 5209 sicut
2424 5157 2483 5208 in
2521 5154 2704 5220 gestis,
2745 5168 2865 5220 quae
2901 5154 2960 5206 in
3001 5151 3322 5205 bibliotheca
3361 5153 3620 5219 rcjacent,
3662 5157 3961 5226 quisquis

499 5238 597 5292 bus
648 5235 851 5305 pollere
896 5237 1176 5289 videretur
1210 5239 1325 5305 piis
1373 5237 1442 5288 ab
1491 5237 1759 5299 omnibus,
1811 5245 1862 5294 et
1905 5245 2147 5299 moribus
2254 5244 2682 5309 investigaverit,
2719 5242 2917 5309 poterit
2944 5241 3199 5308 reperire.
3238 5239 3466 5309 Quibus
3493 5239 3687 5296 verbis
3718 5253 3966 5303 auctor

495 5327 785 5380 clarescere
835 5324 1104 5390 majorum
1149 5325 1364 5392 casperit
1421 5323 1778 5381 nobilium...
1843 5334 2149 5385 communi-
2258 5329 2557 5386 manifeste
2612 5329 2829 5384 indicat
2877 5341 2936 5383 se
2982 5327 3200 5383 scrinio
3251 5334 3308 5384 et
3353 5328 3725 5384 bibliothecae
3783 5346 3966 5404 apo-

498 5415 596 5467 bus
630 5413 863 5467 tradidit
903 5412 1076 5464 literis
1106 5417 1156 5466 et
1193 5417 1256 5464 ut
1290 5412 1566 5479 melli/luis
1603 5416 1968 5470 instrueretur
2006 5436 2148 5473 can-
2255 5419 2471 5474 διε)ιίοω
2529 5416 2896 5486 pnepositum
2952 5413 3152 5471 fuisse.
3213 5416 3371 5472 Unde
3445 5430 3554 5472 non
3615 5417 3966 5482 immerito

493 5503 674 5554 tilena:
713 5501 987 5556 melodiis.
1007 5540 1020 5554 .
1043 5539 1056 5553 .
1111 5516 1263 5554 omne
1308 5501 1536 5556 literalis
1571 5503 1877 5573 disciplina:
1912 5510 2145 5576 sumpsit
2253 5506 2748 5562 eminentissimus
2771 5504 3086 5560 cardinalis
3116 5505 3397 5561 Baronius
3429 5511 3581 5560 tomo
3612 5507 3692 5560 IX
3712 5508 3970 5568 Anna-

494 5593 791 5657 ingenium.
858 5589 1074 5646 Omitto
1132 5590 1374 5661 reliqua,
1445 5592 1709 5663 nihilque
1772 5593 2143 5662 peculiariter
2251 5595 2396 5650 lium
2435 5595 2602 5650 Gesta
2638 5591 2858 5648 Nicolai
2891 5592 3063 5661 primi
3097 5593 3309 5661 passim
3346 5592 3650 5648 Anastasio
3682 5593 3972 5658 Biblio—

495 5680 803 5737 notandum
833 5679 1104 5750 occurrit,
1136 5680 1248 5735 nisi
1278 5681 1424 5750 quod
1456 5681 1744 5752 plerisque
1765 5681 1823 5736 in
1852 5681 1996 5738 locis
2015 5689 2140 5739 acta
2252 5683 2524 5752 thecario,
2575 5681 2672 5752 qui
2722 5679 2831 5736 sub
2874 5679 3107 5736 Nicolao
3146 5681 3332 5749 primo
3381 5681 3442 5736 in
3488 5679 3635 5736 Urbe
3682 5682 3972 5764 ﬂoruit,
