4060 6176
244 313 339 369 213

961 315 1702 403 summamsummam.
1745 319 1833 373 DE
1871 319 2097 388 ANTIQ.
2140 317 2306 374 non.
2347 316 2543 374 PONT.
2586 317 2924 374 CATALOG.
2970 292 2973 297 ⁴

3539 320 3648 380 244

239 443 516 498 attribuit
556 443 978 514 ;Bellarminus
998 452 1190 502 autem
1210 447 1360 503 libro
1388 448 1458 503 de
1498 446 1891 516 Scriptoribus
1917 450 1974 508 A
2067 446 2115 501 l.
2150 449 2220 503 Ut
2247 450 2317 504 de
2351 449 2533 518 priori
2566 453 2726 519 parte
2753 448 2910 503 Libri
2942 447 3321 518 Pontiﬁcalis,
3361 460 3474 518 qua
3498 448 3643 504 Vitae

244 533 534 587 immerito
576 534 887 590 Anastasio
912 548 1108 590 omnes
1146 536 1527 590 Romanorum
1554 535 1888 605 pontiﬁcum

240 620 416 677 Vitas.
448 634 580 689 quae
620 620 793 675 Libro
831 621 1156 677 Pontiﬁcali
1198 622 1587 690 continentur,
1641 623 1886 677 tribuit:

240 730 269 757 τι
297 708 552 776 Scripsit
596 710 758 765 Vitas
787 711 1171 766 Romanorum
1207 710 1562 782 pontiﬁcum,
1594 712 1892 782 inquiebat

238 795 649 861 Bellarminus,
703 812 737 853 a
786 805 982 854 sancto
1036 799 1199 853 Petro
1247 813 1431 869 usque
1475 800 1544 855 ad
1590 800 1889 856 Nicolaum

239 887 514 955 primum.
548 904 571 935 »
614 887 675 942 Si
720 888 876 942 enim
909 892 993 943 tot
1038 892 1301 943 auctores
1350 889 1511 945 Vitas
1557 890 1890 958 pontiﬁcum

236 975 602 1044 scripserunt
629 980 761 1031 ante
792 977 1181 1039 Anastasium,
1215 978 1525 1033 dicendum
1571 993 1699 1034 cum
1744 981 1893 1035 Luca

235 1063 558 1132 Holstenio,
613 1062 983 1119 Anastasium
1042 1064 1238 1133 potius
1300 1066 1664 1123 collectorem
1720 1081 1891 1136 quam

230 1157 535 1205 auctorem
572 1151 837 1205 Vitarum
874 1151 1203 1220 pontiﬁcum
1250 1167 1375 1208 esse
1416 1155 1692 1222 potuisse.
1737 1155 1895 1210 Unde

232 1252 345 1293 non
366 1238 493 1293 alia
545 1240 772 1295 ratione
813 1241 900 1294 uti
950 1241 1138 1309 potuit
1180 1241 1468 1310 Velserus,
1503 1243 1604 1312 qui
1644 1243 1893 1312 primum

234 1326 477 1382 Librum
535 1327 929 1382 Pontiﬁcalem
974 1329 1127 1398 typis
1179 1329 1287 1384 sub
1328 1330 1433 1385 hoc
1459 1331 1631 1386 titulo
1660 1332 1888 1387 edidit:

228 1416 537 1468 Anastasii
589 1415 645 1469 S.
685 1417 753 1470 R.
798 1416 1046 1469 Ecclesia:
1087 1416 1482 1471 bibliothecarii
1535 1420 1779 1473 Historia
1827 1419 1894 1473 de

234 1504 382 1555 Vitis
436 1505 813 1557 Romanorum
854 1505 1175 1572 pontiﬁcum
1209 1521 1245 1558 α
1284 1504 1436 1558 beato
1464 1508 1618 1560 Petro
1654 1508 1894 1575 apostolo

225 1604 411 1658 usque
435 1591 518 1644 ad
542 1592 829 1646 Nicolaum
858 1593 1123 1661 primum,
1149 1608 1433 1661 nunquam
1467 1594 1726 1648 hactenus
1748 1598 1892 1664 typis

225 1694 460 1733 excusa.
488 1677 766 1745 Quamvis
818 1680 970 1735 enim
1024 1680 1302 1735 rationem
1343 1681 1543 1737 reddat
1574 1682 1634 1737 in
1683 1682 1894 1752 praefa—

2002 536 2383 593 Romanorum
2434 537 2768 608 pontiﬁcum
2798 551 2831 592 a
2873 537 3039 592 Petro
3088 550 3269 607 usque
3306 536 3375 591 ad
3422 533 3647 608 Grego-

2000 624 2151 679 rium
2182 626 2228 679 lt
2265 625 2335 679 ab
2366 639 2482 680 uno
2520 626 2831 695 eodemque
2856 633 3091 680 auctore
3121 624 3423 693 descripta:
3446 624 3645 679 conti-

2001 719 2229 784 nentur,
2256 713 2479 770 nullum
2506 715 2565 769 in
2589 715 2797 782 primis
2817 712 3059 769 dubium
3082 725 3207 769 esse
3220 713 3467 781 videtur,
3498 713 3641 784 quin

1998 810 2202 858 auctor
2227 818 2326 872 pro
2367 803 2471 858 hac
2504 809 2661 872 parte
2691 817 2829 857 usus
2866 801 3231 873 sitCatalogo
3262 803 3644 858 Romanorum

2002 890 2335 959 pontiﬁcum
2358 891 2468 946 sub
2485 891 2800 946 Justiniani
2821 890 3151 959 principatu
3177 890 3547 946 concinnato.
3575 893 3639 946 In

2002 978 2363 1048 singulorum
2393 992 2637 1049 namque
2668 978 3001 1047 pontiﬁcum
3045 978 3195 1033 Vitis
3246 984 3331 1034 tot
3370 985 3645 1051 tantaque

2005 1066 2178 1136 hujus
2198 1067 2459 1123 veritatis
2494 1066 2753 1137 exempla
2795 1074 3129 1137 occurrunt,
3164 1074 3229 1123 ut
3251 1072 3453 1123 auctor
3490 1068 3646 1124 Pon-

2004 1154 2238 1211 tiﬁcalis
2304 1157 2645 1226 plerumque
2718 1154 2887 1212 verba
2960 1156 3205 1226 catalogi
3267 1156 3646 1226 exscripsisse

2003 1244 2285 1299 videatur.
2312 1246 2391 1299 De
2419 1244 2721 1313 Simplicio
2742 1257 2885 1314 papa
2911 1244 3081 1300 habet
3102 1244 3407 1315 Catalogus
3435 1263 3447 1299 :
3485 1265 3513 1297 α
3539 1245 3644 1301 Hic

2003 1333 2314 1388 constituit
2340 1334 2409 1389 ad
2439 1339 2698 1389 sanctum
2729 1335 2980 1401 Petrum,
3009 1340 3067 1389 et
3094 1334 3161 1403 ad
3197 1339 3459 1389 sanctum
3488 1335 3645 1389 Pau-

2003 1420 2143 1490 lum,
2190 1428 2248 1477 et
2289 1422 2357 1478 ad
2399 1427 2659 1477 sanctum
2718 1422 3088 1478 Laurentium
3141 1421 3540 1491 hebdomadas,
3582 1429 3648 1477 ut

2004 1510 2317 1581 presbyteri
2357 1518 2648 1566 manerent
2685 1517 2916 1581 propter
2943 1511 3315 1583 baptismum,
3358 1518 3417 1568 et
3456 1512 3646 1581 paeni-

2004 1599 2240 1655 tentiam
2293 1600 2641 1669 petentibus,
2685 1602 2756 1656 de
2798 1601 3031 1673 regione
3072 1601 3255 1671 prima
3283 1602 3351 1656 ad
3384 1607 3645 1656 sanctum

2002 1688 2267 1759 Paulum,
2292 1689 2362 1744 de
2393 1690 2627 1761 regione
2656 1690 2827 1745 tertia
2847 1690 2917 1744 ad
2944 1690 2998 1744 S.
3029 1690 3426 1760 Laurentium,
3459 1690 3531 1745 de
3550 1702 3650 1744 re-

227 1767 393 1822 tione
422 1768 495 1823 ad
529 1767 820 1836 lectorem,
864 1788 889 1820 (ί
922 1769 1058 1838 quia
1083 1768 1290 1839 stylus,
1320 1773 1555 1840 totaque
1596 1771 1890 1828 scribendi
1919 1766 1972 1827 Β
2004 1777 2174 1847 gione
2202 1778 2446 1847 septima
2476 1780 2545 1833 ad
2575 1778 2629 1833 S.
2678 1780 2926 1834 Petrum.
2971 1796 2998 1827 »
3042 1777 3179 1847 Quae
3208 1786 3407 1834 auctor
3439 1777 3644 1834 Ponti-

230 1857 408 1925 ratio,
440 1856 608 1927 ordo,
638 1861 695 1912 et
739 1856 1044 1912 methodus
1069 1871 1265 1912 earum
1295 1857 1576 1926 Vitarum,
1611 1874 1739 1929 qua:
1765 1867 1893 1929 post

228 1943 384 1998 beati
414 1946 653 2001 Damasi
684 1944 871 2001 Vitam
902 1946 959 2000 in
1006 1946 1113 2001 hoc
1142 1947 1338 2003 codice
1380 1953 1623 2019 exstant,
1657 1951 1892 2004 omnino

225 2035 571 2089 consentire
588 2034 819 2091 videtur
838 2048 967 2090 cum
988 2035 1184 2105 phrasi
1204 2036 1585 2107 universaque
1602 2037 1891 2103 scribendi

226 2124 482 2191 ratione,
506 2138 637 2193 qua:
661 2132 745 2180 est
772 2126 831 2179 in
852 2125 1000 2181 Vitis
1026 2125 1319 2195 prioribus
1343 2127 1584 2181 Damaso
1617 2127 1891 2181 hactenus

230 2213 570 2281 inscriptis,
617 2214 703 2268 uti
732 2213 925 2279 quivis
964 2227 1075 2270 non
1102 2213 1286 2269 obesas
1314 2215 1472 2270 naris
1498 2214 1677 2270 lector
1719 2213 1891 2270 facile

227 2302 470 2356 odorari
522 2307 581 2355 et
622 2302 913 2357 advertere
952 2302 1183 2372 poterit,
1226 2318 1459 2371 prorsus
1503 2304 1563 2358 in
1594 2317 1716 2359 eam
1756 2317 1895 2359 sen-

229 2390 473 2463 tentiam
493 2389 869 2461 inclinamus,
888 2391 1145 2446 omnium
1170 2391 1401 2447 illarum
1420 2392 1577 2462 (licet
1592 2392 1893 2447 nonnullis

226 2476 282 2532 in
339 2478 501 2533 locis
541 2478 873 2534 adulterina
901 2479 1150 2535 aliorum
1180 2480 1520 2549 adjectione,
1566 2480 1652 2535 vel
1694 2480 1895 2536 detra—

226 2568 443 2635 ctione,
490 2565 565 2622 ob
598 2580 879 2623 summam
926 2569 1290 2637 superiorum
1323 2568 1664 2624 saeculorum
1709 2571 1894 2625 insci—

226 2656 367 2711 tiam
402 2657 733 2725 depravatae
753 2656 909 2727 sint),
935 2670 1131 2712 verum
1157 2662 1214 2712 et
1247 2669 1577 2729 germanum
1604 2664 1892 2727 parentem

222 2746 756 2801 esseAuastasium
813 2748 870 2801 S.
918 2747 985 2801 R.
1037 2746 1306 2803 Ecclesia:
1355 2747 1887 2803 bibliothecarium.

223 2834 415 2903 Quare
445 2840 510 2889 et
543 2835 671 2902 ejus
701 2835 1127 2892 nomenclatura
1154 2841 1335 2891 totum
1373 2849 1519 2905 opus
1543 2848 1747 2892 ornare
1776 2850 1890 2910 non

224 2923 657 2979 dubitavimus.
707 2943 734 2974 ι)
766 2924 1056 2995 Quamvis,
1098 2925 1356 2996 inquam,
1410 2926 1503 2981 his
1540 2925 1733 2981 verbis
1775 2940 1889 2981 au-

225 3019 368 3079 ctor,
399 3013 475 3067 ab
506 3026 624 3067 uno
649 3014 959 3083 eodemque
986 3014 1291 3071 Anastasio
1322 3027 1518 3070 omnes
1548 3015 1883 3084 pontiﬁcum

2002 1864 2187 1921 ﬁcalis
2236 1865 2329 1920 his
2383 1865 2576 1922 verbis
2620 1865 2794 1922 refert
2838 1885 2851 1921 :
2912 1887 2938 1918 α
2981 1867 3085 1922 Hic
3126 1866 3435 1922 constituit
3474 1866 3545 1921 ad
3586 1866 3641 1920 S.

2002 1954 2231 2010 Petrum
2280 1956 2625 2024 apostolum.
2668 1960 2727 2011 et
2753 1957 2822 2011 ad
2854 1956 2909 2011 S.
2952 1955 3189 2012 Paulum
3219 1953 3542 2024 apostolum
3590 1958 3649 2009 et

2000 2043 2069 2097 ad
2103 2051 2363 2099 sanctum
2390 2046 2761 2100 Laurentium
2796 2049 3097 2114 martyrem
3118 2043 3551 2111 hebdomadam,
3585 2048 3649 2098 ut

2003 2132 2315 2202 presbyteri
2342 2140 2633 2189 manerent
2652 2133 2732 2188 ibi
2756 2140 2985 2203 propter
3000 2132 3358 2202 pamitentes,
3389 2137 3445 2187 et
3466 2131 3656 2200 bapti-

2003 2235 2209 2289 smum,
2264 2222 2550 2293 regionem
2582 2223 2810 2278 tertiam
2858 2223 2926 2278 ad
2956 2228 3217 2277 sanctum
3250 2221 3644 2290 Laurentium,

2002 2311 2288 2381 regionem
2309 2312 2549 2381 primam
2563 2313 2631 2367 ad
2648 2317 2907 2367 sanctum
2929 2310 3193 2379 Paulum,
3210 2310 3498 2381 regionem
3511 2325 3648 2366 sex-

1940 2458 1957 2475 .
2005 2404 2139 2465 tam,
2161 2401 2248 2455 vel
2276 2402 2579 2467 septimam
2602 2401 2671 2456 ad
2691 2404 2955 2455 sanctum
2975 2400 3223 2455 Petrum.
3254 2416 3279 2447 ››
3298 2400 3424 2453 Haec
3444 2404 3647 2455 auctor

2003 2489 2162 2544 Libri
2190 2490 2564 2553 Pontiﬁcalis,
2600 2504 2727 2560 quae
2757 2503 2921 2545 nemo
2952 2503 3066 2545 non
3092 2490 3264 2556 videt,
3294 2502 3362 2544 ex
3389 2488 3644 2560 Catalogi

2003 2578 2131 2635 loco
2159 2581 2429 2649 superius
2467 2581 2641 2636 allato
2687 2579 2986 2649 desumpta
3023 2592 3166 2634 esse.
3214 2578 3389 2634 Habet
3420 2591 3649 2649 quoque

2001 2669 2306 2741 Catalogus
2361 2671 2420 2726 in
2469 2670 2758 2740 Simplicii
2808 2677 3165 2726 antecessore
3205 2667 3401 2723 Hilaro
3454 2681 3641 2739 papa:

2007 2780 2034 2810 ‹‹
2061 2760 2166 2815 Hic
2196 2758 2335 2816 fecit
2361 2760 2703 2816 decretalem
2734 2765 2791 2814 et
2833 2772 2933 2829 per
2979 2759 3313 2814 universum
3355 2756 3644 2814 Orientem

1999 2847 2235 2917 direxit,
2276 2854 2332 2905 et
2358 2848 2636 2918 epistolas
2664 2848 2734 2903 de
2756 2848 2864 2903 ﬁde
2886 2847 3191 2903 catholica.
3229 2866 3253 2896 »
3290 2844 3427 2914 Quae
3445 2851 3647 2902 auctor

2000 2936 2357 2992 Pontiﬁcalis
2387 2936 2482 2992 his
2505 2935 2696 2992 verbis
2716 2937 2924 2991 tradit:
2952 2955 2979 2988 α
2999 2936 3104 2991 Hic
3124 2933 3263 2991 fecit
3280 2931 3641 3002 decretalem,

1996 3031 2054 3079 et
2083 3038 2183 3095 per
2211 3026 2544 3082 universum
2571 3025 2861 3082 Orientem
2893 3026 3110 3095 sparsit
3131 3023 3406 3095 epistolas
3434 3023 3506 3080 de
3535 3022 3645 3079 ﬁde

228 3102 386 3157 "ius
434 3102 801 3171 conscriptas
830 3101 1014 3158 “lisse
1042 3104 1279 3173 indicet,
1340 3104 1551 3159 mirum
1603 3109 1790 3159 tamen
1823 3104 1884 3158 in
1916 3087 1966 3152 Ο
1997 3087 2282 3171 catholica
2320 3120 2376 3171 et
2417 3114 2753 3186 apostolica,
2809 3087 3320 3170 conﬁrmans'tres
3366 3113 3634 3184 synodos,

229 3191 461 3247 modum
511 3204 546 3246 a
594 3204 726 3246 vero
772 3191 1019 3259 aberrat,
1067 3198 1130 3248 ut
1178 3189 1348 3248 facile
1396 3206 1464 3248 ex
1530 3192 1883 3261 supradictis

225 3280 427 3351 colligi
464 3286 674 3348 potest.
702 3279 890 3350 Atque
916 3281 1034 3336 haec
1052 3281 1281 3352 quidem
1300 3281 1589 3336 sufﬁciant
1616 3282 1687 3337 de
1711 3282 1883 3337 Libro

230 3369 559 3425 Pontiﬁcali
593 3370 833 3440 ejusque
874 3376 1128 3426 auctore.
1162 3371 1357 3426 Restat
1387 3378 1452 3426 ut
1488 3370 1785 3427 videamus
1814 3385 1883 3427 ex

229 3458 587 3526 quibusnam
635 3459 1010 3528 antiquitatis
1036 3460 1407 3514 monimentis
1433 3459 1581 3515 liber
1612 3460 1713 3514 ille
1736 3473 1883 3514 con-

230 3545 488 3614 seriptus
518 3545 621 3612 sit,
644 3552 701 3600 et
730 3559 987 3615 quasnam
1017 3546 1069 3601 ei
1096 3546 1237 3603 ﬁdes
1260 3560 1294 3602 a
1315 3547 1440 3603 viro
1460 3548 1694 3603 cordato
1719 3547 1885 3603 adhi-

230 3631 347 3686 beri
376 3633 568 3702 possit
591 3632 681 3689 vel
700 3632 919 3688 debeat.

871 3793 1092 3849 CAPUT
1149 3794 1239 3849 IX.

224 3922 311 3974 Ex
331 3921 665 3989 quibusnam
707 3920 1101 3986 antiquitatum
1149 3921 1490 3973 monimentis
1536 3920 1697 3973 Liber
1732 3921 1884 3973 Pon-

295 3992 520 4059 tiﬁcalis
551 3992 910 4044 concinnatus
954 3993 1046 4060 sit,
1080 3995 1131 4044 et
1159 4006 1410 4059 (Iamnam
1453 3992 1503 4043 ei
1547 3992 1679 4060 ﬁdes
1709 3992 1882 4044 adhi—

296 4064 414 4116 beri
430 4063 634 4131 possit.

226 4188 261 4235 ι.
279 4188 484 4235 Auctor
504 4185 692 4246 prioris
715 4184 873 4246 partis
898 4184 1354 4234 LibriPontiﬁcalis
1371 4198 1401 4232 a
1416 4185 1572 4233 Petro
1602 4185 1665 4233 ad
1688 4184 1884 4233 Zacha-

282 4251 413 4296 riam
456 4245 585 4294 usus
619 4245 979 4309 estCatalogo
1009 4251 1151 4295 sexto
1182 4247 1373 4309 aesculo
1403 4250 1628 4307 exarata,
1662 4252 1718 4294 ut
1743 4250 1883 4309 patet

282 4313 337 4358 in
369 4309 555 4371 primis
575 4322 635 4355 ex
668 4308 880 4371 diversis
896 4307 1023 4356 locis
1046 4323 1158 4371 quae
1176 4324 1234 4357 ex
1257 4308 1503 4369 Catalogo
1519 4307 1802 4370 descripsit.
1818 4336 1877 4344 —

286 4372 352 4420 II.
376 4370 635 4434 Secundo
662 4370 722 4434 id
735 4374 945 4434 constat
972 4384 1029 4417 ex
1060 4370 1330 4434 oonsulnm
1362 4372 1514 4430 notis,
1550 4385 1678 4434 quas
1699 4376 1877 4419 auctor

1993 3205 2300 3273 Nicaenam,
2354 3204 2722 3274 Ephesinam,
2754 3210 2810 3259 et
2854 3204 3388 3259 Chalcedonensem.
3439 3220 3466 3253 »
3507 3202 3644 3271 Quae

1992 3293 2163 3348 verba
2190 3298 2415 3349 constat
2449 3294 2750 3361 desumpta
2805 3305 2929 3347 esse
2972 3306 3040 3347 ex
3100 3289 3333 3361 praefato
3384 3290 3639 3361 Catalogi

1993 3380 2138 3444 loco,
2176 3381 2237 3436 in
2269 3396 2383 3452 quo
2413 3386 2602 3437 tamen
2633 3380 2785 3436 nihil
2824 3381 2894 3436 de
2919 3380 3108 3434 tribus
3134 3378 3369 3448 synodis
3400 3377 3635 3448 legitur,

1992 3470 2132 3525 adeo
2162 3476 2227 3526 ut
2255 3483 2483 3526 necesse
2512 3471 2591 3524 sit
2614 3475 2908 3523 auctorem
2939 3467 3098 3522 Libri
3130 3465 3491 3521 Pontiﬁcalis
3530 3465 3637 3522 hoc

1988 3558 2257 3631 Catalogo
2286 3559 2657 3628 posteriorem
2687 3569 2830 3618 esse,
2873 3568 3004 3610 cum
3034 3554 3122 3609 illi
3156 3553 3436 3610 nonnulla
3464 3554 3640 3611 addi-

1989 3647 2143 3703 derit
2192 3646 2384 3702 forsan
2414 3660 2482 3701 ex
2506 3645 2701 3701 eodem
2742 3643 2897 3698 fonte
2925 3656 2994 3698 ex
3025 3656 3139 3712 quo
3168 3647 3370 3698 auctor
3396 3642 3641 3700 alterius

1991 3735 2244 3806 Catalogi
2308 3739 2559 3804 tempore
2617 3732 2806 3788 Caroli
2863 3731 3053 3803 Magni
3114 3736 3247 3787 ante
3301 3728 3408 3787 850
3458 3745 3640 3789 annos

1995 3823 2294 3894 sequentia
2318 3822 2642 3891 desumpsit
2671 3822 2731 3876 in
2762 3821 2955 3876 Hilaro
2983 3833 3126 3890 papa
3175 3838 3188 3874 :
3225 3840 3252 3872 α
3278 3820 3383 3875 Hic
3417 3820 3639 3893 spargit

1993 3912 2265 3983 epistolas
2306 3912 2378 3967 de
2422 3910 2530 3967 ﬁde
2569 3909 2863 3965 Catholica
2914 3922 3014 3979 per
3042 3909 3234 3965 orbem
3260 3908 3630 3979 Orientalem,

1990 4007 2047 4057 et
2071 4000 2431 4057 conﬁrmavit
2457 4006 2574 4056 tres
2617 4000 2881 4069 synodos,
2923 3999 3231 4068 Nicainam,
3265 3998 3632 4068 Ephesinam,

1996 4099 2052 4146 et
2106 4090 2638 4146 Chalcedonensem.
2676 4106 2702 4137 »
2752 4087 2887 4157 Quae
2924 4102 2993 4144 ex
3024 4089 3204 4158 gestis
3245 4088 3429 4143 Hilari
3482 4101 3637 4158 papa:

1998 4180 2244 4249 primum
2275 4178 2346 4234 ab
2398 4183 2630 4233 auctore
2679 4177 2838 4232 Libri
2890 4176 3268 4244 Pontiﬁcalis,
3322 4177 3531 4232 deinde
3560 4175 3632 4231 ab

1991 4274 2222 4324 auctore
2259 4268 2513 4339 Catalogi
2547 4273 2800 4337 tempore
2826 4266 3015 4322 Caroli
3045 4268 3237 4338 Magni
3261 4265 3511 4323 contexti
3543 4267 3637 4322 de-

1987 4364 2213 4427 sumpta
2239 4357 2526 4412 videntur.

284 4431 867 4513 Ei??i?2'3‘_“‘_‘ia}ii3’£
894 4431 1872 4513 Eﬁ‘ilni‘JBEIQE‘L{‘Si‘E‘E‘PE‘i‘J.PE!“
1903 4450 1958 4512 D
2053 4444 2109 4501 2ο
2140 4446 2398 4501 Secundo
2435 4451 2660 4502 constat
2707 4445 2811 4500 hoc
2856 4444 3043 4513 ipsum
3069 4457 3136 4499 ex
3176 4444 3479 4501 consulum
3520 4458 3633 4502 no-

286 4495 601 4543 nullosalios
626 4494 869 4541 consules
889 4496 1103 4555 quamin
1127 4495 1353 4542 secundo
1375 4494 1621 4553 Catalogo
1642 4497 1873 4553 assigna-

290 4562 373 4603 tos
404 4556 630 4604 exhibet.
669 4582 729 4589 —
764 4555 859 4603 III.
908 4559 979 4604 Ue
1014 4557 1140 4604 actis
1191 4570 1303 4618 quae
1354 4560 1528 4604 auctor
1559 4557 1875 4605 Pontiﬁcalis

284 4619 494 4667 aliunde
530 4618 725 4674 habuit,
760 4619 943 4677 partim
981 4620 1155 4675 scitur,
1192 4620 1377 4679 partim
1410 4620 1688 4677 ignoratur,
1739 4619 1875 4666 unde

283 4683 557 4741 desumpta
589 4680 710 4728 sint.
744 4705 807 4715 ——
842 4680 929 4727 IV.
966 4680 1105 4728 Inter
1133 4680 1220 4727 illa
1249 4694 1468 4741 quorum
1498 4680 1615 4727 fons
1646 4684 1698 4726 et
1729 4682 1875 4739 origo

284 4744 463 4800 scitur,
484 4745 609 4789 sunt
638 4741 882 4789 nonnulla
912 4744 1039 4789 Acta
1069 4741 1289 4791 Cornelii
1320 4755 1554 4803 papzeex
1589 4742 1875 4802 antiquiore

285 4803 537 4863 Catalogo
555 4804 815 4864 descripta
840 4806 987 4851 :Acta
1009 4803 1271 4864 Stephani,
1297 4802 1528 4852 Marcelli
1550 4803 1875 4865 aliorumque

286 4880 347 4913 cx
381 4868 619 4927 ipsorum
656 4865 813 4924 Vitis,
845 4880 933 4912 seu
969 4867 1189 4926 martyrii
1223 4869 1349 4915 actis
1384 4865 1597 4913 collecta
1630 4868 1771 4917 sunt.
1814 4892 1874 4901 -—

285 4928 353 4976 γ.
375 4930 496 4984 Quae
520 4928 583 4974 de
605 4928 969 4975 donationibus
991 4929 1041 4975 in
1064 4928 1325 4990 Sylvcstro
1348 4932 1395 4976 et
1420 4927 1596 4975 Marco
1617 4927 1874 4975 adduntur

286 5004 342 5037 ex
382 4991 735 5036 instrumentis
769 4990 1121 5045 ecclesiarum,
1159 4993 1207 5037 ot
1248 4990 1458 5038 archivo
1495 4990 1631 5037 sedis
1661 4993 1872 5048 aposto-

284 5051 398 5099 licae
428 5052 751 5113 prodierunt,
786 5052 923 5099 unde
963 5052 1026 5099 de
1064 5052 1203 5099 Libri
1234 5052 1551 5101 Pontiﬁcalis
1582 5052 1874 5113 praestantia

284 5111 508 5165 constat.
542 5140 603 5146 —
629 5111 732 5160 Vl.
765 5113 837 5175 Ex
858 5114 1130 5175 posteriori
1155 5118 1294 5175 parte
1326 5116 1469 5165 Libri
1502 5111 1814 5162 Pontiﬁcalis
1844 5126 1873 5161 a

284 5176 531 5223 Zacharia
553 5188 716 5238 usque
737 5174 799 5221 ad
828 5174 1094 5238 Nicolaum
1108 5179 1350 5235 primum,
1379 5177 1441 5224 de
1457 5176 1569 5237 ejus
1584 5175 1874 5238 praestantia

287 5241 497 5299 constat,
530 5238 652 5298 quia
673 5235 736 5282 ab
754 5237 1053 5299 auctoribus
1080 5240 1380 5297 synchronis
1403 5235 1694 5299 conscripta
1713 5241 1873 5283 est.—

288 5298 397 5347 V‘ll.
432 5300 646 5354 Deinde,
674 5298 798 5360 quia
820 5313 881 5346 cx
898 5299 1207 5362 authenticis
1226 5301 1439 5348 istorum
1458 5298 1745 5362 tcmpOrum
1770 5312 1876 5346 mo-

288 5363 527 5408 nimentis
558 5362 865 5408 cont-innata
894 5361 1011 5409 fuit.
1047 5389 1109 5397 —
1130 5362 1277 5411 VIII.
1302 5362 1375 5410 Ex
1400 5363 1548 5410 dictis
1574 5362 1707 5409 enim
1732 5364 1877 5411 'Datet

289 5371 527 5408 mmcnus
558 5371 865 5408 concinnata
894 5371 1011 5409 lunt.
1047 5389 1109 5397 —
1137 5371 1277 5411 Vlll.
1305 5371 1375 5410 Ex
1400 5371 1548 5410 dictis
1574 5371 1707 5409 enim
1725 5371 1877 5470 Jiatet

289 5437 386 5483 qua
412 5423 744 5485 veneratione
770 5423 1065 5483 accipienda
1093 5425 1212 5482 sint,
1249 5438 1362 5485 quae
1387 5426 1449 5473 de
1467 5424 1691 5481 historia,
1761 5423 1878 5471 isci-

287 5485 435 5544 plina,
474 5484 680 5540 ritibus,
702 5487 768 5547 ret
800 5485 903 5547 ﬁde
934 5486 987 5533 in
1024 5486 1182 5535 Libro
1217 5484 1504 5535 Pontiﬁcali
1536 5487 1869 5547 reperiuntur.

291 5572 350 5609 ἡ
380 5546 467 5595 ΙΧ.
518 5546 761 5594 Haeretici
785 5546 909 5609 ipsi
962 5547 1011 5594 id
1047 5562 1237 5609 negare
1272 5562 1375 5596 non
1410 5552 1525 5596 sunt
1560 5548 1693 5607 ausi,
1725 5550 1780 5594 ut
1811 5560 1875 5595 ex

295 5608 495 5657 illorum
532 5608 844 5655 testimoniis
872 5610 1086 5657 eruitur.

1988 4536 2085 4602 tis,
2141 4549 2266 4605 qua:
2320 4533 2380 4589 in
2433 4534 2606 4589 Libro
2653 4531 2982 4589 Pontiﬁcali
3035 4533 3107 4588 ad
3160 4546 3629 4603 unumquemque

1987 4625 2383 4695 pontiﬁcatum
2437 4627 2777 4689 occurrunt,
2830 4627 2887 4676 et
2947 4633 3090 4691 quas
3140 4628 3344 4677 auctor
3387 4622 3626 4677 secundi

1982 4713 2238 4784 Catalogi
2286 4712 2494 4781 partim
2546 4724 2614 4766 ex
2670 4709 3002 4779 antiquiore
3048 4709 3316 4781 CatJIOgo
3374 4715 3629 4779 tempore

1986 4801 2199 4856 Liberii
2225 4799 2539 4867 conscripti
2561 4799 2903 4867 desumpsit,
2932 4798 3137 4866 partim
3157 4798 3227 4853 de
3247 4811 3352 4852 suo
3374 4798 3622 4864 addidit,

1988 4891 2067 4945 ita
2089 4895 2154 4943 ut
2172 4903 2240 4943 ex
2269 4899 2335 4942 eo
2360 4892 2621 4941 constare
2645 4886 2967 4941 existimem
2995 4886 3144 4956 quod
3173 4898 3366 4940 omnes
3405 4896 3626 4940 consu-

1985 4979 2067 5033 les
2096 4989 2129 5030 a
2150 4975 2275 5031 Lini
2305 4973 2644 5044 pontiﬁcatu
2689 4988 2872 5042 usque
2900 4974 2969 5027 ad
2998 4976 3249 5027 Marcum
3278 4985 3477 5042 papam
3504 4972 3626 5029 sint

1985 5066 2159 5120 iidem
2205 5063 2440 5120 omnino
2482 5062 2581 5132 qui
2633 5062 2689 5115 in
2738 5067 2985 5130 utroque
3036 5059 3304 5132 Catalogo
3354 5066 3412 5118 et
3453 5062 3626 5119 Libro

1981 5152 2305 5210 Pontiﬁcali
2338 5151 2728 5223 assignantur,
2756 5154 2813 5204 et
2842 5148 2928 5204 sic
2951 5154 3153 5204 auctor
3177 5150 3413 5207 secundi
3458 5151 3631 5206 Cata—

1983 5244 2131 5311 logi,
2152 5256 2219 5298 ex
2245 5241 2574 5311 antiquiore
2597 5239 2884 5309 Catalogo,
2919 5236 3075 5293 Libri
3100 5252 3232 5295 vero
3251 5239 3627 5310 Pontiﬁcalis,

1982 5340 2186 5389 auctor
2214 5345 2282 5387 ex
2330 5330 2581 5386 secundo
2618 5327 2885 5400 Catalogo
2927 5328 3197 5385 consules
3238 5328 3628 5397 desumpsisse

1985 5423 2313 5479 credantur.
2338 5420 2410 5475 Ut
2434 5426 2623 5475 autem
2652 5418 2757 5474 hac
2779 5419 2851 5474 de
2880 5432 2941 5474 re
2978 5417 3300 5487 exemplum
3352 5415 3626 5474 clarissi-

1984 5525 2138 5567 mum
2167 5508 2472 5565 aﬁ‘eramus
2489 5508 2659 5564 habet
2678 5509 2979 5579 antiquior
2991 5506 3295 5575 Catalogus
3318 5504 3376 5559 in
3399 5506 3622 5563 Marco:

1986 5620 2011 5651 α
2034 5599 2166 5656 Fuit
2183 5596 2539 5669 temporibus
2561 5597 2928 5653 Constantini
2951 5593 3265 5665 Nepotiano
3285 5599 3342 5649 et
3359 5596 3626 5651 Facundo
