4060 6176
476 209 583 267 245
1267 214 1362 270 AD
1397 215 1834 272 ANASTASIUM
1869 216 2384 274 PROLEGOMENA
2422 218 2598 275 EDIT.
2652 215 3081 274 ROM.—VATIC.
3818 207 3961 265 246

479 330 840 402 consulibus,
861 347 926 389 ex
953 334 1048 390 die
1073 349 1146 389 xv
1165 336 1446 392 Kalendas
1471 338 1628 393 Febr.
1676 353 1856 409 usque
1891 341 1947 394 in
1973 340 2123 395 diem
2146 349 2199 407 Α
2234 341 2294 394 In
2354 341 2479 395 Vita
2538 341 2623 394 Pii
2687 353 2840 408 papae
2899 338 3179 392 habentur
3244 333 3475 405 quidem
3535 331 3900 401 sequentia
3939 349 3954 383 :

483 422 774 476 Nonarum
798 422 1132 479 Octobrium
1160 425 1499 482 consulibus
1525 429 1899 497 supradictis.
1934 447 1960 478 ι)
1991 428 2128 497 Quae
2240 447 2266 478 α
2300 428 2402 482 Hic
2434 441 2502 482 ex
2529 432 2730 498 r0gatu
2760 427 2934 481 beata
2965 424 3236 480 Praxedis
3264 420 3553 478 dedicavit.
3581 419 3958 474 ecclesiam

485 514 688 566 auctor
708 512 945 566 secundi
976 513 1227 584 CataIOgi
1261 514 1345 568 sic
1377 513 1549 570 refert
1579 535 1591 570 :
1631 536 1655 566 ‹‹
1685 518 1818 571 Fuit
1848 517 2128 586 tempori—
2236 514 2506 570 Thermas
2529 516 2727 570 Novati
2763 516 2821 569 in
2849 515 2974 568 vico
3004 512 3232 567 Patritii
3267 512 3325 565 in
3362 511 3635 564 honorem
3674 508 3958 562 sororis

489 595 600 652 bus
625 598 989 654 Constantini
1020 607 1076 656 et
1106 601 1406 670 Nepotiani
1436 605 1686 660 secundo
1703 605 2043 659 consulibus
2062 619 2131 659 ex
2240 618 2358 660 suae
2387 609 2597 658 sanctae
2629 603 2995 666 Potentiante,
3029 601 3127 655 ubi
3160 603 3218 654 et
3255 597 3435 653 multa
3465 597 3620 652 dona
3651 595 3954 664 obtulit,

489 685 586 741 die
612 686 844 743 Kalend.
872 687 1028 743 Febr.
1064 704 1246 760 usque
1270 691 1326 744 in
1343 691 1495 746 diem
1523 693 1758 748 Kalend.
1791 693 2073 749 Octobris.
2104 711 2130 740 »
2243 691 2343 746 ubi
2375 705 2521 761 saepe
2549 690 2898 746 sacriﬁcium
2931 688 3171 744 Domino
3196 685 3437 741 oﬁerens
3468 683 3895 739 ministrabat
3936 701 3953 751 ;

495 777 668 830 Error
694 775 1065 832 librariorum
1095 777 1188 832 hic
1217 784 1304 834 est
1349 779 1407 834 in
1439 781 1741 836 consulum
1774 782 2130 849 nominibus,
2247 780 2381 849 imo,
2414 785 2470 833 et
2497 778 2707 834 fontem
2759 777 3028 847 baptismi
3061 775 3321 831 construi
3355 772 3510 842 fecit,
3562 786 3770 827 manu.
3824 785 3954 825 sua

494 863 886 933 nonnullaque
913 866 1155 921 mutatio
1189 864 1335 922 facta
1359 869 1588 924 videtur
1609 871 1666 923 in
1688 869 1895 924 diebus
1922 869 2136 938 quibus
2245 868 2542 924 benedixit
2565 875 2622 922 et
2649 866 3022 926 consecravit,
3051 871 3106 920 et
3146 863 3358 919 multos
3387 862 3690 917 venientes
3725 860 3811 914 ad
3859 861 3897 914 ti
3915 888 3947 899 -

493 953 719 1007 Marcus
735 951 927 1006 sedere
943 954 1118 1022 cmpit
1137 958 1193 1009 et
1212 954 1406 1010 desiit.
1429 957 1602 1012 Porro
1622 963 1824 1012 auctor
1841 957 2136 1012 Pontiﬁca-
2244 957 2371 1011 dem
2417 956 2727 1025 baptizavit
2775 957 2832 1010 in
2865 955 3093 1010 nomine
3133 952 3459 1008 Trinitatis.
3495 969 3520 1000 ι)
3554 952 3692 1005 Haec
3718 957 3945 1005 tamen

495 1039 2141 1114 liserroreshosretinuit;namait:«Fuitautemtempori-
2246 1045 2436 1114 verba,
2484 1052 2548 1099 ut
2585 1047 2765 1099 Lucas
2806 1043 3137 1099 Holstenius
3169 1040 3407 1109 notavit,
3438 1038 3654 1094 absunt
3709 1052 3750 1093 a
3781 1038 3951 1093 Flo—

497 1127 2141 1201 busConstantinietNepotianiacSecundiconsulum,ex
2249 1133 2496 1188 rentinis
2547 1131 2847 1187 codicibus
2898 1129 3308 1198 manuscriptis
3336 1133 3392 1182 et
3429 1126 3628 1197 Regio,
3662 1132 3730 1180 et
3774 1126 3947 1195 quia

495 1217 591 1271 die
606 1215 1452 1290 Kalend.Febr.usqueindiem
1467 1221 2143 1277 Kalend.0ctobris.»Ex
2248 1227 2408 1275 extra
2443 1220 2701 1275 ordinem
2737 1219 2998 1288 apposita
3031 1223 3167 1273 sunt
3194 1217 3262 1272 ad
3300 1216 3465 1271 ﬁnem
3495 1215 3657 1282 Vitae,
3711 1222 3943 1283 postea

503 1304 718 1374 quibus
737 1306 1063 1361 conﬁrmari
1093 1308 1319 1364 videtur
1339 1310 1488 1380 quod
1507 1316 1709 1366 auctor
1734 1310 1890 1365 Libri
1915 1308 2145 1366 Pontiﬁ-
2251 1309 2433 1364 eidem
2476 1308 2645 1364 Libro
2696 1306 3018 1363 Pontiﬁcali
3068 1306 3285 1374 adjecta
3335 1303 3514 1359 fuisse
3557 1303 3938 1358 creduntur.

500 1392 645 1447 calis
665 1395 932 1450 consules
950 1400 1006 1450 et
1029 1396 1154 1452 dies
1170 1397 1542 1455 Pontiﬁcatus
1558 1399 1731 1454 Marci
1758 1398 2143 1467 desumpserit
2249 1397 2330 1452 Ad
2334 1399 2482 1466 jecta
2502 1411 2728 1468 quoque
2749 1402 2884 1452 sunt
2901 1410 3026 1465 quae
3050 1395 3110 1449 in
3133 1393 3306 1449 Libro
3328 1392 3655 1449 Pontiﬁcali
3685 1391 3943 1447 haben—

502 1494 570 1536 ex
589 1483 1112 1555 secundoCatalogo
1129 1487 1338 1542 saeculo
1354 1489 2142 1558 sextoconscripto,quitunc
2253 1491 2349 1540 tur
2379 1485 2486 1541 sub
2519 1486 2741 1541 Victore
2771 1504 2782 1538 :
2809 1504 2836 1536 ‹‹
2856 1485 2957 1538 llic
2987 1482 3515 1538 fecitconstitutum
3542 1482 3613 1536 ad
3649 1481 3944 1537 interro—

501 1570 875 1626 librariorum
897 1572 1122 1628 incuria
1145 1575 1486 1644 depravatus
1509 1584 1614 1632 est.
1647 1579 1820 1632 Porro
1840 1577 2145 1647 antiquio—
2254 1574 2538 1644 gationem
2557 1574 2912 1630 sacerdotum
2931 1572 3000 1626 de
3016 1571 3237 1626 circulo
3254 1570 3480 1625 Pascha:
3509 1583 3641 1625 cum
3664 1571 3941 1640 presby—

508 1671 624 1714 rem
654 1659 983 1731 Catalogum
1028 1660 1238 1718 fontem
1270 1677 1393 1719 esse
1421 1679 1489 1719 ex
1521 1679 1634 1735 quo
1675 1672 1877 1722 auctor
1907 1668 2142 1722 secundi
2173 1661 2223 1720 Β
2255 1663 2396 1717 teris
2416 1662 2772 1732 etepiscopis
2798 1660 2945 1716 facta
2970 1660 3297 1728 collatione,
3321 1666 3377 1713 et
3401 1661 3684 1714 accersito
3717 1659 3936 1714 Theo—

503 1748 1077 1820 Catalogiconsulum
1101 1751 1331 1808 nomina
1353 1754 1614 1822 protulit,
1640 1768 1801 1811 nemo
1822 1757 1880 1811 in
1901 1757 2145 1813 dubium
2259 1754 2417 1825 philo
2447 1753 2714 1822 episcopo
2759 1749 3120 1805 Alexandria:
3150 1747 3297 1802 facta
3332 1749 3812 1818 congregatione,
3865 1755 3933 1803 ut

506 1837 752 1907 vocabit,
771 1839 1214 1908 quiconsiderat
1236 1845 1361 1910 post
1389 1843 1783 1910 pontiﬁcatum
1816 1845 2051 1916 Liberii,
2088 1847 2144 1901 in
2257 1859 2288 1898 a
2320 1848 2521 1913 quarta
2547 1841 2768 1895 decima
2799 1839 2935 1894 luna
2969 1837 3139 1907 primi
3177 1837 3389 1892 mensis
3420 1849 3603 1906 usque
3632 1838 3705 1891 ad
3742 1838 3931 1907 vige-

512 1940 624 1995 quo
665 1927 966 1996 antiquior
1014 1928 1319 2000 Catalogus
1347 1929 1512 1985 ﬁnem
1544 1933 1776 2002 accipit,
1813 1934 1869 1987 in
1897 1935 2149 1991 secundo
2261 1932 2462 1987 simam
2503 1929 2742 1999 primam
2769 1928 2864 1982 die
2891 1926 3188 1982 Dominica
3233 1925 3598 1982 custodiatur
3641 1933 3927 1981 sanctum

509 2015 776 2085 Catalogo
838 2015 1030 2071 nullos
1095 2018 1348 2087 amplius
1399 2020 1666 2076 consules
1719 2023 2025 2092 assignari.
2088 2026 2150 2078 In
2260 2018 2493 2074 Pascha.
2530 2036 2555 2066 ι)
2588 2019 2712 2072 Haec
2741 2016 2896 2072 enim
2927 2014 3006 2069 ibi
3029 2020 3189 2068 extra
3216 2014 3472 2068 ordinem
3508 2015 3923 2084 reperiuntur,

509 2104 750 2159 Damaso
779 2105 931 2158 enim
979 2105 1195 2161 Liberii
1227 2121 1556 2164 successore
1604 2109 1770 2164 habet
1810 2117 2011 2168 auctor
2055 2126 2154 2168 se-
2262 2113 2561 2178 postquam
2590 2106 2661 2160 de
2685 2103 3154 2160 ordinationibus
3184 2107 3374 2157 actum
3407 2107 3547 2169 erat,
3573 2103 3674 2157 ubi
3711 2107 3770 2157 et
3805 2117 3926 2158 no—

507 2193 682 2248 cundi
708 2193 962 2264 Catalogi
989 2214 1000 2249 :
1037 2215 1063 2246 «
1094 2195 1449 2253 Seditannos
1481 2194 1566 2265 i7,
1597 2212 1818 2254 menses
1840 2197 1894 2267 3,
1914 2200 2039 2256 dies
2064 2216 2142 2256 χι.
2261 2196 2494 2251 tandum
2521 2195 2671 2264 quod
2697 2193 2796 2248 illa
2819 2207 2944 2262 qua:
2964 2193 3032 2247 de
3056 2191 3342 2260 TheOphilo
3361 2189 3749 2244 Alexandrino
3772 2205 3925 2245 nar—

509 2280 643 2336 Fuit
686 2281 1042 2350 temporibus
1064 2283 1304 2338 Iuliani.
1339 2303 1364 2334 ι)
1411 2286 1625 2341 Auctor
1661 2300 1792 2342 vero
1838 2289 2152 2344 Pontiﬁca—
2264 2290 2464 2339 rantur
2495 2282 2637 2338 falsa
2667 2282 2806 2351 sint,
2837 2295 2966 2337 cum
2993 2279 3344 2350 Theophilus
3373 2280 3755 2334 Caesareensis
3780 2277 3924 2335 fue—

510 2368 586 2423 lis
613 2385 625 2421 :
659 2388 687 2418 «
713 2368 871 2423 Sedit
895 2382 1075 2424 annos
1100 2371 1292 2426 decem
1322 2376 1378 2426 et
1398 2379 1543 2444 octo,
1575 2375 1870 2430 mensibus
1899 2376 2146 2446 duobus,
2173 2438 2187 2453 .
2262 2374 2360 2441 rit,
2384 2373 2453 2427 ad
2487 2385 2652 2442 quem
2681 2371 2896 2439 Victor,
2923 2375 3065 2425 teste
3107 2368 3274 2436 Beda,
3311 2368 3414 2422 hac
3451 2367 3521 2422 de
3548 2381 3606 2421 re
3640 2369 3912 2437 scripsit.

507 2455 714 2511 diebus
742 2457 963 2511 decem.
991 2475 1017 2506 υ
1039 2459 1109 2512 Et
1135 2465 1261 2527 post
1279 2468 1539 2516 enarrata
1575 2461 1676 2517 illa
1703 2476 1828 2532 qua}
1857 2464 1926 2518 ad
1963 2464 2151 2519 intru—
2259 2462 2490 2530 Adjecta
2522 2466 2707 2514 tamen
2736 2472 2847 2514 non
2878 2464 3032 2526 sunt,
3067 2457 3162 2512 sed
3191 2469 3412 2525 semper
3453 2456 3510 2510 in
3555 2455 3726 2512 Libro
3757 2458 3919 2512 Pon-

508 2545 728 2600 sionem
749 2545 1000 2600 Ursicini
1024 2553 1284 2616 spectant
1311 2567 1322 2602 :
1363 2569 1389 2600 «
1419 2550 1551 2605 Fuit
1571 2555 1760 2606 autem
1791 2552 2152 2621 temporibus
2263 2549 2463 2604 tiﬁcali
2483 2548 2775 2603 exstitisse
2791 2547 3059 2602 videntur
3076 2545 3395 2615 sequentia,
3419 2559 3544 2615 quae
3571 2545 3628 2599 in
3656 2547 3916 2602 secundo

507 2632 745 2702 Juliani,
780 2651 806 2682 »
834 2633 992 2690 nulla
1045 2635 1279 2690 omnino
1305 2637 1593 2693 mentione
1628 2637 1775 2694 facta
1819 2640 2154 2696 consulatus
2260 2637 2526 2707 Catalogo
2563 2650 2674 2691 non
2703 2635 3073 2704 reperiuntur
3105 2653 3117 2688 :
3152 2655 3178 2685 α
3215 2633 3366 2688 Fecit
3411 2633 3792 2688 constitutum
3843 2635 3917 2688 de

513 2734 626 2791 quo
695 2721 972 2777 Damasus
1033 2727 1281 2792 coeperat
1329 2723 1671 2795 ﬁnieratque
1731 2727 2146 2796 pontiﬁcatum.
2263 2725 2534 2793 Ecclesia,
2571 2731 2635 2778 ut
2664 2730 2897 2792 patenas
2935 2723 3150 2777 vitreas
3179 2727 3312 2776 ante
3343 2722 3665 2776 sacerdotes
3701 2722 3759 2775 in
3795 2723 3911 2776 Ec-

511 2809 663 2863 Idem
688 2808 880 2864 videre
911 2809 1045 2865 licet
1077 2811 1136 2864 in
1174 2810 1404 2879 Siricio,
1455 2813 1780 2882 Anastasio,
1822 2816 2153 2872 Innocentio
2263 2814 2494 2886 clesiam
2529 2811 2782 2866 ministri
2817 2815 3128 2880 portarent,
3155 2811 3336 2865 donec
3363 2810 3668 2878 episcopus
3701 2810 3912 2864 missas

495 2896 718 2966 primo,
749 2896 970 2952 Zosimo
1011 2897 1261 2968 aliisque
1301 2901 1529 2954 Damasi
1563 2903 2014 2964 successoribus.
2049 2918 2155 2958 us-
2263 2901 2593 2968 celebraret,
2640 2906 2771 2955 ante
2817 2913 2877 2954 se
2922 2899 3320 2954 sacerdotibus
3350 2898 3695 2966 astantibus,
3727 2904 3784 2952 et
3824 2898 3911 2952 sic

507 2997 617 3054 que
647 2985 716 3039 ad
747 2985 1035 3045 Joannem.
1065 2987 1233 3055 cujus
1257 2989 1497 3056 tempori
1531 3003 1660 3044 cum
1695 2998 1896 3045 auctor
1913 2992 2152 3046 secundi
2185 2988 2231 3048 C
2267 2990 2454 3045 missa
2475 2988 2855 3056 celebrantur,
2879 2993 3112 3055 excepto
3131 2987 3280 3056 quod
3303 2986 3429 3054 ejus
3443 2986 3695 3055 episcOpi
3722 2986 3912 3040 inter-

508 3071 764 3143 Catalogi
792 3073 1020 3129 vicinus
1045 3074 1239 3144 fuerit,
1272 3077 1526 3144 ejusdem
1557 3079 1885 3146 ponticatus
1915 3079 2152 3134 initium
2264 3084 2434 3147 esset,
2466 3083 2530 3132 ut
2556 3083 2778 3132 tantum
2804 3075 2994 3130 clerus
3024 3075 3338 3129 sustineret
3369 3074 3640 3129 omnibus
3671 3088 3913 3143 praesen-

509 3163 565 3215 et
582 3160 747 3215 ﬁnem
767 3161 940 3216 certis
963 3162 1302 3217 consulibus
1328 3163 1645 3234 assignavit
1670 3181 1682 3216 :
1709 3185 1734 3216 α
1758 3165 1936 3234 Sedit,
1963 3167 2156 3236 inquit
2266 3167 2424 3221 tibus
2447 3179 2516 3220 ex
2541 3178 2606 3220 ea
2630 3163 3056 3220 consecratione
3076 3162 3145 3217 de
3177 3176 3348 3218 manu
3387 3162 3639 3231 episcopi
3663 3163 3775 3230 jam
3803 3177 3911 3217 co-

511 3247 583 3302 de
603 3249 834 3318 Joanne,
867 3261 1048 3305 annos
1085 3251 1251 3310 duos.
1300 3264 1520 3306 menses
1559 3258 1707 3323 octo,
1748 3253 1874 3307 dies
1905 3254 2160 3322 quinde-
2268 3267 2463 3309 ronam
2495 3258 2905 3321 consecratam,
2937 3256 2992 3305 et
3020 3251 3306 3319 acciperet
3337 3251 3628 3320 presbyter
3671 3251 3912 3305 traden-

514 3335 649 3406 cim,
699 3350 731 3391 a
788 3340 1096 3392 consulatu
1147 3338 1380 3392 Maximi
1438 3353 1620 3408 usque
1669 3341 1738 3396 ad
1793 3341 2154 3397 consulatum
2265 3342 2394 3396 dam
2428 3341 2657 3411 populo.
2692 3359 2717 3389 ››
2746 3340 2880 3408 Quae
2913 3339 3197 3395 undenam
3230 3340 3532 3409 desumpta
3563 3340 3695 3408 sint,
3731 3337 3912 3394 fateor

509 3423 716 3479 Olibri.
754 3443 781 3474 »
821 3425 955 3494 Quae
995 3425 1186 3480 eadem
1240 3426 1445 3495 repetit
1475 3434 1676 3482 auctor
1707 3427 2056 3497 pontiﬁcalis
2095 3431 2154 3484 in
2270 3444 2355 3485 me
2386 3431 2666 3500 ignorare.
3131 3431 3137 3438 ’

514 3512 620 3568 hoc
649 3513 932 3584 pontiﬁce,
954 3515 1041 3570 uti
1066 3520 1123 3569 et
1147 3513 1205 3568 in
1238 3514 1424 3569 Felice
1440 3523 1662 3585 quarto,
1685 3530 1931 3586 quocum
1959 3524 2160 3574 auctor
2341 3517 2389 3573 4.
2423 3520 2789 3589 Nequaquam
2826 3522 3012 3574 tamen
3055 3517 3355 3588 ignoratur
3382 3517 3532 3573 unde
3551 3517 3904 3587 desumptum

510 3601 749 3656 secundi
779 3602 1032 3673 Catalogi
1067 3602 1197 3658 ﬁnit
1223 3622 1235 3658 :
1275 3624 1300 3656 α
1332 3603 1376 3658 Α
1403 3605 1705 3660 consulatu
1732 3605 1938 3661 Aburti
1980 3621 2161 3678 usque
2273 3606 2350 3662 sit
2371 3606 2520 3676 quod
2553 3607 2610 3660 in
2631 3605 2897 3661 Cornelio
2929 3619 3071 3674 papa
3101 3605 3498 3662 habetauctor
3526 3605 3680 3659 Libri
3708 3607 3866 3661 Ponti
3882 3635 3908 3647 νο

519 3689 578 3742 in
628 3689 991 3744 consulatum
1046 3691 1316 3760 Lampadi
1361 3698 1418 3746 et
1455 3693 1694 3762 Orestis,
1729 3707 1761 3748 a
1804 3695 1899 3749 die
1937 3709 1991 3748 IV
2029 3697 2163 3751 [dus
2278 3694 2460 3750 ﬁcalis
2493 3694 2584 3750 his
2613 3694 2802 3749 verbis
2833 3711 2845 3748 :
2884 3714 2911 3746 α
2952 3694 3068 3749 Sub
3097 3695 3266 3763 cujus
3294 3693 3628 3762 episcopatu
3665 3695 3906 3749 Novatus

512 3775 797 3832 Juliarum
828 3790 1009 3847 usque
1040 3779 1099 3833 in
1127 3778 1280 3832 diem
1331 3793 1385 3833 ιν
1414 3780 1546 3834 ldus
1566 3782 1850 3837 Octobris.
1879 3802 1905 3832 »
1956 3783 2162 3840 Aburti
2275 3783 2652 3838 Novatianum
2683 3790 2841 3838 extra
2870 3783 3180 3837 Ecclesiam
3213 3782 3523 3851 ordinavit,
3551 3786 3607 3836 et
3637 3782 3691 3836 in
3719 3781 3903 3838 Africa

518 3866 642 3920 loco
702 3869 902 3921 auctor
968 3865 1322 3922 Pontiﬁcalis
1371 3866 1510 3938 legit
1558 3871 1899 3926 Mamartini.
1954 3873 2167 3928 Caetera
2277 3872 2682 3926 Nicostratum.
2713 3872 2827 3925 Hoc
2857 3869 3005 3924 facto
3046 3868 3419 3931 confessores,
3461 3870 3561 3938 qui
3589 3883 3647 3924 se
3682 3883 3905 3939 separa—

517 3954 686 4010 verba
709 3955 901 4010 eadem
929 3955 1163 4010 omnino
1197 3961 1353 4011 sunt.
1378 3957 1532 4013 Unde
1557 3965 1759 4014 auctor
1778 3959 1932 4016 Libri
1965 3962 2166 4016 Ponti—
2278 3965 2483 4012 verunt
2502 3971 2533 4011 a
2554 3957 2818 4012 Cornelio
2839 3971 2968 4012 cum
2998 3959 3245 4012 Maximo
3283 3957 3626 4026 presbytero.
3656 3958 3749 4026 qui
3782 3973 3902 4013 cum

523 4043 708 4098 ﬁcalis
758 4055 822 4098 ea
874 4057 907 4098 a
953 4045 1203 4100 secundo
1248 4044 1514 4115 Catalogo
1567 4053 1863 4104 mutuatus
1914 4048 2164 4104 videtur.
2278 4048 2464 4114 Moyse
2496 4045 2627 4115 fuit,
2654 4045 2721 4099 ad
2755 4045 3065 4100 Ecclesiam
3097 4051 3234 4100 sunt
3259 4046 3510 4100 reversi:
3547 4053 3602 4100 et
3624 4045 3748 4100 facti
3779 4053 3906 4102 sunt

521 4132 700 4201 Cujus
730 4129 1094 4188 manifestum
1139 4133 1370 4204 signum
1397 4133 1540 4189 illud
1566 4148 1794 4203 quoque
1819 4136 2166 4192 censendum
2278 4132 2632 4188 confessores
2676 4132 2891 4187 ﬁdeles.
2946 4134 3077 4188 Post
3122 4133 3228 4188 hoc
3271 4133 3572 4189 Cornelius
3615 4135 3904 4204 episcOpus

523 4227 611 4276 est
635 4222 786 4290 quod
813 4227 937 4290 post
959 4222 1314 4278 ilormisdam
1332 4226 1388 4276 et
1412 4223 1675 4293 Felicem,
1702 4223 1799 4291 qui
1827 4225 1944 4279 duo
1973 4225 2167 4280 ultimi
2278 4221 2684 4277 Centumcellis
2703 4222 2904 4290 pulsus
2920 4226 3026 4291 est,
3047 4221 3204 4277 etibi
3235 4223 3506 4291 scriptam
3527 4223 3815 4291 epistolam
3841 4225 3903 4277 de

525 4316 662 4365 sunt
691 4311 763 4365 ab
787 4317 1020 4367 auctore
1059 4313 1296 4367 secundi
1339 4312 1592 4382 Catalogi
1639 4312 1907 4378 exhibiti,
1946 4313 2169 4369 nullius
2205 4327 2257 4388 ι)
2281 4325 2384 4367 sua
2427 4312 2878 4382 conﬁrmatione,
2914 4311 3145 4367 missam
3189 4325 3221 4366 a
3265 4311 3568 4381 Cypriano,
3597 4324 3755 4380 quam
3798 4311 3904 4381 Cy—

525 4398 769 4454 alterius
787 4401 1153 4469 pontiﬁcatus
1171 4400 1977 4470 perconsulesdesigneturin
2004 4403 2170 4459 Libro
2285 4403 2523 4472 prianus
2568 4401 2627 4455 in
2670 4413 2895 4456 carcere
2921 4401 3177 4469 scripsit,
3210 4406 3266 4455 et
3303 4400 3374 4454 de
3417 4399 3672 4454 Celerino
3708 4400 3902 4456 lectore

528 4487 871 4544 Pontiﬁcali.
2283 4491 2556 4559 suscepit.
2593 4509 2617 4539 »
2646 4491 2772 4546 Haec
2815 4491 2966 4545 enim
2997 4490 3296 4558 desumpta
3321 4496 3459 4544 sunt
3486 4490 3682 4558 partim
3711 4503 3774 4543 ex
3801 4503 3903 4544 an-

598 4579 653 4637 3.
680 4579 819 4636 Cum
866 4581 1059 4651 itaque
1089 4593 1158 4636 ex
1190 4579 1367 4635 dictis
1412 4582 1601 4650 pateat
1650 4579 1935 4636 undenam
1971 4587 2175 4638 auctor
2283 4583 2537 4651 tiquiore
2551 4579 2837 4652 Catalogo,
2864 4581 3069 4649 partim
3092 4593 3159 4634 ex
3175 4578 3456 4648 Cypriano
3480 4580 3622 4648 ipso,
3644 4583 3903 4633 utauctor

531 4671 687 4727 Libri
715 4670 1070 4725 Pontiﬁcalis
1093 4668 1396 4723 consulum
1450 4676 1614 4724 notas
1642 4675 1697 4724 et
1725 4670 1995 4740 pleraque
2017 4680 2174 4742 gesta
2287 4687 2397 4729 non
2425 4671 2666 4727 obscure
2710 4671 2946 4725 indicat.
3000 4667 3259 4738 Reliqua,
3298 4682 3424 4736 qua:
3475 4667 3745 4722 habentur
3787 4674 3903 4736 post

527 4759 859 4829 descripsit,
894 4757 1198 4812 videndum
1247 4764 1331 4813 est
1363 4758 1512 4813 unde
1542 4763 1740 4814 caetera
1766 4762 1924 4829 Acta,
1957 4775 2082 4829 qua:
2114 4761 2175 4815 in
2285 4761 2436 4818 beati
2462 4760 2611 4816 Petri
2641 4757 3072 4814 translationem
3099 4757 3170 4812 de
3208 4770 3380 4812 causa
3411 4756 3482 4812 ob
3511 4769 3672 4825 quam
3718 4754 3901 4810 beatus

533 4849 782 4906 secundo
802 4847 1070 4920 Catalogo
1094 4847 1332 4902 minime
1353 4847 1743 4918 reperiuntur,
1768 4850 2171 4919 desumpserit.
2286 4849 2587 4906 Cornelius
2616 4845 2888 4915 martyrio
2931 4849 3240 4900 coronatus
3269 4849 3374 4913 est,
3425 4859 3493 4900 ex
3537 4845 3688 4898 Actis
3730 4846 3900 4898 sancti

532 4938 978 5008 Pluraequidem
1001 4937 1370 5007 reperiuntur
1389 4937 1447 4992 in
1475 4937 1640 4992 Libro
1664 4938 1980 4993 Pontiﬁcali
2006 4951 2178 5008 quam
2293 4941 2466 5008 hujus
2496 4936 2786 5008 pontiﬁcis
2810 4935 3114 5003 desumpta
3143 4938 3299 4998 sunt,
3335 4934 3419 4989 uti
3452 4939 3506 4988 et
3528 4947 3594 4987 ex
3614 4933 3759 4988 Actis
3783 4935 3903 4987 Ste—

535 5025 594 5079 in
643 5028 892 5082 secundo
918 5027 1207 5098 Catalogo,
1243 5033 1306 5083 ut
1347 5035 1499 5098 patet
1526 5028 1584 5082 in
1630 5027 1834 5096 primis
1876 5041 1944 5082 ex
1989 5027 2180 5082 verbis
2295 5026 2489 5095 phani,
2520 5037 2643 5095 quae
2685 5027 2885 5076 auctor
2923 5020 3081 5075 Libri
3133 5020 3486 5075 Pontiﬁcalis
3521 5020 3680 5075 habet.
3715 5020 3780 5074 ab
3817 5021 3902 5075 his

533 5112 929 5183 sequentibus,
990 5130 1112 5184 qnaa
1173 5117 1459 5171 habentur
1518 5117 1576 5170 in
1640 5116 1703 5167 D.
1761 5116 1924 5169 Petro
1967 5134 1980 5169 :
2036 5116 2182 5170 Obiit
2291 5113 2523 5170 verbis:
2558 5113 2684 5167 Suis
2717 5110 3063 5178 temporibus,
3109 5122 3289 5179 usque
3309 5109 3377 5163 ad
3406 5109 3710 5164 illazFecit
3756 5103 3903 5161 ordi-

528 5206 654 5272 post
689 5202 995 5270 passionem
1038 5206 1254 5256 Domini
1301 5201 1393 5257 38.
1452 5203 1578 5257 Hazc
1620 5216 1863 5272 namque
1906 5204 1975 5259 de
2029 5209 2182 5259 tem-
2290 5206 2556 5257 nationes.
2585 5199 2718 5268 Qua:
2744 5198 2936 5253 omnia
2981 5198 3041 5252 in
3087 5198 3338 5253 secundo
3385 5198 3649 5269 CataIOgo
3687 5197 3902 5252 deside-

539 5304 672 5360 pore
722 5288 917 5345 obitus
964 5290 1114 5344 Petri
1170 5303 1282 5346 non
1341 5291 1400 5344 in
1445 5291 1696 5345 secundo
1742 5291 2028 5362 catalogo,
2080 5291 2177 5347 sed
2291 5298 2510 5348 rantur.
2547 5291 2726 5343 Pauca
2751 5287 2984 5342 omnino
3015 5287 3208 5342 addita
3235 5292 3372 5342 sunt
3413 5287 3473 5341 in
3518 5286 3662 5341 Vitis
3702 5285 3809 5341 Caii
3849 5293 3900 5340 et

537 5379 685 5449 apud
714 5379 778 5433 D.
809 5379 1210 5448 Hieronymum
1259 5376 1408 5433 libro
1454 5378 1524 5433 de
1549 5378 1941 5447 Scriptoribus
1979 5379 2181 5434 Eccle—
2290 5377 2629 5447 Marcellini,
2657 5376 2821 5446 plura
2842 5388 2972 5431 vero
3014 5376 3071 5429 in
3102 5376 3227 5430 Vita
3253 5375 3526 5442 Marcelli,
3581 5375 3636 5429 in
3673 5388 3783 5444 quae
3810 5389 3898 5429 se-

535 5468 794 5524 siasticis
824 5466 1212 5539 reperiuntur,
1245 5479 1314 5522 ex
1334 5479 1449 5536 quo
1478 5473 1682 5524 auctor
1713 5467 1812 5524 illa
1830 5467 2170 5539 desumpsit.
2291 5466 2526 5538 quentia
2569 5465 2838 5536 leguntur
2865 5481 2877 5517 :
2935 5483 2959 5515 «
2993 5464 3096 5519 Hic
3127 5464 3348 5534 rogavit
3377 5463 3673 5533 quamdam
3702 5466 3898 5517 matro-
