4060 6176
270 300 378 359 247

979 299 1382 358 SCHELESTR.
1422 300 1721 358 DISSERT.
1766 301 1859 358 DE
1894 301 2123 373 ANTIQ.
2164 301 2332 360 ROM.
2374 301 2570 359 PONT.
2616 302 2956 361 CATALOG.

3569 303 3679 363 248

271 438 419 494 nam,
449 422 681 479 nomine
719 422 1068 492 Priscillam,
1096 428 1154 479 et
1180 422 1316 479 fecit
1341 424 1664 480 cmmeteria
1692 423 1784 479 via
1812 423 1922 478 Sa—
1945 420 2005 479 A
2032 424 2208 480 trium
2257 439 2675 496 successorum,
2708 427 2951 497 Eugenii
3002 427 3067 481 Ιῐ.
3098 425 3388 480 Valentini
3436 428 3492 481 et
3528 424 3677 482 Gre-

272 514 434 583 laria,
476 517 534 567 et
562 525 638 565 xv
673 511 882 567 titulos
914 511 973 565 in
1026 512 1167 567 urbe
1195 514 1368 568 Roma
1398 512 1724 583 constituit,
1755 512 1918 582 quasi

268 604 541 659 dioeceses
568 606 801 670 propter
827 600 1174 670 baptismum
1197 610 1253 655 et
1280 601 1671 670 paenitentiam
1701 599 1920 655 multo-

273 704 395 747 rum
423 690 526 760 qui
556 688 1040 744 convertebantur
1068 702 1135 743 ex
1180 689 1435 760 paganis.
1474 708 1500 739 »
1534 690 1601 744 Et
1628 697 1691 745 ut
1718 693 1920 743 cmtera

271 780 552 843 omittam,
588 777 757 846 plura
784 777 857 831 de
886 777 1115 831 Lucinae
1140 777 1308 831 domo
1355 777 1413 831 in
1450 777 1748 832 ecclesiam
1776 788 1922 831 con-

270 870 507 934 secrata,
536 869 593 920 et
624 878 723 934 per
748 864 1091 920 Maxentium
1128 865 1186 919 in
1214 864 1504 919 stabulum
1534 878 1825 933 conversa,
1859 864 1919 918 in

268 955 391 1010 illis
420 952 678 1008 Marcelli
700 952 881 1021 Actis,
914 966 1039 1022 quae
1068 953 1453 1021 manuscripta
1474 954 1788 1008 etiamnum
1814 966 1922 1007 su—

265 1048 527 1113 persunt,
563 1041 954 1110 reperiuntur,
986 1040 1128 1096 adeo
1159 1046 1222 1095 ut
1262 1054 1331 1095 ex
1377 1041 1470 1096 his
1510 1041 1594 1096 vel
1625 1039 1921 1096 similibus

261 1130 424 1186 Actis
447 1130 755 1198 desumpta
780 1142 907 1184 esse
935 1134 1174 1184 constet.

326 1218 383 1274 5.
430 1219 611 1274 Porro
635 1217 792 1272 sicut
819 1218 979 1272 Actis
1019 1217 1353 1287 pontiﬁcum
1390 1232 1532 1273 usus
1571 1215 1685 1273 fuit
1721 1221 1922 1273 auctor

258 1307 419 1364 Libri
434 1306 796 1362 Pontiﬁcalis
818 1320 920 1375 pro
942 1305 1091 1360 Vitis
1118 1305 1351 1362 illorum
1373 1307 1472 1376 qui
1495 1306 1685 1361 tribus
1717 1307 1923 1375 primis

260 1396 502 1452 satcuiis
544 1396 837 1462 vixerunt,
873 1395 952 1449 ita
999 1394 1056 1449 in
1100 1395 1230 1449 Vita
1263 1396 1445 1451 sancti
1476 1395 1747 1464 Sylvestri
1782 1409 1923 1450 usus

256 1485 496 1540 videtur
526 1484 682 1538 varis
717 1482 1130 1539 donationibus
1171 1484 1284 1553 piis
1314 1491 1369 1538 et
1400 1484 1803 1539 instrumentis
1823 1498 1923 1539 ec-

256 1572 600 1638 clesiarum,
632 1584 761 1640 quae
794 1570 852 1625 in
879 1570 1113 1625 archivo
1139 1572 1293 1626 sedis
1319 1571 1649 1640 apostolicae
1673 1585 1923 1626 asserva-

258 1660 456 1715 batur.
504 1658 848 1713 Additiones
894 1657 1048 1713 enim
1090 1658 1247 1713 Libri
1296 1659 1649 1714 Pontiﬁcalis
1693 1659 1924 1713 consis-

2032 513 2179 582 gorii
2212 515 2302 584 Ill,
2337 515 2496 569 Vitas
2538 515 2608 570 ab
2640 514 2979 570 auctoribus
3022 514 3294 570 Romanis
3322 516 3677 584 conscriptas

2030 614 2152 655 esse
2181 602 2334 656 circa
2373 604 2701 657 eorumdem
2737 602 3071 672 pontiﬁcum
3118 607 3392 671 tempora,
3430 607 3579 670 patet
3608 616 3676 657 ex

2032 702 2268 744 numero
2295 687 2348 743 7.
2377 690 2562 761 Sergii
2592 692 2635 744 II
2665 695 2722 745 et
2746 691 2951 745 Leonis
2987 692 3056 745 IV
3081 694 3236 760 gesta
3270 702 3381 743 non
3412 688 3579 744 modo
3608 689 3678 744 ab

2028 784 2263 834 auctore
2326 779 2579 835 Romano
2629 785 2685 834 et
2742 785 3236 849 contemporaneo,
3298 778 3392 833 sed
3468 791 3679 849 magum

2028 867 2395 921 auctoritatis
2424 868 2547 922 viro
2589 872 2647 922 et
2685 868 2913 923 oculato
2956 873 3097 922 teste
3140 865 3324 921 fuisse
3365 866 3673 936 descripta,

2032 956 2476 1010 monstravimus
2501 969 2736 1010 numero
2758 953 2810 1010 8.
2852 957 2919 1009 Et
2940 954 3201 1025 quamvis
3228 955 3526 1025 ignoretur
3547 955 3681 1024 quis

2028 1041 2319 1097 Benedicti
2340 1044 2408 1097 ΙΙΙ
2438 1043 2621 1098 Vitam
2647 1043 2920 1113 exararit,
2948 1043 3019 1098 ab
3044 1048 3277 1097 auctore
3309 1049 3496 1097 tamen
3547 1055 3679 1096 con-

2032 1134 2392 1199 temporaneo
2421 1132 2634 1187 editam
2668 1130 2849 1187 fuisse
2882 1131 3141 1200 oportuit
3168 1148 3183 1199 ;
3216 1129 3504 1199 siquidem
3537 1142 3683 1184 con-

2030 1216 2261 1273 cinnata
2302 1217 2414 1273 fuit
2443 1225 2573 1275 ante
2611 1219 2982 1274 Anastasium
3014 1217 3545 1285 Bibliothecarium,
3578 1218 3678 1287 qui

2033 1305 2217 1360 Vitam
2250 1306 2410 1361 illam
2437 1321 2567 1362 cum
2597 1307 2728 1362 Vita
2764 1306 2988 1362 Nicolai
3020 1306 3214 1377 primi,
3250 1306 3350 1375 qui
3379 1305 3682 1361 Benedicto

2033 1394 2331 1470 successit,
2364 1410 2396 1450 a
2423 1409 2482 1450 se
2506 1397 2864 1465 conscriptas
2900 1394 3072 1450 Libro
3097 1393 3417 1450 Pontiﬁcali
3447 1393 3677 1462 adjecit,

2034 1488 2098 1537 ut
2135 1482 2303 1538 facile
2345 1484 2629 1553 conjicere
2656 1484 2792 1540 licet
2815 1498 2883 1539 ex
2908 1484 2984 1539 iis
3005 1499 3131 1554 quae
3168 1496 3406 1539 numero
3434 1480 3470 1537 9
3494 1483 3682 1551 captis

2033 1584 2181 1639 saepe
2211 1572 2375 1626 citati
2406 1573 2770 1628 tradidimus.

2102 1654 2156 1712 7.
2197 1660 2311 1713 Nec
2353 1660 2537 1715 solum
2586 1660 2656 1714 ab
2704 1660 3042 1717 auctoribus
3087 1660 3313 1728 coaevis,
3366 1660 3460 1716 sed
3508 1659 3679 1714 etiam

258 1754 398 1804 lunt
440 1752 509 1803 ut
546 1746 865 1817 plurimum
908 1746 965 1801 in
1009 1746 1423 1802 donationibus
1466 1747 1536 1802 ab
1582 1748 1922 1816 imperatore
1955 1734 2006 1794 Β
2033 1759 2101 1800 ex
2126 1747 2479 1801 authenticis
2499 1749 2762 1803 Romanae
2788 1749 3056 1804 Ecclesia:
3090 1748 3457 1803 monimentis
3489 1748 3682 1802 histo-

255 1837 665 1904 Constantino,
690 1835 931 1904 ejusque
954 1835 1186 1904 pietatis
1210 1836 1551 1903 haeredibus,
1574 1840 1631 1891 et
1652 1836 1923 1891 Romanis

260 1926 410 1995 ipsis
440 1923 821 1994 pontiﬁcibus
851 1921 1036 1977 factis.
1065 1921 1281 1978 Omitto
1307 1937 1402 1979 eas
1449 1938 1574 1994 quae
1610 1925 1925 1994 quamplu—

258 2013 424 2069 rima:
454 2014 517 2067 in
563 2012 691 2066 Vita
733 2010 1004 2080 Sylvestri
1033 2011 1447 2078 continentur;
1494 2011 1637 2066 satis
1679 2025 1924 2083 namque

256 2102 373 2157 erit
406 2113 594 2169 pauca
633 2113 701 2154 ex
745 2099 876 2154 Vita
914 2098 1097 2153 sancti
1145 2098 1321 2153 Marci
1359 2098 1667 2169 delibasse,
1704 2100 1763 2153 in
1808 2113 1920 2169 qua

259 2189 482 2261 legitur
511 2205 525 2241 :
562 2208 589 2237 α
614 2187 718 2241 llic
740 2185 877 2242 fecit
896 2187 1041 2241 duas
1062 2185 1353 2255 basilicas,
1378 2200 1549 2241 unam
1579 2188 1670 2241 via
1699 2188 1921 2242 Ardea-

258 2279 405 2345 tina,
438 2276 544 2332 ubi
574 2275 888 2345 requiescit
918 2292 933 2343 ;
978 2279 1033 2328 et
1062 2274 1235 2330 aliam
1269 2276 1326 2329 in
1370 2275 1510 2329 urbe
1540 2275 1712 2329 Roma
1753 2276 1919 2343 juxta

258 2365 576 2421 Palacinis.
643 2364 828 2432 Hujus
854 2363 1218 2435 suggestione
1244 2363 1459 2418 obtulit
1505 2363 1917 2419 Constantinus

256 2455 563 2525 Augustus
594 2452 870 2519 basilicas,
896 2465 1063 2521 quam
1083 2452 1471 2506 caemeterium
1497 2452 1805 2506 constituit
1826 2452 1918 2507 via

255 2543 601 2610 Ardeatina,
632 2539 876 2596 fundum
922 2553 1181 2595 rosarum
1226 2554 1354 2595 cum
1397 2540 1553 2594 omni
1590 2553 1726 2611 agro
1755 2554 1918 2597 cam—

260 2631 442 2700 pestri
480 2635 845 2700 praestantem
877 2628 1096 2683 solidos
1138 2625 1225 2683 40.
1276 2630 1337 2683 In
1380 2628 1627 2683 Basilica
1670 2628 1727 2682 in
1779 2628 1918 2683 urbe

258 2718 437 2775 Roma
473 2718 698 2774 obtulit
741 2718 857 2771 haec
890 2736 901 2770 :
938 2722 1551 2799 patenam.argenteam
1587 2726 1915 2786 pensantem

258 2807 444 2863 libras
467 2804 563 2875 30,
598 2819 775 2861 urnas
804 2810 1100 2876 argenteas
1128 2804 1275 2860 duas
1297 2809 1599 2873 pensantes
1625 2804 1805 2860 libras
1822 2803 1915 2874 20,

258 2896 537 2966 scypham
590 2899 915 2964 argenteam
974 2897 1302 2961 pensantem
1352 2891 1533 2947 libras
1573 2888 1658 2963 40,
1708 2892 1918 2949 calices

187 3010 191 3017 -
260 2981 682 3039 ministeriales
699 2987 998 3052 argenteos
1016 2978 1051 3035 3
1069 2985 1368 3048 pensantes
1385 2979 1565 3036 libras
1594 2980 1761 3035 binas
1781 3000 1793 3035 :
1814 2995 1919 3036 co—

258 3086 459 3128 ronam
474 3046 803 3141 argenteam
822 3046 1146 3138 pensantem
1169 3068 1347 3123 libras
1368 3066 1454 3137 40,
1478 3067 1719 3123 fundum
1735 3070 1920 3124 Anto—
1951 3046 2001 3109 ο

258 3162 501 3215 nianum
531 3158 627 3212 via
657 3156 899 3212 Claudia
923 3162 1280 3225 praestantem
1308 3156 1528 3212 solidos
1549 3154 1639 3224 30,
1675 3154 1916 3212 fundum

262 3251 586 3303 Vaceanum
614 3246 706 3300 via
728 3245 909 3314 Appia
932 3249 1294 3314 praestantem
1316 3244 1537 3300 solidos
1551 3242 1638 3314 40,
1668 3250 1723 3299 et
1736 3245 1921 3299 trimi-

259 3338 377 3391 sios
401 3337 559 3390 duos
585 3351 601 3389 :
629 3331 875 3389 fundum
901 3333 1074 3387 Orrea
1101 3332 1192 3386 via
1217 3331 1528 3387 Ardeatina
1558 3338 1917 3401 praestantem

264 3423 487 3479 solidos
514 3419 590 3481 55
626 3427 683 3476 et
709 3420 1028 3479 trimisium
1061 3433 1259 3475 unum.
1287 3438 1314 3469 »
1345 3422 1473 3475 Haec
1499 3421 1694 3476 omnia
1720 3427 1920 3477 auctor

267 3511 419 3566 Libri
449 3508 836 3576 Pontiﬁcalis,
881 3494 982 3577 qui
1010 3521 1139 3563 cum
1167 3508 1356 3562 Romae
1382 3508 1705 3577 scripserit,
1735 3509 1786 3562 si
1817 3508 1922 3562 Bi—

267 3598 565 3655 bliothecaa
616 3595 946 3666 apostolica:
988 3600 1091 3650 aut
1128 3595 1361 3651 archivo
1424 3609 1534 3651 non
1576 3595 1919 3665 pratpositus

266 3684 461 3757 fuerit,
489 3697 788 3740 accessum
813 3683 1015 3738 saltem
1046 3684 1113 3738 ad
1145 3696 1209 3738 ea
1245 3682 1468 3753 habuit,
1496 3688 1553 3738 et
1594 3684 1727 3738 inde
1756 3683 1919 3738 noti-

267 3776 400 3828 tiam
440 3772 828 3828 donationum
876 3770 1151 3826 habuisse
1179 3771 1428 3833 videtur,
1462 3784 1640 3841 eaque
1684 3784 1783 3840 pro
1806 3784 1921 3826 au—

272 3860 476 3932 gendis
502 3858 840 3929 pontiﬁcum
859 3859 1035 3929 gestis
1062 3873 1229 3914 usum
1248 3857 1447 3914 fuisse.
1468 3858 1625 3914 Unde
1651 3858 1921 3930 colligere

269 3948 402 4003 licet
437 3946 645 4017 quanti
680 3946 802 4001 ﬁeri
838 3953 1163 4002 mereantur
1195 3946 1294 4001 illa
1344 3960 1471 4016 qum
1512 3945 1615 4001 hac
1644 3947 1714 4001 de
1757 3960 1816 4001 re
1858 3948 1920 4003 in

265 4035 434 4092 Libro
460 4033 786 4091 Pontiﬁcali
812 4034 1205 4102 continentur,
1236 4048 1366 4090 cum
1396 4034 1480 4089 vel
1506 4048 1573 4089 ex
1597 4034 1751 4090 sedis
1774 4048 1918 4104 apo-

265 4124 485 4180 stolicae
528 4122 806 4190 archivis,
849 4122 935 4177 vel
975 4136 1043 4177 ex
1082 4121 1371 4193 Catalogis
1406 4128 1611 4193 quarto
1656 4128 1710 4178 et
1759 4128 1919 4179 sexto

265 4212 479 4267 saeculo
508 4209 876 4266 concinnatis
903 4211 1204 4280 desumpta
1246 4211 1386 4266 sint.
1414 4210 1601 4282 Atque
1632 4212 1750 4267 haec
1779 4213 1922 4282 qui-

267 4301 392 4355 dem
425 4300 498 4355 de
530 4299 713 4369 priori
752 4305 909 4368 parte
936 4299 1089 4354 Libri
1121 4299 1492 4371 Pontiﬁcalis,
1523 4314 1649 4370 qum
1690 4300 1761 4355 ab
1807 4315 1919 4357 uno

2034 1835 2121 1888 ria
2155 1835 2447 1904 pontiﬁcia
2476 1837 2738 1891 secundae
2766 1837 2941 1905 hujus
2972 1836 3155 1906 partis
3191 1835 3511 1905 conscripta
3543 1834 3672 1889 fuit.

2032 1924 2089 1977 Si
2122 1922 2275 1977 enim
2314 1924 2696 1979 Romanorum
2745 1924 3101 1993 pontiﬁcum,
3148 1924 3247 1994 qui
3278 1923 3349 1978 ab
3388 1936 3537 1978 anno
3576 1919 3683 1977 742

2033 2026 2215 2081 usque
2245 2020 2368 2081 post
2390 2013 2523 2067 noni
2553 2012 2745 2068 saeculi
2768 2013 3017 2068 medium
3049 2013 3321 2069 sederunt
3341 2012 3503 2067 Vitas
3545 2026 3683 2081 per-—

2032 2100 2347 2169 volvamus,
2392 2101 2742 2168 reperiemus
2794 2099 3046 2169 profecto
3105 2105 3370 2155 auctores
3422 2099 3681 2155 Vitarum

2032 2188 2264 2243 illarum
2304 2203 2373 2244 ex
2408 2192 2672 2245 Romana:
2708 2189 2977 2244 Ecclesiae
3037 2176 3295 2260 regestis,
3335 2202 3404 2243 ex
3444 2188 3682 2242 scriniis

2029 2277 2359 2346 apostolica:
2404 2278 2559 2332 sedis
2608 2278 2998 2347 desumpsisse
3050 2291 3114 2332 ea
3162 2290 3288 2346 quae
3336 2276 3676 2331 retulerunt.

2028 2364 2236 2418 Omnes
2274 2365 2425 2419 enim
2469 2365 2658 2419 Romae
2684 2366 3063 2434 scripserunt,
3104 2369 3161 2420 et
3194 2363 3279 2418 vel
3310 2362 3680 2418 basilicarum

2030 2452 2447 2522 Lateranensis,
2479 2453 2785 2523 Vaticana},
2826 2459 2882 2507 et
2918 2454 2982 2506 D.
3037 2451 3196 2508 Pauli
3237 2452 3492 2507 archivis
3528 2464 3681 2520 prae—

2031 2540 2204 2609 positi
2256 2539 2510 2611 fuerunt,
2568 2541 2652 2597 vel
2698 2543 3026 2597 earumdem
3090 2541 3465 2597 basilicarum
3529 2541 3683 2596 clero

2027 2630 2265 2699 ascripti
2309 2629 2538 2685 chartas
2592 2636 2648 2685 et
2702 2638 2919 2701 regesta
2971 2629 3336 2685 archivorum
3386 2628 3687 2685 consulere

2029 2722 2356 2786 potuerunt.
2392 2718 2484 2772 Sic
2504 2723 2707 2773 auctor
2730 2719 2788 2773 in
2810 2718 3096 2788 Stephano
3120 2720 3209 2782 IIl,
3241 2717 3526 2773 Zachariae
3543 2730 3685 2773 suo-

2027 2819 2250 2860 cessore
2284 2824 2295 2859 :
2335 2825 2361 2856 «
2387 2807 2464 2859 De
2491 2805 2763 2861 omnibus
2793 2807 3035 2875 receptis
3061 2805 3398 2861 civitatibus
3424 2804 3683 2860 donatio-

2028 2904 2154 2946 nem
2178 2892 2234 2947 in
2254 2892 2492 2961 scriptis
2517 2906 2549 2948 a
2572 2892 2735 2948 beato
2758 2894 2941 2964 Petro,
2962 2901 3136 2963 atque
3160 2907 3193 2948 a
3214 2900 3411 2948 sancta
3432 2893 3679 2947 Romana

2025 2980 2297 3046 Ecclesia,
2354 2980 2438 3035 vel
2491 2980 2761 3037 omnibus
2809 2982 2869 3036 in
2910 2986 3245 3051 perpetuum
3307 2979 3680 3051 pontiﬁcibus

2027 3068 2355 3136 apostolicae
2377 3068 2533 3124 sedis
2558 3069 2717 3125 misit
2740 3070 3160 3139 possidendam,
3181 3083 3307 3140 qua;
3332 3070 3605 3124 hactenus
3621 3068 3678 3122 in

2028 3156 2261 3212 archivo
2281 3163 2494 3212 sanctae
2517 3164 2725 3213 nostrae
2757 3158 3025 3213 Ecclesia:
3049 3158 3342 3214 recondita
3371 3162 3618 3212 tenetur.
3649 3174 3675 3205 ››

2027 3244 2121 3298 Sic
2149 3258 2376 3314 quoque
2410 3246 2465 3299 in
2495 3246 2625 3300 Vita
2642 3246 2882 3300 Adriani
2911 3246 3081 3315 primi
3109 3247 3253 3301 citat
3278 3251 3481 3300 auctor
3508 3246 3683 3299 dona-

2031 3332 2243 3386 tionem
2281 3331 2470 3387 Caroli
2509 3333 2697 3403 Magni
2733 3332 2897 3387 beato
2930 3335 3091 3388 Petro
3141 3331 3387 3387 factam:
3427 3352 3454 3382 «
3494 3331 3676 3400 Sicut,

2032 3419 2244 3489 inquit,
2281 3419 2338 3474 in
2367 3420 2561 3475 eadem
2591 3421 2900 3475 donatione
2926 3419 3210 3475 contineri
3245 3422 3617 3473 monstratur.
3648 3436 3674 3467 »

2028 3504 2205 3561 Addit
2235 3507 2521 3576 exemplar
2548 3507 2711 3562 illius
2736 3507 3070 3563 donationis
3097 3518 3271 3573 super
3291 3518 3500 3573 corpus
3525 3503 3676 3560 beati

2030 3595 2178 3649 Petri
2200 3596 2485 3664 positum:
2508 3594 2808 3663 «Aliaque,
2832 3594 3044 3663 inquit,
3072 3593 3325 3662 ejusdem
3347 3592 3680 3649 donationis

2029 3682 2285 3751 exempla
2331 3697 2429 3751 per
2460 3682 2837 3738 scriniarium
2881 3682 3054 3751 hujus
3094 3686 3305 3738 sanctae
3334 3688 3543 3737 nostrae
3568 3683 3681 3737 Ec-

2030 3771 2218 3826 clesiae
2244 3771 2532 3841 descripta
2556 3773 2682 3839 ejus
2706 3770 3049 3826 excellentia
3069 3785 3261 3827 secum
3281 3770 3621 3840 deportavit.
3650 3788 3676 3820 ››

2029 3858 2252 3928 Quibus
2281 3860 2511 3929 quidem
2554 3859 2745 3914 verbis
2774 3859 2993 3915 indicat
3030 3866 3231 3915 auctor
3264 3873 3325 3914 se
3361 3872 3472 3914 non
3494 3848 3681 3914 'fuisse

2031 3947 2403 4001 scriniarium
2443 3946 2666 4002 archivi
2696 3946 2977 4017 Vaticani,
3005 3944 3189 4003 fuisse
3210 3953 3396 4002 tamen
3424 3947 3679 4016 ejusdem

2028 4035 2286 4091 ecclesia:
2309 4036 2648 4105 ascriptum,
2677 4041 2734 4090 et
2769 4036 3149 4091 donationum
3180 4036 3436 4106 exempla
3462 4050 3493 4090 a
3518 4034 3683 4090 Scri-

2030 4125 2219 4180 niario
2257 4130 2485 4179 exarata
2527 4124 2912 4193 conspexisse.
2953 4124 3101 4193 Quid
3146 4123 3365 4193 plura?
3414 4124 3475 4179 In
3531 4123 3682 4179 Vitis

2028 4213 2386 4283 reliquorum
2434 4213 2768 4282 pontiﬁcum
2801 4226 2983 4283 usque
3026 4213 3095 4269 ad
3127 4213 3426 4268 Nicolaum
3458 4214 3481 4267 Ι
3511 4213 3683 4269 toties

2028 4301 2375 4356 scriniorum
2393 4300 2611 4369 apostol
2623 4301 2723 4356 icaa
2737 4301 2891 4356 sedis
2908 4302 3118 4357 mentio
3135 4300 3282 4357 facta
3296 4301 3602 4372 reperitur,
3620 4306 3684 4356 ut

267 4389 584 4459 eodemque
629 4394 863 4443 auctore
895 4400 928 4442 a
971 4388 1037 4441 D.
1072 4390 1234 4443 Petro
1269 4401 1450 4458 usque
1479 4389 1547 4444 ad
1588 4389 1916 4445 Zachariam
1945 4408 2002 4469 Ι)
2030 4387 2115 4442 vel
2163 4388 2235 4444 ob
2286 4389 2430 4444 hanc
2494 4389 2772 4444 rationem
2830 4403 3027 4446 eorum
3075 4389 3334 4446 omnium
3390 4393 3681 4445 auctorem

268 4488 468 4546 papam
501 4480 769 4531 contexta
800 4479 903 4530 est.

335 4562 390 4617 9.
435 4565 515 4618 De
544 4562 832 4617 Zachariae
873 4566 931 4619 et
970 4563 1335 4634 sequentium
1377 4564 1713 4632 pontiﬁcum
1760 4566 1921 4622 Actis

268 4665 453 4722 usque
469 4652 543 4707 ad
562 4652 857 4707 Nicolaum
891 4652 1138 4721 primum
1157 4650 1393 4706 facilius
1410 4663 1513 4705 nos
1530 4650 1917 4719 expediemus,

268 4754 395 4796 cum
420 4742 536 4809 jam
569 4753 747 4808 supra
778 4745 1156 4795 monstratum
1186 4739 1267 4795 sit
1295 4739 1444 4808 quod
1474 4737 1545 4792 ab
1584 4738 1920 4794 auctoribus

270 4829 592 4896 coaetaneis,
623 4828 725 4897 qui
758 4827 948 4882 Romae
978 4830 1266 4896 vixerunt,
1294 4826 1620 4895 conscripta
1644 4827 1777 4881 sint.
1826 4826 1922 4881 Sic

268 4916 575 4984 Zachariae,
608 4916 883 4985 Stephani
909 4917 982 4971 III
1008 4921 1063 4971 et
1089 4916 1250 4972 Pauli
1280 4921 1435 4986 gesta
1461 4915 1698 4984 scripsit
1721 4921 1923 4971 auctor

269 5003 534 5060 Romanae
562 5004 834 5059 Ecclesia:
863 4998 1018 5060 clero
1045 5006 1355 5073 ascriptus,
1388 5010 1444 5060 et
1471 5003 1660 5059 forsan
1687 5006 1921 5061 archivo

269 5092 587 5160 apostolico
618 5092 983 5161 praepositus.
1033 5094 1127 5148 Sic
1152 5094 1328 5148 etiam
1377 5093 1521 5147 Vita:
1551 5092 1822 5162 Stephani
1856 5095 1923 5149 IV

269 5186 327 5233 et
352 5180 589 5235 Adriani
621 5180 796 5249 primi
819 5180 891 5235 ab
914 5189 1149 5237 auctore
1170 5181 1512 5251 synchrono,
1538 5181 1639 5250 qui
1669 5180 1922 5237 basilicae

274 5268 670 5323 lateranensis
688 5275 790 5325 aut
816 5270 1101 5325 Vaticana:
1124 5284 1255 5325 vero
1276 5270 1565 5338 ascriptus
1591 5275 1730 5324 erat.
1754 5270 1922 5325 edita:

275 5353 523 5427 fuerunt,
569 5362 634 5412 ut
678 5370 805 5426 cap.
849 5355 903 5427 9,
975 5372 1133 5415 num.
1183 5356 1238 5423 5,
1292 5358 1668 5415 ostendimus.
1709 5359 1924 5413 Auctor

276 5443 414 5499 Vita:
436 5445 643 5500 Leonis
667 5447 762 5515 lll,
791 5444 980 5502 forsan
1006 5460 1036 5501 e
1064 5448 1217 5503 clero
1257 5446 1513 5502 basilica
1539 5446 1722 5502 sancti
1758 5446 1919 5502 Pauli

276 5528 409 5603 fuit,
437 5539 501 5589 ut
523 5534 724 5589 eodem
763 5534 952 5604 capite
980 5535 1251 5591 innuitur
1278 5549 1441 5591 num.
1475 5533 1509 5590 6
1533 5533 1824 5591 Paschalis
1865 5541 1923 5591 et

2028 4477 2394 4532 Anastasium
2433 4477 2953 4533 Bibliothecarium
2993 4478 3303 4534 statuerint
3341 4477 3682 4548 Onuphrius

2029 4564 2362 4632 l’anvinius,
2395 4564 2705 4621 Ciaconius
2732 4565 2957 4636 aliique
2988 4566 3100 4620 viri
3127 4566 3364 4622 eruditi.

2099 4652 2154 4707 8.
2178 4653 2363 4724 Atque
2390 4667 2454 4708 ex
2493 4654 2582 4708 his
2606 4654 2877 4710 omnibus
2901 4659 3053 4725 patet
3070 4663 3299 4727 quantae
3314 4656 3682 4713 auctoritatis

2032 4742 2316 4812 posterior
2352 4755 2482 4811 pars
2506 4742 2663 4797 Libri
2690 4742 3042 4799 Pontiﬁcalis
3070 4744 3328 4800 habenda
3351 4745 3451 4817 sit,
3483 4750 3682 4814 utpote

2032 4845 2158 4900 qua:
2182 4830 2252 4884 ab
2283 4830 2622 4886 auctoribus
2650 4833 3144 4901 contemporaneis
3168 4846 3237 4888 ex
3267 4830 3528 4901 antiquis
3562 4834 3681 4887 Ro—

2033 4932 2212 4973 manae
2242 4917 2507 4972 Ecclesia:
2541 4922 2926 4976 monumentis
2961 4921 3019 4975 in
3046 4920 3302 4975 archivis
3329 4921 3456 4987 ejus
3483 4933 3680 4974 asser-

2030 5006 2177 5062 vatis
2208 5010 2470 5060 contexta
2496 5012 2608 5060 est.
2636 5006 2791 5061 Licet
2820 5012 3008 5063 autem
3051 5009 3209 5076 prior
3237 5020 3367 5076 pars
3394 5021 3505 5065 non
3536 5022 3683 5063 con-

2031 5094 2245 5163 scripta
2289 5093 2368 5148 sit
2408 5092 2480 5148 ab
2517 5093 2860 5148 auctoribus
2901 5094 3264 5167 synchronis,
3310 5110 3378 5152 ex
3418 5096 3680 5168 antiquis

2030 5190 2217 5238 tamen
2255 5182 2520 5237 Romanae
2571 5181 2838 5237 Ecclesia:
2872 5186 3242 5241 monimentis
3290 5186 3508 5256 pariter
3536 5199 3680 5241 con-

2029 5272 2259 5326 cinnata
2288 5269 2399 5326 fuit
2426 5288 2439 5324 :
2465 5271 2606 5328 adeo
2635 5277 2698 5327 ut
2724 5286 2826 5341 pro
2854 5272 3254 5330 discernendis
3286 5277 3550 5330 Romana:
3570 5275 3681 5329 Ec-

2029 5360 2217 5416 clesim
2245 5359 2478 5431 ritibus,
2502 5375 2602 5430 pro
2622 5361 2876 5429 ejusdem
2897 5362 3211 5434 disciplina
3236 5368 3292 5419 et
3311 5364 3680 5431 dogmatibus

2030 5448 2462 5520 cognoscendis,
2498 5450 2592 5505 hic
2628 5448 2776 5505 liber
2808 5453 3012 5508 merito
3043 5452 3280 5523 allegari
3313 5452 3517 5525 possit,
3545 5467 3676 5510 cum

2029 5552 2098 5594 ex
2135 5551 2200 5593 eo
2240 5536 2443 5594 horum
2473 5538 2731 5595 omnium
2774 5540 2982 5596 notitia
3012 5545 3267 5596 eruatur.
3308 5539 3369 5596 Si
3418 5542 3572 5597 enim
3607 5543 3679 5600 dc
