4048 6168
384 335 489 391 249
575 357 584 366 ’

1183 340 1277 393 AD
1314 339 1749 395 ANASTASIUM
1787 316 2302 397 PROLEGOMENA
2339 342 2516 397 ΕΒΙΤ.
2560 338 2988 396 ROM.—VATlC.

3686 339 3797 397 290

386 460 603 517 ritibus
628 463 923 526 sacriﬁcii,
954 464 1053 534 qui
1078 467 1192 534 jam
1228 465 1360 520 inde
1385 480 1417 521 a
1444 466 1651 535 primis
1682 466 2038 536 temporibus
2062 468 2119 526 A
2153 465 2257 521 4οε
2316 487 2341 517 ‹‹
2391 467 2735 536 Scriptorem
2792 465 2937 521 forte
2980 479 3089 521 non
3125 466 3335 521 malum
3383 480 3524 522 esse.
3561 484 3585 515 ››
3637 464 3797 519 Alibi

383 556 719 621 coeperunt;
769 552 818 606 si
858 552 928 607 de
963 553 1434 609 ordinationibus
1468 557 1892 623 episcoporum,
1939 570 2039 610 sa-

384 639 703 711 cerdotum,
730 640 1126 711 diaconorum,
1153 641 1638 698 subdiaconorum
1663 649 1719 697 et
1741 643 2037 699 inferioris

384 726 548 792 cleri,
583 741 894 798 eorumque
926 730 1185 800 muniis;
1221 730 1271 785 si
1295 731 1364 785 de
1400 731 1672 801 reliquiis
1699 737 2033 801 martyrum,

384 814 456 869 de
494 816 853 872 invocatione
890 822 1240 872 sanctorum.
1288 819 1358 873 de
1384 819 1623 887 psalmis
1651 825 1707 873 et
1745 820 2038 875 orationi—

387 902 495 958 bus
532 905 590 957 in
616 904 868 959 Ecclesia
898 905 1129 959 recitari
1177 906 1403 976 solitis;
1433 907 1481 961 si
1526 907 1598 962 de
1641 908 1797 961 varia
1828 908 2035 963 summi

389 991 680 1060 pontiﬁcis
706 991 1015 1061 electione;
1044 994 1095 1047 si
1115 992 1185 1049 de
1216 996 1500 1050 sexcentis
1524 994 1663 1050 aliis
1687 996 2034 1065 disciplinae.

385 1077 606 1133 rituum
666 1087 722 1134 et
777 1080 1109 1150 dOgmatum
1174 1082 1698 1138 ecclesiasticorum
1748 1083 2039 1153 capitibus

385 1180 641 1237 agamus,
686 1168 1039 1237 reperiemus
1080 1168 1331 1238 profecto
1374 1171 1434 1226 in
1486 1171 1590 1227 hoc
1626 1171 1796 1227 Libro
1836 1173 2040 1226 Ponti-

386 1253 537 1309 ﬁcali
566 1254 719 1309 unde
755 1255 983 1310 cunctis
1012 1257 1259 1313 satisﬁat
1289 1277 1301 1311 :
1349 1264 1671 1328 perspectos
1700 1259 2039 1316 habebimus

386 1341 789 1398 haereticorum
823 1357 1045 1399 errores
1086 1350 1142 1400 et
1185 1360 1592 1416 cognoscemus
1645 1348 1873 1417 quando
1906 1353 1962 1403 et
2006 1361 2039 1403 a

387 1432 602 1503 quibus
627 1432 885 1487 damnati
914 1434 1070 1503 sint;
1098 1434 1480 1491 conciliorum
1508 1437 1859 1506 generalium
1889 1444 2035 1508 acta,

386 1520 722 1590 pontiﬁcum
745 1521 995 1591 decreta,
1025 1522 1373 1592 synodorum
1400 1524 1785 1579 nationalium
1811 1531 1867 1580 et
1900 1539 2039 1593 pro-

384 1608 725 1665 vincialium
754 1614 967 1665 statuta
991 1610 1423 1667 observabimus
1456 1631 1470 1682 ;
1512 1620 1567 1668 et
1591 1613 1808 1682 quibus
1850 1613 2039 1668 modis

385 1696 653 1767 Ecclesia:
693 1697 947 1767 regimen
972 1706 1102 1754 octo
1130 1700 1447 1767 primorum
1475 1701 1816 1755 saeculorum
1847 1701 2036 1770 spatio

2149 556 2381 624 fatetur,
2413 570 2479 610 eo
2510 562 2723 611 veteres
2754 555 3021 609 Ecclesia:
3053 556 3315 610 Romanm
3345 554 3571 610 tabulas
3600 554 3804 609 conti—

2150 645 2294 712 neri,
2319 643 2587 713 nihilque
2608 657 2673 698 eo
2700 644 2914 712 scripto
2943 642 3338 711 incorruptius
3357 643 3597 705 editum,
3623 640 3805 696 nihil-

2149 745 2257 799 que
2286 745 2318 785 a
2349 730 2479 786 falsi
2514 732 2842 801 suspicione
2866 732 3118 787 alienius
3152 732 3389 799 reperiri
3424 745 3604 800 posse.
3644 732 3806 784 Hanc

2147 820 2426 875 Blondelli
2481 819 2822 875 sententiam
2875 824 3106 874 secutus
3158 827 3245 873 est
3300 818 3635 884 Salmasius,
3694 817 3803 887 qui

2150 907 2360 964 fatetur
2389 924 2519 964 cum
2562 908 2872 979 Blondello,
2920 914 3207 963 auctorem
3252 908 3417 978 quasi
3466 908 3605 963 solis
3636 907 3806 962 radio

2149 998 2472 1067 scripsisse,
2526 1011 2769 1067 quorum
2825 996 3188 1059 sententiam,
3238 996 3375 1051 dum
3421 997 3479 1051 in
3526 994 3806 1063 operibus

2151 1086 2477 1154 posthumis
2503 1086 2919 1141 Dissertatione
2948 1086 3058 1141 Ide
3082 1085 3231 1140 serie
3262 1085 3641 1140 Romanorum
3668 1097 3808 1152 pon-

2150 1173 2392 1241 tiﬁcum,
2434 1174 2620 1243 capite
2679 1172 2766 1239 42,
2820 1172 3142 1243 improbare
3191 1171 3384 1228 studet
3433 1172 3801 1241 Pearsonius,

2151 1263 2427 1318 rationem
2462 1275 2615 1317 num.
2646 1260 2717 1316 42
2745 1262 3016 1317 adducit:
3049 1282 3074 1312 α
3106 1259 3252 1328 Quia
3281 1266 3483 1316 auctor
3508 1261 3631 1328 ejus
3653 1273 3807 1315 ano-

2149 1364 2354 1420 nymus
2378 1357 2434 1404 et
2457 1351 2712 1405 incertus
2734 1351 2880 1405 sexti
2905 1349 3099 1405 szrculi
3122 1350 3387 1419 scriptor,
3407 1356 3463 1404 et
3478 1354 3665 1403 status
3689 1350 3808 1418 pri-

2150 1437 2362 1493 mi‘tivae
2391 1438 2658 1493 Ecclesiae
2690 1439 2928 1508 ignarus
2959 1436 3093 1493 fuit.
3132 1456 3156 1486 ››
3203 1437 3482 1508 Adjungit
3524 1436 3810 1492 nonnulla

2148 1540 2274 1595 qua:
2314 1527 2694 1594 praeoccunati
2731 1526 2911 1581 animi
2965 1526 3181 1581 indicia
3232 1527 3473 1594 spirant,
3506 1532 3563 1580 et
3593 1538 3809 1580 aversa

2147 1614 2532 1691 religionibus
2564 1615 2785 1670 hostem
2826 1614 3118 1685 produnt:
3156 1615 3309 1669 unde
3339 1613 3551 1669 mirum
3582 1615 3805 1670 nemini

2145 1702 2456 1764 videbitur,
2478 1703 2628 1772 quod
2654 1703 3016 1758 narrationes
3049 1706 3108 1757 in
3133 1701 3301 1757 Libro
3327 1701 3647 1757 Pontiﬁcali
3673 1716 3810 1757 con-

385 1784 671 1845 constitit.
708 1782 877 1840 facile
898 1786 1295 1855 conjiciemus.
1330 1788 1410 1841 Ita
1437 1792 1502 1841 ut
1530 1788 1625 1842 vix
1656 1788 1834 1844 sciam
1879 1802 1951 1843 an
1976 1789 2034 1843 in
2068 1793 2120 1852 B
2148 1791 2443 1859 tentteipsi
2462 1791 2831 1859 displiceant,
2850 1791 3000 1845 ritus
3017 1790 3280 1845 Romanae
3305 1789 3807 1845 Ecclesiteibidem

385 1875 502 1927 tota
528 1873 881 1942 antiquitate
919 1887 1066 1942 opus
1095 1874 1255 1929 aliud
1290 1875 1634 1946 reperiatur,
1666 1890 1734 1931 ex
1769 1891 1882 1947 quo
1919 1885 2035 1932 tam

385 1959 567 2014 multa
594 1973 660 2015 ac
698 1975 767 2016 ex
794 1960 966 2016 Libro
990 1961 1314 2017 Pontiﬁcali
1345 1962 1568 2018 addisci
1598 1964 1839 2033 possint.
2004 1958 2005 1961 “

455 2045 508 2101 9.
533 2048 717 2117 Atque
747 2048 866 2103 haec
897 2048 1183 2104 sufﬁciant
1213 2050 1282 2104 de
1310 2049 1467 2104 Libri
1498 2052 1853 2107 Pontiﬁcalis
1886 2067 2037 2121 pra:-

389 2136 605 2191 stantia
630 2142 686 2191 et
713 2136 1076 2207 auctoritate,
1111 2151 1283 2207 quam
1312 2137 1565 2195 haeretici
1595 2140 1707 2209 ipsi
1754 2154 1863 2195 non
1891 2154 2038 2195 con—

392 2226 751 2279 temnendam
786 2238 910 2281 esse
942 2225 1329 2281 declararunt.
1351 2227 1680 2283 Blondellus
1697 2230 1870 2297 enim,
1895 2231 2033 2284 dum

387 2318 588 2367 contra
618 2312 967 2369 Turrianum
1007 2313 1213 2368 scribit
1240 2315 1311 2369 de
1346 2316 1611 2384 epistolis
1650 2317 2036 2372 decretalibus

389 2401 707 2471 primorum
757 2401 1117 2470 pontiﬁcum,
1159 2403 1421 2459 observat
1475 2405 1534 2458 in
1590 2405 2030 2476 prolegomenis,

386 2488 575 2558 capite
597 2486 683 2555 42,
716 2489 873 2544 Libri
907 2490 1262 2546 Pontiﬁcalis
1293 2491 1631 2559 scriptorem
1661 2493 1878 2547 vixisse
1906 2498 2036 2546 ante

312 2609 317 2613 -
386 2590 602 2632 annum
630 2578 1200 2649 septingentesimum
1232 2585 1289 2634 et
1325 2579 1496 2634 citari
1527 2593 1561 2634 a
1596 2602 1621 2632 α
1651 2581 1819 2650 Beda,
1861 2587 2039 2635 Ama—

390 2664 537 2720 lario
565 2665 896 2731 Fortunato,
929 2664 1251 2721 Walafrido
1291 2666 1586 2738 Strabone,
1619 2675 1675 2723 et
1702 2668 1840 2724 aliis
1878 2670 2041 2725 Ana-

389 2753 569 2810 stasio
598 2752 1046 2810 Bibliothecario
1074 2755 1529 2825 antiquioribus.
1558 2774 1584 2805 »
1610 2757 1893 2831 Adjungit
1911 2773 2033 2830 cap.

1330 3099 2039 3202 FRANCISCI'

2147 1878 2438 1933 exbibitos
2453 1885 2796 1948 contemnat,
2811 1878 3106 1934 doctrinas
3119 1878 3240 1933 sive
3250 1879 3515 1948 dOgmata
3540 1878 3812 1946 primiti-

2145 1980 2226 2020 vae
2255 1966 2522 2021 Ecclesia:
2547 1968 2605 2021 in
2628 1981 2693 2021 eo
2723 1980 2990 2035 expressa
3022 1966 3299 2037 suggillet
3326 1972 3383 2020 et
3405 1966 3688 2034 repudiet.
3709 1965 3813 2021 Os-

2147 2055 2439 2110 tendimus
2481 2068 2616 2109 sane
2639 2069 2707 2110 ex
2738 2054 2953 2125 quibus
2994 2053 3255 2110 fontibus
3279 2068 3343 2110 ea
3371 2068 3496 2124 quae
3537 2055 3597 2108 in
3631 2054 3814 2110 Libro

2146 2140 2467 2197 Pontiﬁcali
2484 2143 2813 2207 traduntur,
2832 2143 3129 2211 desumpta
3144 2143 3280 2198 sint.
3305 2144 3387 2197 Ex
3404 2141 3617 2212 quibus
3636 2141 3815 2199 facile

2149 2232 2396 2300 quisque
2420 2231 2726 2299 discernet,
2757 2232 3122 2287 Pearsonium
3149 2231 3383 2287 humani
3409 2230 3546 2301 quid
3569 2244 3810 2300 passum

2148 2333 2292 2387 esse,
2325 2320 2463 2374 dum
2489 2325 2688 2375 contra
2720 2319 2877 2374 Libri
2912 2319 3266 2375 Pontiﬁcalis
3297 2327 3585 2375 auctorem
3617 2320 3819 2375 insur-

2147 2410 2253 2479 git,
2278 2422 2443 2477 quem
2466 2408 2604 2463 dum
2628 2409 2836 2463 saaculo
2860 2409 3105 2477 septimo
3128 2408 3431 2477 scripsisse
3447 2406 3656 2462 fatetur
3680 2422 3817 2463 me—

2147 2496 2266 2551 lius
2290 2498 2361 2551 de
2390 2497 2643 2551 Romana
2662 2497 2938 2565 Ecclesia,
2969 2497 3208 2566 ejusque
3233 2494 3569 2565 disciplina,
3589 2495 3816 2553 ritibus

2144 2590 2202 2639 et
2230 2584 2339 2639 ﬁde
2370 2585 2720 2640 instructum
2750 2583 2953 2647 fuisse,
2984 2598 3155 2654 quam
3183 2585 3514 2640 novissimis
3548 2584 3639 2639 his
3660 2591 3810 2639 tem-

2148 2672 2389 2742 poribus
2413 2678 2596 2742 natos,
2616 2686 2923 2745 agnoscere
2943 2672 3255 2728 debuisset.
3281 2672 3465 2742 Atque
3488 2672 3594 2728 hoc
3616 2686 3811 2728 meum

2147 2759 2218 2815 de
2249 2759 2417 2816 Libro
2448 2759 2770 2816 Pontiﬁcali
2798 2761 3089 2830 judicium
3121 2765 3227 2815 est.

2149 3100 2873 3203 BLANCHINI

1622 3294 1968 3364 BREVIS
2059 3293 2564 3365 APPENDIX

388 3448 483 3505 AD
533 3447 1132 3506 DISSERTATIONEM
1185 3449 1633 3505 EMMANUELIS
1686 3451 1732 3506 A
2361 3454 2451 3507 DE
2508 3452 2826 3521 ANTIQUIS
2882 3448 3328 3506 ROMANORUM
3380 3445 3807 3503 PONTIFICUM

807 3766 1174 3822 SECTIONES
1190 3767 1612 3824 APPENDICIS.
2072 3768 2120 3830 C

393 3908 436 3957 1.
471 3908 740 3969 Appendix
774 3906 886 3955 haec
910 3908 1102 3969 duplici
1123 3908 1335 3954 inservit
1355 3908 1720 3965 dissertationi,
1741 3911 1849 3955 tum
1878 3908 2043 3956 Sche-

451 3969 759 4017 Iestratianae
786 3969 888 4026 iam
905 3969 1087 4025 allatae,
1120 3972 1228 4016 tum
1252 3973 1438 4016 nostra:
1457 3982 1577 4015 mox
1609 3970 1876 4017 adorandae.
1895 3974 1945 4017 et
1964 3971 2043 4017 in-

454 4032 656 4092 scriptae
677 4032 739 4078 de
762 4031 1115 4078 Romanorum
1139 4031 1443 4088 Vontificum
1469 4031 1820 4089 t;atalogis.~
1847 4032 1911 4079 ll.
1937 4034 2043 4079 Au-

454 4093 663 4141 ctoritas
698 4092 835 4141 Libri
873 4093 1185 4140 Pontiﬁcalis
1220 4093 1410 4153 petitur
1441 4093 1769 4153 potissimum
1796 4106 1855 4139 ex
1889 4094 2043 4141 docu-

453 4156 640 4216 mentis
670 4153 1023 4216 autographis,
1058 4154 1145 4202 illa
1174 4157 1322 4203 aetate
1352 4156 1580 4201 nondum
1610 4155 1909 4215 deperditis,
1941 4169 2042 4216 qua

457 4215 612 4265 Liber
643 4217 753 4269 iste.
787 4230 875 4263 seu
908 4215 1041 4264 Vitae
1073 4217 1125 4263 in
1161 4217 1344 4264 eodem
1374 4216 1604 4263 collectae
1643 4215 2044 4264 contexebantur

455 4278 519 4326 ab
544 4278 977 4327 oculatisillorum
1000 4282 1290 4339 temporum
1310 4279 1708 4339 inspectoribus.
1737 4305 1797 4313 —
1822 4279 1910 4327 III.
1937 4280 2043 4326 An-

454 4341 599 4402 tiqua
627 4339 860 4400 exempla
888 4339 1030 4387 Libri
1072 4340 1405 4402 Pontiﬁcalis,
1440 4343 1613 4400 utpote
1634 4343 1780 4388 mtate
1810 4342 2043 4401 proxima

455 4400 651 4449 eisdem
682 4402 1006 4448 documentis
1026 4400 1378 4462 autographis,
1402 4403 1639 4463 supplent
1661 4400 2043 4463 quodammodo

456 4463 601 4511 vices
612 4464 913 4510 earumdem
927 4463 1352 4512 documentorum
1364 4498 1374 4511 .
1385 4489 1449 4499 —-
1465 4463 1557 4513 ιν.
1587 4464 1860 4512 Variantes
1872 4465 2046 4511 lectio-

457 4538 550 4586 nes
583 4525 823 4572 codicum
852 4527 1187 4573 vetustiorum
1222 4526 1377 4573 editio
1402 4530 1575 4573 nostra
1592 4526 1964 4586 complectitur.
1982 4552 2046 4562 —

454 4585 529 4649 _V.
557 4588 848 4649 Antiquitas
869 4589 1107 4635 codicum
1143 4601 1203 4635 ex
1232 4586 1437 4634 illorum
1470 4589 1735 4647 scriptura:
1750 4588 2046 4648 specimini-

454 4647 556 4696 bus
575 4647 954 4709 comprobatur.
974 4675 1033 4684 —
1058 4649 1156 4697 VI.
1177 4649 1376 4698 Idcirco
1396 4649 1596 4697 fuerant
1611 4652 1727 4697 ante
1750 4647 1894 4697 notas
1938 4649 2044 4697 haec

457 4711 740 4773 specimina
771 4710 1094 4771 proferenda.
1130 4736 1190 4747 —
1234 4710 1350 4758 VII.
1397 4712 1473 4759 De
1506 4716 1724 4773 utroque
1761 4712 2044 4773 specimine

457 4772 651 4834 codicis
686 4771 996 4834 Famesiaui,
1028 4774 1197 4834 priore
1225 4772 1329 4833 jam
1362 4773 1514 4820 allato
1568 4777 1618 4820 et
1643 4771 1804 4821 altero
1827 4788 1943 4821 mox
1974 4772 2045 4820 af-

453 4832 761 4882 ferendo.—-
785 4833 929 4892 VIII,
953 4832 1045 4891 IX;
1064 4835 1128 4882 X.
1156 4832 1427 4896 specimen
1450 4836 1739 4883 donationis
1761 4834 2047 4885 CarolﬁMa—

459 4896 549 4956 gni
581 4910 643 4944 ex
677 4897 989 4945 Farnesiano
1007 4897 1188 4945 codice
1211 4896 1369 4944 ferme
1390 4897 1570 4959 aequali
1593 4897 1781 4945 saeculo
1812 4898 2045 4945 donatio-

458 4958 538 5005 nis
569 4959 791 5006 indicata
820 4959 883 5006 de
911 4972 1065 5005 causa
1096 4958 1316 5006 maximo
1346 4960 1396 5006 in
1431 4958 1593 5019 pretio
1624 4959 1938 5017 habendum,
1963 4959 2045 5006 hic

459 5018 730 5082 exhibetur
751 5047 810 5055 —
828 5020 897 5067 XI
913 5061 924 5071 .
960 5020 1257 5081 Specimina
1278 5018 1542 5082 scripl’uree
1568 5023 1787 5069 duorum
1806 5023 2045 5069 codicum

2215 3784 2275 3818 ex
2313 3769 2644 3821 Floreutinis.
2680 3798 2740 3807 —
2776 3764 2916 3819 XIX.
2958 3770 3247 3832 Antiquitas
3280 3769 3474 3817 codicis
3508 3767 3813 3832 Famesiani

2215 3832 2581 3893 comprobatur
2613 3834 2766 3881 etiam
2806 3846 2866 3879 ex
2899 3829 3210 3891 imaginibus
3260 3832 3457 3893 aliquot
3493 3829 3805 3893 pontiﬁcum

2215 3891 2405 3941 ibidem
2440 3895 2673 3954 depictis,
2708 3896 2957 3955 praecipue
2990 3908 3056 3941 ex
3085 3893 3305 3950 imagine
3339 3891 3394 3940 S.
3430 3893 3574 3941 Pauli
3596 3904 3746 3951 papae
3769 3891 3809 3947 Ι,

2216 3956 2476 4002 simillima
2508 3958 2720 4015 picturis
2740 3958 2790 4003 in
2820 3956 3029 4002 basilica
3064 3956 3117 4004 S.
3144 3955 3288 4003 Pauli
3327 3956 3513 4002 seriem
3537 3955 3808 4002 Romano-

2213 4030 2327 4063 rum
2363 4019 2657 4076 pontiiicum
2696 4017 3073 4065 exbibentibus.
3116 4044 3176 4051 -—
3218 4017 3333 4065 ΧΧ.
3372 4018 3500 4074 Quae
3530 4017 3719 4063 desunt
3752 4016 3806 4062 in

2215 4079 2392 4125 codice
2438 4079 2750 4126 Farnesiano
2778 4079 3003 4140 suppleri
3059 4083 3276 4141 possunt
3322 4092 3413 4139 per
3445 4078 3542 4125 alia
3571 4077 3805 4138 genuina

2211 4140 2536 4197 documenta,
2562 4142 2632 4187 uti
2664 4141 2895 4202 proxima
2927 4142 3216 4189 dissertatio
3268 4141 3519 4188 ostendet.

2223 4392 2264 4444 l.
2293 4389 2674 4459 Appendicem
2719 4395 2969 4445 attexere
3007 4403 3117 4445 non
3149 4389 3425 4461 gravabor
3452 4389 3607 4445 docti
3650 4402 3815 4458 pra:-

2153 4478 2302 4533 sulis
2329 4478 2725 4534 dissertationi
2764 4479 2829 4532 de
2854 4479 3119 4547 Antiquis
3156 4481 3528 4534 Romanorum
3567 4479 3803 4545 Pontiﬁ-

2153 4584 2271 4621 cum
2293 4567 2586 4635 Catalogis,
2611 4580 2736 4637 quae
2764 4567 3154 4623 lucubrationi
3177 4567 3349 4622 etiam
3374 4572 3580 4621 nostra:
3605 4566 3810 4621 eodem

2151 4656 2222 4711 de
2253 4662 2586 4726 argumento
2617 4655 2973 4723 conscriptm,
3007 4660 3064 4710 et
3094 4656 3355 4724 proximo
3387 4654 3510 4710 loco
3550 4653 3814 4708 aﬁ’eren—

2153 4745 2258 4813 die,
2293 4757 2403 4798 non
2448 4744 2560 4798 erit
2589 4744 2996 4810 inopportuna.
3023 4742 3096 4796 Ut
3122 4742 3273 4796 enim
3310 4748 3592 4810 postremo
3621 4742 3811 4810 capiti

2155 4832 2398 4887 laudata:
2424 4830 2854 4886 dissertationis
2883 4834 3012 4898 apte
3043 4830 3385 4901 respondent
3413 4843 3476 4884 ea
3499 4843 3623 4899 quae
3658 4829 3815 4884 hanc

2158 4920 2217 4974 in
2249 4921 2578 4973 mantissam
2610 4916 2931 4987 referimus,
2967 4918 3046 4972 ita
3085 4930 3196 4973 non
3227 4919 3418 4972 minus
3448 4917 3813 4973 commodam

2152 5009 2301 5063 viam
2336 5007 2608 5061 muniunt
2633 5006 2701 5059 ad
2735 5005 2837 5059 illa
2868 5006 3099 5074 planius
3126 5006 3479 5075 pervadenda
3510 5019 3634 5075 qum
3666 5018 3815 5059 con-

461 5080 876 5166 ΞἚξετξίίηοξτιιξξι
902 5080 2124 5166 (ἐξιξῆδίξίβεὶιςεθυὲςζηίξιῑςὶῖῖιὶιξςηνίξιείξξξὲἐξὲξ1)
2156 5096 2441 5166 gessimus
2511 5095 2570 5149 in
2627 5093 2969 5163 opusculum
3022 5095 3278 5164 proxime
3331 5100 3808 5149 consecuturum.

460 5143 665 5204 duntur.
689 5170 747 5177 —
769 5143 888 5197 XII,
910 5144 1054 5204 XIII,
1092 5145 1230 5194 XIV.
1259 5146 1401 5193 [Εἴθε
1439 5146 1731 5192 vetustioris
1764 5158 1825 5189 ex
1846 5146 2046 5191 duobus

461 5203 769 5253 Florentinis
790 5206 1052 5253 codicibus
1072 5207 1366 5254 memoratis
1384 5206 1748 5265 comprobatur
1764 5219 1968 5265 quoque
1987 5220 2045 5253 ex

463 5266 699 5326 catalogo
737 5268 1036 5316 Antistitum
1068 5268 1519 5330 Neapolitanorum
1568 5266 1620 5312 in
1674 5266 1851 5330 eadem
1888 5266 2047 5330 ferme

459 5330 1017 5391 temporadesinente,
1055 5332 1116 5377 ad
1153 5328 1267 5391 quae.
1290 5328 1590 5391 referuntur
1632 5329 1903 5391 postremae
1932 5329 2049 5391 vitae

462 5388 617 5445 hujus
648 5390 790 5439 Libri
813 5388 1359 5440 Pontiﬁcalisf—XV.
1392 5388 1668 5445 Catalogus
1692 5388 1777 5435 ille
1811 5389 1875 5435 ad
1898 5390 2049 5436 chro-

462 5405 532 5438 nu
558 5405 617 5437 118
648 5405 790 5439 LIDI‘I
816 5405 1150 5439 PODUIICBIIS.
1172 5405 1327 5437 -Ᾱν
1348 5430 1359 5440 .
1392 5405 1668 5445 bataiogus
1692 5405 1777 5435 1110
1811 5405 1875 5435 8.0
1898 5405 2049 5436 (711Γο-

462 5405 720 5512 ῐιο1οείειω
732 5451 1483 5515 pontificunicomprobandam
1499 5450 1775 5515 admodum
1802 5450 1938 5515 utilis
1943 5452 2050 5510 ,hic

461 5511 817 5575 proferturf—
838 5514 982 5575 XVI,
1008 5514 1325 5575 pesumptus
1351 5511 1537 5575 dicitur
1560 5524 1619 5558 ex
1647 5511 1869 5575 Historia
1892 5513 2049 5561 Joan-

462 5572 542 5622 nis
560 5574 795 5623 Diaconi.
820 5602 878 5609 —
902 5573 1071 5621 XVII.
1090 5572 1363 5632 Specimen
1390 5573 1666 5620 litterarum
1689 5573 1920 5631 ejusdem
1945 5575 2047 5623 Ca-

459 5636 639 5695 talogt.
674 5662 733 5670 —
752 5634 945 5686 XVIII.
982 5635 1256 5695 Specimen
1281 5633 1586 5683 characteris
1616 5636 1810 5683 codicis
1831 5637 2045 5685 secundi

2155 5186 2339 5254 Quare
2367 5185 2511 5238 hanc
2540 5184 2906 5251 appendicem
2936 5182 3579 5253 utriquedissertationi
3615 5181 3820 5237 inter—

2158 5260 2452 5328 serendam
2509 5270 2695 5325 suasit
2746 5272 3071 5328 communis
3124 5271 3404 5327 utilitatis
3454 5272 3623 5337 ratio,
3679 5285 3819 5341 quae

2158 5374 2328 5415 unam
2359 5366 2416 5414 et
2444 5358 2679 5413 alteram
2718 5360 3052 5431 attingebat.

2228 5451 2292 5503 II.
2327 5446 2771 5501 Schelestratius
2814 5450 3000 5515 capite
3032 5462 3179 5503 nono
3223 5462 3341 5504 suae
3370 5446 3821 5504 dissertationis

2156 5550 2188 5592 a
2221 5536 2405 5604 primo
2438 5548 2674 5590 numero
2698 5535 2766 5589 ad
2805 5536 2857 5599 6,
2885 5535 3050 5589 docet
3073 5549 3137 5589 ea
3164 5550 3288 5604 quae
3320 5536 3378 5590 in
3406 5535 3577 5591 Libro
3598 5533 3827 5589 Ponti—

2155 5624 2308 5680 ﬁcali
2338 5629 2680 5679 enarrantur
2708 5636 2740 5676 a
2777 5622 2836 5676 Β.
2867 5624 3028 5678 Petro
3065 5624 3133 5677 ad
3160 5623 3507 5692 Zachariam,
3563 5623 3831 5678 desum—
