4060 6176
290 377 385 436 224

1433 363 1721 420 ΑΡΡΕΝΙ).
1763 359 1854 414 ΑΙ)
1892 353 2190 412 DISSERT.
2231 353 2533 409 PRECED.

3584 346 3694 404 222

294 508 386 573 pta
426 500 615 558 fuisse
646 515 749 571 per
781 503 1094 559 auctorem.
1131 509 1231 551 seu
1271 496 1534 548 auctores
1556 488 1837 547 Vitarum,
1871 495 1941 536 ex
1967 478 2023 536 A
2051 477 2312 531 codicum
2366 474 2774 540 vetustiorum,
2811 471 2962 530 unde
3013 471 3313 544 colligitur
3352 479 3488 526 atas
3535 470 3693 527 Libri

295 571 538 646 vetustis
568 589 884 660 Catalogis,
916 600 984 642 ex
1021 584 1185 639 Actis
1223 587 1530 650 martyrum
1570 581 1625 632 et
1654 571 1942 630 concilio—

297 693 440 748 rum,
473 693 544 734 ex
586 659 954 734 documentis
1000 672 1390 732 archivorum,
1429 666 1584 722 sedis
1628 659 1940 734 prasertim

295 766 626 836 apostolica
658 772 716 821 et
741 764 1116 820 basilicarum
1146 758 1335 814 Urbis.
1373 755 1588 812 Deinde
1612 767 1679 808 ex
1706 761 1942 804 numero

295 835 422 909 Giad
465 854 640 908 ﬁnem
688 852 901 922 capitis
928 850 1282 905 demonstrat
1323 858 1387 900 ea
1429 857 1555 914 qua
1595 854 1626 896 a
1673 835 1943 893 Zacharia

294 942 358 997 ad
389 941 694 998 Nicolaum
722 943 746 996 Ι
776 951 1043 1008 expressa
1074 942 1228 1005 sunt,
1263 947 1363 1004 per
1391 932 1648 989 diversos
1679 931 1942 982 auctores

294 1030 672 1100 synchronos,
725 1034 792 1085 ut
824 1028 1137 1098 plurimum
1183 1025 1450 1080 Romana
1487 1016 1755 1075 Ecclesia
1789 1014 1942 1069 clero

294 1123 348 1174 et
373 1117 585 1173 oﬁiciis
616 1117 905 1186 ascriptos
933 1113 1116 1171 fuisse
1145 1111 1402 1182 propriis
1429 1107 1618 1164 oculis
1651 1105 1942 1174 perspecta

294 1207 424 1262 dum
455 1213 824 1278 generentur,
860 1205 979 1258 sive
1007 1201 1246 1258 collecta
1273 1211 1343 1254 ex
1373 1194 1727 1252 authenticis
1755 1191 1944 1246 docu—

297 1295 502 1351 mentis
551 1299 721 1349 atate
751 1307 854 1348 sua
895 1281 1182 1360 depositis
1225 1291 1325 1342 aut
1376 1282 1684 1340 asservatis
1728 1278 1942 1350 passim

296 1381 694 1450 chartulariis,
711 1378 1103 1446 bibliothecis,
1118 1375 1371 1432 archivis
1390 1373 1564 1441 hujus
1575 1369 1829 1440 ejusdem
1845 1367 1947 1421 Ec-

296 1470 500 1537 clesia,
520 1473 582 1525 et
609 1469 670 1524 in
696 1468 985 1538 publicam
1012 1466 1196 1523 lucem
1221 1464 1432 1520 emissa
1451 1473 1641 1516 coram
1668 1456 1936 1518 testibus,

297 1560 390 1631 qui
423 1559 594 1614 ﬁdem
642 1557 996 1626 scriptorum
1041 1567 1282 1626 arguere
1322 1564 1387 1607 ac
1415 1547 1733 1620 suggillare
1771 1544 1941 1600 facile

295 1649 637 1721 potuissent,
672 1647 724 1702 si
755 1651 1019 1702 auctores
1067 1644 1158 1700 illi
1203 1657 1369 1699 secus
1411 1653 1477 1696 ac
1526 1643 1682 1709 gesta
1711 1635 1940 1691 fuerant

295 1738 561 1794 mandare
591 1735 809 1791 litteris
837 1735 964 1790 ausi
997 1732 1204 1790 forent.
1238 1729 1424 1800 Quare
1464 1727 1686 1795 intulit,
1723 1730 1937 1780 tantam

2054 565 2438 620 Pontificalis.

2120 673 2181 726 V.
2216 672 2275 727 Id
2315 687 2494 727 unum
2541 673 2735 727 deerat
2784 671 3029 727 laudata
3071 669 3471 724 dissertationi
3518 667 3696 722 Sche-

2052 762 2337 817 lestratii:
2377 762 2478 832 qui
2533 775 2662 816 cum
2719 766 2939 816 atatem
2986 759 3291 814 Anastasio
3345 757 3696 825 superiorem

2052 857 2153 905 aut
2181 856 2331 904 certe
2376 863 2678 919 supparem
2709 863 2838 905 cum
2885 849 3176 904 Holstenio
3215 845 3472 915 assignet
3511 844 3698 898 codici

2053 939 2417 1004 Farnesiano,
2443 944 2498 993 et
2516 938 2748 1008 utrique
2769 938 2957 992 codici
2983 936 3314 991 Florentino
3337 932 3701 987 bibliotheca

2051 1027 2105 1082 S.
2141 1028 2312 1082 Marci
2357 1027 2572 1096 primas
2615 1031 2741 1096 post
2784 1025 2940 1081 illam
2976 1025 3214 1091 tribuat,
3262 1035 3426 1078 omne
3471 1020 3702 1076 tulisset

2054 1121 2350 1185 punctum,
2384 1116 2434 1170 si
2461 1115 2684 1184 prolato
2715 1114 3026 1184 specimine
3052 1113 3216 1168 illius
3234 1112 3539 1179 scriptura
3563 1122 3700 1164 ocu-

2055 1204 2132 1259 lis
2150 1205 2465 1273 peritorum
2484 1218 2601 1259 rem
2621 1203 2989 1272 subjecisset:
3019 1201 3332 1269 prasertim
3351 1213 3480 1253 cum
3501 1197 3703 1267 paucis

2052 1292 2357 1347 admodum
2392 1291 2562 1346 liceat
2587 1291 2792 1345 asserti
2826 1290 2992 1344 illius
3019 1291 3314 1343 veritatem
3350 1287 3516 1356 longa
3549 1296 3704 1354 pere-

2054 1380 2400 1451 grinatione,
2421 1385 2476 1434 et
2500 1380 2756 1447 impensa
2780 1378 3013 1433 itineris
3039 1390 3151 1432 non
3175 1375 3419 1439 modica,
3443 1378 3544 1428 aut
3565 1386 3701 1426 mu-

2051 1481 2250 1522 nerum
2283 1481 2521 1522 suorum
2553 1466 2759 1522 oﬁiciis
2785 1465 3193 1536 profectionem
3229 1459 3697 1532 impedientibus,

2049 1557 2366 1625 explorare.

2119 1672 2204 1726 VI.
2242 1672 2487 1726 Prastiti
2519 1671 2668 1726 infra
2691 1677 2838 1740 post,
2857 1670 3156 1738 Catalogos
3175 1680 3527 1723 summorum
3553 1677 3703 1734 pon-

2049 1758 2290 1826 tiﬁcum,
2327 1760 2382 1814 id
2418 1759 2566 1829 quod
2603 1765 2852 1828 poteram
2885 1758 3089 1812 absens
3124 1756 3194 1810 ab
3227 1754 3446 1810 illustri
3479 1752 3702 1807 biblio-

295 1839 410 1882 ⁸⁵⁸⁸
454 1825 866 1912 “umnam
896 1817 1649 1912 tantamquePrigsmmiaT
1702 1815 1940 1912 hujusce
1972 1825 2209 1900 Btheca
2257 1815 2618 1902 serenissimi
2661 1847 2829 1901 ducis
2879 1844 3220 1911 Parmensis,
3272 1855 3435 1912 opem
3487 1839 3702 1895 ferente

295 1913 446 1969 Libri
478 1911 861 1979 Pontiﬁcalis,
889 1915 954 1967 ut
982 1923 1220 1966 numero
1246 1907 1283 1963 8
1311 1907 1526 1963 diserte
1555 1903 1795 1959 afﬁrmet
1823 1922 1849 1953 α
1879 1914 1944 1958 se

294 2001 384 2056 vix
413 2001 569 2056 scire
595 2013 668 2054 an
702 1999 762 2054 in
793 2003 912 2054 tota
941 1995 1289 2065 antiquitate
1321 2007 1465 2062 opus
1503 1990 1737 2060 aliquod
1773 2003 1940 2056 repe-

295 2091 500 2157 riatur,
534 2101 607 2145 ex
654 2101 769 2158 quo
809 2090 922 2141 tam
955 2083 1154 2144 multa.
1187 2097 1253 2138 ac
1283 2097 1351 2137 ex
1394 2079 1564 2135 Libro
1593 2077 1938 2144 Pontiﬁcali,

296 2178 518 2234 addisci
554 2177 824 2246 possint;
859 2193 885 2224 »
917 2179 975 2230 et
1004 2184 1244 2228 numero
1281 2169 1316 2225 9
1369 2169 1646 2239 producat
1694 2166 1942 2236 ingenua

295 2265 629 2322 testimonia
648 2263 822 2320 etiam
843 2261 1182 2318 criticorum
1208 2257 1508 2314 catholica
1530 2254 1800 2325 religioni
1828 2267 1951 2307 ca—

296 2353 522 2425 teroqui
551 2366 666 2408 non
688 2351 1040 2416 additorum,
1068 2349 1166 2419 qui
1188 2345 1577 2417 prastantiam
1604 2342 1761 2399 Libri
1792 2341 1944 2397 ultro

296 2447 658 2515 agnoverunt
687 2454 754 2496 ex
779 2437 1207 2507 comparatione
1229 2434 1499 2490 Historia
1522 2432 1780 2487 Vitarum
1814 2443 1944 2485 cum

297 2531 691 2588 monumentis
720 2527 991 2600 genuinis
1019 2525 1204 2580 eidem
1237 2521 1578 2593 aqualibus.
1611 2519 1760 2575 Illud
1795 2532 1948 2587 pra—

295 2621 494 2676 sertim
524 2617 731 2674 retulit
760 2630 828 2672 ex
871 2613 1187 2680 Blondello,
1222 2613 1322 2683 qui
1354 2611 1460 2680 ait,
1491 2630 1516 2662 α
1551 2610 1611 2664 in
1660 2622 1726 2664 eo
1775 2607 1945 2662 Libro

296 2713 512 2766 veteres
531 2706 800 2763 Ecclesia
818 2705 1082 2759 Romana
1100 2701 1326 2758 tabulas
1342 2698 1652 2768 contineri,
1683 2696 1947 2766 nihilque

298 2812 360 2854 eo
379 2800 603 2867 scripto
626 2793 1023 2862 incorruptius
1051 2791 1270 2846 editum
1307 2787 1575 2857 nihilque
1599 2800 1630 2841 a
1652 2783 1785 2840 falsi
1809 2798 1948 2840 sus-

300 2886 526 2956 picione
559 2883 815 2939 alienius
842 2879 1084 2950 reperiri
1109 2891 1296 2948 posse,
1324 2895 1350 2925 »
1381 2880 1438 2930 et
1478 2874 1616 2930 huic
1653 2871 1948 2942 persimile

295 2973 585 3042 judicium
609 2985 643 3026 a
672 2970 952 3026 Salmasio
977 2964 1295 3038 profectum
1320 2964 1542 3034 docuit,
1577 2961 1791 3017 fatente
1815 2973 1945 3015 cum

300 3061 595 3118 Blondello
628 3081 656 3112 α
682 3065 973 3115 auctorem
1004 3055 1163 3113 Libri
1195 3052 1573 3121 Pontiﬁcalis,
1607 3050 1774 3122 quasi
1806 3047 1949 3104 solis

302 3151 462 3207 radio
491 3149 826 3220 scripsisse.
866 3164 894 3197 ι

367 3315 459 3371 III.
512 3311 886 3368 Perviderant
921 3307 1093 3364 etiam
1137 3305 1464 3368 Fabrottus,
1513 3301 1850 3358 Holstenius
1893 3305 1950 3355 et

301 3399 796 3466 Scheslestratius,
829 3397 1062 3452 Librum
1096 3395 1270 3455 hunc,
1300 3394 1525 3464 integra
1556 3391 1665 3446 ﬁde
1694 3403 1759 3444 ac
1789 3388 1951 3444 veri-

304 3494 437 3549 tatis
467 3490 668 3548 studio
697 3487 1002 3544 collectum
1032 3499 1102 3540 ex
1129 3483 1400 3555 genuinis
1430 3479 1790 3537 documentis
1821 3477 1950 3546 ple—

307 3593 547 3652 rumque
562 3577 837 3648 publicis,
855 3580 1013 3632 tanto
1030 3574 1164 3630 usui
1180 3571 1425 3642 posteris
1437 3569 1721 3638 futurum,
1736 3571 1952 3636 quanto

309 3683 455 3726 nunc
474 3681 605 3724 esse
625 3665 1048 3737 cognoscimus,
1074 3668 1140 3718 ut
1158 3661 1336 3716 vicem
1362 3655 1779 3728 quodammodo
1807 3667 1954 3720 sup—

309 3757 456 3827 pleat
478 3755 718 3812 illorum
749 3755 1246 3818 documentorum,
1272 3761 1398 3818 qua
1427 3743 1784 3816 autographa
1815 3747 1954 3795 tunc

312 3843 800 3916 perspiciebantur
841 3839 1068 3911 quando
1111 3837 1418 3908 prodibant
1446 3834 1590 3888 Vita
1633 3831 1802 3886 etiam
1847 3843 1957 3898 po-

307 3941 528 3991 strema
550 3939 670 3988 tum
694 3929 982 3986 Anastasii
1005 3935 1126 3984 tum
1149 3924 1471 3982 Guillielmi
1495 3919 1952 3988 bibliothecarii,

307 4031 362 4078 et
381 4019 790 4092 superioribus
815 4016 1192 4072 addebantur.
1219 4013 1407 4082 Quare
1437 4013 1786 4066 censuerunt
1811 4021 1956 4063 con-

309 4111 580 4167 sulendos
598 4121 726 4164 esse
749 4105 978 4162 codices
997 4117 1196 4160 eorum
1220 4101 1319 4172 qui
1343 4105 1635 4156 exstarent
1659 4095 1959 4166 antiquis—

309 4199 507 4268 simos,
537 4202 592 4252 et
622 4195 911 4251 variantes
945 4192 1219 4248 lectiones
1246 4190 1381 4244 inde
1409 4186 1792 4256 excerpendas
1817 4190 1874 4239 et
1897 4184 1957 4238 in

314 4287 610 4359 publicum
629 4282 997 4354 proferendas
1022 4300 1035 4335 :
1063 4287 1127 4336 ut
1151 4279 1256 4335 hoc
1280 4279 1338 4332 in
1361 4290 1530 4346 opere
1547 4275 1784 4342 edendo,
1807 4273 1957 4328 nihil

313 4377 380 4433 ab
417 4381 584 4432 atate
611 4379 812 4429 nostra
849 4369 1289 4426 subtraheretur
1328 4365 1575 4421 maximo
1621 4362 1710 4419 illi
1761 4361 1958 4416 studio

315 4464 594 4532 veritatis,
617 4461 768 4532 quod
792 4460 931 4514 adeo
950 4465 1211 4513 sanctum
1235 4453 1480 4525 professi
1504 4451 1732 4508 fuerant
1751 4457 1959 4506 aucto—

318 4566 402 4608 res
429 4553 696 4607 Vitarum
721 4549 780 4604 in
811 4547 888 4603 iis
916 4543 1368 4602 conscribendis.

383 4713 470 4768 IV.
500 4710 699 4767 Editio
726 4711 921 4763 nostra
943 4707 1050 4762 hoc
1073 4705 1222 4760 idem
1251 4701 1508 4759 studium
1541 4700 1792 4756 ulterius
1821 4714 1962 4770 pro—

321 4801 508 4870 movit,
529 4799 773 4856 aﬁerens
789 4810 855 4851 ex
880 4793 1149 4865 pluribus
1167 4793 1306 4848 aliis
1329 4789 1649 4857 codicibus,
1677 4793 1964 4859 quotquot

323 4895 588 4960 prastare
599 4885 952 4955 antiquitate
969 4882 1350 4953 percepimus,
1363 4877 1956 4934 varianteslectiones.

319 4981 506 5048 Neque
531 4977 584 5032 is
613 4975 729 5031 erit
761 4973 1045 5028 terminus
1069 4977 1313 5026 conatus
1335 4967 1541 5036 nostri,
1576 4980 1676 5035 pro
1698 4965 1962 5021 veritatis

321 5066 610 5122 historica
631 5062 1120 5119 demonstratione
1140 5057 1416 5127 suscepti.
1438 5056 1720 5124 Cupimus
1742 5054 1885 5123 ipsa,
1910 5054 1960 5108 si

319 5155 504 5219 liceat,
523 5153 868 5208 documenta
889 5148 1078 5203 oculis
1099 5146 1357 5203 omnium
1377 5143 1683 5212 subjicere.
1704 5143 1962 5197 Indicata

321 5244 532 5299 idcirco
559 5245 699 5296 sunt
722 5238 782 5292 in
810 5235 1146 5307 prafatione
1173 5234 1389 5303 prioris
1416 5232 1554 5288 tomi
1581 5230 1823 5300 antiqua
1851 5245 1964 5286 mo-

323 5335 608 5400 numenta,
629 5342 757 5400 qua
776 5327 1028 5398 genuina
1050 5323 1384 5379 testimonia
1403 5328 1559 5391 sunt,
1581 5321 1734 5375 atati
1756 5327 1963 5375 nostra

327 5422 677 5488 praservata,
733 5415 801 5471 ad
857 5413 1043 5470 fontes
1084 5413 1262 5481 hujus
1302 5411 1564 5466 historia
1601 5408 1960 5478 aperiendas.

325 5511 479 5564 Nunc
498 5508 670 5563 etiam
693 5503 949 5573 exempla
966 5508 1373 5557 monstramus.
1397 5499 1501 5569 qui
1519 5498 1688 5554 ﬁdem
1701 5503 1966 5552 astruant

325 5612 385 5652 ac
408 5594 770 5667 prasentiam
801 5590 1222 5661 quodammodo
1269 5586 1520 5644 referant
1565 5585 1964 5657 autographo—

329 5697 471 5740 rum.
521 5684 603 5739 Ea
641 5693 776 5737 vero
823 5684 961 5734 sunt
1005 5681 1269 5732 accurate
1313 5673 1600 5730 delineata
1648 5673 1966 5744 specimina

2052 1936 2526 2004 prastantissimo
2551 1936 2876 1990 litterarum
2900 1932 3140 1998 fautore,
3167 1931 3380 2000 sapius
3407 1928 3550 1983 mihi
3577 1941 3702 1982 me—

2053 2025 2349 2093 morando,
2383 2024 2712 2079 marchione
2741 2021 3017 2078 Mauritio
3047 2022 3116 2076 de
3145 2019 3416 2087 Sanctiis,
3456 2017 3699 2072 celsitu-

2052 2112 2177 2166 dini
2193 2127 2356 2167 suaa
2373 2112 2764 2167 sanctioribus
2779 2110 3048 2165 conciliis
3064 2116 3121 2163 et
3145 2108 3216 2162 ab
3235 2106 3465 2161 arcanis
3485 2106 3700 2159 Status.

2053 2200 2344 2268 Specimen
2382 2201 2602 2272 pagina
2648 2197 2734 2265 l6,
2783 2200 2842 2254 in
2887 2212 2998 2269 qua
3026 2196 3271 2267 Eugenii
3315 2207 3474 2264 papa
3517 2195 3538 2245 Ι
3577 2193 3706 2246 Vita

2057 2289 2279 2360 integra
2297 2290 2704 2346 continebatur
2721 2287 3156 2342 accuratissime
3170 2283 3583 2350 transcriptum
3607 2279 3706 2333 ille

2053 2378 2122 2432 ad
2144 2378 2589 2446 metransmisit,
2609 2377 2759 2446 quod
2779 2389 2888 2430 are
2903 2375 3151 2429 incisum
3169 2371 3384 2441 protuli
3408 2383 3534 2440 pag.
3556 2381 3705 2423 xxni

2055 2465 2176 2532 (col.
2207 2462 2329 2530 449,
2360 2462 2484 2535 450)
2509 2466 2578 2520 ad
2605 2464 2850 2533 exempli
2885 2463 3073 2517 ﬁdem.
3105 2461 3409 2528 Supererat
3445 2464 3510 2512 ut
3533 2457 3706 2511 etiam

2054 2553 2124 2607 de
2178 2554 2526 2608 Florentinis
2579 2551 2900 2621 codicibus,
2951 2557 3244 2617 tantopere
3293 2543 3708 2602 commendatis

2055 2641 2126 2694 ab
2173 2642 2488 2711 Holstenio,
2539 2641 2773 2697 lectoris
2827 2638 3042 2696 eruditi
3100 2642 3343 2691 mentem
3391 2641 3449 2690 et
3507 2631 3708 2689 oculos

2059 2726 2299 2785 facerem
2338 2732 2629 2786 certiores.

2129 2847 2243 2900 VII.
2275 2846 2433 2914 Quod
2466 2847 2521 2900 in
2553 2846 2706 2900 notis
2729 2845 2798 2899 ad
2829 2843 3106 2912 opuscula
3137 2841 3408 2911 pradicta
3440 2841 3706 2908 negatum

2060 2935 2204 2990 mihi
2253 2935 2476 3005 tibique
2508 2933 2712 3001 fuerat,
2757 2933 2933 2988 lector
2972 2931 3260 2999 benevole,
3293 2928 3518 2983 abunde
3558 2939 3711 2982 nunc

2060 3024 2452 3079 ministratum
2487 3023 2774 3092 appendix
2809 3023 2918 3076 ista
2950 3020 3099 3075 bono
3128 3033 3258 3074 cum
3297 3016 3534 3072 numine
3565 3014 3710 3071 offe-

1975 3143 2026 3206 Ο
2059 3118 2162 3206 ret.
2223 3112 2531 3206 istc-ceptum
2589 3124 2723 3165 vero
2790 3108 3004 3164 referas
3059 3105 3447 3162 beneﬁcentia
3503 3102 3710 3172 optimi

2059 3199 2366 3268 principis,
2398 3199 2621 3253 domini
2655 3203 2711 3252 et
2738 3197 3062 3252 Macenatis
3108 3195 3313 3262 nostri,
3347 3207 3412 3247 ac
3455 3191 3712 3246 sanctis-

2059 3287 2193 3344 simi
2243 3288 2429 3342 Patris
2471 3286 2856 3341 CLEMENTIS
2885 3287 2983 3355 XI,
3036 3285 3137 3354 qui
3182 3296 3310 3337 cum
3356 3295 3427 3335 ex
3474 3279 3712 3350 Egypto

2058 3377 2270 3432 Arabia
2296 3383 2350 3431 et
2371 3377 2535 3446 Syria
2556 3377 2754 3444 copias
2778 3373 3118 3442 litterarias,
3149 3369 3463 3439 prasertim
3491 3379 3708 3432 sacras,

2065 3466 2125 3520 in
2163 3464 2368 3520 Urbem
2409 3463 2649 3519 convehi
2703 3461 2954 3516 feliciter
2992 3457 3300 3523 curaverit,
3351 3468 3554 3522 passus
3600 3465 3714 3508 non

2063 3560 2152 3608 est
2170 3553 2457 3606 viciniora
2481 3551 2596 3605 hac
2622 3548 2883 3604 subsidia
2908 3545 3167 3601 historia
3192 3541 3501 3613 pontiﬁcia
3525 3541 3584 3595 in
3611 3540 3715 3596 hac

2063 3641 2333 3696 Vaticana
2367 3638 2623 3693 editione
2649 3635 2991 3691 desiderari.
3039 3635 3124 3687 Me
3169 3645 3297 3687 cum
3335 3630 3585 3700 deligere
3618 3627 3717 3682 ille

2066 3727 2401 3798 placuisset,
2435 3738 2536 3793 pro
2563 3723 2899 3779 conﬁrmata
2930 3722 3141 3792 viginti
3163 3732 3443 3774 annorum
3470 3717 3715 3772 clemen-

2065 3816 2287 3884 tia,qua
2301 3814 2517 3869 studiis
2531 3809 3643 3881 nostrisindulgentissimumpatronum
3659 3816 3718 3857 se

2066 3903 2420 3972 comprobat,
2443 3901 2510 3956 ad
2534 3901 2788 3972 insignia
2810 3899 3032 3954 collata
3052 3896 3364 3967 dignitatis
3386 3891 3719 3963 perferenda

2067 3991 2529 4046 eminentissimo
2550 3987 2831 4043 cardinali
2854 3987 3058 4041 Joanni
3081 3983 3386 4039 Francisco
3408 3979 3720 4036 Barbadico

2067 4077 2410 4148 (litterarum
2452 4076 2836 4145 patrocinium
2883 4085 2997 4128 non
3037 4072 3290 4142 segniter
3320 4067 3606 4123 exercenti
3652 4079 3721 4120 ex

2072 4179 2188 4234 quo
2234 4164 2498 4220 Ecclesia
2540 4161 2855 4217 Veronensi
2897 4161 3069 4215 datus
3109 4159 3436 4226 episcopus,
3485 4160 3605 4208 tum
3649 4152 3718 4207 ad

2072 4254 2424 4309 Brixiensem
2460 4251 2799 4319 translatus,
2832 4249 3143 4317 utrobique
3173 4246 3419 4301 clariora
3451 4241 3724 4297 excitavit

2074 4341 2323 4414 ingenia)
2351 4341 2577 4410 copiam
2605 4339 2743 4394 fecit
2768 4351 2880 4394 non
2914 4337 3080 4392 modo
3105 4333 3356 4390 adeundi
3383 4333 3640 4386 Parmam
3668 4334 3727 4384 et

1993 4415 2048 4476 D
2072 4431 2444 4498 Florentiam,
2477 4428 2579 4484 ubi
2611 4428 2838 4483 codices
2871 4425 2960 4480 illi
2991 4421 3349 4494 pontiﬁcales
3376 4419 3726 4488 antiquitate

2071 4518 2414 4588 spectabiles
2443 4521 2834 4576 asservantur,
2876 4526 3074 4567 verum
3116 4511 3288 4565 etiam
3335 4503 3723 4577 perlustrandi

2070 4607 2426 4680 autographa
2460 4607 2800 4661 documenta
2841 4601 3230 4670 complurium
3273 4597 3638 4652 archivorum
3672 4598 3727 4647 et

2072 4696 2482 4752 ecclesiarum:
2530 4699 2657 4762 dua
2694 4691 2844 4746 lucis
2891 4689 3135 4759 publica
3179 4698 3412 4742 usuram
3451 4697 3581 4738 cum
3619 4693 3727 4735 me-

2074 4792 2309 4840 reantur
2351 4796 2513 4852 aque
2556 4795 2622 4836 ac
2652 4782 2794 4834 Vita
2843 4777 3207 4843 Pontificum,
3255 4788 3286 4828 a
3334 4769 3725 4827 conterraneis

2073 4873 2216 4927 meis
2245 4871 2570 4926 editoribus
2600 4875 2908 4937 acceptura
2941 4879 3062 4921 esse
3103 4860 3448 4932 quantocius
3477 4856 3720 4912 conﬁdo.

2071 4963 2248 5016 Ratus
2280 4959 2475 5027 itaque
2504 4971 2538 5011 a
2570 4971 2657 5010 me
2680 4954 3091 5010 conferendum
3125 4946 3476 5004 tantumdem
3508 4943 3723 4999 laboris

2070 5063 2135 5102 ac
2162 5046 2501 5118 diligentia,
2531 5048 2808 5115 quantum
2840 5038 3246 5096 sanctissimus
3277 5036 3439 5090 Pater
3470 5033 3722 5103 largitus

2071 5135 2257 5192 fuerat
2315 5133 2572 5204 prasidii
2626 5131 2696 5186 ad
2752 5129 2869 5185 hac
2929 5127 3286 5182 munimenta
3341 5121 3721 5192 comparanda

2070 5225 2339 5281 Historia
2384 5221 2720 5293 pontiﬁcum
2753 5220 2993 5288 ejusque
3024 5216 3292 5284 editioni,
3329 5209 3723 5280 inspiciendos

2072 5314 2215 5369 mihi
2247 5326 2370 5368 esse
2390 5311 2533 5367 duxi
2560 5309 2787 5364 codices
2815 5305 3227 5360 Farnesianum
3250 5317 3314 5357 ac
3336 5298 3719 5369 Florentinos,

2072 5417 2137 5460 ac
2156 5400 2564 5458 describendos
2590 5398 2665 5453 iis
2692 5396 2890 5453 saltem
2917 5395 3180 5466 partibus
3201 5404 3327 5461 qua
3354 5387 3575 5443 lumina
3595 5388 3722 5443 evi-

2071 5491 2334 5549 dentiora
2361 5487 2692 5558 praferrent
2713 5485 2998 5542 studiosis
3027 5477 3398 5548 antiquitatis
3423 5491 3487 5532 ac
3519 5477 3720 5532 verita-

2076 5583 2170 5636 tis.
2204 5580 2344 5635 Cum
2388 5577 2761 5632 beneﬁcentia
2793 5571 3084 5642 pontiﬁcis
3116 5566 3353 5621 maximi
3385 5565 3627 5621 certavit
3657 5564 3720 5620 in

2076 5670 2269 5727 labore
2313 5670 2509 5722 nostro
2547 5662 2790 5718 fovendo
2834 5665 3007 5727 atque
3054 5655 3311 5712 ornando
3361 5651 3719 5711 serenissimi
