  <div class='ocr_page' id='page_1' title='image "/cluster/home/n/w/nwhite01/storage/ocr_20150623/127/hvd.32044054759881/117.png"; bbox 0 0 2030 3088; ppageno 0'>
   <div class='ocr_carea' id='block_1_1' title="bbox 185 154 238 184">
    <p class='ocr_par' dir='ltr' id='par_1_1' title="bbox 185 154 238 184">
     <span class='ocr_line' id='line_1_1' title="bbox 185 154 238 184; baseline 0 0"><span class='ocrx_word' id='word_1_1' title='bbox 185 154 238 184; x_wconf 69' lang='lat'><strong>223</strong></span> 
     </span>
    </p>
   </div>
   <div class='ocr_carea' id='block_1_2' title="bbox 579 157 1483 187">
    <p class='ocr_par' dir='ltr' id='par_1_2' title="bbox 579 157 1483 187">
     <span class='ocr_line' id='line_1_2' title="bbox 579 157 1483 187; baseline 0.002 -2"><span class='ocrx_word' id='word_1_2' title='bbox 579 157 625 185; x_wconf 86' lang='lat' dir='ltr'><strong>AD</strong></span> <span class='ocrx_word' id='word_1_3' title='bbox 644 157 861 185; x_wconf 82' lang='lat' dir='ltr'><strong>ANASTASIUM</strong></span> <span class='ocrx_word' id='word_1_4' title='bbox 879 157 1138 186; x_wconf 74' lang='lat' dir='ltr'><strong>PROLOGOMENA</strong></span> <span class='ocrx_word' id='word_1_5' title='bbox 1157 158 1245 187; x_wconf 81' lang='lat' dir='ltr'><strong>EDIT.</strong></span> <span class='ocrx_word' id='word_1_6' title='bbox 1268 158 1483 187; x_wconf 81' lang='lat' dir='ltr'><strong>ROM.—VATIC.</strong></span> 
     </span>
    </p>
   </div>
   <div class='ocr_carea' id='block_1_3' title="bbox 1826 157 1883 186">
    <p class='ocr_par' dir='ltr' id='par_1_3' title="bbox 1826 157 1883 186">
     <span class='ocr_line' id='line_1_3' title="bbox 1826 157 1883 186; baseline 0 0"><span class='ocrx_word' id='word_1_7' title='bbox 1826 157 1883 186; x_wconf 73' lang='grc'><strong>224</strong></span> 
     </span>
    </p>
   </div>
   <div class='ocr_carea' id='block_1_4' title="bbox 184 219 1879 254">
    <p class='ocr_par' dir='ltr' id='par_1_4' title="bbox 184 219 1879 254">
     <span class='ocr_line' id='line_1_4' title="bbox 184 219 1879 254; baseline 0.001 -8"><span class='ocrx_word' id='word_1_8' title='bbox 184 219 268 246; x_wconf 91' lang='lat' dir='ltr'><strong>ducis</strong></span> <span class='ocrx_word' id='word_1_9' title='bbox 279 219 594 247; x_wconf 83' lang='lat' dir='ltr'><strong>ParmensisFrancisci</strong></span> <span class='ocrx_word' id='word_1_10' title='bbox 607 219 717 247; x_wconf 78' lang='lat' dir='ltr'><strong>[effusa</strong></span> <span class='ocrx_word' id='word_1_11' title='bbox 730 219 758 246; x_wconf 93' lang='lat' dir='ltr'><strong>in</strong></span> <span class='ocrx_word' id='word_1_12' title='bbox 772 226 814 246; x_wconf 91' lang='lat' dir='ltr'><strong>me</strong></span> <span class='ocrx_word' id='word_1_13' title='bbox 827 219 1003 247; x_wconf 73' lang='lat' dir='ltr'><strong>liberalitas:</strong></span> <span class='ocrx_word' id='word_1_14' title='bbox 1020 220 1049 249; x_wconf 92' lang='lat' dir='ltr'>A</span> <span class='ocrx_word' id='word_1_15' title='bbox 1060 220 1246 254; x_wconf 82' lang='lat' dir='ltr'><strong>Pontiﬁcalis,</strong></span> <span class='ocrx_word' id='word_1_16' title='bbox 1263 226 1278 247; x_wconf 90' lang='lat' dir='ltr'><strong>a</strong></span> <span class='ocrx_word' id='word_1_17' title='bbox 1293 220 1319 247; x_wconf 91' lang='lat' dir='ltr'><strong>S.</strong></span> <span class='ocrx_word' id='word_1_18' title='bbox 1341 221 1423 248; x_wconf 85' lang='lat' dir='ltr'><strong>Petro</strong></span> <span class='ocrx_word' id='word_1_19' title='bbox 1438 226 1593 248; x_wconf 84' lang='lat' dir='ltr'><strong>excurrens</strong></span> <span class='ocrx_word' id='word_1_20' title='bbox 1607 219 1640 247; x_wconf 90' lang='lat' dir='ltr'><strong>ad</strong></span> <span class='ocrx_word' id='word_1_21' title='bbox 1656 219 1683 247; x_wconf 91' lang='lat' dir='ltr'><strong>S.</strong></span> <span class='ocrx_word' id='word_1_22' title='bbox 1701 219 1879 254; x_wconf 79' lang='lat' dir='ltr'><strong>Zachariam,</strong></span> 
     </span>
    </p>
   </div>
   <div class='ocr_carea' id='block_1_5' title="bbox 184 254 1005 289">
    <p class='ocr_par' dir='ltr' id='par_1_5' title="bbox 184 254 1005 289">
     <span class='ocr_line' id='line_1_5' title="bbox 184 254 1005 289; baseline 0.001 -8"><span class='ocrx_word' id='word_1_23' title='bbox 184 261 247 282; x_wconf 89' lang='lat' dir='ltr'><strong>cum</strong></span> <span class='ocrx_word' id='word_1_24' title='bbox 271 257 366 288; x_wconf 79' lang='lat' dir='ltr'><strong>patere</strong></span> <span class='ocrx_word' id='word_1_25' title='bbox 389 255 460 281; x_wconf 94' lang='lat' dir='ltr'><strong>mihi</strong></span> <span class='ocrx_word' id='word_1_26' title='bbox 486 254 661 282; x_wconf 77' lang='lat' dir='ltr'><strong>mandaverit</strong></span> <span class='ocrx_word' id='word_1_27' title='bbox 683 254 814 282; x_wconf 89' lang='lat' dir='ltr'><strong>universa</strong></span> <span class='ocrx_word' id='word_1_28' title='bbox 834 255 1005 289; x_wconf 73' lang='lat' dir='ltr'><strong>antiquaria:</strong></span> 
     </span>
    </p>
   </div>
   <div class='ocr_carea' id='block_1_6' title="bbox 183 289 1002 324">
    <p class='ocr_par' dir='ltr' id='par_1_6' title="bbox 183 289 1002 324">
     <span class='ocr_line' id='line_1_6' title="bbox 183 289 1002 324; baseline 0.001 -8"><span class='ocrx_word' id='word_1_29' title='bbox 183 297 217 316; x_wconf 90' lang='lat' dir='ltr'><strong>ac</strong></span> <span class='ocrx_word' id='word_1_30' title='bbox 239 289 389 316; x_wconf 73' lang='lat' dir='ltr'><strong>litterariae</strong></span> <span class='ocrx_word' id='word_1_31' title='bbox 413 297 486 324; x_wconf 68' lang='lat' dir='ltr'><strong>gaza!</strong></span> <span class='ocrx_word' id='word_1_32' title='bbox 508 297 566 317; x_wconf 66' lang='lat' dir='ltr'><strong>suae</strong></span> <span class='ocrx_word' id='word_1_33' title='bbox 590 293 780 320; x_wconf 80' lang='lat' dir='ltr'><strong>monumenta,</strong></span> <span class='ocrx_word' id='word_1_34' title='bbox 805 293 864 317; x_wconf 93' lang='lat' dir='ltr'><strong>tum</strong></span> <span class='ocrx_word' id='word_1_35' title='bbox 889 291 1002 323; x_wconf 64' lang='lat' dir='ltr'><strong>Parmae,</strong></span> 
     </span>
    </p>
   </div>
   <div class='ocr_carea' id='block_1_7' title="bbox 184 325 1005 359">
    <p class='ocr_par' dir='ltr' id='par_1_7' title="bbox 184 325 1005 359">
     <span class='ocr_line' id='line_1_7' title="bbox 184 325 1005 359; baseline 0.001 -7"><span class='ocrx_word' id='word_1_36' title='bbox 184 328 244 352; x_wconf 92' lang='lat' dir='ltr'><strong>tum</strong></span> <span class='ocrx_word' id='word_1_37' title='bbox 262 325 388 359; x_wconf 91' lang='lat' dir='ltr'><strong>Colorni,</strong></span> <span class='ocrx_word' id='word_1_38' title='bbox 406 325 454 352; x_wconf 93' lang='lat' dir='ltr'><strong>ubi</strong></span> <span class='ocrx_word' id='word_1_39' title='bbox 471 325 731 352; x_wconf 85' lang='lat' dir='ltr'><strong>eminentissimum</strong></span> <span class='ocrx_word' id='word_1_40' title='bbox 748 331 780 352; x_wconf 91' lang='lat' dir='ltr'><strong>ac</strong></span> <span class='ocrx_word' id='word_1_41' title='bbox 797 326 1005 353; x_wconf 90' lang='lat' dir='ltr'><strong>reverendissi—</strong></span> 
     </span>
    </p>
   </div>
   <div class='ocr_carea' id='block_1_8' title="bbox 185 360 1002 396">
    <p class='ocr_par' dir='ltr' id='par_1_8' title="bbox 185 360 1002 396">
     <span class='ocr_line' id='line_1_8' title="bbox 185 360 1002 396; baseline 0.002 -10"><span class='ocrx_word' id='word_1_42' title='bbox 185 367 262 387; x_wconf 91' lang='lat' dir='ltr'><strong>mum</strong></span> <span class='ocrx_word' id='word_1_43' title='bbox 279 361 310 386; x_wconf 92' lang='lat' dir='ltr'>D.</span> <span class='ocrx_word' id='word_1_44' title='bbox 336 361 510 388; x_wconf 87' lang='lat' dir='ltr'><strong>cardinalem</strong></span> <span class='ocrx_word' id='word_1_45' title='bbox 529 360 721 387; x_wconf 84' lang='lat' dir='ltr'><strong>Gozzadinum</strong></span> <span class='ocrx_word' id='word_1_46' title='bbox 744 361 831 396; x_wconf 82' lang='lat' dir='ltr'><strong>regia,</strong></span> <span class='ocrx_word' id='word_1_47' title='bbox 849 367 904 395; x_wconf 86' lang='lat' dir='ltr'><strong>qua</strong></span> <span class='ocrx_word' id='word_1_48' title='bbox 921 361 1002 396; x_wconf 87' lang='lat' dir='ltr'><strong>solet,</strong></span> 
     </span>
    </p>
   </div>
   <div class='ocr_carea' id='block_1_9' title="bbox 185 395 1004 430">
    <p class='ocr_par' dir='ltr' id='par_1_9' title="bbox 185 395 1004 430">
     <span class='ocr_line' id='line_1_9' title="bbox 185 395 1004 430; baseline 0.001 -8"><span class='ocrx_word' id='word_1_49' title='bbox 185 395 397 430; x_wconf 77' lang='lat' dir='ltr'><strong>magniﬁcentia</strong></span> <span class='ocrx_word' id='word_1_50' title='bbox 414 396 553 430; x_wconf 89' lang='lat' dir='ltr'><strong>hospitem</strong></span> <span class='ocrx_word' id='word_1_51' title='bbox 569 399 736 429; x_wconf 76' lang='lat' dir='ltr'><strong>exceperat;</strong></span> <span class='ocrx_word' id='word_1_52' title='bbox 755 395 811 430; x_wconf 85' lang='lat' dir='ltr'><strong>quo</strong></span> <span class='ocrx_word' id='word_1_53' title='bbox 825 396 910 423; x_wconf 89' lang='lat' dir='ltr'><strong>etiam</strong></span> <span class='ocrx_word' id='word_1_54' title='bbox 929 395 1004 423; x_wconf 86' lang='lat' dir='ltr'><strong>ultro</strong></span> 
     </span>
    </p>
   </div>
   <div class='ocr_carea' id='block_1_10' title="bbox 185 431 1003 466">
    <p class='ocr_par' dir='ltr' id='par_1_10' title="bbox 185 431 1003 466">
     <span class='ocr_line' id='line_1_10' title="bbox 185 431 1003 466; baseline 0.001 -9"><span class='ocrx_word' id='word_1_55' title='bbox 185 437 229 457; x_wconf 90' lang='lat' dir='ltr'><strong>me</strong></span> <span class='ocrx_word' id='word_1_56' title='bbox 252 431 444 465; x_wconf 86' lang='lat' dir='ltr'><strong>profecturum</strong></span> <span class='ocrx_word' id='word_1_57' title='bbox 473 438 615 458; x_wconf 83' lang='lat' dir='ltr'><strong>accersere</strong></span> <span class='ocrx_word' id='word_1_58' title='bbox 640 432 776 466; x_wconf 86' lang='lat' dir='ltr'><strong>dignatus</strong></span> <span class='ocrx_word' id='word_1_59' title='bbox 801 438 849 465; x_wconf 91' lang='lat' dir='ltr'><strong>per</strong></span> <span class='ocrx_word' id='word_1_60' title='bbox 875 432 1003 459; x_wconf 87' lang='lat' dir='ltr'><strong>triduum</strong></span> 
     </span>
    </p>
   </div>
   <div class='ocr_carea' id='block_1_11' title="bbox 186 466 1004 501">
    <p class='ocr_par' dir='ltr' id='par_1_11' title="bbox 186 466 1004 501">
     <span class='ocr_line' id='line_1_11' title="bbox 186 466 1004 501; baseline 0 -8"><span class='ocrx_word' id='word_1_61' title='bbox 186 466 328 500; x_wconf 73' lang='lat' dir='ltr'><strong>integrum</strong></span> <span class='ocrx_word' id='word_1_62' title='bbox 340 466 497 493; x_wconf 80' lang='lat' dir='ltr'><strong>cumulavit</strong></span> <span class='ocrx_word' id='word_1_63' title='bbox 510 467 587 493; x_wconf 92' lang='lat' dir='ltr'><strong>omni</strong></span> <span class='ocrx_word' id='word_1_64' title='bbox 603 473 703 501; x_wconf 82' lang='lat' dir='ltr'><strong>genere</strong></span> <span class='ocrx_word' id='word_1_65' title='bbox 720 467 933 494; x_wconf 64' lang='lat' dir='ltr'><strong>muniﬁcentiae.</strong></span> <span class='ocrx_word' id='word_1_66' title='bbox 948 467 1004 494; x_wconf 90' lang='lat' dir='ltr'><strong>Co-</strong></span> 
     </span>
    </p>
   </div>
   <div class='ocr_carea' id='block_1_12' title="bbox 184 501 1005 536">
    <p class='ocr_par' dir='ltr' id='par_1_12' title="bbox 184 501 1005 536">
     <span class='ocr_line' id='line_1_12' title="bbox 184 501 1005 536; baseline 0.001 -8"><span class='ocrx_word' id='word_1_67' title='bbox 184 501 274 528; x_wconf 89' lang='lat' dir='ltr'><strong>dicem</strong></span> <span class='ocrx_word' id='word_1_68' title='bbox 289 502 384 536; x_wconf 86' lang='lat' dir='ltr'><strong>itaque</strong></span> <span class='ocrx_word' id='word_1_69' title='bbox 397 502 597 529; x_wconf 86' lang='lat' dir='ltr'><strong>Farnesianum</strong></span> <span class='ocrx_word' id='word_1_70' title='bbox 614 502 683 529; x_wconf 91' lang='lat' dir='ltr'><strong>mihi</strong></span> <span class='ocrx_word' id='word_1_71' title='bbox 700 509 749 536; x_wconf 87' lang='lat' dir='ltr'><strong>pro</strong></span> <span class='ocrx_word' id='word_1_72' title='bbox 765 502 859 529; x_wconf 90' lang='lat' dir='ltr'><strong>lubitu</strong></span> <span class='ocrx_word' id='word_1_73' title='bbox 871 502 1005 529; x_wconf 85' lang='lat' dir='ltr'><strong>evolven-</strong></span> 
     </span>
    </p>
   </div>
   <div class='ocr_carea' id='block_1_13' title="bbox 183 537 1002 571">
    <p class='ocr_par' dir='ltr' id='par_1_13' title="bbox 183 537 1002 571">
     <span class='ocr_line' id='line_1_13' title="bbox 183 537 1002 571; baseline 0.001 -8"><span class='ocrx_word' id='word_1_74' title='bbox 183 537 250 564; x_wconf 93' lang='lat' dir='ltr'><strong>dum</strong></span> <span class='ocrx_word' id='word_1_75' title='bbox 263 543 295 563; x_wconf 90' lang='lat' dir='ltr'><strong>ac</strong></span> <span class='ocrx_word' id='word_1_76' title='bbox 303 537 520 564; x_wconf 90' lang='lat' dir='ltr'><strong>describendum</strong></span> <span class='ocrx_word' id='word_1_77' title='bbox 530 538 658 564; x_wconf 89' lang='lat' dir='ltr'><strong>contradi</strong></span> <span class='ocrx_word' id='word_1_78' title='bbox 669 537 743 571; x_wconf 86' lang='lat' dir='ltr'><strong>jussi</strong></span> <span class='ocrx_word' id='word_1_79' title='bbox 754 544 803 571; x_wconf 92' lang='lat' dir='ltr'><strong>per</strong></span> <span class='ocrx_word' id='word_1_80' title='bbox 812 538 1002 565; x_wconf 88' lang='lat' dir='ltr'><strong>marchionem</strong></span> 
     </span>
    </p>
   </div>
   <div class='ocr_carea' id='block_1_14' title="bbox 184 572 1004 600">
    <p class='ocr_par' dir='ltr' id='par_1_14' title="bbox 184 572 1004 600">
     <span class='ocr_line' id='line_1_14' title="bbox 184 572 1004 600; baseline 0.002 -2"><span class='ocrx_word' id='word_1_81' title='bbox 184 572 350 598; x_wconf 86' lang='lat' dir='ltr'><strong>Mauritium</strong></span> <span class='ocrx_word' id='word_1_82' title='bbox 368 573 401 598; x_wconf 89' lang='lat' dir='ltr'><strong>de</strong></span> <span class='ocrx_word' id='word_1_83' title='bbox 416 572 541 599; x_wconf 87' lang='lat' dir='ltr'><strong>Sanctiis</strong></span> <span class='ocrx_word' id='word_1_84' title='bbox 551 576 632 599; x_wconf 88' lang='lat' dir='ltr'><strong>antea</strong></span> <span class='ocrx_word' id='word_1_85' title='bbox 645 575 839 599; x_wconf 84' lang='lat' dir='ltr'><strong>memoratum.</strong></span> <span class='ocrx_word' id='word_1_86' title='bbox 859 574 895 600; x_wconf 86' lang='lat' dir='ltr'><strong>Eo</strong></span> <span class='ocrx_word' id='word_1_87' title='bbox 910 576 1004 600; x_wconf 90' lang='lat' dir='ltr'><strong>autem</strong></span> 
     </span>
    </p>
   </div>
   <div class='ocr_carea' id='block_1_15' title="bbox 185 607 1003 642">
    <p class='ocr_par' dir='ltr' id='par_1_15' title="bbox 185 607 1003 642">
     <span class='ocr_line' id='line_1_15' title="bbox 185 607 1003 642; baseline 0.002 -9"><span class='ocrx_word' id='word_1_88' title='bbox 185 607 331 634; x_wconf 88' lang='lat' dir='ltr'><strong>lubentius</strong></span> <span class='ocrx_word' id='word_1_89' title='bbox 359 607 484 641; x_wconf 87' lang='lat' dir='ltr'><strong>impendi</strong></span> <span class='ocrx_word' id='word_1_90' title='bbox 503 611 641 642; x_wconf 88' lang='lat' dir='ltr'><strong>quantum</strong></span> <span class='ocrx_word' id='word_1_91' title='bbox 669 608 698 634; x_wconf 93' lang='lat' dir='ltr'><strong>in</strong></span> <span class='ocrx_word' id='word_1_92' title='bbox 717 615 759 635; x_wconf 92' lang='lat' dir='ltr'><strong>me</strong></span> <span class='ocrx_word' id='word_1_93' title='bbox 783 610 843 635; x_wconf 86' lang='lat' dir='ltr'><strong>erat</strong></span> <span class='ocrx_word' id='word_1_94' title='bbox 862 609 952 636; x_wconf 91' lang='lat' dir='ltr'><strong>studii</strong></span> <span class='ocrx_word' id='word_1_95' title='bbox 975 609 1003 635; x_wconf 93' lang='lat' dir='ltr'><strong>in</strong></span> 
     </span>
    </p>
   </div>
   <div class='ocr_carea' id='block_1_16' title="bbox 183 641 1005 677">
    <p class='ocr_par' dir='ltr' id='par_1_16' title="bbox 183 641 1005 677">
     <span class='ocr_line' id='line_1_16' title="bbox 183 641 1005 677; baseline 0.001 -8"><span class='ocrx_word' id='word_1_96' title='bbox 183 641 258 669; x_wconf 92' lang='lat' dir='ltr'><strong>libro</strong></span> <span class='ocrx_word' id='word_1_97' title='bbox 274 642 459 677; x_wconf 74' lang='lat' dir='ltr'><strong>consulendo,</strong></span> <span class='ocrx_word' id='word_1_98' title='bbox 483 641 554 670; x_wconf 34' lang='lat' dir='ltr'><strong>et’in</strong></span> <span class='ocrx_word' id='word_1_99' title='bbox 572 643 742 670; x_wconf 88' lang='lat' dir='ltr'><strong>conferendo</strong></span> <span class='ocrx_word' id='word_1_100' title='bbox 762 644 918 677; x_wconf 90' lang='lat' dir='ltr'><strong>specimine</strong></span> <span class='ocrx_word' id='word_1_101' title='bbox 932 643 1005 670; x_wconf 87' lang='lat' dir='ltr'><strong>cha-</strong></span> 
     </span>
    </p>
   </div>
   <div class='ocr_carea' id='block_1_17' title="bbox 183 678 1003 713">
    <p class='ocr_par' dir='ltr' id='par_1_17' title="bbox 183 678 1003 713">
     <span class='ocr_line' id='line_1_17' title="bbox 183 678 1003 713; baseline 0.002 -9"><span class='ocrx_word' id='word_1_102' title='bbox 183 678 313 711; x_wconf 87' lang='lat' dir='ltr'><strong>racteris,</strong></span> <span class='ocrx_word' id='word_1_103' title='bbox 327 678 384 712; x_wconf 90' lang='lat' dir='ltr'><strong>jam</strong></span> <span class='ocrx_word' id='word_1_104' title='bbox 397 679 566 705; x_wconf 86' lang='lat' dir='ltr'><strong>transmisso</strong></span> <span class='ocrx_word' id='word_1_105' title='bbox 577 679 605 705; x_wconf 92' lang='lat' dir='ltr'><strong>in</strong></span> <span class='ocrx_word' id='word_1_106' title='bbox 622 679 684 705; x_wconf 82' lang='lat' dir='ltr'><strong>\‘ita</strong></span> <span class='ocrx_word' id='word_1_107' title='bbox 694 679 721 705; x_wconf 91' lang='lat' dir='ltr'><strong>S.</strong></span> <span class='ocrx_word' id='word_1_108' title='bbox 734 679 865 713; x_wconf 85' lang='lat' dir='ltr'><strong>Eugenii,</strong></span> <span class='ocrx_word' id='word_1_109' title='bbox 879 679 1003 709; x_wconf 83' lang='lat' dir='ltr'><strong>aliisque</strong></span> 
     </span>
    </p>
   </div>
   <div class='ocr_carea' id='block_1_18' title="bbox 183 713 1001 748">
    <p class='ocr_par' dir='ltr' id='par_1_18' title="bbox 183 713 1001 748">
     <span class='ocr_line' id='line_1_18' title="bbox 183 713 1001 748; baseline 0.002 -9"><span class='ocrx_word' id='word_1_110' title='bbox 183 713 296 747; x_wconf 73' lang='lat' dir='ltr'><strong>paginis</strong></span> <span class='ocrx_word' id='word_1_111' title='bbox 309 713 507 740; x_wconf 89' lang='lat' dir='ltr'><strong>describendis</strong></span> <span class='ocrx_word' id='word_1_112' title='bbox 521 721 554 740; x_wconf 88' lang='lat' dir='ltr'><strong>ex</strong></span> <span class='ocrx_word' id='word_1_113' title='bbox 571 714 620 740; x_wconf 92' lang='lat' dir='ltr'><strong>illo</strong></span> <span class='ocrx_word' id='word_1_114' title='bbox 635 714 820 741; x_wconf 88' lang='lat' dir='ltr'><strong>celeberrimo</strong></span> <span class='ocrx_word' id='word_1_115' title='bbox 835 715 1001 748; x_wconf 84' lang='lat' dir='ltr'><strong>exemplari,</strong></span> 
     </span>
    </p>
   </div>
   <div class='ocr_carea' id='block_1_19' title="bbox 182 748 1002 784">
    <p class='ocr_par' dir='ltr' id='par_1_19' title="bbox 182 748 1002 784">
     <span class='ocr_line' id='line_1_19' title="bbox 182 748 1002 784; baseline 0.001 -9"><span class='ocrx_word' id='word_1_116' title='bbox 182 754 239 782; x_wconf 90' lang='lat' dir='ltr'><strong>quo</strong></span> <span class='ocrx_word' id='word_1_117' title='bbox 247 748 428 782; x_wconf 91' lang='lat' dir='ltr'><strong>splendidius</strong></span> <span class='ocrx_word' id='word_1_118' title='bbox 435 756 467 775; x_wconf 90' lang='lat' dir='ltr'><strong>ac</strong></span> <span class='ocrx_word' id='word_1_119' title='bbox 474 749 534 776; x_wconf 91' lang='lat' dir='ltr'><strong>ﬁrm</strong></span> <span class='ocrx_word' id='word_1_120' title='bbox 541 750 836 776; x_wconf 83' lang='lat' dir='ltr'><strong>iusauctoramcntum</strong></span> <span class='ocrx_word' id='word_1_121' title='bbox 844 750 1002 784; x_wconf 70' lang='lat' dir='ltr'><strong>diligentia:</strong></span> 
     </span>
    </p>
   </div>
   <div class='ocr_carea' id='block_1_20' title="bbox 182 784 1003 818">
    <p class='ocr_par' dir='ltr' id='par_1_20' title="bbox 182 784 1003 818">
     <span class='ocr_line' id='line_1_20' title="bbox 182 784 1003 818; baseline 0.001 -8"><span class='ocrx_word' id='word_1_122' title='bbox 182 791 214 810; x_wconf 88' lang='lat' dir='ltr'><strong>ac</strong></span> <span class='ocrx_word' id='word_1_123' title='bbox 230 784 360 810; x_wconf 83' lang='lat' dir='ltr'><strong>veritatis</strong></span> <span class='ocrx_word' id='word_1_124' title='bbox 376 784 498 817; x_wconf 91' lang='lat' dir='ltr'><strong>positum</strong></span> <span class='ocrx_word' id='word_1_125' title='bbox 516 784 644 811; x_wconf 80' lang='lat' dir='ltr'><strong>videbam</strong></span> <span class='ocrx_word' id='word_1_126' title='bbox 663 785 691 811; x_wconf 90' lang='lat' dir='ltr'><strong>in</strong></span> <span class='ocrx_word' id='word_1_127' title='bbox 705 785 853 818; x_wconf 68' lang='lat' dir='ltr'><strong>praesentia</strong></span> <span class='ocrx_word' id='word_1_128' title='bbox 869 791 900 811; x_wconf 92' lang='lat' dir='ltr'><strong>ac</strong></span> <span class='ocrx_word' id='word_1_129' title='bbox 916 785 1003 811; x_wconf 81' lang='lat' dir='ltr'><strong>testi-</strong></span> 
     </span>
    </p>
   </div>
   <div class='ocr_carea' id='block_1_21' title="bbox 184 819 1002 854">
    <p class='ocr_par' dir='ltr' id='par_1_21' title="bbox 184 819 1002 854">
     <span class='ocr_line' id='line_1_21' title="bbox 184 819 1002 854; baseline 0.002 -9"><span class='ocrx_word' id='word_1_130' title='bbox 184 819 279 846; x_wconf 89' lang='lat' dir='ltr'><strong>monio</strong></span> <span class='ocrx_word' id='word_1_131' title='bbox 295 820 516 846; x_wconf 83' lang='lat' dir='ltr'><strong>eminentissimi</strong></span> <span class='ocrx_word' id='word_1_132' title='bbox 531 820 700 847; x_wconf 85' lang='lat' dir='ltr'><strong>cardinalis:</strong></span> <span class='ocrx_word' id='word_1_133' title='bbox 719 821 765 846; x_wconf 91' lang='lat' dir='ltr'><strong>cui</strong></span> <span class='ocrx_word' id='word_1_134' title='bbox 780 819 871 847; x_wconf 86' lang='lat' dir='ltr'><strong>favere</strong></span> <span class='ocrx_word' id='word_1_135' title='bbox 883 820 1002 854; x_wconf 89' lang='lat' dir='ltr'><strong>optimis</strong></span> 
     </span>
    </p>
   </div>
   <div class='ocr_carea' id='block_1_22' title="bbox 181 854 1001 889">
    <p class='ocr_par' dir='ltr' id='par_1_22' title="bbox 181 854 1001 889">
     <span class='ocr_line' id='line_1_22' title="bbox 181 854 1001 889; baseline 0.001 -8"><span class='ocrx_word' id='word_1_136' title='bbox 181 854 294 881; x_wconf 87' lang='lat' dir='ltr'><strong>artibus</strong></span> <span class='ocrx_word' id='word_1_137' title='bbox 309 854 419 881; x_wconf 89' lang='lat' dir='ltr'><strong>indoles</strong></span> <span class='ocrx_word' id='word_1_138' title='bbox 433 858 500 882; x_wconf 92' lang='lat' dir='ltr'><strong>esta</strong></span> <span class='ocrx_word' id='word_1_139' title='bbox 514 855 669 888; x_wconf 78' lang='lat' dir='ltr'><strong>majoribus</strong></span> <span class='ocrx_word' id='word_1_140' title='bbox 680 859 804 889; x_wconf 85' lang='lat' dir='ltr'><strong>accepta,</strong></span> <span class='ocrx_word' id='word_1_141' title='bbox 819 856 923 882; x_wconf 89' lang='lat' dir='ltr'><strong>nostris</strong></span> <span class='ocrx_word' id='word_1_142' title='bbox 937 862 1001 883; x_wconf 91' lang='lat' dir='ltr'><strong>vero</strong></span> 
     </span>
    </p>
   </div>
   <div class='ocr_carea' id='block_1_23' title="bbox 181 889 1001 924">
    <p class='ocr_par' dir='ltr' id='par_1_23' title="bbox 181 889 1001 924">
     <span class='ocr_line' id='line_1_23' title="bbox 181 889 1001 924; baseline 0.002 -8"><span class='ocrx_word' id='word_1_143' title='bbox 181 889 289 916; x_wconf 91' lang='lat' dir='ltr'><strong>studiis</strong></span> <span class='ocrx_word' id='word_1_144' title='bbox 304 890 441 924; x_wconf 89' lang='lat' dir='ltr'><strong>opitulari</strong></span> <span class='ocrx_word' id='word_1_145' title='bbox 458 891 634 918; x_wconf 88' lang='lat' dir='ltr'><strong>consuetudo</strong></span> <span class='ocrx_word' id='word_1_146' title='bbox 647 890 775 924; x_wconf 90' lang='lat' dir='ltr'><strong>virtutis,</strong></span> <span class='ocrx_word' id='word_1_147' title='bbox 794 897 903 918; x_wconf 88' lang='lat' dir='ltr'><strong>mecum</strong></span> <span class='ocrx_word' id='word_1_148' title='bbox 916 897 1001 918; x_wconf 86' lang='lat' dir='ltr'><strong>exer--</strong></span> 
     </span>
    </p>
   </div>
   <div class='ocr_carea' id='block_1_24' title="bbox 181 925 733 961">
    <p class='ocr_par' dir='ltr' id='par_1_24' title="bbox 181 925 733 961">
     <span class='ocr_line' id='line_1_24' title="bbox 181 925 733 961; baseline 0.002 -10"><span class='ocrx_word' id='word_1_149' title='bbox 181 925 245 952; x_wconf 59' lang='lat' dir='ltr'><strong>citae</strong></span> <span class='ocrx_word' id='word_1_150' title='bbox 260 932 308 959; x_wconf 84' lang='lat' dir='ltr'><strong>per</strong></span> <span class='ocrx_word' id='word_1_151' title='bbox 320 932 410 952; x_wconf 88' lang='lat' dir='ltr'><strong>annos</strong></span> <span class='ocrx_word' id='word_1_152' title='bbox 426 925 490 960; x_wconf 92' lang='lat' dir='ltr'><strong>plus</strong></span> <span class='ocrx_word' id='word_1_153' title='bbox 506 932 589 960; x_wconf 91' lang='lat' dir='ltr'><strong>quam</strong></span> <span class='ocrx_word' id='word_1_154' title='bbox 605 926 733 961; x_wconf 80' lang='lat' dir='ltr'><strong>triginta.</strong></span> 
     </span>
    </p>
   </div>
   <div class='ocr_carea' id='block_1_25' title="bbox 218 961 1004 995">
    <p class='ocr_par' dir='ltr' id='par_1_25' title="bbox 218 961 1004 995">
     <span class='ocr_line' id='line_1_25' title="bbox 218 961 1004 995; baseline 0.003 -8"><span class='ocrx_word' id='word_1_155' title='bbox 218 961 284 987; x_wconf 83' lang='lat' dir='ltr'><strong>Vill.</strong></span> <span class='ocrx_word' id='word_1_156' title='bbox 303 961 403 988; x_wconf 78' lang='lat' dir='ltr'><strong>Verum</strong></span> <span class='ocrx_word' id='word_1_157' title='bbox 421 967 455 988; x_wconf 90' lang='lat' dir='ltr'><strong>ne</strong></span> <span class='ocrx_word' id='word_1_158' title='bbox 469 961 504 988; x_wconf 87' lang='lat' dir='ltr'><strong>ab</strong></span> <span class='ocrx_word' id='word_1_159' title='bbox 522 961 656 988; x_wconf 90' lang='lat' dir='ltr'><strong>instituto</strong></span> <span class='ocrx_word' id='word_1_160' title='bbox 671 961 837 995; x_wconf 78' lang='lat' dir='ltr'><strong>appendicis</strong></span> <span class='ocrx_word' id='word_1_161' title='bbox 855 969 897 989; x_wconf 89' lang='lat' dir='ltr'><strong>me</strong></span> <span class='ocrx_word' id='word_1_162' title='bbox 920 968 1004 989; x_wconf 87' lang='lat' dir='ltr'><strong>revo-</strong></span> 
     </span>
    </p>
   </div>
   <div class='ocr_carea' id='block_1_26' title="bbox 181 995 1003 1032">
    <p class='ocr_par' dir='ltr' id='par_1_26' title="bbox 181 995 1003 1032">
     <span class='ocr_line' id='line_1_26' title="bbox 181 995 1003 1032; baseline 0.002 -10"><span class='ocrx_word' id='word_1_163' title='bbox 181 999 225 1032; x_wconf 83' lang='lat' dir='ltr'><strong>cet</strong></span> <span class='ocrx_word' id='word_1_164' title='bbox 242 995 387 1023; x_wconf 87' lang='lat' dir='ltr'><strong>sollicitus</strong></span> <span class='ocrx_word' id='word_1_165' title='bbox 409 997 495 1024; x_wconf 87' lang='lat' dir='ltr'><strong>ardor</strong></span> <span class='ocrx_word' id='word_1_166' title='bbox 517 997 590 1031; x_wconf 75' lang='lat' dir='ltr'><strong>grati</strong></span> <span class='ocrx_word' id='word_1_167' title='bbox 613 1004 678 1032; x_wconf 76' lang='lat' dir='ltr'><strong>erga</strong></span> <span class='ocrx_word' id='word_1_168' title='bbox 702 996 828 1024; x_wconf 78' lang='lat' dir='ltr'><strong>fautores</strong></span> <span class='ocrx_word' id='word_1_169' title='bbox 847 998 947 1030; x_wconf 91' lang='lat' dir='ltr'><strong>animi,</strong></span> <span class='ocrx_word' id='word_1_170' title='bbox 975 1000 1003 1024; x_wconf 89' lang='lat' dir='ltr'><strong>et</strong></span> 
     </span>
    </p>
   </div>
   <div class='ocr_carea' id='block_1_27' title="bbox 182 1030 1000 1067">
    <p class='ocr_par' dir='ltr' id='par_1_27' title="bbox 182 1030 1000 1067">
     <span class='ocr_line' id='line_1_27' title="bbox 182 1030 1000 1067; baseline 0.002 -10"><span class='ocrx_word' id='word_1_171' title='bbox 182 1030 306 1067; x_wconf 80' lang='lat' dir='ltr'><strong>ingenua</strong></span> <span class='ocrx_word' id='word_1_172' title='bbox 322 1038 390 1058; x_wconf 86' lang='lat' dir='ltr'><strong>cura</strong></span> <span class='ocrx_word' id='word_1_173' title='bbox 411 1030 532 1059; x_wconf 85' lang='lat' dir='ltr'><strong>testandi</strong></span> <span class='ocrx_word' id='word_1_174' title='bbox 551 1039 599 1066; x_wconf 89' lang='lat' dir='ltr'><strong>per</strong></span> <span class='ocrx_word' id='word_1_175' title='bbox 615 1030 686 1066; x_wconf 80' lang='lat' dir='ltr'><strong>quos</strong></span> <span class='ocrx_word' id='word_1_176' title='bbox 709 1032 886 1067; x_wconf 82' lang='lat' dir='ltr'><strong>profecerim,</strong></span> <span class='ocrx_word' id='word_1_177' title='bbox 907 1033 1000 1060; x_wconf 87' lang='lat' dir='ltr'><strong>dicam</strong></span> 
     </span>
    </p>
   </div>
   <div class='ocr_carea' id='block_1_28' title="bbox 181 1065 1003 1101">
    <p class='ocr_par' dir='ltr' id='par_1_28' title="bbox 181 1065 1003 1101">
     <span class='ocr_line' id='line_1_28' title="bbox 181 1065 1003 1101; baseline 0.006 -10"><span class='ocrx_word' id='word_1_178' title='bbox 181 1065 306 1101; x_wconf 85' lang='lat' dir='ltr'><strong>breviter</strong></span> <span class='ocrx_word' id='word_1_179' title='bbox 322 1066 432 1100; x_wconf 87' lang='lat' dir='ltr'><strong>potiora</strong></span> <span class='ocrx_word' id='word_1_180' title='bbox 449 1074 511 1101; x_wconf 66' lang='lat' dir='ltr'><strong>qua:</strong></span> <span class='ocrx_word' id='word_1_181' title='bbox 530 1065 714 1101; x_wconf 36' lang='lat' dir='ltr'><strong>eicerpenda‘</strong></span> <span class='ocrx_word' id='word_1_182' title='bbox 725 1075 786 1095; x_wconf 90' lang='lat' dir='ltr'><strong>esse</strong></span> <span class='ocrx_word' id='word_1_183' title='bbox 805 1065 885 1095; x_wconf 84' lang='lat' dir='ltr'><strong>duxi</strong></span> <span class='ocrx_word' id='word_1_184' title='bbox 902 1075 935 1095; x_wconf 86' lang='lat' dir='ltr'><strong>ex</strong></span> <span class='ocrx_word' id='word_1_185' title='bbox 951 1075 1003 1095; x_wconf 89' lang='lat' dir='ltr'><strong>co—</strong></span> 
     </span>
    </p>
   </div>
   <div class='ocr_carea' id='block_1_29' title="bbox 181 1100 1000 1131">
    <p class='ocr_par' dir='ltr' id='par_1_29' title="bbox 181 1100 1000 1131">
     <span class='ocr_line' id='line_1_29' title="bbox 181 1100 1000 1131; baseline 0.005 -4"><span class='ocrx_word' id='word_1_186' title='bbox 181 1100 244 1127; x_wconf 89' lang='lat' dir='ltr'><strong>dice</strong></span> <span class='ocrx_word' id='word_1_187' title='bbox 273 1100 506 1129; x_wconf 34' lang='lat' dir='ltr'><strong>Farnesiano’ad</strong></span> <span class='ocrx_word' id='word_1_188' title='bbox 538 1100 737 1130; x_wconf 75' lang='lat' dir='ltr'><strong>illustrandum</strong></span> <span class='ocrx_word' id='word_1_189' title='bbox 769 1103 1000 1131; x_wconf 88' lang='lat' dir='ltr'><strong>dissertationem</strong></span> 
     </span>
    </p>
   </div>
   <div class='ocr_carea' id='block_1_30' title="bbox 180 1135 387 1163">
    <p class='ocr_par' dir='ltr' id='par_1_30' title="bbox 180 1135 387 1163">
     <span class='ocr_line' id='line_1_30' title="bbox 180 1135 387 1163; baseline 0.005 -1"><span class='ocrx_word' id='word_1_190' title='bbox 180 1135 387 1163; x_wconf 86' lang='lat' dir='ltr'><strong>Schelestratii.</strong></span> 
     </span>
    </p>
   </div>
   <div class='ocr_carea' id='block_1_31' title="bbox 218 1171 1001 1208">
    <p class='ocr_par' dir='ltr' id='par_1_31' title="bbox 218 1171 1001 1208">
     <span class='ocr_line' id='line_1_31' title="bbox 218 1171 1001 1208; baseline 0.005 -11"><span class='ocrx_word' id='word_1_191' title='bbox 218 1171 399 1208; x_wconf 76' lang='lat' dir='ltr'><strong>memineram</strong></span> <span class='ocrx_word' id='word_1_192' title='bbox 417 1171 564 1206; x_wconf 71' lang='lat' dir='ltr'><strong>praefatum</strong></span> <span class='ocrx_word' id='word_1_193' title='bbox 586 1174 733 1208; x_wconf 65' lang='lat' dir='ltr'><strong>priesulem</strong></span> <span class='ocrx_word' id='word_1_194' title='bbox 751 1177 893 1208; x_wconf 85' lang='lat' dir='ltr'><strong>postremo</strong></span> <span class='ocrx_word' id='word_1_195' title='bbox 908 1175 1001 1208; x_wconf 86' lang='lat' dir='ltr'><strong>capite</strong></span> 
     </span>
    </p>
   </div>
   <div class='ocr_carea' id='block_1_32' title="bbox 181 1206 1001 1241">
    <p class='ocr_par' dir='ltr' id='par_1_32' title="bbox 181 1206 1001 1241">
     <span class='ocr_line' id='line_1_32' title="bbox 181 1206 1001 1241; baseline 0.004 -8"><span class='ocrx_word' id='word_1_196' title='bbox 181 1206 307 1240; x_wconf 88' lang='lat' dir='ltr'><strong>ejusdem</strong></span> <span class='ocrx_word' id='word_1_197' title='bbox 321 1207 544 1241; x_wconf 85' lang='lat' dir='ltr'><strong>dissertationis,</strong></span> <span class='ocrx_word' id='word_1_198' title='bbox 563 1206 679 1236; x_wconf 86' lang='lat' dir='ltr'><strong>numero</strong></span> <span class='ocrx_word' id='word_1_199' title='bbox 691 1207 718 1241; x_wconf 80' lang='lat'><strong>7,</strong></span> <span class='ocrx_word' id='word_1_200' title='bbox 733 1206 799 1236; x_wconf 84' lang='lat' dir='ltr'><strong>dum</strong></span> <span class='ocrx_word' id='word_1_201' title='bbox 817 1206 1001 1236; x_wconf 84' lang='lat' dir='ltr'><strong>commenda-</strong></span> 
     </span>
    </p>
   </div>
   <div class='ocr_carea' id='block_1_33' title="bbox 182 1242 1001 1278">
    <p class='ocr_par' dir='ltr' id='par_1_33' title="bbox 182 1242 1001 1278">
     <span class='ocr_line' id='line_1_33' title="bbox 182 1242 1001 1278; baseline 0.002 -9"><span class='ocrx_word' id='word_1_202' title='bbox 182 1244 225 1278; x_wconf 80' lang='lat' dir='ltr'><strong>ret</strong></span> <span class='ocrx_word' id='word_1_203' title='bbox 236 1242 435 1278; x_wconf 79' lang='lat' dir='ltr'><strong>auctoritatem</strong></span> <span class='ocrx_word' id='word_1_204' title='bbox 450 1243 534 1270; x_wconf 89' lang='lat' dir='ltr'><strong>etiam</strong></span> <span class='ocrx_word' id='word_1_205' title='bbox 551 1244 681 1271; x_wconf 70' lang='lat' dir='ltr'><strong>secunda:</strong></span> <span class='ocrx_word' id='word_1_206' title='bbox 698 1245 788 1278; x_wconf 85' lang='lat' dir='ltr'><strong>partis</strong></span> <span class='ocrx_word' id='word_1_207' title='bbox 804 1245 881 1272; x_wconf 85' lang='lat' dir='ltr'><strong>Libri</strong></span> <span class='ocrx_word' id='word_1_208' title='bbox 900 1245 1001 1271; x_wconf 84' lang='lat' dir='ltr'><strong>Ponti—-</strong></span> 
     </span>
    </p>
   </div>
   <div class='ocr_carea' id='block_1_34' title="bbox 182 1276 1000 1312">
    <p class='ocr_par' dir='ltr' id='par_1_34' title="bbox 182 1276 1000 1312">
     <span class='ocr_line' id='line_1_34' title="bbox 182 1276 1000 1312; baseline 0.005 -9"><span class='ocrx_word' id='word_1_209' title='bbox 182 1276 283 1312; x_wconf 84' lang='lat' dir='ltr'><strong>ﬂcalis,</strong></span> <span class='ocrx_word' id='word_1_210' title='bbox 300 1278 357 1305; x_wconf 66' lang='lat' dir='ltr'><strong>haec</strong></span> <span class='ocrx_word' id='word_1_211' title='bbox 373 1278 527 1312; x_wconf 86' lang='lat' dir='ltr'><strong>protulisse</strong></span> <span class='ocrx_word' id='word_1_212' title='bbox 542 1288 548 1305; x_wconf 76' lang='grc' dir='ltr'><strong>ε</strong></span> <span class='ocrx_word' id='word_1_213' title='bbox 568 1289 580 1303; x_wconf 76' lang='grc' dir='ltr'>α</span> <span class='ocrx_word' id='word_1_214' title='bbox 598 1280 652 1306; x_wconf 85' lang='lat' dir='ltr'><strong>Nec</strong></span> <span class='ocrx_word' id='word_1_215' title='bbox 674 1276 766 1306; x_wconf 83' lang='lat' dir='ltr'><strong>solum</strong></span> <span class='ocrx_word' id='word_1_216' title='bbox 783 1279 817 1306; x_wconf 92' lang='lat' dir='ltr'><strong>ab</strong></span> <span class='ocrx_word' id='word_1_217' title='bbox 832 1280 1000 1307; x_wconf 91' lang='lat' dir='ltr'><strong>auctoribus</strong></span> 
     </span>
    </p>
   </div>
   <div class='ocr_carea' id='block_1_35' title="bbox 181 1314 999 1344">
    <p class='ocr_par' dir='ltr' id='par_1_35' title="bbox 181 1314 999 1344">
     <span class='ocr_line' id='line_1_35' title="bbox 181 1314 999 1344; baseline 0.004 -5"><span class='ocrx_word' id='word_1_218' title='bbox 181 1314 293 1344; x_wconf 78' lang='lat' dir='ltr'><strong>cozevis,</strong></span> <span class='ocrx_word' id='word_1_219' title='bbox 311 1314 359 1341; x_wconf 92' lang='lat' dir='ltr'><strong>sed</strong></span> <span class='ocrx_word' id='word_1_220' title='bbox 373 1314 458 1341; x_wconf 86' lang='lat' dir='ltr'><strong>etiam</strong></span> <span class='ocrx_word' id='word_1_221' title='bbox 475 1320 509 1341; x_wconf 81' lang='lat' dir='ltr'><strong>ex</strong></span> <span class='ocrx_word' id='word_1_222' title='bbox 524 1314 700 1342; x_wconf 88' lang='lat' dir='ltr'><strong>authenticis</strong></span> <span class='ocrx_word' id='word_1_223' title='bbox 719 1315 848 1342; x_wconf 60' lang='lat' dir='ltr'><strong>Romana</strong></span> <span class='ocrx_word' id='word_1_224' title='bbox 867 1315 999 1342; x_wconf 53' lang='lat' dir='ltr'><strong>Ecclesia</strong></span> 
     </span>
    </p>
   </div>
   <div class='ocr_carea' id='block_1_36' title="bbox 181 1348 999 1384">
    <p class='ocr_par' dir='ltr' id='par_1_36' title="bbox 181 1348 999 1384">
     <span class='ocr_line' id='line_1_36' title="bbox 181 1348 999 1384; baseline 0.004 -9"><span class='ocrx_word' id='word_1_225' title='bbox 181 1348 366 1384; x_wconf 84' lang='lat' dir='ltr'><strong>monimentis</strong></span> <span class='ocrx_word' id='word_1_226' title='bbox 379 1350 498 1376; x_wconf 80' lang='lat' dir='ltr'><strong>historia</strong></span> <span class='ocrx_word' id='word_1_227' title='bbox 514 1350 659 1383; x_wconf 83' lang='lat' dir='ltr'><strong>pontiiicia</strong></span> <span class='ocrx_word' id='word_1_228' title='bbox 669 1351 799 1377; x_wconf 68' lang='lat' dir='ltr'><strong>secunda:</strong></span> <span class='ocrx_word' id='word_1_229' title='bbox 812 1351 897 1384; x_wconf 85' lang='lat' dir='ltr'><strong>hujus</strong></span> <span class='ocrx_word' id='word_1_230' title='bbox 910 1351 999 1384; x_wconf 86' lang='lat' dir='ltr'><strong>partis</strong></span> 
     </span>
    </p>
   </div>
   <div class='ocr_carea' id='block_1_37' title="bbox 181 1383 999 1420">
    <p class='ocr_par' dir='ltr' id='par_1_37' title="bbox 181 1383 999 1420">
     <span class='ocr_line' id='line_1_37' title="bbox 181 1383 999 1420; baseline 0.005 -11"><span class='ocrx_word' id='word_1_231' title='bbox 181 1383 220 1420; x_wconf 76' lang='lat' dir='ltr'><strong>(a_</strong></span> <span class='ocrx_word' id='word_1_232' title='bbox 233 1384 365 1420; x_wconf 77' lang='lat' dir='ltr'><strong>Zachario</strong></span> <span class='ocrx_word' id='word_1_233' title='bbox 386 1385 423 1420; x_wconf 75' lang='lat' dir='ltr'><strong>ad</strong></span> <span class='ocrx_word' id='word_1_234' title='bbox 446 1385 598 1418; x_wconf 77' lang='lat' dir='ltr'><strong>Nicolaum)</strong></span> <span class='ocrx_word' id='word_1_235' title='bbox 614 1386 775 1419; x_wconf 85' lang='lat' dir='ltr'><strong>conscripta</strong></span> <span class='ocrx_word' id='word_1_236' title='bbox 801 1383 866 1413; x_wconf 81' lang='lat' dir='ltr'><strong>fuit.</strong></span> <span class='ocrx_word' id='word_1_237' title='bbox 883 1395 895 1409; x_wconf 73' lang='grc' dir='ltr'><strong>ι)</strong></span> <span class='ocrx_word' id='word_1_238' title='bbox 910 1383 999 1420; x_wconf 80' lang='lat' dir='ltr'><strong>Cujus</strong></span> 
     </span>
    </p>
   </div>
   <div class='ocr_carea' id='block_1_38' title="bbox 182 1418 998 1455">
    <p class='ocr_par' dir='ltr' id='par_1_38' title="bbox 182 1418 998 1455">
     <span class='ocr_line' id='line_1_38' title="bbox 182 1418 998 1455; baseline 0.005 -10"><span class='ocrx_word' id='word_1_239' title='bbox 182 1418 222 1445; x_wconf 91' lang='lat' dir='ltr'><strong>rei</strong></span> <span class='ocrx_word' id='word_1_240' title='bbox 229 1419 534 1453; x_wconf 70' lang='lat' dir='ltr'><strong>comprobandaacausa</strong></span> <span class='ocrx_word' id='word_1_241' title='bbox 543 1420 651 1448; x_wconf 90' lang='lat' dir='ltr'><strong>illustri</strong></span> <span class='ocrx_word' id='word_1_242' title='bbox 658 1418 759 1448; x_wconf 78' lang='lat' dir='ltr'><strong>admOd</strong></span> <span class='ocrx_word' id='word_1_243' title='bbox 766 1428 809 1448; x_wconf 94' lang='lat' dir='ltr'><strong>um</strong></span> <span class='ocrx_word' id='word_1_244' title='bbox 817 1418 998 1455; x_wconf 81' lang='lat' dir='ltr'><strong>documento,</strong></span> 
     </span>
    </p>
   </div>
   <div class='ocr_carea' id='block_1_39' title="bbox 182 1455 999 1491">
    <p class='ocr_par' dir='ltr' id='par_1_39' title="bbox 182 1455 999 1491">
     <span class='ocr_line' id='line_1_39' title="bbox 182 1455 999 1491; baseline 0.005 -11"><span class='ocrx_word' id='word_1_245' title='bbox 182 1458 319 1491; x_wconf 69' lang='lat' dir='ltr'><strong>memorat</strong></span> <span class='ocrx_word' id='word_1_246' title='bbox 342 1455 511 1482; x_wconf 88' lang='lat' dir='ltr'><strong>donationes</strong></span> <span class='ocrx_word' id='word_1_247' title='bbox 533 1456 647 1490; x_wconf 83' lang='lat' dir='ltr'><strong>Pippini</strong></span> <span class='ocrx_word' id='word_1_248' title='bbox 670 1459 697 1483; x_wconf 69' lang='grc' dir='ltr'><strong>«ιι</strong></span> <span class='ocrx_word' id='word_1_249' title='bbox 713 1456 807 1483; x_wconf 82' lang='lat' dir='ltr'><strong>Caroli</strong></span> <span class='ocrx_word' id='word_1_250' title='bbox 825 1457 928 1491; x_wconf 80' lang='lat' dir='ltr'><strong>Magni,</strong></span> <span class='ocrx_word' id='word_1_251' title='bbox 951 1463 999 1491; x_wconf 91' lang='lat' dir='ltr'><strong>per</strong></span> 
     </span>
    </p>
   </div>
   <div class='ocr_carea' id='block_1_40' title="bbox 180 1488 999 1526">
    <p class='ocr_par' dir='ltr' id='par_1_40' title="bbox 180 1488 999 1526">
     <span class='ocr_line' id='line_1_40' title="bbox 180 1488 999 1526; baseline 0.005 -11"><span class='ocrx_word' id='word_1_252' title='bbox 180 1488 309 1526; x_wconf 65' lang='lat' dir='ltr'><strong>Yitarum</strong></span> <span class='ocrx_word' id='word_1_253' title='bbox 325 1493 456 1517; x_wconf 88' lang='lat' dir='ltr'><strong>auctores</strong></span> <span class='ocrx_word' id='word_1_254' title='bbox 476 1497 510 1517; x_wconf 85' lang='lat' dir='ltr'><strong>ex</strong></span> <span class='ocrx_word' id='word_1_255' title='bbox 532 1488 719 1526; x_wconf 76' lang='lat' dir='ltr'><strong>autographis</strong></span> <span class='ocrx_word' id='word_1_256' title='bbox 740 1488 908 1526; x_wconf 80' lang='lat' dir='ltr'><strong>descriptas.</strong></span> <span class='ocrx_word' id='word_1_257' title='bbox 924 1488 936 1517; x_wconf 67' lang='grc' dir='ltr'>ὲκ</span> <span class='ocrx_word' id='word_1_258' title='bbox 951 1488 999 1519; x_wconf 64' lang='lat' dir='ltr'><strong>Sic</strong></span> 
     </span>
    </p>
   </div>
   <div class='ocr_carea' id='block_1_41' title="bbox 182 1524 995 1560">
    <p class='ocr_par' dir='ltr' id='par_1_41' title="bbox 182 1524 995 1560">
     <span class='ocr_line' id='line_1_41' title="bbox 182 1524 995 1560; baseline 0.004 -9"><span class='ocrx_word' id='word_1_259' title='bbox 182 1524 288 1558; x_wconf 88' lang='lat' dir='ltr'><strong>inquit,</strong></span> <span class='ocrx_word' id='word_1_260' title='bbox 300 1528 400 1552; x_wconf 83' lang='lat' dir='ltr'><strong>auctor</strong></span> <span class='ocrx_word' id='word_1_261' title='bbox 415 1526 442 1552; x_wconf 92' lang='lat' dir='ltr'><strong>in</strong></span> <span class='ocrx_word' id='word_1_262' title='bbox 452 1526 593 1560; x_wconf 88' lang='lat' dir='ltr'><strong>Stephano</strong></span> <span class='ocrx_word' id='word_1_263' title='bbox 606 1524 805 1558; x_wconf 35' lang='lat' dir='ltr'><strong>lu,‘Zacharia:</strong></span> <span class='ocrx_word' id='word_1_264' title='bbox 818 1524 995 1555; x_wconf 81' lang='lat' dir='ltr'><strong>successore:</strong></span> 
     </span>
    </p>
   </div>
   <div class='ocr_carea' id='block_1_42' title="bbox 180 1560 998 1596">
    <p class='ocr_par' dir='ltr' id='par_1_42' title="bbox 180 1560 998 1596">
     <span class='ocr_line' id='line_1_42' title="bbox 180 1560 998 1596; baseline 0.005 -11"><span class='ocrx_word' id='word_1_265' title='bbox 180 1561 223 1596; x_wconf 17' lang='lat' dir='ltr'><strong>De,</strong></span> <span class='ocrx_word' id='word_1_266' title='bbox 231 1560 352 1586; x_wconf 82' lang='lat' dir='ltr'><strong>omnibus</strong></span> <span class='ocrx_word' id='word_1_267' title='bbox 367 1562 480 1594; x_wconf 77' lang='lat' dir='ltr'><strong>receptis</strong></span> <span class='ocrx_word' id='word_1_268' title='bbox 493 1562 649 1588; x_wconf 75' lang='lat' dir='ltr'><strong>civitatibus</strong></span> <span class='ocrx_word' id='word_1_269' title='bbox 665 1563 836 1589; x_wconf 76' lang='lat' dir='ltr'><strong>donationem</strong></span> <span class='ocrx_word' id='word_1_270' title='bbox 850 1571 878 1589; x_wconf 78' lang='lat' dir='ltr'><strong>in</strong></span> <span class='ocrx_word' id='word_1_271' title='bbox 891 1564 998 1596; x_wconf 81' lang='lat' dir='ltr'><strong>scriptis</strong></span> 
     </span>
    </p>
   </div>
   <div class='ocr_carea' id='block_1_43' title="bbox 181 1595 1000 1630">
    <p class='ocr_par' dir='ltr' id='par_1_43' title="bbox 181 1595 1000 1630">
     <span class='ocr_line' id='line_1_43' title="bbox 181 1595 1000 1630; baseline 0.005 -10"><span class='ocrx_word' id='word_1_272' title='bbox 181 1603 198 1620; x_wconf 82' lang='grc' dir='ltr'><strong>ιι</strong></span> <span class='ocrx_word' id='word_1_273' title='bbox 214 1595 289 1621; x_wconf 84' lang='lat' dir='ltr'><strong>beato</strong></span> <span class='ocrx_word' id='word_1_274' title='bbox 310 1596 387 1622; x_wconf 80' lang='lat' dir='ltr'><strong>Petro</strong></span> <span class='ocrx_word' id='word_1_275' title='bbox 411 1599 492 1630; x_wconf 82' lang='lat' dir='ltr'><strong>atque</strong></span> <span class='ocrx_word' id='word_1_276' title='bbox 510 1605 526 1622; x_wconf 85' lang='grc' dir='ltr'>α</span> <span class='ocrx_word' id='word_1_277' title='bbox 545 1600 641 1624; x_wconf 85' lang='lat' dir='ltr'><strong>sancta</strong></span> <span class='ocrx_word' id='word_1_278' title='bbox 664 1599 784 1624; x_wconf 83' lang='lat' dir='ltr'><strong>Romana</strong></span> <span class='ocrx_word' id='word_1_279' title='bbox 805 1595 1000 1628; x_wconf 38' lang='lat' dir='ltr'><strong>Ecclesiajvel</strong></span> 
     </span>
    </p>
   </div>
   <div class='ocr_carea' id='block_1_44' title="bbox 181 1630 998 1668">
    <p class='ocr_par' dir='ltr' id='par_1_44' title="bbox 181 1630 998 1668">
     <span class='ocr_line' id='line_1_44' title="bbox 181 1630 998 1668; baseline 0.005 -13"><span class='ocrx_word' id='word_1_280' title='bbox 181 1630 304 1668; x_wconf 73' lang='lat' dir='ltr'><strong>omnibus</strong></span> <span class='ocrx_word' id='word_1_281' title='bbox 326 1632 536 1668; x_wconf 74' lang='lat' dir='ltr'><strong>inperpetuum</strong></span> <span class='ocrx_word' id='word_1_282' title='bbox 556 1633 728 1666; x_wconf 79' lang='lat' dir='ltr'><strong>pontiﬁcibus</strong></span> <span class='ocrx_word' id='word_1_283' title='bbox 750 1633 902 1668; x_wconf 66' lang='lat' dir='ltr'><strong>apostolicae</strong></span> <span class='ocrx_word' id='word_1_284' title='bbox 927 1633 998 1660; x_wconf 67' lang='lat' dir='ltr'><strong>scitis</strong></span> 
     </span>
    </p>
   </div>
   <div class='ocr_carea' id='block_1_45' title="bbox 180 1639 998 1701">
    <p class='ocr_par' dir='ltr' id='par_1_45' title="bbox 180 1639 998 1701">
     <span class='ocr_line' id='line_1_45' title="bbox 181 1639 998 1692; baseline 0.005 -37"><span class='ocrx_word' id='word_1_285' title='bbox 181 1639 304 1657; x_wconf 74' lang='lat' dir='ltr'><strong>ominous</strong></span> <span class='ocrx_word' id='word_1_286' title='bbox 326 1639 355 1656; x_wconf 75' lang='grc' dir='ltr'><strong>ιη</strong></span> <span class='ocrx_word' id='word_1_287' title='bbox 364 1639 536 1692; x_wconf 54' lang='lat' dir='ltr'><strong>feniculum</strong></span> <span class='ocrx_word' id='word_1_288' title='bbox 556 1639 728 1666; x_wconf 69' lang='lat' dir='ltr'><strong>pontinczous</strong></span> <span class='ocrx_word' id='word_1_289' title='bbox 750 1639 902 1668; x_wconf 69' lang='lat' dir='ltr'><strong>apostolicae</strong></span> <span class='ocrx_word' id='word_1_290' title='bbox 927 1639 998 1660; x_wconf 76' lang='lat' dir='ltr'><strong>set.th</strong></span> 
     </span>
     <span class='ocr_line' id='line_1_46' title="bbox 180 1666 998 1701; baseline 0.005 -10"><span class='ocrx_word' id='word_1_291' title='bbox 180 1666 268 1691; x_wconf 79' lang='lat' dir='ltr'><strong>emisit</strong></span> <span class='ocrx_word' id='word_1_292' title='bbox 287 1667 362 1700; x_wconf 83' lang='lat' dir='ltr'><strong>passi</strong></span> <span class='ocrx_word' id='word_1_293' title='bbox 383 1667 491 1700; x_wconf 86' lang='lat' dir='ltr'><strong>endam,</strong></span> <span class='ocrx_word' id='word_1_294' title='bbox 508 1675 565 1701; x_wconf 57' lang='lat' dir='ltr'><strong>qum</strong></span> <span class='ocrx_word' id='word_1_295' title='bbox 580 1668 708 1694; x_wconf 82' lang='lat' dir='ltr'><strong>hactenus</strong></span> <span class='ocrx_word' id='word_1_296' title='bbox 723 1669 752 1694; x_wconf 85' lang='lat' dir='ltr'><strong>in</strong></span> <span class='ocrx_word' id='word_1_297' title='bbox 769 1669 877 1695; x_wconf 58' lang='grc' dir='ltr'><strong>ιιι-ιτ]ιὶυο</strong></span> <span class='ocrx_word' id='word_1_298' title='bbox 899 1671 998 1695; x_wconf 60' lang='lat' dir='ltr'><strong>sancta</strong></span> 
     </span>
    </p>
   </div>
   <div class='ocr_carea' id='block_1_46' title="bbox 179 1702 997 1738">
    <p class='ocr_par' dir='ltr' id='par_1_46' title="bbox 179 1702 997 1738">
     <span class='ocr_line' id='line_1_47' title="bbox 179 1702 997 1738; baseline 0.006 -12"><span class='ocrx_word' id='word_1_299' title='bbox 179 1703 279 1738; x_wconf 60' lang='lat' dir='ltr'><strong>nostra:</strong></span> <span class='ocrx_word' id='word_1_300' title='bbox 289 1702 405 1738; x_wconf 69' lang='lat' dir='ltr'><strong>ecclesiae</strong></span> <span class='ocrx_word' id='word_1_301' title='bbox 419 1703 557 1729; x_wconf 82' lang='lat' dir='ltr'><strong>recondita</strong></span> <span class='ocrx_word' id='word_1_302' title='bbox 571 1705 684 1729; x_wconf 74' lang='lat' dir='ltr'><strong>tenetur.</strong></span> <span class='ocrx_word' id='word_1_303' title='bbox 702 1704 748 1730; x_wconf 86' lang='lat' dir='ltr'><strong>Sic</strong></span> <span class='ocrx_word' id='word_1_304' title='bbox 761 1710 874 1738; x_wconf 88' lang='lat' dir='ltr'><strong>quoque</strong></span> <span class='ocrx_word' id='word_1_305' title='bbox 890 1704 918 1730; x_wconf 88' lang='lat' dir='ltr'><strong>in</strong></span> <span class='ocrx_word' id='word_1_306' title='bbox 933 1703 997 1731; x_wconf 89' lang='lat' dir='ltr'><strong>Vita</strong></span> 
     </span>
    </p>
   </div>
   <div class='ocr_carea' id='block_1_47' title="bbox 179 1735 996 1773">
    <p class='ocr_par' dir='ltr' id='par_1_47' title="bbox 179 1735 996 1773">
     <span class='ocr_line' id='line_1_48' title="bbox 179 1735 996 1773; baseline 0.002 -9"><span class='ocrx_word' id='word_1_307' title='bbox 179 1735 298 1773; x_wconf 54' lang='lat' dir='ltr'><strong>Adriani</strong></span> <span class='ocrx_word' id='word_1_308' title='bbox 314 1737 399 1773; x_wconf 85' lang='lat' dir='ltr'><strong>primi</strong></span> <span class='ocrx_word' id='word_1_309' title='bbox 411 1737 481 1765; x_wconf 87' lang='lat' dir='ltr'><strong>citat</strong></span> <span class='ocrx_word' id='word_1_310' title='bbox 493 1742 594 1765; x_wconf 85' lang='lat' dir='ltr'><strong>auctor</strong></span> <span class='ocrx_word' id='word_1_311' title='bbox 605 1735 786 1766; x_wconf 83' lang='lat' dir='ltr'><strong>donationem</strong></span> <span class='ocrx_word' id='word_1_312' title='bbox 795 1735 888 1766; x_wconf 45' lang='lat' dir='ltr'><strong>Ca‘roli</strong></span> <span class='ocrx_word' id='word_1_313' title='bbox 902 1739 996 1773; x_wconf 81' lang='lat' dir='ltr'><strong>Magni</strong></span> 
     </span>
    </p>
   </div>
   <div class='ocr_carea' id='block_1_48' title="bbox 180 1770 993 1808">
    <p class='ocr_par' dir='ltr' id='par_1_48' title="bbox 180 1770 993 1808">
     <span class='ocr_line' id='line_1_49' title="bbox 180 1770 993 1808; baseline 0.004 -11"><span class='ocrx_word' id='word_1_314' title='bbox 180 1770 262 1808; x_wconf 83' lang='lat' dir='ltr'><strong>beato</strong></span> <span class='ocrx_word' id='word_1_315' title='bbox 284 1770 364 1799; x_wconf 86' lang='lat' dir='ltr'><strong>Petro</strong></span> <span class='ocrx_word' id='word_1_316' title='bbox 386 1772 498 1800; x_wconf 87' lang='lat' dir='ltr'><strong>factam.</strong></span> <span class='ocrx_word' id='word_1_317' title='bbox 519 1773 605 1804; x_wconf 82' lang='lat' dir='ltr'><strong>Sicut,</strong></span> <span class='ocrx_word' id='word_1_318' title='bbox 623 1774 727 1808; x_wconf 87' lang='lat' dir='ltr'><strong>inquit,</strong></span> <span class='ocrx_word' id='word_1_319' title='bbox 750 1775 780 1800; x_wconf 81' lang='lat' dir='ltr'><strong>in</strong></span> <span class='ocrx_word' id='word_1_320' title='bbox 795 1775 885 1801; x_wconf 76' lang='lat' dir='ltr'><strong>eadem</strong></span> <span class='ocrx_word' id='word_1_321' title='bbox 908 1770 993 1800; x_wconf 64' lang='lat' dir='ltr'><strong>dona-</strong></span> 
     </span>
    </p>
   </div>
   <div class='ocr_carea' id='block_1_49' title="bbox 180 1806 997 1844">
    <p class='ocr_par' dir='ltr' id='par_1_49' title="bbox 180 1806 997 1844">
     <span class='ocr_line' id='line_1_50' title="bbox 180 1806 997 1844; baseline 0.006 -12"><span class='ocrx_word' id='word_1_322' title='bbox 180 1806 251 1844; x_wconf 71' lang='lat' dir='ltr'><strong>tione</strong></span> <span class='ocrx_word' id='word_1_323' title='bbox 270 1808 403 1844; x_wconf 78' lang='lat' dir='ltr'><strong>contineri</strong></span> <span class='ocrx_word' id='word_1_324' title='bbox 418 1811 598 1835; x_wconf 86' lang='lat' dir='ltr'><strong>monstratur.</strong></span> <span class='ocrx_word' id='word_1_325' title='bbox 617 1819 630 1833; x_wconf 68' lang='grc' dir='ltr'>π</span> <span class='ocrx_word' id='word_1_326' title='bbox 646 1806 734 1837; x_wconf 72' lang='grc' dir='ltr'><strong>Α’ᾱᾱϊῐ</strong></span> <span class='ocrx_word' id='word_1_327' title='bbox 753 1810 896 1844; x_wconf 84' lang='lat' dir='ltr'><strong>exemplar</strong></span> <span class='ocrx_word' id='word_1_328' title='bbox 916 1809 997 1837; x_wconf 87' lang='lat' dir='ltr'><strong>illius</strong></span> 
     </span>
    </p>
   </div>
   <div class='ocr_carea' id='block_1_50' title="bbox 179 1841 995 1879">
    <p class='ocr_par' dir='ltr' id='par_1_50' title="bbox 179 1841 995 1879">
     <span class='ocr_line' id='line_1_51' title="bbox 179 1841 995 1879; baseline 0.005 -11"><span class='ocrx_word' id='word_1_329' title='bbox 179 1841 348 1879; x_wconf 76' lang='lat' dir='ltr'><strong>donationis</strong></span> <span class='ocrx_word' id='word_1_330' title='bbox 364 1845 490 1879; x_wconf 87' lang='lat' dir='ltr'><strong>positum</strong></span> <span class='ocrx_word' id='word_1_331' title='bbox 511 1851 597 1878; x_wconf 86' lang='lat' dir='ltr'><strong>supra</strong></span> <span class='ocrx_word' id='word_1_332' title='bbox 619 1851 723 1879; x_wconf 83' lang='lat' dir='ltr'><strong>corpus</strong></span> <span class='ocrx_word' id='word_1_333' title='bbox 742 1845 816 1872; x_wconf 85' lang='lat' dir='ltr'><strong>beati</strong></span> <span class='ocrx_word' id='word_1_334' title='bbox 834 1841 918 1878; x_wconf 71' lang='lat' dir='ltr'><strong>Petri,</strong></span> <span class='ocrx_word' id='word_1_335' title='bbox 936 1848 995 1872; x_wconf 92' lang='lat' dir='ltr'><strong>tum</strong></span> 
     </span>
    </p>
   </div>
   <div class='ocr_carea' id='block_1_51' title="bbox 180 1876 998 1914">
    <p class='ocr_par' dir='ltr' id='par_1_51' title="bbox 180 1876 998 1914">
     <span class='ocr_line' id='line_1_52' title="bbox 180 1876 998 1914; baseline 0.005 -12"><span class='ocrx_word' id='word_1_336' title='bbox 180 1876 279 1914; x_wconf 75' lang='lat' dir='ltr'><strong>subdit</strong></span> <span class='ocrx_word' id='word_1_337' title='bbox 294 1886 309 1914; x_wconf 20' lang='grc' dir='ltr'><strong>εν</strong></span> <span class='ocrx_word' id='word_1_338' title='bbox 330 1878 450 1914; x_wconf 79' lang='lat' dir='ltr'><strong>Aliaque</strong></span> <span class='ocrx_word' id='word_1_339' title='bbox 477 1876 597 1912; x_wconf 74' lang='lat' dir='ltr'><strong>ejusdem</strong></span> <span class='ocrx_word' id='word_1_340' title='bbox 625 1876 780 1906; x_wconf 73' lang='lat' dir='ltr'><strong>donationis</strong></span> <span class='ocrx_word' id='word_1_341' title='bbox 805 1876 926 1914; x_wconf 71' lang='lat' dir='ltr'><strong>exempla</strong></span> <span class='ocrx_word' id='word_1_342' title='bbox 949 1888 998 1914; x_wconf 80' lang='lat' dir='ltr'><strong>per</strong></span> 
     </span>
    </p>
   </div>
   <div class='ocr_carea' id='block_1_52' title="bbox 180 1912 997 1949">
    <p class='ocr_par' dir='ltr' id='par_1_52' title="bbox 180 1912 997 1949">
     <span class='ocr_line' id='line_1_53' title="bbox 180 1912 997 1949; baseline 0.007 -13"><span class='ocrx_word' id='word_1_343' title='bbox 180 1912 356 1949; x_wconf 67' lang='lat' dir='ltr'><strong>scriniariuin</strong></span> <span class='ocrx_word' id='word_1_344' title='bbox 377 1913 460 1946; x_wconf 85' lang='lat' dir='ltr'><strong>hujus</strong></span> <span class='ocrx_word' id='word_1_345' title='bbox 482 1917 582 1940; x_wconf 68' lang='lat' dir='ltr'><strong>sancta:</strong></span> <span class='ocrx_word' id='word_1_346' title='bbox 606 1918 705 1941; x_wconf 68' lang='lat' dir='ltr'><strong>nostra.v</strong></span> <span class='ocrx_word' id='word_1_347' title='bbox 726 1916 842 1942; x_wconf 68' lang='lat' dir='ltr'><strong>ecclesiae</strong></span> <span class='ocrx_word' id='word_1_348' title='bbox 862 1912 997 1949; x_wconf 56' lang='lat' dir='ltr'><strong>descripta</strong></span> 
     </span>
    </p>
   </div>
   <div class='ocr_carea' id='block_1_53' title="bbox 180 1946 682 1982">
    <p class='ocr_par' dir='ltr' id='par_1_53' title="bbox 180 1946 682 1982">
     <span class='ocr_line' id='line_1_54' title="bbox 180 1946 682 1982; baseline 0.008 -11"><span class='ocrx_word' id='word_1_349' title='bbox 180 1946 238 1980; x_wconf 71' lang='lat' dir='ltr'><strong>ejus</strong></span> <span class='ocrx_word' id='word_1_350' title='bbox 253 1947 410 1974; x_wconf 67' lang='lat' dir='ltr'><strong>excellentia</strong></span> <span class='ocrx_word' id='word_1_351' title='bbox 419 1956 506 1975; x_wconf 88' lang='lat' dir='ltr'><strong>secum</strong></span> <span class='ocrx_word' id='word_1_352' title='bbox 520 1949 682 1982; x_wconf 75' lang='lat' dir='ltr'><strong>deportavit.</strong></span> 
     </span>
    </p>
   </div>
   <div class='ocr_carea' id='block_1_54' title="bbox 217 1982 997 2021">
    <p class='ocr_par' dir='ltr' id='par_1_54' title="bbox 217 1982 997 2021">
     <span class='ocr_line' id='line_1_55' title="bbox 217 1982 997 2021; baseline 0.005 -13"><span class='ocrx_word' id='word_1_353' title='bbox 217 1982 263 2021; x_wconf 55' lang='lat' dir='ltr'><strong>lx.</strong></span> <span class='ocrx_word' id='word_1_354' title='bbox 283 1982 344 2021; x_wconf 54' lang='lat' dir='ltr'><strong>llaec</strong></span> <span class='ocrx_word' id='word_1_355' title='bbox 358 1983 449 2021; x_wconf 79' lang='lat' dir='ltr'><strong>igitur</strong></span> <span class='ocrx_word' id='word_1_356' title='bbox 465 1988 732 2021; x_wconf 69' lang='lat' dir='ltr'><strong>mecumreputans,</strong></span> <span class='ocrx_word' id='word_1_357' title='bbox 749 1992 781 2012; x_wconf 88' lang='lat' dir='ltr'><strong>ac</strong></span> <span class='ocrx_word' id='word_1_358' title='bbox 794 1992 997 2020; x_wconf 82' lang='lat' dir='ltr'><strong>recognoscens</strong></span> 
     </span>
    </p>
   </div>
   <div class='ocr_carea' id='block_1_55' title="bbox 181 2017 998 2053">
    <p class='ocr_par' dir='ltr' id='par_1_55' title="bbox 181 2017 998 2053">
     <span class='ocr_line' id='line_1_56' title="bbox 181 2017 998 2053; baseline 0.006 -11"><span class='ocrx_word' id='word_1_359' title='bbox 181 2017 381 2051; x_wconf 85' lang='lat' dir='ltr'><strong>antiquitatem</strong></span> <span class='ocrx_word' id='word_1_360' title='bbox 393 2018 511 2052; x_wconf 89' lang='lat' dir='ltr'><strong>hujusce</strong></span> <span class='ocrx_word' id='word_1_361' title='bbox 520 2017 639 2053; x_wconf 84' lang='lat' dir='ltr'><strong>codicis,</strong></span> <span class='ocrx_word' id='word_1_362' title='bbox 649 2023 788 2047; x_wconf 87' lang='lat' dir='ltr'><strong>vetustate</strong></span> <span class='ocrx_word' id='word_1_363' title='bbox 795 2017 933 2047; x_wconf 64' lang='lat' dir='ltr'><strong>Carolina:</strong></span> <span class='ocrx_word' id='word_1_364' title='bbox 942 2021 998 2048; x_wconf 93' lang='lat' dir='ltr'><strong>do—</strong></span> 
     </span>
    </p>
   </div>
   <div class='ocr_carea' id='block_1_56' title="bbox 182 2053 995 2090">
    <p class='ocr_par' dir='ltr' id='par_1_56' title="bbox 182 2053 995 2090">
     <span class='ocr_line' id='line_1_57' title="bbox 182 2053 995 2090; baseline 0.006 -12"><span class='ocrx_word' id='word_1_365' title='bbox 182 2053 308 2090; x_wconf 82' lang='lat' dir='ltr'><strong>nationis</strong></span> <span class='ocrx_word' id='word_1_366' title='bbox 324 2053 409 2087; x_wconf 87' lang='lat' dir='ltr'><strong>paulo</strong></span> <span class='ocrx_word' id='word_1_367' title='bbox 426 2054 574 2090; x_wconf 86' lang='lat' dir='ltr'><strong>minorem,</strong></span> <span class='ocrx_word' id='word_1_368' title='bbox 591 2062 623 2082; x_wconf 91' lang='lat' dir='ltr'><strong>ac</strong></span> <span class='ocrx_word' id='word_1_369' title='bbox 637 2058 746 2082; x_wconf 88' lang='lat' dir='ltr'><strong>tantum</strong></span> <span class='ocrx_word' id='word_1_370' title='bbox 764 2063 818 2083; x_wconf 90' lang='lat' dir='ltr'><strong>non</strong></span> <span class='ocrx_word' id='word_1_371' title='bbox 834 2062 995 2090; x_wconf 76' lang='lat' dir='ltr'><strong>supparem.</strong></span> 
     </span>
    </p>
   </div>
   <div class='ocr_carea' id='block_1_57' title="bbox 180 2087 996 2121">
    <p class='ocr_par' dir='ltr' id='par_1_57' title="bbox 180 2087 996 2121">
     <span class='ocr_line' id='line_1_58' title="bbox 180 2087 996 2121; baseline 0.006 -8"><span class='ocrx_word' id='word_1_372' title='bbox 180 2087 250 2114; x_wconf 80' lang='lat' dir='ltr'><strong>duxi</strong></span> <span class='ocrx_word' id='word_1_373' title='bbox 269 2094 324 2121; x_wconf 71' lang='lat' dir='ltr'><strong>pm</strong></span> <span class='ocrx_word' id='word_1_374' title='bbox 339 2089 450 2116; x_wconf 84' lang='lat' dir='ltr'><strong>ca-teris</strong></span> <span class='ocrx_word' id='word_1_375' title='bbox 465 2095 526 2116; x_wconf 84' lang='lat' dir='ltr'><strong>esse</strong></span> <span class='ocrx_word' id='word_1_376' title='bbox 541 2090 611 2117; x_wconf 89' lang='lat' dir='ltr'><strong>mihi</strong></span> <span class='ocrx_word' id='word_1_377' title='bbox 634 2091 757 2118; x_wconf 88' lang='lat' dir='ltr'><strong>ﬁdeliter</strong></span> <span class='ocrx_word' id='word_1_378' title='bbox 778 2087 996 2119; x_wconf 80' lang='lat' dir='ltr'><strong>describendum</strong></span> 
     </span>
    </p>
   </div>
   <div class='ocr_carea' id='block_1_58' title="bbox 180 2122 998 2161">
    <p class='ocr_par' dir='ltr' id='par_1_58' title="bbox 180 2122 998 2161">
     <span class='ocr_line' id='line_1_59' title="bbox 180 2122 998 2161; baseline 0.007 -13"><span class='ocrx_word' id='word_1_379' title='bbox 180 2128 214 2161; x_wconf 87' lang='lat' dir='ltr'><strong>ex</strong></span> <span class='ocrx_word' id='word_1_380' title='bbox 236 2122 286 2161; x_wconf 84' lang='lat' dir='ltr'><strong>illo</strong></span> <span class='ocrx_word' id='word_1_381' title='bbox 308 2123 404 2151; x_wconf 87' lang='lat' dir='ltr'><strong>codice</strong></span> <span class='ocrx_word' id='word_1_382' title='bbox 425 2125 551 2161; x_wconf 87' lang='lat' dir='ltr'><strong>ejusdem</strong></span> <span class='ocrx_word' id='word_1_383' title='bbox 573 2125 739 2153; x_wconf 88' lang='lat' dir='ltr'><strong>donationis</strong></span> <span class='ocrx_word' id='word_1_384' title='bbox 757 2127 926 2161; x_wconf 85' lang='lat' dir='ltr'><strong>exemplum.</strong></span> <span class='ocrx_word' id='word_1_385' title='bbox 950 2126 998 2154; x_wconf 86' lang='lat' dir='ltr'><strong>Fa-</strong></span> 
     </span>
    </p>
   </div>
   <div class='ocr_carea' id='block_1_59' title="bbox 181 2158 996 2197">
    <p class='ocr_par' dir='ltr' id='par_1_59' title="bbox 181 2158 996 2197">
     <span class='ocr_line' id='line_1_60' title="bbox 181 2158 996 2197; baseline 0.007 -13"><span class='ocrx_word' id='word_1_386' title='bbox 181 2158 298 2197; x_wconf 84' lang='lat' dir='ltr'><strong>tendum</strong></span> <span class='ocrx_word' id='word_1_387' title='bbox 306 2161 382 2197; x_wconf 82' lang='lat' dir='ltr'><strong>enim</strong></span> <span class='ocrx_word' id='word_1_388' title='bbox 394 2166 436 2186; x_wconf 34' lang='lat' dir='ltr'><strong>es.</strong></span> <span class='ocrx_word' id='word_1_389' title='bbox 447 2160 520 2187; x_wconf 89' lang='lat' dir='ltr'><strong>nihil</strong></span> <span class='ocrx_word' id='word_1_390' title='bbox 535 2162 717 2197; x_wconf 57' lang='lat' dir='ltr'><strong>praestantius</strong></span> <span class='ocrx_word' id='word_1_391' title='bbox 725 2162 814 2197; x_wconf 83' lang='lat' dir='ltr'><strong>deligi</strong></span> <span class='ocrx_word' id='word_1_392' title='bbox 828 2158 947 2196; x_wconf 77' lang='lat' dir='ltr'><strong>posseex</strong></span> <span class='ocrx_word' id='word_1_393' title='bbox 959 2162 996 2190; x_wconf 89' lang='lat' dir='ltr'><strong>iis</strong></span> 
     </span>
    </p>
   </div>
   <div class='ocr_carea' id='block_1_60' title="bbox 183 2190 1009 2230">
    <p class='ocr_par' dir='ltr' id='par_1_60' title="bbox 183 2190 1009 2230">
     <span class='ocr_line' id='line_1_61' title="bbox 183 2190 1009 2230; baseline 0.008 -11"><span class='ocrx_word' id='word_1_394' title='bbox 183 2190 594 2230; x_wconf 18' lang='lat' dir='ltr'><strong>membranis,”nongentarum</strong></span> <span class='ocrx_word' id='word_1_395' title='bbox 618 2195 706 2225; x_wconf 87' lang='lat' dir='ltr'><strong>ferme</strong></span> <span class='ocrx_word' id='word_1_396' title='bbox 723 2190 862 2225; x_wconf 64' lang='lat' dir='ltr'><strong>annorum</strong></span> <span class='ocrx_word' id='word_1_397' title='bbox 886 2190 1009 2229; x_wconf 77' lang='lat' dir='ltr'><strong>:etateml</strong></span> 
     </span>
    </p>
   </div>
   <div class='ocr_carea' id='block_1_61' title="bbox 182 2228 997 2266">
    <p class='ocr_par' dir='ltr' id='par_1_61' title="bbox 182 2228 997 2266">
     <span class='ocr_line' id='line_1_62' title="bbox 182 2228 997 2266; baseline 0.009 -12"><span class='ocrx_word' id='word_1_398' title='bbox 182 2228 439 2265; x_wconf 62' lang='lat' dir='ltr'><strong>praeseferentibus,</strong></span> <span class='ocrx_word' id='word_1_399' title='bbox 451 2228 489 2258; x_wconf 71' lang='lat' dir='ltr'><strong>ad</strong></span> <span class='ocrx_word' id='word_1_400' title='bbox 505 2232 721 2266; x_wconf 84' lang='lat' dir='ltr'><strong>comparandam</strong></span> <span class='ocrx_word' id='word_1_401' title='bbox 736 2233 817 2260; x_wconf 86' lang='lat' dir='ltr'><strong>ﬁdem</strong></span> <span class='ocrx_word' id='word_1_402' title='bbox 834 2234 997 2261; x_wconf 88' lang='lat' dir='ltr'><strong>veracitatis</strong></span> 
     </span>
    </p>
   </div>
   <div class='ocr_carea' id='block_1_62' title="bbox 180 2266 997 2309">
    <p class='ocr_par' dir='ltr' id='par_1_62' title="bbox 180 2266 997 2309">
     <span class='ocr_line' id='line_1_63' title="bbox 180 2266 997 2309; baseline 0.007 -19"><span class='ocrx_word' id='word_1_403' title='bbox 180 2267 209 2309; x_wconf 70' lang='lat' dir='ltr'><strong>et</strong></span> <span class='ocrx_word' id='word_1_404' title='bbox 217 2266 462 2309; x_wconf 61' lang='lat' dir='ltr'><strong>auctoramentum</strong></span> <span class='ocrx_word' id='word_1_405' title='bbox 476 2266 603 2307; x_wconf 64' lang='lat' dir='ltr'><strong>historia:</strong></span> <span class='ocrx_word' id='word_1_406' title='bbox 618 2268 743 2309; x_wconf 39' lang='lat' dir='ltr'><strong>V&#39;itarum</strong></span> <span class='ocrx_word' id='word_1_407' title='bbox 754 2275 787 2296; x_wconf 81' lang='lat' dir='ltr'><strong>ex</strong></span> <span class='ocrx_word' id='word_1_408' title='bbox 796 2269 931 2309; x_wconf 76' lang='lat' dir='ltr'><strong>genuinis</strong></span> <span class='ocrx_word' id='word_1_409' title='bbox 943 2276 997 2309; x_wconf 86' lang='lat' dir='ltr'><strong>mo-</strong></span> 
     </span>
    </p>
   </div>
   <div class='ocr_carea' id='block_1_63' title="bbox 181 2300 998 2340">
    <p class='ocr_par' dir='ltr' id='par_1_63' title="bbox 181 2300 998 2340">
     <span class='ocr_line' id='line_1_64' title="bbox 181 2300 998 2340; baseline 0.009 -15"><span class='ocrx_word' id='word_1_410' title='bbox 181 2300 328 2340; x_wconf 75' lang='lat' dir='ltr'><strong>nimentis.</strong></span> <span class='ocrx_word' id='word_1_411' title='bbox 352 2300 473 2340; x_wconf 69' lang='lat' dir='ltr'><strong>Cordato</strong></span> <span class='ocrx_word' id='word_1_412' title='bbox 488 2303 592 2340; x_wconf 83' lang='lat' dir='ltr'><strong>cuique</strong></span> <span class='ocrx_word' id='word_1_413' title='bbox 612 2304 675 2330; x_wconf 89' lang='lat' dir='ltr'><strong>viro</strong></span> <span class='ocrx_word' id='word_1_414' title='bbox 697 2310 782 2331; x_wconf 83' lang='lat' dir='ltr'><strong>causa</strong></span> <span class='ocrx_word' id='word_1_415' title='bbox 798 2300 828 2331; x_wconf 81' lang='lat' dir='ltr'><strong>in</strong></span> <span class='ocrx_word' id='word_1_416' title='bbox 843 2308 940 2338; x_wconf 89' lang='lat' dir='ltr'><strong>aperto</strong></span> <span class='ocrx_word' id='word_1_417' title='bbox 954 2308 998 2332; x_wconf 90' lang='lat' dir='ltr'><strong>est</strong></span> 
     </span>
    </p>
   </div>
   <div class='ocr_carea' id='block_1_64' title="bbox 180 2336 997 2373">
    <p class='ocr_par' dir='ltr' id='par_1_64' title="bbox 180 2336 997 2373">
     <span class='ocr_line' id='line_1_65' title="bbox 180 2336 997 2373; baseline 0.007 -12"><span class='ocrx_word' id='word_1_418' title='bbox 180 2336 205 2361; x_wconf 89' lang='lat' dir='ltr'><strong>si</strong></span> <span class='ocrx_word' id='word_1_419' title='bbox 222 2336 522 2373; x_wconf 79' lang='lat' dir='ltr'><strong>consideretCarolum</strong></span> <span class='ocrx_word' id='word_1_420' title='bbox 537 2339 666 2373; x_wconf 82' lang='lat' dir='ltr'><strong>Magnum</strong></span> <span class='ocrx_word' id='word_1_421' title='bbox 678 2346 793 2366; x_wconf 86' lang='lat' dir='ltr'><strong>curasse</strong></span> <span class='ocrx_word' id='word_1_422' title='bbox 806 2342 839 2367; x_wconf 93' lang='lat' dir='ltr'><strong>ut</strong></span> <span class='ocrx_word' id='word_1_423' title='bbox 851 2336 997 2373; x_wconf 78' lang='lat' dir='ltr'><strong>complura</strong></span> 
     </span>
    </p>
   </div>
   <div class='ocr_carea' id='block_1_65' title="bbox 179 2370 998 2408">
    <p class='ocr_par' dir='ltr' id='par_1_65' title="bbox 179 2370 998 2408">
     <span class='ocr_line' id='line_1_66' title="bbox 179 2370 998 2408; baseline 0.007 -12"><span class='ocrx_word' id='word_1_424' title='bbox 179 2370 306 2408; x_wconf 55' lang='lat' dir='ltr'><strong>eacmpla</strong></span> <span class='ocrx_word' id='word_1_425' title='bbox 327 2379 385 2408; x_wconf 65' lang='lat' dir='ltr'><strong>sua;</strong></span> <span class='ocrx_word' id='word_1_426' title='bbox 402 2373 568 2400; x_wconf 88' lang='lat' dir='ltr'><strong>donationis</strong></span> <span class='ocrx_word' id='word_1_427' title='bbox 582 2370 640 2408; x_wconf 35' lang='lat' dir='ltr'><strong>“per</strong></span> <span class='ocrx_word' id='word_1_428' title='bbox 660 2375 834 2402; x_wconf 85' lang='lat' dir='ltr'><strong>scriniarum</strong></span> <span class='ocrx_word' id='word_1_429' title='bbox 850 2375 878 2402; x_wconf 89' lang='lat' dir='ltr'><strong>S.</strong></span> <span class='ocrx_word' id='word_1_430' title='bbox 899 2370 928 2402; x_wconf 67' lang='grc' dir='ltr'><strong>[ι’.</strong></span> <span class='ocrx_word' id='word_1_431' title='bbox 950 2376 998 2403; x_wconf 88' lang='lat' dir='ltr'><strong>Ec-</strong></span> 
     </span>
    </p>
   </div>
   <div class='ocr_carea' id='block_1_66' title="bbox 180 2405 996 2445">
    <p class='ocr_par' dir='ltr' id='par_1_66' title="bbox 180 2405 996 2445">
     <span class='ocr_line' id='line_1_67' title="bbox 180 2405 996 2445; baseline 0.007 -13"><span class='ocrx_word' id='word_1_432' title='bbox 180 2405 512 2445; x_wconf 79' lang='lat' dir='ltr'><strong>clesia-describerentur</strong></span> <span class='ocrx_word' id='word_1_433' title='bbox 525 2416 557 2436; x_wconf 89' lang='lat' dir='ltr'><strong>ex</strong></span> <span class='ocrx_word' id='word_1_434' title='bbox 570 2405 757 2445; x_wconf 78' lang='lat' dir='ltr'><strong>autographo,</strong></span> <span class='ocrx_word' id='word_1_435' title='bbox 769 2417 857 2445; x_wconf 88' lang='lat' dir='ltr'><strong>eaque</strong></span> <span class='ocrx_word' id='word_1_436' title='bbox 870 2412 996 2445; x_wconf 83' lang='lat' dir='ltr'><strong>exempla</strong></span> 
     </span>
    </p>
   </div>
   <div class='ocr_carea' id='block_1_67' title="bbox 181 2441 995 2477">
    <p class='ocr_par' dir='ltr' id='par_1_67' title="bbox 181 2441 995 2477">
     <span class='ocr_line' id='line_1_68' title="bbox 181 2441 995 2477; baseline 0.009 -10"><span class='ocrx_word' id='word_1_437' title='bbox 181 2441 219 2467; x_wconf 78' lang='lat' dir='ltr'><strong>ita</strong></span> <span class='ocrx_word' id='word_1_438' title='bbox 236 2441 379 2477; x_wconf 86' lang='lat' dir='ltr'><strong>descripta</strong></span> <span class='ocrx_word' id='word_1_439' title='bbox 395 2450 488 2471; x_wconf 87' lang='lat' dir='ltr'><strong>secum</strong></span> <span class='ocrx_word' id='word_1_440' title='bbox 513 2444 541 2471; x_wconf 90' lang='lat' dir='ltr'><strong>in</strong></span> <span class='ocrx_word' id='word_1_441' title='bbox 565 2441 673 2472; x_wconf 73' lang='lat' dir='ltr'><strong>Gallias</strong></span> <span class='ocrx_word' id='word_1_442' title='bbox 693 2441 877 2474; x_wconf 73' lang='lat' dir='ltr'><strong>transtulisse</strong></span> <span class='ocrx_word' id='word_1_443' title='bbox 898 2441 995 2474; x_wconf 79' lang='lat' dir='ltr'><strong>eodem</strong></span> 
     </span>
    </p>
   </div>
   <div class='ocr_carea' id='block_1_68' title="bbox 179 2481 996 2517">
    <p class='ocr_par' dir='ltr' id='par_1_68' title="bbox 179 2481 996 2517">
     <span class='ocr_line' id='line_1_69' title="bbox 179 2481 996 2517; baseline 0.01 -15"><span class='ocrx_word' id='word_1_444' title='bbox 179 2483 254 2517; x_wconf 80' lang='lat' dir='ltr'><strong>anno</strong></span> <span class='ocrx_word' id='word_1_445' title='bbox 269 2485 329 2517; x_wconf 81' lang='lat' dir='ltr'><strong>quo</strong></span> <span class='ocrx_word' id='word_1_446' title='bbox 346 2486 432 2514; x_wconf 81' lang='lat' dir='ltr'><strong>supra</strong></span> <span class='ocrx_word' id='word_1_447' title='bbox 455 2487 559 2517; x_wconf 89' lang='lat' dir='ltr'><strong>corpus</strong></span> <span class='ocrx_word' id='word_1_448' title='bbox 581 2481 610 2508; x_wconf 87' lang='grc' dir='ltr'><strong>Β.</strong></span> <span class='ocrx_word' id='word_1_449' title='bbox 634 2481 707 2508; x_wconf 83' lang='lat' dir='ltr'><strong>Petri</strong></span> <span class='ocrx_word' id='word_1_450' title='bbox 724 2482 844 2509; x_wconf 88' lang='lat' dir='ltr'><strong>suismet</strong></span> <span class='ocrx_word' id='word_1_451' title='bbox 863 2482 996 2510; x_wconf 89' lang='lat' dir='ltr'><strong>manibus</strong></span> 
     </span>
    </p>
   </div>
   <div class='ocr_carea' id='block_1_69' title="bbox 181 2512 995 2552">
    <p class='ocr_par' dir='ltr' id='par_1_69' title="bbox 181 2512 995 2552">
     <span class='ocr_line' id='line_1_70' title="bbox 181 2512 995 2552; baseline 0.01 -15"><span class='ocrx_word' id='word_1_452' title='bbox 181 2512 242 2545; x_wconf 88' lang='lat' dir='ltr'><strong>ipse</strong></span> <span class='ocrx_word' id='word_1_453' title='bbox 251 2512 621 2551; x_wconf 74' lang='lat' dir='ltr'><strong>obtuleratautographum,</strong></span> <span class='ocrx_word' id='word_1_454' title='bbox 635 2517 833 2552; x_wconf 84' lang='lat' dir='ltr'><strong>subsignatum</strong></span> <span class='ocrx_word' id='word_1_455' title='bbox 846 2525 899 2545; x_wconf 93' lang='lat' dir='ltr'><strong>non</strong></span> <span class='ocrx_word' id='word_1_456' title='bbox 915 2518 995 2545; x_wconf 90' lang='lat' dir='ltr'><strong>modo</strong></span> 
     </span>
    </p>
   </div>
   <div class='ocr_carea' id='block_1_70' title="bbox 180 2551 996 2586">
    <p class='ocr_par' dir='ltr' id='par_1_70' title="bbox 180 2551 996 2586">
     <span class='ocr_line' id='line_1_71' title="bbox 180 2551 996 2586; baseline 0.01 -14"><span class='ocrx_word' id='word_1_457' title='bbox 180 2556 193 2586; x_wconf 58' lang='grc' dir='ltr'>ει</span> <span class='ocrx_word' id='word_1_458' title='bbox 212 2553 250 2579; x_wconf 87' lang='lat' dir='ltr'><strong>se,</strong></span> <span class='ocrx_word' id='word_1_459' title='bbox 266 2555 363 2586; x_wconf 77' lang='lat' dir='ltr'><strong>verum</strong></span> <span class='ocrx_word' id='word_1_460' title='bbox 386 2551 469 2577; x_wconf 79' lang='lat' dir='ltr'><strong>etiam</strong></span> <span class='ocrx_word' id='word_1_461' title='bbox 488 2552 523 2578; x_wconf 81' lang='lat' dir='ltr'><strong>ab</strong></span> <span class='ocrx_word' id='word_1_462' title='bbox 546 2552 687 2580; x_wconf 87' lang='lat' dir='ltr'><strong>universis</strong></span> <span class='ocrx_word' id='word_1_463' title='bbox 706 2551 859 2586; x_wconf 78' lang='lat' dir='ltr'><strong>episcopis,</strong></span> <span class='ocrx_word' id='word_1_464' title='bbox 881 2552 996 2579; x_wconf 84' lang='lat' dir='ltr'><strong>abbati—</strong></span> 
     </span>
    </p>
   </div>
   <div class='ocr_carea' id='block_1_71' title="bbox 179 2581 997 2622">
    <p class='ocr_par' dir='ltr' id='par_1_71' title="bbox 179 2581 997 2622">
     <span class='ocr_line' id='line_1_72' title="bbox 179 2581 997 2622; baseline 0.009 -14"><span class='ocrx_word' id='word_1_465' title='bbox 179 2581 381 2622; x_wconf 42' lang='lat' dir='ltr'><strong>bus,.ducibu_s</strong></span> <span class='ocrx_word' id='word_1_466' title='bbox 393 2588 421 2611; x_wconf 90' lang='lat' dir='ltr'><strong>et</strong></span> <span class='ocrx_word' id='word_1_467' title='bbox 437 2587 653 2622; x_wconf 83' lang='lat' dir='ltr'><strong>graphionibus,</strong></span> <span class='ocrx_word' id='word_1_468' title='bbox 666 2581 909 2615; x_wconf 41' lang='lat' dir='ltr'><strong>com-munistu&#39;dio</strong></span> <span class='ocrx_word' id='word_1_469' title='bbox 925 2588 997 2615; x_wconf 76' lang='lat' dir='ltr'><strong>oﬁ&#39;e-</strong></span> 
     </span>
    </p>
   </div>
   <div class='ocr_carea' id='block_1_72' title="bbox 181 2618 995 2657">
    <p class='ocr_par' dir='ltr' id='par_1_72' title="bbox 181 2618 995 2657">
     <span class='ocr_line' id='line_1_73' title="bbox 181 2618 995 2657; baseline 0.009 -14"><span class='ocrx_word' id='word_1_470' title='bbox 181 2618 587 2657; x_wconf 52' lang='lat' dir='ltr'><strong>rentibusetiamjudicibus</strong></span> <span class='ocrx_word' id='word_1_471' title='bbox 611 2618 684 2655; x_wconf 81' lang='lat' dir='ltr'><strong>suis,</strong></span> <span class='ocrx_word' id='word_1_472' title='bbox 705 2623 746 2649; x_wconf 88' lang='lat' dir='ltr'><strong>uti</strong></span> <span class='ocrx_word' id='word_1_473' title='bbox 771 2623 892 2657; x_wconf 76' lang='lat' dir='ltr'><strong>legimus</strong></span> <span class='ocrx_word' id='word_1_474' title='bbox 916 2623 995 2650; x_wconf 85' lang='lat' dir='ltr'><strong>Libri</strong></span> 
     </span>
    </p>
   </div>
   <div class='ocr_carea' id='block_1_73' title="bbox 181 2652 995 2690">
    <p class='ocr_par' dir='ltr' id='par_1_73' title="bbox 181 2652 995 2690">
     <span class='ocr_line' id='line_1_74' title="bbox 181 2652 995 2690; baseline 0.009 -12"><span class='ocrx_word' id='word_1_475' title='bbox 181 2652 355 2680; x_wconf 84' lang='lat' dir='ltr'><strong>Pontiﬁcalis</strong></span> <span class='ocrx_word' id='word_1_476' title='bbox 370 2652 494 2682; x_wconf 82' lang='lat' dir='ltr'><strong>sectione</strong></span> <span class='ocrx_word' id='word_1_477' title='bbox 507 2656 568 2690; x_wconf 63' lang='lat'><strong>319,</strong></span> <span class='ocrx_word' id='word_1_478' title='bbox 585 2657 612 2683; x_wconf 95' lang='lat' dir='ltr'><strong>in</strong></span> <span class='ocrx_word' id='word_1_479' title='bbox 630 2652 692 2684; x_wconf 73' lang='lat' dir='ltr'><strong>Vita</strong></span> <span class='ocrx_word' id='word_1_480' title='bbox 707 2658 732 2684; x_wconf 90' lang='lat' dir='ltr'><strong>S.</strong></span> <span class='ocrx_word' id='word_1_481' title='bbox 748 2652 877 2684; x_wconf 55' lang='lat' dir='ltr'><strong>Adriani.</strong></span> <span class='ocrx_word' id='word_1_482' title='bbox 893 2658 995 2686; x_wconf 90' lang='lat' dir='ltr'><strong>Eodem</strong></span> 
     </span>
    </p>
   </div>
   <div class='ocr_carea' id='block_1_74' title="bbox 181 2689 995 2726">
    <p class='ocr_par' dir='ltr' id='par_1_74' title="bbox 181 2689 995 2726">
     <span class='ocr_line' id='line_1_75' title="bbox 181 2689 995 2726; baseline 0.01 -14"><span class='ocrx_word' id='word_1_483' title='bbox 181 2693 246 2726; x_wconf 77' lang='lat' dir='ltr'><strong>vero</strong></span> <span class='ocrx_word' id='word_1_484' title='bbox 262 2689 375 2726; x_wconf 73' lang='lat' dir='ltr'><strong>smculo.</strong></span> <span class='ocrx_word' id='word_1_485' title='bbox 393 2697 449 2724; x_wconf 84' lang='lat' dir='ltr'><strong>quo</strong></span> <span class='ocrx_word' id='word_1_486' title='bbox 466 2690 546 2724; x_wconf 87' lang='lat' dir='ltr'><strong>plura</strong></span> <span class='ocrx_word' id='word_1_487' title='bbox 561 2693 687 2726; x_wconf 81' lang='lat' dir='ltr'><strong>exempla</strong></span> <span class='ocrx_word' id='word_1_488' title='bbox 704 2699 762 2720; x_wconf 65' lang='lat' dir='ltr'><strong>sum</strong></span> <span class='ocrx_word' id='word_1_489' title='bbox 778 2692 941 2720; x_wconf 89' lang='lat' dir='ltr'><strong>donationis</strong></span> <span class='ocrx_word' id='word_1_490' title='bbox 956 2693 995 2720; x_wconf 89' lang='lat' dir='ltr'><strong>ita</strong></span> 
     </span>
    </p>
   </div>
   <div class='ocr_carea' id='block_1_75' title="bbox 180 2721 997 2763">
    <p class='ocr_par' dir='ltr' id='par_1_75' title="bbox 180 2721 997 2763">
     <span class='ocr_line' id='line_1_76' title="bbox 180 2721 997 2763; baseline 0.009 -15"><span class='ocrx_word' id='word_1_491' title='bbox 180 2721 323 2763; x_wconf 86' lang='lat' dir='ltr'><strong>descripta</strong></span> <span class='ocrx_word' id='word_1_492' title='bbox 331 2721 596 2763; x_wconf 74' lang='lat' dir='ltr'><strong>detuieratcarolus</strong></span> <span class='ocrx_word' id='word_1_493' title='bbox 605 2727 634 2763; x_wconf 84' lang='lat' dir='ltr'><strong>in</strong></span> <span class='ocrx_word' id='word_1_494' title='bbox 644 2721 764 2760; x_wconf 65' lang='lat' dir='ltr'><strong>&#39;Gallias,</strong></span> <span class='ocrx_word' id='word_1_495' title='bbox 775 2728 860 2754; x_wconf 91' lang='lat' dir='ltr'><strong>etiam</strong></span> <span class='ocrx_word' id='word_1_496' title='bbox 869 2728 997 2763; x_wconf 86' lang='lat' dir='ltr'><strong>exempla</strong></span> 
     </span>
    </p>
   </div>
   <div class='ocr_carea' id='block_1_76' title="bbox 181 2760 996 2798">
    <p class='ocr_par' dir='ltr' id='par_1_76' title="bbox 181 2760 996 2798">
     <span class='ocr_line' id='line_1_77' title="bbox 181 2760 996 2798; baseline 0.007 -13"><span class='ocrx_word' id='word_1_497' title='bbox 181 2760 311 2798; x_wconf 66' lang='lat' dir='ltr'><strong>secunda:</strong></span> <span class='ocrx_word' id='word_1_498' title='bbox 325 2761 415 2798; x_wconf 79' lang='lat' dir='ltr'><strong>partis</strong></span> <span class='ocrx_word' id='word_1_499' title='bbox 430 2761 505 2788; x_wconf 87' lang='lat' dir='ltr'><strong>Libri</strong></span> <span class='ocrx_word' id='word_1_500' title='bbox 519 2761 692 2798; x_wconf 74' lang='lat' dir='ltr'><strong>i’ontiﬁcalis</strong></span> <span class='ocrx_word' id='word_1_501' title='bbox 704 2763 829 2790; x_wconf 90' lang='lat' dir='ltr'><strong>describi</strong></span> <span class='ocrx_word' id='word_1_502' title='bbox 843 2766 869 2790; x_wconf 86' lang='lat' dir='ltr'><strong>et</strong></span> <span class='ocrx_word' id='word_1_503' title='bbox 884 2764 912 2790; x_wconf 94' lang='lat' dir='ltr'><strong>in</strong></span> <span class='ocrx_word' id='word_1_504' title='bbox 928 2760 996 2798; x_wconf 84' lang='lat' dir='ltr'><strong>pro—</strong></span> 
     </span>
    </p>
   </div>
   <div class='ocr_carea' id='block_1_77' title="bbox 181 2795 995 2832">
    <p class='ocr_par' dir='ltr' id='par_1_77' title="bbox 181 2795 995 2832">
     <span class='ocr_line' id='line_1_78' title="bbox 181 2795 995 2832; baseline 0.011 -14"><span class='ocrx_word' id='word_1_505' title='bbox 181 2795 286 2832; x_wconf 86' lang='lat' dir='ltr'><strong>vinc_i_is</strong></span> <span class='ocrx_word' id='word_1_506' title='bbox 298 2795 409 2832; x_wconf 81' lang='lat' dir='ltr'><strong>vulgari</strong></span> <span class='ocrx_word' id='word_1_507' title='bbox 420 2797 540 2831; x_wconf 72' lang='lat' dir='ltr'><strong>coepisse</strong></span> <span class='ocrx_word' id='word_1_508' title='bbox 554 2796 703 2825; x_wconf 85' lang='lat' dir='ltr'><strong>manifeste</strong></span> <span class='ocrx_word' id='word_1_509' title='bbox 715 2798 900 2832; x_wconf 86' lang='lat' dir='ltr'><strong>comprobant</strong></span> <span class='ocrx_word' id='word_1_510' title='bbox 912 2795 995 2827; x_wconf 78' lang='lat' dir='ltr'><strong>codi-</strong></span> 
     </span>
    </p>
   </div>
   <div class='ocr_carea' id='block_1_78' title="bbox 180 2829 995 2869">
    <p class='ocr_par' dir='ltr' id='par_1_78' title="bbox 180 2829 995 2869">
     <span class='ocr_line' id='line_1_79' title="bbox 180 2829 995 2869; baseline 0.01 -15"><span class='ocrx_word' id='word_1_511' title='bbox 180 2834 227 2869; x_wconf 76' lang='lat' dir='ltr'><strong>ces_</strong></span> <span class='ocrx_word' id='word_1_512' title='bbox 239 2829 430 2869; x_wconf 46' lang='lat' dir='ltr'><strong>&#39;Farnesianus</strong></span> <span class='ocrx_word' id='word_1_513' title='bbox 441 2829 472 2869; x_wconf 47' lang='lat' dir='ltr'><strong>et—</strong></span> <span class='ocrx_word' id='word_1_514' title='bbox 480 2832 638 2860; x_wconf 84' lang='lat' dir='ltr'><strong>Florentini</strong></span> <span class='ocrx_word' id='word_1_515' title='bbox 649 2839 711 2860; x_wconf 92' lang='lat' dir='ltr'><strong>enm</strong></span> <span class='ocrx_word' id='word_1_516' title='bbox 723 2829 918 2869; x_wconf 75' lang='lat' dir='ltr'><strong>continentes;</strong></span> <span class='ocrx_word' id='word_1_517' title='bbox 930 2842 995 2862; x_wconf 90' lang='lat' dir='ltr'><strong>cum</strong></span> 
     </span>
    </p>
   </div>
   <div class='ocr_carea' id='block_1_79' title="bbox 181 2864 994 2905">
    <p class='ocr_par' dir='ltr' id='par_1_79' title="bbox 181 2864 994 2905">
     <span class='ocr_line' id='line_1_80' title="bbox 181 2864 994 2905; baseline 0.01 -15"><span class='ocrx_word' id='word_1_518' title='bbox 181 2864 247 2891; x_wconf 80' lang='lat' dir='ltr'><strong>ante</strong></span> <span class='ocrx_word' id='word_1_519' title='bbox 266 2864 425 2895; x_wconf 86' lang='lat' dir='ltr'><strong>Carolinam</strong></span> <span class='ocrx_word' id='word_1_520' title='bbox 445 2868 626 2896; x_wconf 86' lang='lat' dir='ltr'><strong>donationem</strong></span> <span class='ocrx_word' id='word_1_521' title='bbox 653 2869 731 2904; x_wconf 90' lang='lat' dir='ltr'><strong>prior</strong></span> <span class='ocrx_word' id='word_1_522' title='bbox 754 2869 803 2898; x_wconf 89' lang='lat' dir='ltr'><strong>illa</strong></span> <span class='ocrx_word' id='word_1_523' title='bbox 826 2877 891 2905; x_wconf 89' lang='lat' dir='ltr'><strong>pars</strong></span> <span class='ocrx_word' id='word_1_524' title='bbox 914 2864 994 2898; x_wconf 80' lang='lat' dir='ltr'><strong>Libri</strong></span> 
     </span>
    </p>
   </div>
   <div class='ocr_carea' id='block_1_80' title="bbox 1018 874 1042 904">
    <p class='ocr_par' dir='ltr' id='par_1_80' title="bbox 1018 874 1042 904">
     <span class='ocr_line' id='line_1_81' title="bbox 1018 874 1042 904; baseline 0 0"><span class='ocrx_word' id='word_1_525' title='bbox 1018 874 1042 904; x_wconf 90' lang='grc' dir='ltr'>Β</span> 
     </span>
    </p>
   </div>
   <div class='ocr_carea' id='block_1_81' title="bbox 1010 2162 1735 2220">
    <p class='ocr_par' dir='ltr' id='par_1_81' title="bbox 1010 2162 1735 2220">
     <span class='ocr_line' id='line_1_82' title="bbox 1010 2162 1735 2220; baseline -0.003 -4"><span class='ocrx_word' id='word_1_526' title='bbox 1010 2189 1037 2220; x_wconf 82' lang='grc' dir='ltr'><strong>ι)</strong></span> <span class='ocrx_word' id='word_1_527' title='bbox 1053 2162 1399 2220; x_wconf 46' lang='grc' dir='ltr'><strong>μΕῸΙΝᾸΤῖμΙ</strong></span> <span class='ocrx_word' id='word_1_528' title='bbox 1411 2163 1735 2216; x_wconf 62' lang='lat' dir='ltr'><strong>RCOClec</strong></span> 
     </span>
    </p>
   </div>
   <div class='ocr_carea' id='block_1_82' title="bbox 1058 255 1882 290">
    <p class='ocr_par' dir='ltr' id='par_1_82' title="bbox 1058 255 1882 290">
     <span class='ocr_line' id='line_1_83' title="bbox 1058 255 1882 290; baseline 0.002 -9"><span class='ocrx_word' id='word_1_529' title='bbox 1058 255 1116 289; x_wconf 84' lang='lat' dir='ltr'><strong>jam</strong></span> <span class='ocrx_word' id='word_1_530' title='bbox 1140 256 1328 283; x_wconf 86' lang='lat' dir='ltr'><strong>innotesceret</strong></span> <span class='ocrx_word' id='word_1_531' title='bbox 1350 262 1398 290; x_wconf 92' lang='lat' dir='ltr'><strong>per</strong></span> <span class='ocrx_word' id='word_1_532' title='bbox 1414 255 1606 282; x_wconf 79' lang='lat' dir='ltr'><strong>Venerabilem</strong></span> <span class='ocrx_word' id='word_1_533' title='bbox 1628 255 1728 282; x_wconf 81' lang='lat' dir='ltr'><strong>Bedam</strong></span> <span class='ocrx_word' id='word_1_534' title='bbox 1747 255 1882 290; x_wconf 76' lang='lat' dir='ltr'><strong>aliosque</strong></span> 
     </span>
    </p>
   </div>
   <div class='ocr_carea' id='block_1_83' title="bbox 1060 291 1882 325">
    <p class='ocr_par' dir='ltr' id='par_1_83' title="bbox 1060 291 1882 325">
     <span class='ocr_line' id='line_1_84' title="bbox 1060 291 1882 325; baseline 0.002 -9"><span class='ocrx_word' id='word_1_535' title='bbox 1060 291 1240 324; x_wconf 87' lang='lat' dir='ltr'><strong>antiquiores</strong></span> <span class='ocrx_word' id='word_1_536' title='bbox 1254 291 1354 318; x_wconf 88' lang='lat' dir='ltr'><strong>Carolo</strong></span> <span class='ocrx_word' id='word_1_537' title='bbox 1374 292 1474 325; x_wconf 85' lang='lat' dir='ltr'><strong>Magno</strong></span> <span class='ocrx_word' id='word_1_538' title='bbox 1490 291 1615 318; x_wconf 87' lang='lat' dir='ltr'><strong>indicata</strong></span> <span class='ocrx_word' id='word_1_539' title='bbox 1634 295 1661 317; x_wconf 92' lang='lat' dir='ltr'><strong>et</strong></span> <span class='ocrx_word' id='word_1_540' title='bbox 1678 291 1825 324; x_wconf 76' lang='lat' dir='ltr'><strong>producta.</strong></span> <span class='ocrx_word' id='word_1_541' title='bbox 1848 297 1882 318; x_wconf 88' lang='lat' dir='ltr'><strong>ac</strong></span> 
     </span>
    </p>
   </div>
   <div class='ocr_carea' id='block_1_84' title="bbox 1062 325 1883 360">
    <p class='ocr_par' dir='ltr' id='par_1_84' title="bbox 1062 325 1883 360">
     <span class='ocr_line' id='line_1_85' title="bbox 1062 325 1883 360; baseline 0.001 -8"><span class='ocrx_word' id='word_1_542' title='bbox 1062 325 1194 353; x_wconf 90' lang='lat' dir='ltr'><strong>manibus</strong></span> <span class='ocrx_word' id='word_1_543' title='bbox 1217 329 1356 353; x_wconf 91' lang='lat' dir='ltr'><strong>tereretur</strong></span> <span class='ocrx_word' id='word_1_544' title='bbox 1378 326 1535 360; x_wconf 89' lang='lat' dir='ltr'><strong>Gallorum,</strong></span> <span class='ocrx_word' id='word_1_545' title='bbox 1557 325 1712 359; x_wconf 73' lang='lat' dir='ltr'><strong>Anglorum</strong></span> <span class='ocrx_word' id='word_1_546' title='bbox 1736 326 1883 353; x_wconf 90' lang='lat' dir='ltr'><strong>aliorum-—</strong></span> 
     </span>
    </p>
   </div>
   <div class='ocr_carea' id='block_1_85' title="bbox 1061 360 1883 396">
    <p class='ocr_par' dir='ltr' id='par_1_85' title="bbox 1061 360 1883 396">
     <span class='ocr_line' id='line_1_86' title="bbox 1061 360 1883 396; baseline 0 -8"><span class='ocrx_word' id='word_1_547' title='bbox 1061 367 1116 394; x_wconf 86' lang='lat' dir='ltr'><strong>que</strong></span> <span class='ocrx_word' id='word_1_548' title='bbox 1128 360 1364 388; x_wconf 84' lang='lat' dir='ltr'><strong>Occidentalium.</strong></span> <span class='ocrx_word' id='word_1_549' title='bbox 1382 361 1462 388; x_wconf 90' lang='lat' dir='ltr'><strong>Nihil</strong></span> <span class='ocrx_word' id='word_1_550' title='bbox 1478 361 1573 396; x_wconf 86' lang='lat' dir='ltr'><strong>itaque</strong></span> <span class='ocrx_word' id='word_1_551' title='bbox 1587 361 1733 388; x_wconf 89' lang='lat' dir='ltr'><strong>illustrius</strong></span> <span class='ocrx_word' id='word_1_552' title='bbox 1747 361 1883 396; x_wconf 91' lang='lat' dir='ltr'><strong>nihilque</strong></span> 
     </span>
    </p>
   </div>
   <div class='ocr_carea' id='block_1_86' title="bbox 1060 396 1884 430">
    <p class='ocr_par' dir='ltr' id='par_1_86' title="bbox 1060 396 1884 430">
     <span class='ocr_line' id='line_1_87' title="bbox 1060 396 1884 430; baseline 0.002 -8"><span class='ocrx_word' id='word_1_553' title='bbox 1060 396 1169 423; x_wconf 88' lang='lat' dir='ltr'><strong>certius</strong></span> <span class='ocrx_word' id='word_1_554' title='bbox 1189 396 1222 423; x_wconf 89' lang='lat' dir='ltr'><strong>ad</strong></span> <span class='ocrx_word' id='word_1_555' title='bbox 1240 396 1321 423; x_wconf 87' lang='lat' dir='ltr'><strong>ﬁdem</strong></span> <span class='ocrx_word' id='word_1_556' title='bbox 1344 396 1431 430; x_wconf 90' lang='lat' dir='ltr'><strong>hujus</strong></span> <span class='ocrx_word' id='word_1_557' title='bbox 1451 396 1579 423; x_wconf 74' lang='lat' dir='ltr'><strong>historize</strong></span> <span class='ocrx_word' id='word_1_558' title='bbox 1600 397 1790 430; x_wconf 86' lang='lat' dir='ltr'><strong>asserendam,</strong></span> <span class='ocrx_word' id='word_1_559' title='bbox 1809 397 1884 424; x_wconf 90' lang='lat' dir='ltr'><strong>illo—</strong></span> 
     </span>
    </p>
   </div>
   <div class='ocr_carea' id='block_1_87' title="bbox 1061 431 1880 466">
    <p class='ocr_par' dir='ltr' id='par_1_87' title="bbox 1061 431 1880 466">
     <span class='ocr_line' id='line_1_88' title="bbox 1061 431 1880 466; baseline 0.002 -9"><span class='ocrx_word' id='word_1_560' title='bbox 1061 438 1182 465; x_wconf 87' lang='lat' dir='ltr'><strong>rumque</strong></span> <span class='ocrx_word' id='word_1_561' title='bbox 1207 432 1446 459; x_wconf 88' lang='lat' dir='ltr'><strong>monimentorum</strong></span> <span class='ocrx_word' id='word_1_562' title='bbox 1469 432 1614 458; x_wconf 87' lang='lat' dir='ltr'><strong>veritatem</strong></span> <span class='ocrx_word' id='word_1_563' title='bbox 1637 431 1732 458; x_wconf 86' lang='lat' dir='ltr'><strong>afferri</strong></span> <span class='ocrx_word' id='word_1_564' title='bbox 1758 435 1880 466; x_wconf 86' lang='lat' dir='ltr'><strong>poterat,</strong></span> 
     </span>
    </p>
   </div>
   <div class='ocr_carea' id='block_1_88' title="bbox 1061 467 1881 501">
    <p class='ocr_par' dir='ltr' id='par_1_88' title="bbox 1061 467 1881 501">
     <span class='ocr_line' id='line_1_89' title="bbox 1061 467 1881 501; baseline 0.002 -9"><span class='ocrx_word' id='word_1_565' title='bbox 1061 472 1145 500; x_wconf 87' lang='lat' dir='ltr'><strong>quam</strong></span> <span class='ocrx_word' id='word_1_566' title='bbox 1156 467 1268 494; x_wconf 88' lang='lat' dir='ltr'><strong>codices</strong></span> <span class='ocrx_word' id='word_1_567' title='bbox 1277 467 1400 501; x_wconf 58' lang='lat' dir='ltr'><strong>aequales</strong></span> <span class='ocrx_word' id='word_1_568' title='bbox 1410 467 1513 494; x_wconf 67' lang='lat' dir='ltr'><strong>sacculo</strong></span> <span class='ocrx_word' id='word_1_569' title='bbox 1521 467 1696 501; x_wconf 85' lang='lat' dir='ltr'><strong>donationis,</strong></span> <span class='ocrx_word' id='word_1_570' title='bbox 1710 467 1759 501; x_wconf 84' lang='lat' dir='ltr'><strong>qui</strong></span> <span class='ocrx_word' id='word_1_571' title='bbox 1773 467 1881 494; x_wconf 92' lang='lat' dir='ltr'><strong>ibidem</strong></span> 
     </span>
    </p>
   </div>
   <div class='ocr_carea' id='block_1_89' title="bbox 1062 502 1882 537">
    <p class='ocr_par' dir='ltr' id='par_1_89' title="bbox 1062 502 1882 537">
     <span class='ocr_line' id='line_1_90' title="bbox 1062 502 1882 537; baseline 0.002 -9"><span class='ocrx_word' id='word_1_572' title='bbox 1062 504 1129 528; x_wconf 91' lang='lat' dir='ltr'><strong>tunc</strong></span> <span class='ocrx_word' id='word_1_573' title='bbox 1151 502 1351 537; x_wconf 75' lang='lat' dir='ltr'><strong>vulgabantur,</strong></span> <span class='ocrx_word' id='word_1_574' title='bbox 1378 502 1427 529; x_wconf 92' lang='lat' dir='ltr'><strong>ubi</strong></span> <span class='ocrx_word' id='word_1_575' title='bbox 1449 505 1549 529; x_wconf 87' lang='lat' dir='ltr'><strong>auctor</strong></span> <span class='ocrx_word' id='word_1_576' title='bbox 1570 502 1737 529; x_wconf 78' lang='lat' dir='ltr'><strong>donationis</strong></span> <span class='ocrx_word' id='word_1_577' title='bbox 1760 503 1882 530; x_wconf 87' lang='lat' dir='ltr'><strong>Carolus</strong></span> 
     </span>
    </p>
   </div>
   <div class='ocr_carea' id='block_1_90' title="bbox 1060 537 1882 572">
    <p class='ocr_par' dir='ltr' id='par_1_90' title="bbox 1060 537 1882 572">
     <span class='ocr_line' id='line_1_91' title="bbox 1060 537 1882 572; baseline 0.002 -9"><span class='ocrx_word' id='word_1_578' title='bbox 1060 537 1179 571; x_wconf 82' lang='lat' dir='ltr'><strong>Magnus</strong></span> <span class='ocrx_word' id='word_1_579' title='bbox 1189 537 1316 572; x_wconf 85' lang='lat' dir='ltr'><strong>exempla</strong></span> <span class='ocrx_word' id='word_1_580' title='bbox 1325 537 1502 572; x_wconf 79' lang='lat' dir='ltr'><strong>Autographi</strong></span> <span class='ocrx_word' id='word_1_581' title='bbox 1512 537 1557 564; x_wconf 89' lang='lat' dir='ltr'><strong>sui</strong></span> <span class='ocrx_word' id='word_1_582' title='bbox 1569 538 1747 571; x_wconf 86' lang='lat' dir='ltr'><strong>deposuerat.</strong></span> <span class='ocrx_word' id='word_1_583' title='bbox 1761 538 1882 565; x_wconf 90' lang='lat' dir='ltr'><strong>Perinde</strong></span> 
     </span>
    </p>
   </div>
   <div class='ocr_carea' id='block_1_91' title="bbox 1060 572 1882 607">
    <p class='ocr_par' dir='ltr' id='par_1_91' title="bbox 1060 572 1882 607">
     <span class='ocr_line' id='line_1_92' title="bbox 1060 572 1882 607; baseline 0.002 -9"><span class='ocrx_word' id='word_1_584' title='bbox 1060 572 1136 598; x_wconf 86' lang='lat' dir='ltr'><strong>enim</strong></span> <span class='ocrx_word' id='word_1_585' title='bbox 1154 572 1233 599; x_wconf 88' lang='lat' dir='ltr'><strong>ﬁdem</strong></span> <span class='ocrx_word' id='word_1_586' title='bbox 1258 575 1392 600; x_wconf 90' lang='lat' dir='ltr'><strong>astruunt</strong></span> <span class='ocrx_word' id='word_1_587' title='bbox 1414 573 1540 606; x_wconf 79' lang='lat' dir='ltr'><strong>germani</strong></span> <span class='ocrx_word' id='word_1_588' title='bbox 1556 572 1719 599; x_wconf 88' lang='lat' dir='ltr'><strong>documenti</strong></span> <span class='ocrx_word' id='word_1_589' title='bbox 1735 573 1882 607; x_wconf 85' lang='lat' dir='ltr'><strong>descripta</strong></span> 
     </span>
    </p>
   </div>
   <div class='ocr_carea' id='block_1_92' title="bbox 1061 607 1881 642">
    <p class='ocr_par' dir='ltr' id='par_1_92' title="bbox 1061 607 1881 642">
     <span class='ocr_line' id='line_1_93' title="bbox 1061 607 1881 642; baseline 0.001 -8"><span class='ocrx_word' id='word_1_590' title='bbox 1061 613 1110 640; x_wconf 88' lang='lat' dir='ltr'><strong>per</strong></span> <span class='ocrx_word' id='word_1_591' title='bbox 1127 608 1313 635; x_wconf 88' lang='lat' dir='ltr'><strong>scriniarium</strong></span> <span class='ocrx_word' id='word_1_592' title='bbox 1340 607 1467 641; x_wconf 89' lang='lat' dir='ltr'><strong>exempla</strong></span> <span class='ocrx_word' id='word_1_593' title='bbox 1491 607 1668 640; x_wconf 87' lang='lat' dir='ltr'><strong>donationis,</strong></span> <span class='ocrx_word' id='word_1_594' title='bbox 1688 614 1720 634; x_wconf 85' lang='lat' dir='ltr'><strong>ac</strong></span> <span class='ocrx_word' id='word_1_595' title='bbox 1735 608 1881 642; x_wconf 87' lang='lat' dir='ltr'><strong>descripta</strong></span> 
     </span>
    </p>
   </div>
   <div class='ocr_carea' id='block_1_93' title="bbox 1061 642 1881 675">
    <p class='ocr_par' dir='ltr' id='par_1_93' title="bbox 1061 642 1881 675">
     <span class='ocr_line' id='line_1_94' title="bbox 1061 642 1881 675; baseline 0.001 -6"><span class='ocrx_word' id='word_1_596' title='bbox 1061 649 1110 675; x_wconf 89' lang='lat' dir='ltr'><strong>per</strong></span> <span class='ocrx_word' id='word_1_597' title='bbox 1122 642 1358 670; x_wconf 88' lang='lat' dir='ltr'><strong>bibliothecarios</strong></span> <span class='ocrx_word' id='word_1_598' title='bbox 1373 646 1400 669; x_wconf 91' lang='lat' dir='ltr'><strong>et</strong></span> <span class='ocrx_word' id='word_1_599' title='bbox 1410 649 1597 669; x_wconf 88' lang='lat' dir='ltr'><strong>amanuenses</strong></span> <span class='ocrx_word' id='word_1_600' title='bbox 1611 643 1741 669; x_wconf 70' lang='lat' dir='ltr'><strong>Romana:</strong></span> <span class='ocrx_word' id='word_1_601' title='bbox 1757 644 1834 670; x_wconf 90' lang='lat' dir='ltr'><strong>sedis</strong></span> <span class='ocrx_word' id='word_1_602' title='bbox 1849 644 1881 670; x_wconf 93' lang='lat' dir='ltr'><strong>in</strong></span> 
     </span>
    </p>
   </div>
   <div class='ocr_carea' id='block_1_94' title="bbox 1060 677 1882 712">
    <p class='ocr_par' dir='ltr' id='par_1_94' title="bbox 1060 677 1882 712">
     <span class='ocr_line' id='line_1_95' title="bbox 1060 677 1882 712; baseline 0.004 -9"><span class='ocrx_word' id='word_1_603' title='bbox 1060 677 1185 705; x_wconf 84' lang='lat' dir='ltr'><strong>Historia</strong></span> <span class='ocrx_word' id='word_1_604' title='bbox 1196 678 1323 705; x_wconf 75' lang='lat' dir='ltr'><strong>Vitarum</strong></span> <span class='ocrx_word' id='word_1_605' title='bbox 1336 677 1418 705; x_wconf 89' lang='lat' dir='ltr'><strong>verba</strong></span> <span class='ocrx_word' id='word_1_606' title='bbox 1427 678 1602 711; x_wconf 90' lang='lat' dir='ltr'><strong>donationis,</strong></span> <span class='ocrx_word' id='word_1_607' title='bbox 1615 684 1703 712; x_wconf 87' lang='lat' dir='ltr'><strong>eaque</strong></span> <span class='ocrx_word' id='word_1_608' title='bbox 1718 685 1781 705; x_wconf 89' lang='lat' dir='ltr'><strong>cum</strong></span> <span class='ocrx_word' id='word_1_609' title='bbox 1795 679 1882 706; x_wconf 79' lang='lat' dir='ltr'><strong>Libro</strong></span> 
     </span>
    </p>
   </div>
   <div class='ocr_carea' id='block_1_95' title="bbox 1060 712 1882 747">
    <p class='ocr_par' dir='ltr' id='par_1_95' title="bbox 1060 712 1882 747">
     <span class='ocr_line' id='line_1_96' title="bbox 1060 712 1882 747; baseline 0.002 -8"><span class='ocrx_word' id='word_1_610' title='bbox 1060 712 1217 740; x_wconf 83' lang='lat' dir='ltr'><strong>Pontiﬁcali</strong></span> <span class='ocrx_word' id='word_1_611' title='bbox 1235 713 1348 747; x_wconf 78' lang='lat' dir='ltr'><strong>vulgata</strong></span> <span class='ocrx_word' id='word_1_612' title='bbox 1366 713 1393 740; x_wconf 92' lang='lat' dir='ltr'><strong>in</strong></span> <span class='ocrx_word' id='word_1_613' title='bbox 1416 713 1572 747; x_wconf 76' lang='lat' dir='ltr'><strong>provincnis</strong></span> <span class='ocrx_word' id='word_1_614' title='bbox 1587 713 1683 740; x_wconf 90' lang='lat' dir='ltr'><strong>eodem</strong></span> <span class='ocrx_word' id='word_1_615' title='bbox 1700 714 1803 741; x_wconf 74' lang='lat' dir='ltr'><strong>smculo</strong></span> <span class='ocrx_word' id='word_1_616' title='bbox 1823 715 1882 741; x_wconf 82' lang='lat' dir='ltr'><strong>Ca-</strong></span> 
     </span>
    </p>
   </div>
   <div class='ocr_carea' id='block_1_96' title="bbox 1060 748 1880 783">
    <p class='ocr_par' dir='ltr' id='par_1_96' title="bbox 1060 748 1880 783">
     <span class='ocr_line' id='line_1_97' title="bbox 1060 748 1880 783; baseline 0.002 -9"><span class='ocrx_word' id='word_1_617' title='bbox 1060 748 1114 775; x_wconf 91' lang='lat' dir='ltr'><strong>roli</strong></span> <span class='ocrx_word' id='word_1_618' title='bbox 1126 748 1379 783; x_wconf 81' lang='lat' dir='ltr'><strong>Magni,judicum,</strong></span> <span class='ocrx_word' id='word_1_619' title='bbox 1391 748 1508 781; x_wconf 86' lang='lat' dir='ltr'><strong>ducum,</strong></span> <span class='ocrx_word' id='word_1_620' title='bbox 1520 748 1665 780; x_wconf 72' lang='lat' dir='ltr'><strong>abbatum,</strong></span> <span class='ocrx_word' id='word_1_621' title='bbox 1679 749 1880 782; x_wconf 90' lang='lat' dir='ltr'><strong>episcoporum</strong></span> 
     </span>
    </p>
   </div>
   <div class='ocr_carea' id='block_1_97' title="bbox 1060 783 1882 818">
    <p class='ocr_par' dir='ltr' id='par_1_97' title="bbox 1060 783 1882 818">
     <span class='ocr_line' id='line_1_98' title="bbox 1060 783 1882 818; baseline 0.004 -9"><span class='ocrx_word' id='word_1_622' title='bbox 1060 783 1139 817; x_wconf 85' lang='lat' dir='ltr'><strong>regni</strong></span> <span class='ocrx_word' id='word_1_623' title='bbox 1149 787 1235 818; x_wconf 91' lang='lat' dir='ltr'><strong>atque</strong></span> <span class='ocrx_word' id='word_1_624' title='bbox 1245 784 1357 817; x_wconf 89' lang='lat' dir='ltr'><strong>imperii</strong></span> <span class='ocrx_word' id='word_1_625' title='bbox 1368 783 1505 816; x_wconf 86' lang='lat' dir='ltr'><strong>Carolini,</strong></span> <span class='ocrx_word' id='word_1_626' title='bbox 1517 784 1566 817; x_wconf 85' lang='lat' dir='ltr'><strong>qui</strong></span> <span class='ocrx_word' id='word_1_627' title='bbox 1575 784 1724 811; x_wconf 87' lang='lat' dir='ltr'><strong>donationi</strong></span> <span class='ocrx_word' id='word_1_628' title='bbox 1737 784 1882 812; x_wconf 86' lang='lat' dir='ltr'><strong>interfue—</strong></span> 
     </span>
    </p>
   </div>
   <div class='ocr_carea' id='block_1_98' title="bbox 1060 818 1881 853">
    <p class='ocr_par' dir='ltr' id='par_1_98' title="bbox 1060 818 1881 853">
     <span class='ocr_line' id='line_1_99' title="bbox 1060 818 1881 853; baseline 0.004 -9"><span class='ocrx_word' id='word_1_629' title='bbox 1060 822 1133 849; x_wconf 78' lang='lat' dir='ltr'><strong>rant.</strong></span> <span class='ocrx_word' id='word_1_630' title='bbox 1149 820 1268 853; x_wconf 91' lang='lat' dir='ltr'><strong>ejusque</strong></span> <span class='ocrx_word' id='word_1_631' title='bbox 1287 819 1464 853; x_wconf 78' lang='lat' dir='ltr'><strong>autographa</strong></span> <span class='ocrx_word' id='word_1_632' title='bbox 1484 818 1714 852; x_wconf 73' lang='lat' dir='ltr'><strong>subscripserunt</strong></span> <span class='ocrx_word' id='word_1_633' title='bbox 1730 820 1881 853; x_wconf 86' lang='lat' dir='ltr'><strong>Scriptura</strong></span> 
     </span>
    </p>
   </div>
   <div class='ocr_carea' id='block_1_99' title="bbox 1060 853 1881 888">
    <p class='ocr_par' dir='ltr' id='par_1_99' title="bbox 1060 853 1881 888">
     <span class='ocr_line' id='line_1_100' title="bbox 1060 853 1881 888; baseline 0.004 -9"><span class='ocrx_word' id='word_1_634' title='bbox 1060 853 1152 888; x_wconf 80' lang='lat' dir='ltr'><strong>igitur</strong></span> <span class='ocrx_word' id='word_1_635' title='bbox 1167 854 1276 881; x_wconf 83' lang='lat' dir='ltr'><strong>codicis</strong></span> <span class='ocrx_word' id='word_1_636' title='bbox 1292 854 1329 880; x_wconf 88' lang='lat' dir='ltr'><strong>ita</strong></span> <span class='ocrx_word' id='word_1_637' title='bbox 1349 855 1453 880; x_wconf 87' lang='lat' dir='ltr'><strong>vetusti</strong></span> <span class='ocrx_word' id='word_1_638' title='bbox 1467 854 1674 881; x_wconf 87' lang='lat' dir='ltr'><strong>demonstratio</strong></span> <span class='ocrx_word' id='word_1_639' title='bbox 1689 857 1731 881; x_wconf 91' lang='lat' dir='ltr'><strong>est</strong></span> <span class='ocrx_word' id='word_1_640' title='bbox 1750 854 1881 882; x_wconf 68' lang='lat' dir='ltr'><strong>historiae</strong></span> 
     </span>
    </p>
   </div>
   <div class='ocr_carea' id='block_1_100' title="bbox 1059 888 1878 925">
    <p class='ocr_par' dir='ltr' id='par_1_100' title="bbox 1059 888 1878 925">
     <span class='ocr_line' id='line_1_101' title="bbox 1059 888 1878 925; baseline 0.002 -10"><span class='ocrx_word' id='word_1_641' title='bbox 1059 895 1090 915; x_wconf 80' lang='lat' dir='ltr'><strong>ac</strong></span> <span class='ocrx_word' id='word_1_642' title='bbox 1100 888 1236 925; x_wconf 84' lang='lat' dir='ltr'><strong>donation</strong></span> <span class='ocrx_word' id='word_1_643' title='bbox 1243 890 1275 915; x_wconf 88' lang='lat' dir='ltr'><strong>is.</strong></span> <span class='ocrx_word' id='word_1_644' title='bbox 1284 889 1376 925; x_wconf 83' lang='lat' dir='ltr'><strong>Quare</strong></span> <span class='ocrx_word' id='word_1_645' title='bbox 1388 889 1459 916; x_wconf 89' lang='lat' dir='ltr'><strong>hanc</strong></span> <span class='ocrx_word' id='word_1_646' title='bbox 1468 889 1644 925; x_wconf 55' lang='lat' dir='ltr'><strong>praecaveteris</strong></span> <span class='ocrx_word' id='word_1_647' title='bbox 1653 889 1718 923; x_wconf 89' lang='lat' dir='ltr'><strong>jure</strong></span> <span class='ocrx_word' id='word_1_648' title='bbox 1727 889 1878 925; x_wconf 78' lang='lat' dir='ltr'><strong>allegaiam</strong></span> 
     </span>
    </p>
   </div>
   <div class='ocr_carea' id='block_1_101' title="bbox 1059 924 1879 960">
    <p class='ocr_par' dir='ltr' id='par_1_101' title="bbox 1059 924 1879 960">
     <span class='ocr_line' id='line_1_102' title="bbox 1059 924 1879 960; baseline 0.004 -11"><span class='ocrx_word' id='word_1_649' title='bbox 1059 930 1074 960; x_wconf 68' lang='grc' dir='ltr'><strong>ξι</strong></span> <span class='ocrx_word' id='word_1_650' title='bbox 1097 924 1308 957; x_wconf 72' lang='lat' dir='ltr'><strong>Schelestratio,</strong></span> <span class='ocrx_word' id='word_1_651' title='bbox 1321 924 1496 951; x_wconf 89' lang='lat' dir='ltr'><strong>observatam</strong></span> <span class='ocrx_word' id='word_1_652' title='bbox 1508 924 1543 950; x_wconf 88' lang='lat' dir='ltr'><strong>ab</strong></span> <span class='ocrx_word' id='word_1_653' title='bbox 1559 924 1714 958; x_wconf 85' lang='lat' dir='ltr'><strong>llolstenio,</strong></span> <span class='ocrx_word' id='word_1_654' title='bbox 1735 924 1879 960; x_wconf 75' lang='lat' dir='ltr'><strong>vulgatam</strong></span> 
     </span>
    </p>
   </div>
   <div class='ocr_carea' id='block_1_102' title="bbox 1060 958 1881 994">
    <p class='ocr_par' dir='ltr' id='par_1_102' title="bbox 1060 958 1881 994">
     <span class='ocr_line' id='line_1_103' title="bbox 1060 958 1881 994; baseline 0.004 -9"><span class='ocrx_word' id='word_1_655' title='bbox 1060 958 1088 985; x_wconf 93' lang='lat' dir='ltr'><strong>in</strong></span> <span class='ocrx_word' id='word_1_656' title='bbox 1108 959 1213 987; x_wconf 89' lang='lat' dir='ltr'><strong>Galliis</strong></span> <span class='ocrx_word' id='word_1_657' title='bbox 1232 967 1247 986; x_wconf 91' lang='lat' dir='ltr'><strong>a</strong></span> <span class='ocrx_word' id='word_1_658' title='bbox 1266 959 1366 986; x_wconf 86' lang='lat' dir='ltr'><strong>Carolo</strong></span> <span class='ocrx_word' id='word_1_659' title='bbox 1387 960 1496 994; x_wconf 85' lang='lat' dir='ltr'><strong>Magno,</strong></span> <span class='ocrx_word' id='word_1_660' title='bbox 1513 959 1546 986; x_wconf 87' lang='lat' dir='ltr'><strong>ad</strong></span> <span class='ocrx_word' id='word_1_661' title='bbox 1565 960 1729 993; x_wconf 61' lang='lat' dir='ltr'><strong>praesidium</strong></span> <span class='ocrx_word' id='word_1_662' title='bbox 1748 958 1881 988; x_wconf 66' lang='lat' dir='ltr'><strong>veritatis</strong></span> 
     </span>
    </p>
   </div>
   <div class='ocr_carea' id='block_1_103' title="bbox 1059 994 1881 1029">
    <p class='ocr_par' dir='ltr' id='par_1_103' title="bbox 1059 994 1881 1029">
     <span class='ocr_line' id='line_1_104' title="bbox 1059 994 1881 1029; baseline 0.002 -8"><span class='ocrx_word' id='word_1_663' title='bbox 1059 997 1193 1028; x_wconf 86' lang='lat' dir='ltr'><strong>tanquam</strong></span> <span class='ocrx_word' id='word_1_664' title='bbox 1209 995 1354 1028; x_wconf 83' lang='lat' dir='ltr'><strong>exemplar</strong></span> <span class='ocrx_word' id='word_1_665' title='bbox 1366 994 1485 1021; x_wconf 91' lang='lat' dir='ltr'><strong>alterum</strong></span> <span class='ocrx_word' id='word_1_666' title='bbox 1501 996 1656 1029; x_wconf 83' lang='lat' dir='ltr'><strong>genuinum</strong></span> <span class='ocrx_word' id='word_1_667' title='bbox 1671 995 1741 1022; x_wconf 89' lang='lat' dir='ltr'><strong>mihi</strong></span> <span class='ocrx_word' id='word_1_668' title='bbox 1756 995 1881 1023; x_wconf 78' lang='lat' dir='ltr'><strong>ﬁdeliter</strong></span> 
     </span>
    </p>
   </div>
   <div class='ocr_carea' id='block_1_104' title="bbox 1058 1029 1878 1064">
    <p class='ocr_par' dir='ltr' id='par_1_104' title="bbox 1058 1029 1878 1064">
     <span class='ocr_line' id='line_1_105' title="bbox 1058 1029 1878 1064; baseline 0.002 -8"><span class='ocrx_word' id='word_1_669' title='bbox 1058 1029 1272 1057; x_wconf 88' lang='lat' dir='ltr'><strong>describendam</strong></span> <span class='ocrx_word' id='word_1_670' title='bbox 1283 1033 1311 1057; x_wconf 89' lang='lat' dir='ltr'><strong>et</strong></span> <span class='ocrx_word' id='word_1_671' title='bbox 1322 1030 1389 1057; x_wconf 92' lang='lat' dir='ltr'><strong>huic</strong></span> <span class='ocrx_word' id='word_1_672' title='bbox 1399 1029 1549 1064; x_wconf 83' lang='lat' dir='ltr'><strong>appendici</strong></span> <span class='ocrx_word' id='word_1_673' title='bbox 1562 1030 1739 1057; x_wconf 87' lang='lat' dir='ltr'><strong>inserendam</strong></span> <span class='ocrx_word' id='word_1_674' title='bbox 1748 1031 1829 1062; x_wconf 72' lang='lat' dir='ltr'><strong>duxi.</strong></span> <span class='ocrx_word' id='word_1_675' title='bbox 1842 1032 1878 1059; x_wconf 83' lang='lat' dir='ltr'><strong>ad</strong></span> 
     </span>
    </p>
   </div>
   <div class='ocr_carea' id='block_1_105' title="bbox 1059 1065 1881 1100">
    <p class='ocr_par' dir='ltr' id='par_1_105' title="bbox 1059 1065 1881 1100">
     <span class='ocr_line' id='line_1_106' title="bbox 1059 1065 1881 1100; baseline 0.002 -9"><span class='ocrx_word' id='word_1_676' title='bbox 1059 1065 1260 1100; x_wconf 81' lang='lat' dir='ltr'><strong>ostendendam</strong></span> <span class='ocrx_word' id='word_1_677' title='bbox 1272 1065 1418 1092; x_wconf 91' lang='lat' dir='ltr'><strong>veritatem</strong></span> <span class='ocrx_word' id='word_1_678' title='bbox 1429 1065 1560 1092; x_wconf 68' lang='lat' dir='ltr'><strong>secundae</strong></span> <span class='ocrx_word' id='word_1_679' title='bbox 1572 1066 1661 1099; x_wconf 89' lang='lat' dir='ltr'><strong>partis</strong></span> <span class='ocrx_word' id='word_1_680' title='bbox 1674 1066 1750 1092; x_wconf 89' lang='lat' dir='ltr'><strong>Libri</strong></span> <span class='ocrx_word' id='word_1_681' title='bbox 1764 1066 1881 1093; x_wconf 84' lang='lat' dir='ltr'><strong>Pontiﬁ-</strong></span> 
     </span>
    </p>
   </div>
   <div class='ocr_carea' id='block_1_106' title="bbox 1059 1099 1881 1136">
    <p class='ocr_par' dir='ltr' id='par_1_106' title="bbox 1059 1099 1881 1136">
     <span class='ocr_line' id='line_1_107' title="bbox 1059 1099 1881 1136; baseline 0.002 -10"><span class='ocrx_word' id='word_1_682' title='bbox 1059 1099 1130 1126; x_wconf 88' lang='lat' dir='ltr'><strong>calis</strong></span> <span class='ocrx_word' id='word_1_683' title='bbox 1141 1109 1148 1131; x_wconf 75' lang='grc' dir='ltr'>ς</span> <span class='ocrx_word' id='word_1_684' title='bbox 1161 1099 1399 1136; x_wconf 87' lang='lat' dir='ltr'><strong>quemadmodum</strong></span> <span class='ocrx_word' id='word_1_685' title='bbox 1412 1100 1444 1127; x_wconf 92' lang='lat' dir='ltr'><strong>ad</strong></span> <span class='ocrx_word' id='word_1_686' title='bbox 1458 1100 1658 1136; x_wconf 78' lang='lat' dir='ltr'><strong>illustrandam</strong></span> <span class='ocrx_word' id='word_1_687' title='bbox 1673 1101 1795 1134; x_wconf 91' lang='lat' dir='ltr'><strong>priorem</strong></span> <span class='ocrx_word' id='word_1_688' title='bbox 1808 1108 1881 1136; x_wconf 88' lang='lat' dir='ltr'><strong>par—-</strong></span> 
     </span>
    </p>
   </div>
   <div class='ocr_carea' id='block_1_107' title="bbox 1059 1135 1878 1170">
    <p class='ocr_par' dir='ltr' id='par_1_107' title="bbox 1059 1135 1878 1170">
     <span class='ocr_line' id='line_1_108' title="bbox 1059 1135 1878 1170; baseline 0.004 -9"><span class='ocrx_word' id='word_1_689' title='bbox 1059 1138 1112 1161; x_wconf 90' lang='lat' dir='ltr'><strong>tem</strong></span> <span class='ocrx_word' id='word_1_690' title='bbox 1121 1135 1310 1170; x_wconf 76' lang='lat' dir='ltr'><strong>etCatalogos.</strong></span> <span class='ocrx_word' id='word_1_691' title='bbox 1322 1136 1430 1169; x_wconf 84' lang='lat' dir='ltr'><strong>prolata</strong></span> <span class='ocrx_word' id='word_1_692' title='bbox 1440 1142 1455 1162; x_wconf 69' lang='grc' dir='ltr'><strong>ει</strong></span> <span class='ocrx_word' id='word_1_693' title='bbox 1466 1135 1548 1162; x_wconf 90' lang='lat' dir='ltr'><strong>nobis</strong></span> <span class='ocrx_word' id='word_1_694' title='bbox 1560 1135 1676 1163; x_wconf 81' lang='lat' dir='ltr'><strong>fuerunt</strong></span> <span class='ocrx_word' id='word_1_695' title='bbox 1688 1137 1717 1163; x_wconf 91' lang='lat' dir='ltr'><strong>in</strong></span> <span class='ocrx_word' id='word_1_696' title='bbox 1728 1135 1878 1164; x_wconf 50' lang='lat' dir='ltr'><strong>notis&#39;Vita</strong></span> 
     </span>
    </p>
   </div>
   <div class='ocr_carea' id='block_1_108' title="bbox 1057 1170 1875 1207">
    <p class='ocr_par' dir='ltr' id='par_1_108' title="bbox 1057 1170 1875 1207">
     <span class='ocr_line' id='line_1_109' title="bbox 1057 1170 1875 1207; baseline 0.002 -10"><span class='ocrx_word' id='word_1_697' title='bbox 1057 1170 1222 1207; x_wconf 69' lang='lat' dir='ltr'><strong>S._I_iugenii</strong></span> <span class='ocrx_word' id='word_1_698' title='bbox 1239 1174 1266 1197; x_wconf 90' lang='lat' dir='ltr'><strong>et</strong></span> <span class='ocrx_word' id='word_1_699' title='bbox 1281 1171 1437 1207; x_wconf 82' lang='lat' dir='ltr'><strong>specimina</strong></span> <span class='ocrx_word' id='word_1_700' title='bbox 1450 1171 1647 1207; x_wconf 83' lang='lat' dir='ltr'><strong>Catalogorum</strong></span> <span class='ocrx_word' id='word_1_701' title='bbox 1660 1171 1875 1200; x_wconf 86' lang='lat' dir='ltr'><strong>Mabilloniana.</strong></span> 
     </span>
    </p>
   </div>
   <div class='ocr_carea' id='block_1_109' title="bbox 1093 1205 1878 1242">
    <p class='ocr_par' dir='ltr' id='par_1_109' title="bbox 1093 1205 1878 1242">
     <span class='ocr_line' id='line_1_110' title="bbox 1093 1205 1878 1242; baseline 0.004 -10"><span class='ocrx_word' id='word_1_702' title='bbox 1093 1205 1129 1231; x_wconf 88' lang='grc' dir='ltr'><strong>Χ.</strong></span> <span class='ocrx_word' id='word_1_703' title='bbox 1146 1205 1192 1233; x_wconf 84' lang='lat' dir='ltr'><strong>Sic</strong></span> <span class='ocrx_word' id='word_1_704' title='bbox 1210 1206 1306 1240; x_wconf 88' lang='lat' dir='ltr'><strong>itaque</strong></span> <span class='ocrx_word' id='word_1_705' title='bbox 1322 1205 1429 1240; x_wconf 82' lang='lat' dir='ltr'><strong>legitur</strong></span> <span class='ocrx_word' id='word_1_706' title='bbox 1445 1206 1554 1233; x_wconf 88' lang='lat' dir='ltr'><strong>codicis</strong></span> <span class='ocrx_word' id='word_1_707' title='bbox 1569 1206 1733 1233; x_wconf 83' lang='lat' dir='ltr'><strong>Farnesiani</strong></span> <span class='ocrx_word' id='word_1_708' title='bbox 1752 1213 1812 1242; x_wconf 89' lang='lat' dir='ltr'><strong>pag.</strong></span> <span class='ocrx_word' id='word_1_709' title='bbox 1830 1207 1878 1236; x_wconf 84' lang='lat'><strong>60.</strong></span> 
     </span>
    </p>
   </div>
   <div class='ocr_carea' id='block_1_110' title="bbox 1515 1267 1886 1352">
    <p class='ocr_par' dir='ltr' id='par_1_110' title="bbox 1515 1267 1886 1352">
     <span class='ocr_line' id='line_1_111' title="bbox 1515 1267 1886 1352; baseline -0.005 0"><span class='ocrx_word' id='word_1_710' title='bbox 1515 1267 1886 1352; x_wconf 56' lang='lat' dir='ltr'><strong>ETbENuo</strong></span> 
     </span>
    </p>
   </div>
   <div class='ocr_carea' id='block_1_111' title="bbox 1109 1367 1864 1460">
    <p class='ocr_par' dir='ltr' id='par_1_111' title="bbox 1109 1367 1864 1460">
     <span class='ocr_line' id='line_1_112' title="bbox 1109 1367 1864 1460; baseline -0.003 -27"><span class='ocrx_word' id='word_1_711' title='bbox 1109 1367 1864 1460; x_wconf 56' lang='lat' dir='ltr'><strong>CONFI&#39;RCDATOINTGR!</strong></span> 
     </span>
    </p>
   </div>
   <div class='ocr_carea' id='block_1_112' title="bbox 1100 1447 1904 1556">
    <p class='ocr_par' dir='ltr' id='par_1_112' title="bbox 1100 1447 1904 1556">
     <span class='ocr_line' id='line_1_113' title="bbox 1100 1447 1904 1556; baseline 0.002 -32"><span class='ocrx_word' id='word_1_712' title='bbox 1100 1447 1515 1551; x_wconf 56' lang='lat' dir='ltr'><strong>oae&#39;pac&#39;ro</strong></span> <span class='ocrx_word' id='word_1_713' title='bbox 1530 1447 1904 1556; x_wconf 61' lang='lat' dir='ltr'><strong>quapeaela</strong></span> 
     </span>
    </p>
   </div>
   <div class='ocr_carea' id='block_1_113' title="bbox 1012 1532 1903 1641">
    <p class='ocr_par' dir='ltr' id='par_1_113' title="bbox 1012 1532 1903 1641">
     <span class='ocr_line' id='line_1_114' title="bbox 1012 1532 1903 1641; baseline 0.006 -29"><span class='ocrx_word' id='word_1_714' title='bbox 1012 1532 1037 1563; x_wconf 67' lang='lat' dir='ltr'>C</span> <span class='ocrx_word' id='word_1_715' title='bbox 1100 1532 1333 1641; x_wconf 57' lang='lat' dir='ltr'><strong>psatéo</strong></span> <span class='ocrx_word' id='word_1_716' title='bbox 1349 1532 1903 1631; x_wconf 61' lang='grc' dir='ltr'><strong>θετιλὲλέομκιδις</strong></span> 
     </span>
    </p>
   </div>
   <div class='ocr_carea' id='block_1_114' title="bbox 1070 1647 1902 1727">
    <p class='ocr_par' dir='ltr' id='par_1_114' title="bbox 1070 1647 1902 1727">
     <span class='ocr_line' id='line_1_115' title="bbox 1070 1647 1902 1727; baseline 0.001 -25"><span class='ocrx_word' id='word_1_717' title='bbox 1070 1647 1902 1727; x_wconf 49' lang='grc' dir='ltr'><strong>τιΟΝεωιΝτεκρλκῐ-ξς</strong></span> 
     </span>
    </p>
   </div>
   <div class='ocr_carea' id='block_1_115' title="bbox 1104 1720 1879 1848">
    <p class='ocr_par' dir='ltr' id='par_1_115' title="bbox 1104 1720 1879 1848">
     <span class='ocr_line' id='line_1_116' title="bbox 1104 1720 1879 1848; baseline -0.006 -42"><span class='ocrx_word' id='word_1_718' title='bbox 1104 1753 1588 1848; x_wconf 55' lang='grc' dir='ltr'><strong>ίρῐωῑιεΝεκλπξ</strong></span> <span class='ocrx_word' id='word_1_719' title='bbox 1600 1720 1879 1801; x_wconf 55' lang='lat' dir='ltr'><strong>laesuro</strong></span> 
     </span>
    </p>
   </div>
   <div class='ocr_carea' id='block_1_116' title="bbox 1127 1823 1862 1937">
    <p class='ocr_par' dir='ltr' id='par_1_116' title="bbox 1127 1823 1862 1937">
     <span class='ocr_line' id='line_1_117' title="bbox 1127 1823 1862 1937; baseline -0.007 -28"><span class='ocrx_word' id='word_1_720' title='bbox 1127 1861 1193 1909; x_wconf 87' lang='lat' dir='ltr'><strong>IT</strong></span> <span class='ocrx_word' id='word_1_721' title='bbox 1211 1823 1862 1937; x_wconf 54' lang='lat' dir='ltr'><strong>ipsaspeclwztscu</strong></span> 
     </span>
    </p>
   </div>
   <div class='ocr_carea' id='block_1_117' title="bbox 1102 1944 1867 2016">
    <p class='ocr_par' dir='ltr' id='par_1_117' title="bbox 1102 1944 1867 2016">
     <span class='ocr_line' id='line_1_118' title="bbox 1102 1944 1867 2016; baseline -0.009 0"><span class='ocrx_word' id='word_1_722' title='bbox 1102 1944 1867 2016; x_wconf 58' lang='grc' dir='ltr'><strong>ωτλτεδλδδεμιςετ</strong></span> 
     </span>
    </p>
   </div>
   <div class='ocr_carea' id='block_1_118' title="bbox 1107 2068 1895 2215">
    <p class='ocr_par' dir='ltr' id='par_1_118' title="bbox 1107 2068 1895 2215">
     <span class='ocr_line' id='line_1_119' title="bbox 1107 2068 1895 2215; baseline -0.004 -88"><span class='ocrx_word' id='word_1_723' title='bbox 1107 2068 1895 2215; x_wconf 49' lang='grc' dir='ltr'><strong>(ἱλετεωωῑςωωὲμρ</strong></span> 
     </span>
     <span class='ocr_line' id='line_1_120' title="bbox 1107 2162 1846 2215; baseline 0 0"><span class='ocrx_word' id='word_1_724' title='bbox 1107 2162 1735 2215; x_wconf 59' lang='grc' dir='ltr'><strong>ωιΝλτυκςοωιλ</strong></span> <span class='ocrx_word' id='word_1_725' title='bbox 1792 2165 1846 2215; x_wconf 82' lang='lat' dir='ltr'><strong>u</strong></span> 
     </span>
    </p>
   </div>
   <div class='ocr_carea' id='block_1_119' title="bbox 1792 2165 1846 2217">
    <p class='ocr_par' dir='ltr' id='par_1_119' title="bbox 1792 2165 1846 2217">
     <span class='ocr_line' id='line_1_121' title="bbox 1792 2165 1846 2217; baseline 0 0"><span class='ocrx_word' id='word_1_726' title='bbox 1792 2165 1846 2217; x_wconf 74' lang='grc' dir='ltr'><em>υ</em></span> 
     </span>
    </p>
   </div>
   <div class='ocr_carea' id='block_1_120' title="bbox 1147 2261 1878 2344">
    <p class='ocr_par' dir='ltr' id='par_1_120' title="bbox 1147 2261 1878 2344">
     <span class='ocr_line' id='line_1_122' title="bbox 1147 2261 1878 2344; baseline 0.003 -30"><span class='ocrx_word' id='word_1_727' title='bbox 1147 2261 1661 2344; x_wconf 71' lang='lat' dir='ltr'><strong>equaeooome</strong></span> <span class='ocrx_word' id='word_1_728' title='bbox 1688 2261 1878 2317; x_wconf 70' lang='lat' dir='ltr'><strong>nece</strong></span> 
     </span>
    </p>
   </div>
   <div class='ocr_carea' id='block_1_121' title="bbox 1119 2345 1868 2436">
    <p class='ocr_par' dir='ltr' id='par_1_121' title="bbox 1119 2345 1868 2436">
     <span class='ocr_line' id='line_1_123' title="bbox 1119 2345 1868 2436; baseline 0.011 -29"><span class='ocrx_word' id='word_1_729' title='bbox 1119 2345 1868 2436; x_wconf 62' lang='lat' dir='ltr'><strong>pTISCIUlTM‘IB‘bg</strong></span> 
     </span>
    </p>
   </div>
   <div class='ocr_carea' id='block_1_122' title="bbox 1119 2426 1904 2525">
    <p class='ocr_par' dir='ltr' id='par_1_122' title="bbox 1119 2426 1904 2525">
     <span class='ocr_line' id='line_1_124' title="bbox 1119 2426 1904 2525; baseline 0.004 -25"><span class='ocrx_word' id='word_1_730' title='bbox 1119 2426 1904 2525; x_wconf 64' lang='lat' dir='ltr'><strong>NmiONemmscmpTis</strong></span> 
     </span>
    </p>
   </div>
   <div class='ocr_carea' id='block_1_123' title="bbox 1105 2529 1870 2628">
    <p class='ocr_par' dir='ltr' id='par_1_123' title="bbox 1105 2529 1870 2628">
     <span class='ocr_line' id='line_1_125' title="bbox 1105 2529 1870 2628; baseline 0 -36"><span class='ocrx_word' id='word_1_731' title='bbox 1105 2531 1645 2628; x_wconf 51' lang='lat' dir='ltr'><strong>ligxropc&#39;mo</strong></span> <span class='ocrx_word' id='word_1_732' title='bbox 1659 2529 1776 2628; x_wconf 64' lang='lat'><strong>&gt;39</strong></span> <span class='ocrx_word' id='word_1_733' title='bbox 1791 2543 1870 2628; x_wconf 65' lang='lat' dir='ltr'><strong>qs</strong></span> 
     </span>
    </p>
   </div>
   <div class='ocr_carea' id='block_1_124' title="bbox 1109 2611 1904 2727">
    <p class='ocr_par' dir='ltr' id='par_1_124' title="bbox 1109 2611 1904 2727">
     <span class='ocr_line' id='line_1_126' title="bbox 1109 2611 1904 2727; baseline 0.009 -38"><span class='ocrx_word' id='word_1_734' title='bbox 1109 2611 1245 2727; x_wconf 54' lang='grc' dir='ltr'><strong>ῗξὲ</strong></span> <span class='ocrx_word' id='word_1_735' title='bbox 1269 2611 1613 2699; x_wconf 52' lang='lat' dir='ltr'><strong>Romanis</strong></span> <span class='ocrx_word' id='word_1_736' title='bbox 1627 2611 1904 2727; x_wconf 56' lang='lat' dir='ltr'><strong>sceleste</strong></span> 
     </span>
    </p>
   </div>
   <div class='ocr_carea' id='block_1_125' title="bbox 1099 2705 1861 2815">
    <p class='ocr_par' dir='ltr' id='par_1_125' title="bbox 1099 2705 1861 2815">
     <span class='ocr_line' id='line_1_127' title="bbox 1099 2705 1861 2815; baseline -0.008 -25"><span class='ocrx_word' id='word_1_737' title='bbox 1099 2705 1861 2815; x_wconf 70' lang='lat' dir='ltr'><strong>uelomNIB=|Np6Rpe</strong></span> 
     </span>
    </p>
   </div>
   <div class='ocr_carea' id='block_1_126' title="bbox 1108 2815 1883 2901">
    <p class='ocr_par' dir='ltr' id='par_1_126' title="bbox 1108 2815 1883 2901">
     <span class='ocr_line' id='line_1_128' title="bbox 1108 2815 1883 2901; baseline -0.006 -23"><span class='ocrx_word' id='word_1_738' title='bbox 1108 2825 1358 2899; x_wconf 76' lang='lat' dir='ltr'><strong>Tuqco</strong></span> <span class='ocrx_word' id='word_1_739' title='bbox 1381 2815 1883 2901; x_wconf 76' lang='lat' dir='ltr'><strong>pONTlFIClBUS</strong></span> 
     </span>
    </p>
   </div>
  </div>
