4060 6176
251 195 361 255 929

1414 196 1684 253 APPEND
1722 197 1815 252 AD
1850 197 2150 255 DISSERT.
2193 200 2499 255 PRIECED.

3553 200 3661 266 230

320 323 451 376 Haec
480 321 678 390 itaque
714 334 783 375 ex
812 321 1008 376 codice
1036 322 1402 392 Farnesiano,
1444 324 1700 380 omnium
1739 323 1900 379 anti—
1925 322 1982 380 Α
2015 327 2177 396 gines
2223 329 2622 398 episc0porum
2657 344 2689 385 a
2802 330 3133 402 Asprenate,
3168 330 3352 402 primo
3384 334 3661 404 Neapoli—

252 410 557 481 quissimo,
579 409 721 464 duxi
740 409 1115 466 exscribenda
1136 417 1191 466 et
1207 411 1546 481 exhibenda,
1577 412 1646 466 ad
1670 413 1783 466 vim
1809 413 1901 467 de-

255 498 694 554 monstrationis
723 498 1115 566 complendam
1147 499 1203 553 in
1234 501 1588 570 argumentis
1618 501 1898 556 llolstenii

253 594 307 643 et
334 585 732 641 Schelestratii
762 599 887 655 quae
916 586 1176 641 indicant
1206 585 1389 642 fontes
1419 589 1699 658 genuinos
1729 589 1903 644 histo-

256 676 353 731 riae
380 673 757 745 pontiﬁcalis.

322 773 418 827 XI.
460 773 587 826 Non
626 770 768 826 levia
805 785 1034 842 quoque
1064 778 1344 828 momenta
1397 774 1596 829 solidae
1642 775 1906 831 veritatis

254 860 509 915 addenda
554 865 695 915 sunt
733 874 803 914 ex
836 860 1062 915 duobus
1093 861 1393 915 codicibus
1427 863 1778 917 Florentinis
1810 865 1908 918 bi—

252 948 555 1003 bliothecee
585 948 639 1002 S.
686 948 894 1017 Marci;
941 963 1084 1019 quos
1116 954 1180 1004 ut
1203 949 1535 1020 evolverem,
1568 951 1902 1021 conferrem,

254 1036 721 1101 transcriberem,
759 1038 816 1091 in
848 1050 911 1093 ea
944 1038 1219 1106 temporis
1241 1039 1508 1109 angustia
1536 1053 1647 1109 qua
1682 1054 1908 1110 preme-

254 1124 349 1179 bar
404 1130 709 1179 maturans
758 1125 1006 1181 reditum
1065 1140 1251 1181 meum
1303 1126 1360 1181 in
1408 1127 1634 1197 Urbem,
1678 1143 1904 1198 operam

253 1226 482 1282 quoque
515 1227 680 1268 suam
698 1214 1050 1268 amicissime
1069 1213 1442 1270 contulerunt
1457 1217 1760 1271 admodum
1791 1231 1900 1271 rev.

254 1303 443 1355 Patres
476 1301 711 1356 ordinis
741 1302 1204 1371 Praedicatorum,
1255 1308 1409 1357 tanto
1442 1304 1635 1359 studio
1679 1305 1904 1361 incitati

250 1390 315 1445 ad
370 1389 521 1444 bene
570 1391 905 1445 merendum
969 1391 1038 1445 de
1094 1390 1329 1459 litteris,
1399 1399 1675 1463 quantum
1734 1395 1905 1450 etiam

252 1479 308 1533 in
380 1478 536 1533 Urbe
610 1479 960 1548 experimur,
1030 1479 1167 1534 dum
1233 1479 1645 1536 bibliothecam
1727 1484 1908 1538 Casa-

253 1573 548 1623 natensem
624 1567 976 1623 adeuntibus
1058 1574 1339 1637 patentem
1424 1570 1715 1639 exhibent,
1805 1586 1906 1641 pro

2014 421 2277 471 tanorum
2310 417 2596 487 episcopo,
2626 420 2833 474 seriem
2855 433 3247 475 successorum
3273 423 3585 494 ordientes,
3604 429 3661 479 et

2015 503 2378 572 singulorum
2420 506 2757 563 nominibus
2789 507 3111 579 insignitae:
3165 523 3291 579 quae
3334 510 3573 578 pictura),
3599 513 3659 567 in

2017 592 2280 664 ingressu
2298 595 2609 650 cmmeterii
2630 614 2645 664 ;
2677 595 2913 665 perinde
2928 609 2993 650 ac
3019 596 3080 651 in
3102 596 3454 653 suburbanis
3474 599 3662 656 Romae

2014 687 2071 736 et
2099 684 2315 751 cryptis
2344 690 2515 753 atque
2540 683 2827 740 cubiculis
2856 690 3190 754 martyrum,
3213 686 3352 741 olim
3374 686 3659 757 colorata,

2017 772 2429 839 superinducto
2456 782 2579 840 post
2608 773 2831 843 aliquot
2852 773 3061 829 saecula
3093 775 3279 844 primo
3304 789 3369 831 ac
3410 776 3659 833 secundo

2015 859 2193 915 calcis
2238 862 2649 931 integumento,
2689 862 3014 931 conspicuae
3053 869 3190 918 sunt
3220 863 3320 919 ubi
3350 863 3664 936 fragmenta

2019 950 2356 1018 posterioris
2399 951 2776 1020 integumenti
2817 952 3176 1008 exciderunt.
3230 952 3492 1009 Orbiculi
3533 967 3664 1011 vero

2019 1037 2122 1093 has
2171 1040 2450 1109 imagines
2502 1041 2900 1109 episcoporum
2952 1041 3310 1096 includentes
3360 1042 3667 1098 imitantur

2018 1127 2260 1195 speciem
2314 1127 2546 1182 illorum
2585 1127 2686 1197 qui
2715 1128 2918 1183 seriem
2954 1129 3288 1197 pontiﬁcum
3317 1130 3566 1185 retinent
3605 1130 3667 1187 in

2018 1214 2259 1271 basilica
2289 1216 2343 1271 S.
2378 1216 2539 1270 Pauli
2572 1216 2665 1271 via
2693 1214 2968 1285 Ostiensi,
3003 1222 3060 1272 et
3092 1217 3149 1271 in
3176 1218 3431 1286 Zophoro
3456 1220 3668 1274 veteris

2018 1300 2258 1355 basilica
2329 1302 2613 1356 Vaticana;
2679 1302 3129 1358 observabantur
3183 1309 3486 1374 antequam
3565 1306 3668 1361 di—

2020 1396 2285 1444 rueretur
2329 1389 2436 1444 sub
2478 1391 2654 1445 Paulo
2690 1392 2751 1459 V,
2782 1405 3026 1461 quorum
3080 1392 3131 1445 si
3161 1392 3419 1461 exempla
3462 1393 3663 1463 requi-

2019 1490 2113 1531 ras
2160 1477 2347 1532 Romte
2394 1478 2465 1533 ab
2514 1485 2710 1534 octavo
2766 1483 2823 1533 et
2882 1492 3034 1535 nono
3071 1479 3302 1550 smculo,
3352 1480 3496 1536 satis
3550 1481 3664 1545 erit

2023 1565 2083 1619 in
2138 1565 2311 1620 titulo
2369 1566 2425 1618 S.
2499 1566 2774 1621 Praxedis
2830 1566 3129 1622 observare
3175 1568 3493 1623 oratorium
3551 1569 3671 1624 sive

251 1655 545 1711 constanti
604 1655 839 1725 ingenio
882 1670 1054 1710 sacrae
1114 1655 1279 1710 illius
1334 1656 1588 1727 familite,
1638 1660 1706 1713 ad
1742 1673 1906 1713 men-
1938 1642 1990 1703 Β
2020 1654 2294 1722 capellam
2349 1654 2401 1708 S.
2453 1655 2713 1715 Zenonis,
2747 1668 2781 1708 a
2827 1655 2887 1710 S.
2929 1654 3241 1709 Paschalil
3292 1656 3567 1711 similiter
3609 1657 3666 1711 in

253 1750 332 1798 tes
420 1744 731 1799 hominum
805 1743 1013 1812 pietate
1093 1757 1158 1798 ac
1234 1745 1498 1800 doctrina
1571 1748 1906 1803 excolendas

254 1837 415 1888 nata).

318 1931 441 1984 XII.
498 1931 753 1985 Duorum
785 1929 1068 1995 codicum,
1115 1944 1263 2001 quos
1296 1931 1627 1987 Holstenius
1652 1933 1801 1987 vidit
1845 1947 1910 1987 ac

252 2019 480 2074 ueteris
514 2017 799 2073 indicavit
829 2018 888 2072 in
920 2017 1267 2074 bibliotheca
1294 2019 1622 2075 Florentina
1647 2021 1703 2076 S.
1736 2021 1908 2075 Marci

253 2115 533 2176 tanquam
583 2106 911 2174 praestantia
942 2107 1232 2175 proximos
1270 2121 1303 2163 a
1333 2108 1696 2178 Farnesiano,
1732 2123 1910 2164 unum

254 2196 399 2251 dixit
421 2196 825 2265 antiquiorem
839 2202 894 2249 et
911 2196 1188 2264 scriptum
1213 2197 1427 2251 litteris
1445 2198 1908 2269 Longobardicis.

255 2285 437 2339 Codex
502 2289 591 2338 est
645 2282 1111 2339 membranaceus
1158 2284 1218 2337 in
1251 2284 1429 2340 forma
1476 2292 1684 2340 octava:
1734 2287 1914 2355 partis

258 2371 378 2428 folii
415 2378 491 2427 ut
513 2377 735 2436 vocant,
765 2377 821 2425 et
841 2372 1143 2427 vetustatis
1173 2386 1293 2427 sua:
1322 2374 1659 2428 documenta
1690 2373 1917 2443 prsetert

257 2474 360 2515 non
376 2460 558 2516 modo
579 2461 634 2514 in
651 2460 871 2527 scriptu
882 2474 939 2514 ra
951 2466 1141 2515 textus
1155 2460 1308 2515 Libri
1330 2462 1681 2516 Pontiﬁcalis
1692 2504 1706 2529 ,
1720 2475 1915 2518 verum

254 2551 420 2604 etiam
452 2549 521 2603 in
550 2548 821 2618 Catalogo
865 2549 1262 2618 episcoporum
1303 2551 1687 2619 Neapolitana
1718 2552 1918 2606 Eccle-

257 2639 371 2703 siae,
399 2638 516 2707 qui
550 2637 925 2706 praemittitur
950 2637 1099 2692 Vitis
1136 2638 1467 2707 pontiﬁcum
1508 2640 1911 2709 Romanorum,

256 2726 577 2794 etindicat,
604 2726 663 2779 ni
687 2725 874 2793 fallor,
898 2726 968 2780 ad
989 2726 1739 2796 EcclesiamNeapolitanam
1764 2728 1917 2783 hunc

260 2815 481 2870 librum
499 2813 817 2883 aliquando
849 2814 1215 2884 pertinuisse,
1238 2821 1340 2869 aut
1362 2816 1715 2885 descriptum
1738 2815 1920 2871 fuisse

258 2918 285 2959 a
312 2903 512 2960 simili
560 2902 776 2971 codice,
810 2902 909 2972 qui
940 2903 1010 2958 ad
1051 2904 1302 2959 eamdem
1344 2904 1654 2960 Ecclesiam
1692 2910 1920 2974 specta—

263 2999 362 3047 ret.

323 3092 484 3146 XIII.
535 3092 714 3146 Porro
742 3090 1048 3162 Catalogus
1095 3091 1194 3147 ille
1230 3092 1732 3162 Neapolitanorum
1758 3094 1922 3148 anti—

241 3169 470 3235 stitum
517 3177 738 3234 confert
773 3179 1085 3248 plurimum
1118 3181 1188 3235 ad
1229 3180 1711 3236 corroborandam
1759 3183 1924 3235 chro-

264 3270 564 3335 nologiam,
608 3268 893 3321 historiam
944 3272 995 3321 et
1023 3270 1407 3337 antiquitatem
1436 3271 1627 3339 operis
1674 3270 1924 3327 Anasta—

270 3356 433 3411 siani.
473 3355 737 3426 Singulis
762 3356 913 3410 enim
937 3356 1222 3426 episcopis
1247 3357 1643 3426 Neapolitanis
1667 3359 1925 3430 assignat

272 3456 445 3501 annos
501 3444 889 3513 episc0patus,
957 3445 1293 3515 plerumque
1359 3446 1531 3501 etiam
1586 3460 1805 3502 menses
1860 3461 1924 3501 ac

274 3531 388 3587 dies
416 3552 431 3586 :
475 3537 601 3587 tum
626 3532 789 3587 addit
816 3533 1047 3588 nomina
1096 3533 1431 3602 pontiﬁcum
1462 3535 1844 3590 Romanorum
1870 3540 1927 3589 et

276 3620 689 3689 imperatorum
713 3622 820 3691 qui
845 3635 944 3689 per
960 3621 1185 3676 eosdem
1209 3635 1392 3678 annos
1418 3622 1685 3677 vixerunt
1708 3640 1723 3689 ;
1746 3636 1927 3693 eoque

279 3710 505 3764 nomine
538 3710 815 3763 contestis
832 3714 918 3764 est
941 3709 1327 3781 chronologia'e
1354 3710 1662 3779 pontificite
1686 3710 1925 3779 plurimi

278 3794 496 3852 iaciend
507 3812 598 3866 us,
619 3797 931 3866 prtesertim
954 3811 1083 3852 cum
1104 3798 1492 3853 adnotaverim
1516 3799 1574 3852 in
1596 3797 1927 3867 praefatione

281 3887 491 3954 prioris
534 3887 676 3942 tomi
714 3887 888 3955 hujus
916 3886 1192 3942 editionis
1223 3901 1457 3943 numero
1482 3886 1572 3955 26,
1598 3887 1656 3941 in
1688 3887 1928 3942 ecclesia

278 3974 492 4030 Nolana
532 3976 775 4044 ejusque
804 3975 1196 4029 vetustissima
1239 3975 1479 4030 basilica
1510 3982 1563 4030 et
1606 3976 1929 4031 cmmeterio

278 4063 328 4115 S.
360 4064 576 4118 Felicis
616 4063 674 4117 in
694 4063 887 4117 Pincis
916 4063 1094 4134 dicto,
1125 4062 1437 4132 plurimum
1459 4070 1728 4119 exornata
1758 4064 1932 4119 musi-

279 4150 362 4204 vis
400 4150 680 4220 operibus
705 4164 770 4207 ac
793 4150 1055 4207 versibus
1083 4165 1116 4207 a
1146 4152 1203 4206 Β.
1240 4150 1499 4220 Paulino,
1532 4152 1718 4207 adhuc
1754 4165 1932 4220 supe—

284 4251 434 4294 resse
465 4245 550 4294 tot
574 4244 829 4293 vetustas
868 4239 1297 4309 inscriptiones,
1336 4246 1475 4308 quot
1502 4240 1714 4295 ibidem
1733 4239 1928 4308 retuli,

2023 1740 2208 1796 fronte
2229 1746 2578 1803 exornatam,
2598 1748 2653 1795 et
2679 1742 2738 1795 in
2759 1741 3029 1812 hypogaeo
3054 1742 3359 1812 utriusque
3383 1743 3665 1798 diaconize

2019 1828 2073 1883 S.
2104 1828 2294 1882 Maria!
2339 1828 2397 1881 in
2429 1828 2521 1882 via
2551 1830 2705 1891 Lata,
2746 1834 2802 1882 et
2827 1829 2881 1882 S.
2917 1828 3137 1884 Nicolai
3169 1829 3230 1883 in
3260 1842 3487 1884 carcere
3526 1828 3671 1885 Tul—

2022 1916 2178 1971 liano
2206 1915 2606 1984 prophetarum
2642 1916 2923 1985 imagines
2945 1915 3230 1971 orbiculis
3248 1916 3532 1985 ejusmodi
3565 1918 3669 1971 in-

2022 2003 2214 2058 clusas
2256 2010 2312 2058 et
2350 2003 2644 2059 coloribus
2678 2002 3020 2073 eﬁ‘ormatas,
3067 2004 3287 2059 additis
3333 2003 3671 2058 nominibus

2023 2093 2405 2163 singulorum.
2459 2091 2727 2161 Reperies
2773 2092 2923 2161 apud
2957 2092 3258 2160 praesulem
3306 2090 3669 2160 Ciampinum

2023 2188 2176 2237 tomo
2224 2182 2270 2236 II
2315 2182 2576 2236 Veterum
2605 2180 3107 2249 Monimentorum,
3142 2179 3444 2249 plerasque
3478 2192 3548 2233 ex
3579 2178 3673 2234 his

2024 2270 2198 2324 aeneis
2219 2269 2436 2323 tabulis
2458 2269 2707 2337 incisas;
2731 2275 2790 2323 et
2812 2269 2964 2336 apud
2990 2268 3270 2332 eumdem,
3289 2273 3445 2322 tomo
3468 2269 3511 2323 Ι.
3544 2281 3669 2336 cap.

2024 2356 2114 2427 24,
2164 2358 2223 2412 in
2255 2358 2478 2412 musivo
2513 2356 2673 2411 tituli
2703 2356 2757 2410 S.
2807 2355 3030 2410 Sabinae
3057 2355 3163 2411 sub
3207 2355 3515 2411 Caelestino
3545 2356 3586 2418 Ι,
3619 2361 3676 2411 et

2028 2447 2087 2501 in
2106 2446 2360 2501 basilicae
2376 2444 2690 2500 Liberiana:
2716 2458 2854 2499 arcu
2890 2442 3229 2512 triumphali
3250 2452 3305 2498 et
3322 2443 3546 2499 musivo
3567 2443 3674 2499 sub

2024 2537 2198 2592 Xisto
2247 2537 2337 2604 III,
2389 2533 2611 2588 videbis
2660 2546 2873 2588 morem
2916 2534 2995 2587 ita
3039 2538 3323 2588 servatum
3374 2538 3580 2603 quarto
3619 2538 3677 2589 et

2028 2626 2233 2695 quinto
2280 2623 2490 2678 saeculo
2517 2637 2645 2678 aaraa
2682 2621 3045 2677 Christianae.
3091 2623 3229 2675 Nam
3270 2622 3552 2693 imagines
3578 2622 3672 2677 SS.

2027 2711 2415 2780 apostolorum
2448 2697 2597 2765 Petri
2628 2714 2685 2764 et
2712 2707 2874 2763 Pauli
2907 2709 2965 2762 in
2999 2706 3284 2763 orbiculis
3315 2707 3597 2763 coloratas
3620 2713 3678 2763 et

2029 2799 2199 2855 altari
2228 2799 2531 2869 impositas
2558 2812 2658 2868 pro
2688 2797 2863 2852 veteri
2890 2796 3308 2852 consuetudine
3326 2795 3562 2851 exhibet
3583 2810 3679 2851 no-

2030 2893 2211 2944 strum
2241 2889 2524 2943 musivum
2555 2886 2748 2956 quinti
2775 2885 2995 2955 smeuli,
3026 2885 3086 2939 in
3104 2884 3347 2940 basilica
3376 2884 3677 2940 Liberiana

1948 2961 1998 3024 C
2028 2991 2062 3031 a
2090 2978 2259 3031 Xisto
2287 2978 2358 3030 III
2386 2980 2802 3031 constructum.
2830 2972 3012 3042 Quam
3041 2973 3517 3029 consuetudinem
3557 2974 3681 3029 Ro-s

2030 3080 2133 3120 ma:
2163 3066 2369 3121 docent
2398 3066 2570 3120 etiam
2598 3064 2808 3120 saacula
2839 3063 3174 3133 superiora;
3208 3074 3337 3116 nam
3370 3061 3430 3117 in
3474 3062 3682 3118 vitreis

2030 3154 2313 3211 orbiculis
2342 3160 2505 3209 aztate
2530 3158 2844 3222 martyrum
2863 3165 3007 3208 auro
3026 3151 3342 3208 interrasili
3366 3150 3682 3207 delineatas

2033 3250 2228 3298 nostra
2257 3242 2581 3297 coemeteria
2610 3241 2943 3296 suburbana
2964 3254 3211 3310 persaepe
3228 3240 3475 3296 oﬂ‘erunt
3492 3252 3683 3295 sacras

2036 3331 2317 3402 imagines
2332 3344 2461 3385 cum
2482 3330 2818 3386 nominibus
2832 3329 3048 3384 Christi
3067 3328 3296 3383 Domini
3314 3328 3363 3395 ej
3374 3340 3554 3395 usque
3573 3326 3686 3380 vir-

2036 3420 2192 3492 ginis
2247 3418 2467 3485 matris,
2502 3418 2915 3488 apostolorum,
2967 3422 3281 3484 martyrum
3314 3413 3683 3483 aliorumque

2036 3515 2386 3578 sanctorum,
2430 3519 2573 3576 quas
2611 3504 2932 3574 Aringhius
2966 3504 3026 3557 in
3070 3504 3244 3558 Roma
3281 3500 3680 3568 Subterranea,

2035 3599 2332 3655 Fabrettus
2351 3598 2410 3651 in
2439 3602 2590 3650 tomo
2612 3591 3081 3659 Inscriptionum,
3104 3596 3162 3646 et
3184 3591 3443 3646 omnium
3464 3589 3686 3660 elegan-

2035 3687 2260 3742 tissime
2290 3682 2609 3739 illustravit
2632 3679 2938 3748 Philippus
2978 3678 3278 3734 Bonarroti
3301 3684 3529 3733 senator
3545 3677 3683 3733 Flo-

2037 3773 2319 3839 rentinus,
2356 3771 2415 3825 in
2446 3769 2641 3824 studio
2681 3767 2780 3823 Rei
2811 3767 3170 3837 Antiquaria:
3200 3778 3446 3836 persaepe
3470 3765 3686 3821 emeri—

2037 3867 2132 3917 tus
2150 3857 2588 3930 Olympiadibus
2618 3868 2821 3912 nomen
2837 3855 2991 3911 dare.
3026 3854 3349 3909 Novissime
3371 3853 3544 3908 etiam
3567 3866 3686 3922 per-

2040 3949 2279 4005 strinxit
2302 3948 2444 4001 hanc
2464 3957 2682 4000 sacram
2707 3949 2911 3999 metam
2940 3942 3244 4011 piissimus
3262 3945 3570 4010 martyrum
3594 3954 3689 3996 cu-

2039 4044 2178 4103 stos,
2212 4036 2400 4093 cultor
2446 4043 2502 4090 et
2546 4033 2871 4088 illustrator
2907 4032 2980 4086 M.
3032 4030 3319 4085 Antonius
3374 4028 3688 4084 canonicus

2041 4126 2354 4187 Boldettus,
2384 4123 2483 4178 lib.
2521 4137 2562 4193 1,
2591 4136 2712 4191 cap.
2747 4118 2833 4176 39.
2860 4119 3337 4176 Observationum
3376 4117 3446 4173 ad
3477 4129 3690 4172 cmme—

2041 4215 2207 4281 teria,
2231 4212 2444 4283 quibus
2461 4216 2582 4266 tum
2602 4212 2852 4267 Romana
2878 4213 2998 4264 tum
3022 4207 3187 4278 longe
3204 4206 3415 4261 dissita
3434 4204 3690 4261 luculen-

283 4328 652 4398 consignatas
690 4326 1023 4382 nominibus
1054 4303 1387 4397 pontiﬁcium
1423 4328 1791 4394 Nolanorum,
1828 4303 1931 4383 eo?
1959 4303 2015 4363 D
2043 4308 2128 4358 ίθτ
2147 4306 2402 4358 “om”.

286 4429 526 4486 rumque
552 4415 724 4470 annis
745 4416 1130 4485 episcopatus,
1159 4429 1261 4471 nec
1283 4430 1392 4471 non
1421 4416 1779 4485 consulibus,
1810 4417 1935 4486 qui-

289 4503 391 4560 bus
402 4503 857 4574 deponebantur.
872 4504 1096 4560 Vicinia
1116 4505 1419 4575 utriusque
1436 4506 1708 4574 ecclesiae,
1723 4507 1937 4573 Neapo-

289 4591 478 4648 litana:
529 4606 597 4648 ac
640 4592 891 4662 Nolanze,
932 4600 987 4648 et
1010 4593 1332 4649 cmmeteria
1374 4594 1645 4649 Romanis
1691 4594 1931 4654 similia,

293 4695 414 4751 quae
459 4681 697 4751 Neapoli
748 4683 1206 4751 conspiciuntur,
1248 4689 1306 4737 et
1351 4681 1646 4736 abundant
1692 4683 1936 4737 vetustis

292 4769 777 4840 inscriptionibus
829 4771 1099 4841 genuinis
1140 4768 1304 4842 (mihi
1351 4769 1622 4840 spectatis
1662 4769 1937 4825 beneﬁcio

294 4857 737 4914 eminentissimi
783 4860 1100 4915 cardinalis
1144 4859 1435 4916 Canteloni
1484 4864 1604 4913 tum
1643 4858 1939 4927 archiepi-

294 4947 471 5016 sc0pi,
502 4960 668 5017 teque
694 4948 1083 5004 sanctissimis
1112 4948 1370 5004 moribus
1394 4962 1458 5002 ac
1487 4961 1649 5003 sacra
1677 4947 1938 5002 doctrina

296 5033 565 5104 illustris,
598 5036 923 5107 vigilantia,
952 5038 1294 5105 constantia,
1331 5037 1633 5107 prudentia
1668 5038 1938 5106 omnique

298 5125 565 5190 pastorali
614 5126 832 5179 virtute
880 5126 1165 5181 memoriae
1234 5132 1455 5180 aeterna:
1520 5126 1935 5197 commendati),

296 5210 710 5279 demonstrant,
755 5213 999 5281 epochas
1047 5212 1210 5268 illius
1256 5213 1562 5282 provincia:
1613 5211 1939 5268 antistitum

301 5294 479 5353 fuisse
510 5314 622 5354 non
660 5300 852 5355 minus
880 5300 1191 5371 diligenter
1223 5301 1437 5355 litteris
1468 5301 1782 5359 mandatas.
1808 5302 1943 5369 Ejus

306 5385 384 5439 rei
444 5386 844 5444 documentum
888 5389 1047 5445 aliud
1101 5395 1361 5459 superest
1406 5389 1463 5443 in
1504 5389 1826 5445 cmmeterio
1873 5391 1935 5443 S.

305 5473 598 5541 Gaudiosi,
640 5475 723 5531 uti
751 5477 1066 5533 cardinalis
1093 5478 1467 5533 doctissimus
1487 5478 1945 5557 demonstrabat;

309 5563 408 5619 ubi
433 5569 742 5636 supersunt
759 5566 949 5621 adhuc
986 5567 1393 5623 vetustissima:
1418 5566 1772 5622 orbiculares
1796 5567 1947 5626 ima-

2112 4419 2256 4474 XIV.
2279 4416 2584 4487 CataIOgus
2612 4415 2795 4487 igitur
2819 4413 2917 4469 ille
2939 4412 3247 4483 prtesulum
3269 4410 3539 4467 Ecclesia;
3556 4412 3693 4467 Nea-

2044 4508 2333 4577 politanis,
2368 4518 2613 4575 quorum
2649 4502 2928 4574 imagines
2958 4514 3023 4557 ac
3049 4501 3229 4556 series
3255 4500 3432 4555 veteri
3457 4513 3527 4554 ex
3547 4513 3694 4556 con—

2046 4596 2351 4650 suetudine
2371 4592 2654 4648 orbiculis
2680 4590 3103 4646 commendatus
3129 4589 3190 4643 in
3222 4587 3405 4643 sacris
3433 4594 3695 4643 cmmeto-

2048 4683 2156 4737 riis
2185 4681 2608 4751 spectabantur,
2630 4679 2690 4733 in
2706 4678 2904 4734 codice
2921 4676 3224 4732 vetustiori
3247 4688 3317 4730 ex
3340 4673 3693 4730 Florentinis

2047 4771 2267 4841 integer
2295 4768 2621 4836 exhibetur,
2655 4772 2927 4835 tantoque
2957 4765 3016 4819 in
3047 4763 3231 4833 pretio
3263 4761 3556 4817 habendus
3583 4765 3690 4828 est,

2047 4865 2113 4913 ut
2142 4860 2426 4927 integrum
2456 4857 2592 4910 dare
2624 4855 3007 4909 necessarium
3040 4853 3264 4908 ducam.
3302 4847 3507 4918 Operis
3534 4846 3691 4902 enim

2047 4943 2411 5001 Anastasiani
2435 4943 2600 4996 testis
2611 4941 2846 4995 omnino
2860 4938 3277 5008 aequaliszetate
3293 4934 3540 5005 accedit;
3561 4947 3692 4990 cum

2048 5034 2275 5089 desinat
2298 5031 2357 5085 in
2375 5029 2809 5100 quadragesimo
2830 5027 3075 5095 septimo
3091 5025 3359 5094 episcopo
3374 5023 3686 5094 Stephano:

2051 5122 2146 5178 cui
2176 5120 2548 5191 praemittitur
2570 5115 3045 5186 quadragesimus
3066 5111 3697 5181 sextusinterNeapoli~

2054 5225 2157 5266 nos
2176 5209 2469 5265 antistites
2488 5205 2858 5273 Athanasius,
2886 5204 2988 5259 hac
3004 5203 3218 5272 epocha
3235 5207 3491 5258 ornatus.
3516 5200 3695 5253 Atha-

2053 5302 2242 5353 nasius
2254 5301 2527 5367 episcopus
2540 5298 2677 5350 sedit
2686 5310 2857 5348 annos
2868 5307 3092 5355 xxxvu,
3105 5306 3270 5347 mens.
3292 5304 3371 5352 v1,
3386 5289 3499 5341 dies
3516 5289 3697 5343 11.Hic

2055 5390 2185 5456 fecit
2214 5387 2441 5441 basilica
2468 5388 2645 5439 sancti
2672 5385 2880 5440 Juliani
2904 5384 3163 5452 martyris
3204 5380 3340 5447 foris
3386 5376 3526 5430 Urbe
3563 5379 3691 5431 sita.

2055 5480 2181 5532 Fuit
2207 5476 2533 5546 temporibus
2565 5477 2786 5530 Joanni.
2820 5475 3048 5530 Marint.
3095 5468 3358 5525 Adriani.
3399 5465 3685 5535 Stephani.

2058 5567 2298 5622 Fomosi
2323 5580 2504 5635 papae,
2527 5569 2576 5619 et
2603 5565 2819 5625 Basilii,
2859 5568 2910 5618 et
2934 5561 3120 5621 Leoni,
3151 5561 3200 5612 et
3228 5555 3541 5614 Alemandri
3574 5553 3693 5623 ejus
