4060 6176
390 258 489 325 234
1182 263 1276 321 AD
1311 260 1745 319 ANASTASIUM
1784 256 2300 316 PROLOGOMENA
2338 260 2510 318 EDIT.
2559 263 2989 320 ROM.-VATIC.

3689 261 3804 320 232

386 392 519 461 ﬁli-is
565 389 1005 461 imperatoribus.
1051 388 1215 444 Liber
1264 387 1608 460 pontiﬁcalis
1654 400 1686 442 a
1723 386 2031 443 Guillelmo
2064 386 2122 443 A
2152 387 2415 461 imp.__xx.
2448 388 2767 461 Stephanus
2788 389 2904 461 sed.
2935 401 3069 461 ann,
3098 402 3188 457 xv,
3216 400 3394 461 mens.
3427 387 3491 456 ij.
3524 385 3805 461 Hicifecit

389 478 833 535 bibliothecario
866 477 1244 533 continuatus
1279 482 1404 546 post
1426 476 1793 530 Anastasium
1832 474 2039 543 pertin-

391 568 476 640 git
501 567 567 622 ad
593 567 818 622 eosdem
857 564 1153 634 pontiﬁces
1182 566 1498 620 Adrianum
1538 565 1585 618 Il
1611 571 1665 618 et
1689 563 2037 632 Stephanum

389 657 481 718 Vl,
539 654 797 710 Formosi
854 653 1165 725 proximos
1198 653 1543 708 decessores.
1592 652 1810 716 Testem
1860 651 2039 722 igitur

390 745 776 814 synchronum
798 742 943 798 dabo
972 740 1141 796 Libro
1180 741 1500 796 Pontiﬁcali
1532 741 1859 811 Catalogum
1888 741 2040 794 Nea—

391 833 734 903 politanum,
780 835 837 886 et
884 831 1113 901 quidem
1149 830 1455 900 integrum,
1490 844 1604 885 una
1654 842 1782 883 cum
1816 827 2039 882 mendis

390 920 606 992 quibus
637 932 957 989 respersum
989 925 1092 973 est.
1125 918 1318 973 Menda
1342 918 1493 972 enim
1526 918 1649 986 ipsa
1669 922 1725 972 et
1747 916 2039 970 barbaries

392 1008 558 1064 ﬁdem
588 1008 776 1062 atatis
806 1004 1046 1074 faciunt,
1079 1019 1239 1074 aeque
1261 1018 1328 1060 ac
1349 1006 1633 1075 specimen
1666 1003 2033 1071 characteris,

391 1098 475 1152 uti
527 1087 887 1151 ostendimus
920 1094 979 1148 in
1035 1090 1369 1163 praefatione
1393 1093 1462 1148 ad
1506 1099 1722 1148 tomum
1763 1092 2034 1161 primum,

392 1197 629 1240 numero
658 1181 730 1238 39
755 1188 812 1238 et
850 1181 1244 1252 sequentibus.
1282 1183 1362 1236 En
1402 1181 1590 1250 ipsum
1628 1180 1958 1251 CataIOgum
1983 1185 2040 1234 et

388 1272 675 1341 specimen
730 1270 1033 1339 scriptura:
1110 1269 1547 1341 Longobardica:
1623 1269 1695 1324 ab
1745 1267 2038 1324 Holstenio

386 1359 573 1415 dictae.
607 1359 759 1431 (Vid.
790 1373 980 1429 supra,
1012 1359 1109 1413 col.
1138 1354 1263 1425 227,
1296 1354 1446 1430 228.)

389 1520 510 1578 XV.
540 1540 567 1572 α
615 1521 742 1574 Hac
764 1524 891 1573 sunt
928 1521 1161 1575 Nomina
1199 1520 1547 1576 Antistitum.
1576 1520 1674 1586 qui
1696 1517 1945 1587 Neapoli,
1988 1521 2038 1571 et

672 1606 902 1660 quorum
944 1595 1184 1660 tempora
1231 1592 1459 1656 fuerunt
1489 1589 1549 1643 id
1577 1594 1688 1642 cst:
1721 1605 1747 1638 υ

2152 456 2450 513 basilicam
2472 456 2769 514 ad’nomen
2790 458 3102 513 Salvatoris
3120 458 3385 526 copulata
3410 471 3540 513 cum
3566 458 3803 527 episco-

2153 529 2247 597 pio
2292 543 2400 597 que
2450 531 2662 585 usitata
2707 530 2960 584 nominis
3001 528 3309 597 Stephania
3358 535 3609 584 vocatur.
3666 529 3804 584 Fuit

2151 599 2505 667 temporibus
2546 600 2858 655 Anastasii.
2896 599 3207 654 Simmachi
3242 612 3369 668 pap.
3405 607 3460 654 et
3502 599 3802 653 Anastasii

2152 669 2286 737 imp.
2330 671 2448 738 xxj.
2480 671 2823 739 Pomponius
2852 671 3027 739 episc.
3072 669 3190 723 sed.
3219 683 3401 725 annos
3439 669 3639 737 xxviij.
3669 669 3805 724 dies

2148 755 2203 793 x.
2240 741 2340 794 ilic
2364 740 2499 795 fecit
2530 741 2826 796 basilicam
2858 740 2926 795 ad
2963 753 3163 795 nomen
3192 744 3386 794 sancte
3410 740 3509 794 Dei
3543 740 3805 810 genitri-

2149 811 2235 865 cis
2257 824 2476 883 semper
2500 812 2756 883 Virginis
2783 811 2958 883 Marie
2997 824 3107 883 que
3134 810 3641 883 diciturimajoris.
3664 810 3806 865 Fuit

2149 881 2503 950 temporibus
2540 880 2819 937 Or'misde.
2852 881 3116 936 Johanni.
3155 881 3329 935 Felici
3368 880 3646 936 Bonifacii
3689 895 3805 950 pa-

2150 966 2252 1019 paa.
2279 959 2334 1006 et
2362 954 2669 1008 Anastasii.
2698 958 2753 1007 et
2780 952 2993 1007 Justini
3030 952 3146 1019 imp
3189 952 3331 1020 xxij.
3352 953 3592 1007 Joannes
3613 951 3817 1020 episc.~

2151 1023 2455 1077 mediocris
2486 1024 2580 1078 sed
2612 1036 2742 1077 ann.
2797 1038 2890 1077 xx.
2923 1022 3049 1077 dies
3072 1023 3150 1090 xj.
3182 1022 3286 1076 Hic
3326 1021 3526 1077 absida
3554 1022 3803 1077 ecclesia

2146 1092 2452 1161 Stephanie
2496 1094 2653 1161 lapsa
2682 1106 2750 1147 ex
2792 1093 3058 1148 incendio
3090 1091 3435 1147 reformavit.
3488 1092 3643 1147 Fecit
3686 1093 3801 1146 ba—

2148 1164 2348 1218 silicas
2396 1165 2576 1218 sancti
2615 1165 2903 1219 Laurentii
2947 1163 3235 1231 martyris.
3267 1163 3399 1217 Fuit
3439 1163 3800 1231 temporibus

2147 1234 2411 1289 Johanni.
2456 1234 2703 1305 Agapiti.
2752 1234 3003 1299 Silverii,
3052 1233 3277 1303 Vigilii.
3313 1246 3439 1302 pap.
3481 1239 3539 1288 et
3576 1234 3796 1305 Justini

2151 1305 2287 1372 imp.
2338 1304 2525 1373 xviij.’
2560 1305 2891 1359 Vincentius
2941 1305 3119 1373 episc.
3169 1305 3286 1359 sed.
3334 1304 3661 1372 ann.xxiij.
3693 1304 3801 1358 Hic

2148 1374 2285 1429 fecit
2325 1374 2644 1446 prefulgida
2687 1375 2927 1430 ecclesia
2956 1376 3025 1430 ad
3078 1387 3278 1446 nomen
3309 1373 3629 1446 beatissimi
3663 1387 3802 1443 pre-

2147 1448 2397 1501 corsoris
2438 1444 2717 1501 Johannis
2754 1446 3020 1515 Baptiste.
3074 1445 3331 1515 Fecitet
3388 1444 3798 1515 baptisterium

2149 1515 2325 1571 fontis
2385 1516 2627 1571 minoris
2676 1514 2847 1571 intus
2879 1516 3188 1584 episcopio.
3245 1514 3379 1570 Fuit
3437 1514 3800 1584 temporibus

2147 1587 2362 1655 Pelagii
2402 1587 2644 1641 Johanni
2683 1600 2805 1656 pap.
2840 1592 2897 1640 et
2943 1586 3259 1641 Justiniani
3307 1592 3359 1640 et
3388 1586 3603 1640 Justini
3653 1586 3800 1656 imp.

2147 1658 2339 1725 xxiiij.
2389 1658 2585 1712 Redux
2615 1655 2790 1726 episc.
2820 1656 2937 1712 sed.
2984 1670 3116 1712 ann.
3164 1657 3251 1724 iij.
3283 1656 3410 1711 dies
3437 1656 3628 1723 xxiiij.
3664 1655 3798 1710 Fuit

465 1755 492 1786 α
531 1733 748 1801 Aspren
778 1731 1082 1801 episcopus
1125 1731 1275 1785 sedit
1304 1744 1484 1786 annos
1508 1731 1672 1799 xxiij.
1720 1731 1856 1786 Fuit
1886 1736 2035 1786 tem—
2068 1713 2122 1774 Β
2148 1713 2503 1801 temporibus
2556 1713 2845 1801 Beiodicti
2896 1741 3021 1801 pap.
3078 1734 3134 1801 et
3183 1713 3403 1801 Tiberii
3417 1713 3798 1801 _Co_ns_iantini

289 1857 294 1861 .
393 1803 630 1874 poribus
692 1802 1019 1874 Clementis.
1057 1801 1328 1874 Anacliti.
1401 1802 1660 1874 Evaristi.
1727 1801 2032 1874 Alexandri

390 1872 565 1944 papae.
597 1877 655 1926 et
697 1872 923 1944 Trajani
957 1878 1011 1926 et
1039 1872 1281 1944 Adriani
1306 1872 1767 1944 imperatoribus.
1797 1872 1856 1940 ij.
1896 1872 2035 1944 Epi-

389 1942 617 1999 timitus
646 1943 950 2011 episcopus
972 1942 1122 1997 sedit
1150 1943 1321 1997 annis
1348 1944 1485 2010 xvij.
1521 1943 1652 1997 Fuit
1680 1942 2033 2011 temporibus

386 2015 578 2084 Xysti.
618 2013 949 2081 Telesphori
981 2025 1154 2084 papae.
1184 2017 1238 2066 et
1259 2012 1497 2084 Adriani
1520 2013 2027 2084 imperatorisaiij.

386 2083 580 2139 nam
616 2085 920 2152 episcopus
960 2083 1078 2138 sed.
1102 2096 1233 2137 ann.
1268 2083 1457 2151 xxiiij.
1508 2084 1636 2136 Fuit
1680 2083 2034 2151 temporibus

388 2154 537 2221 Igini
568 2160 622 2207 et
662 2153 746 2206 Pii
800 2166 981 2221 papm.
1040 2159 1095 2207 et
1124 2153 1399 2207 Antonini
1437 2154 1518 2207 Pii
1556 2154 1934 2220 imperatoris.
1979 2160 2035 2207 et

389 2224 642 2280 ﬁliorum
669 2224 792 2290 ejus
816 2223 926 2291 iiij.
954 2223 1171 2277 Probus
1188 2223 1362 2291 episc.
1388 2225 1505 2278 sed.
1536 2237 1668 2277 ann.
1688 2224 1879 2291 xxiiij.
1904 2224 2036 2277 Fuit

391 2292 750 2363 temporibus
795 2294 1343 2363 Anecyti._Soteris.
1406 2294 1695 2349 Eleutheri
1747 2307 1916 2362 papae.
1979 2300 2035 2348 et

386 2360 665 2419 Antonini
694 2363 844 2417 Veri.
872 2368 929 2417 et
952 2360 1115 2417 Lucii
1138 2364 1447 2418 Commodi.
1473 2372 1530 2418 et
1557 2365 1665 2418 Elii
1692 2360 2028 2418 Pertinacis.

389 2448 490 2490 seu
519 2434 706 2489 Severi
751 2434 1130 2501 imperatoris.
1166 2448 1214 2486 v.
1267 2434 1477 2489 Paulus
1501 2436 1674 2502 episc.
1726 2435 1840 2489 sed.
1876 2435 2030 2503 xxxj.

388 2505 521 2560 Fuit
555 2503 911 2571 temporibus
952 2503 1219 2558 Victoris.
1253 2505 1576 2572 Zepherini.
1608 2504 1807 2559 Calisti
1843 2519 2024 2573 papae.

387 2582 443 2630 et
463 2573 739 2645 Antonini
760 2573 1130 2645 Caracallaiet
1151 2575 1390 2629 Macrini
1422 2576 1555 2643 imp.
1578 2574 1659 2645 vj.
1681 2575 2033 2645 Agrippinus

387 2646 564 2715 episc.
599 2644 719 2699 sed.
754 2656 885 2715 ann.
920 2644 1187 2715 xij.iFuit
1232 2645 1586 2713 temporibus
1618 2644 1852 2699 Urbani.
1882 2647 2034 2699 Pon—

389 2713 532 2771 tiani
569 2728 723 2784 papae
753 2721 807 2768 et
824 2713 1070 2781 Aurelii,
1098 2720 1153 2768 et
1179 2714 1486 2770 Alexandri
1518 2716 1653 2783 imp.
1686 2716 1786 2784 vij.
1825 2718 2033 2770 Eusta-

386 2787 557 2841 chius
584 2786 758 2854 episc.
790 2785 1058 2839 sed.ann.
1099 2785 1235 2853 xvij.
1272 2785 1405 2840 Fuit
1431 2785 1784 2854 temporibus
1812 2787 2032 2841 Anteri.

385 2855 622 2910 Fabiani
653 2868 826 2924 papze.
853 2862 910 2908 et
935 2854 1253 2910 Maximini.
1283 2861 1339 2909 et
1365 2855 1670 2910 Gordiani.
1695 2861 1750 2911 et
1778 2856 2029 2924 Philippi

386 2927 523 2995 imp.
557 2925 682 2993 viij.
712 2924 976 2994 Ephebus
1004 2926 1180 2992 episc.
1225 2926 1341 2980 sed.
1389 2939 1521 2980 ann.
1551 2926 1698 2994 viiij.
1735 2926 1865 2981 Fuit
1896 2932 2034 2981 tem-

387 2996 643 3087 pestiue.
660 2995 1652 3087 9229613.-.Lssii-ﬁtsrisnécvs
1674 2997 1943 3087 Fames:
1973 3003 2030 3087 ςι
2058 3025 2106 3087 c

384 3065 558 3121 Galli.
591 3073 648 3120 et
671 3065 989 3121 Volusiani.
1016 3072 1072 3120 et
1102 3066 1392 3121 Emiliani.
1418 3073 1474 3120 et
1502 3067 1787 3121 Valeriani
1819 3073 1875 3121 et
1901 3067 2028 3121 Gal-

385 3136 525 3191 lieni
556 3137 690 3204 imp.
714 3136 862 3203 viiij.
888 3137 1231 3191 Fortunatus
1255 3137 1429 3204 episc.
1460 3137 1575 3191 sed.
1598 3150 1730 3191 ann.
1755 3139 1870 3205 xxj.
1897 3138 2028 3192 Fuit

385 3206 742 3276 temporibus
769 3206 956 3277 Xysti.
1004 3207 1277 3263 Dionisii.
1311 3206 1489 3261 Felix.
1538 3207 1752 3261 Euticii
1784 3221 1940 3277 papae
1972 3214 2028 3261 et

381 3277 629 3332 Claudii.
673 3282 729 3332 et
759 3276 1075 3331 Aureliani.
1109 3281 1166 3331 et
1203 3278 1407 3331 Taciti.
1441 3283 1497 3332 et
1524 3278 1689 3332 Probi
1736 3276 1935 3346 imper.
1966 3293 2021 3331 x.

384 3349 666 3402 Maximus
716 3348 890 3415 episc.
946 3348 1066 3402 sed.
1111 3361 1244 3402 ann.
1295 3348 1435 3416 xxij.
1496 3348 1626 3402 Fuit
1672 3348 2027 3417 temporibus

381 3419 552 3489 Gagi.
591 3417 929 3489 Marcellini.
958 3418 1209 3489 Marcelli
1244 3431 1366 3489 pap.
1388 3424 1443 3489 et
1468 3418 1618 3472 Cari.
1651 3425 1705 3473 et
1728 3419 1943 3472 Carini.
1973 3425 2029 3472 et

380 3488 699 3555 Aureliani,
733 3495 789 3544 et
821 3488 1182 3543 Diocletiani.
1211 3495 1267 3543 et
1292 3488 1621 3542 Maximiani
1655 3489 1791 3557 imp.
1823 3490 1902 3557 xj.
1935 3491 2028 3542 Zo-

382 3560 567 3615 simus
590 3559 772 3627 episc.
811 3559 926 3614 sed.
962 3572 1093 3613 ann.
1129 3560 1271 3628 xxij.
1306 3558 1412 3614 sub
1457 3572 1570 3628 quo
1612 3568 1806 3614 sancta
1836 3560 2029 3613 Resti—

382 3635 504 3684 tuta
556 3642 587 3683 a
624 3630 999 3685 Constantino
1050 3631 1186 3698 imp.
1242 3629 1424 3684 facta:
1485 3629 1614 3683 Fuit
1673 3630 2027 3698 temporibus

379 3698 634 3754 Eusebii.
661 3699 930 3769 Miltiadi.
962 3699 1224 3753 Silvestri
1248 3714 1373 3768 pap.
1402 3706 1459 3754 et
1485 3700 1858 3755 Constantino
1886 3702 2022 3769 imp.

380 3770 485 3837 xij.
516 3770 755 3840 Severus
779 3768 953 3840 episc.
983 3770 1108 3840 sed.
1129 3770 1660 3840 ann.ixlvij.imens.
1706 3772 1766 3838 ij.
1795 3772 1922 3826 dies
1942 3768 2024 3840 xj.

380 3836 483 3892 Hic
511 3836 649 3892 fecit
676 3837 947 3893 basilicas
977 3839 1090 3905 iiij.
1124 3852 1235 3893 una
1267 3836 1751 3908 foris’Urbejuxta
1773 3836 2024 3896 sanctam

378 3909 653 3979 Susanna.
684 3915 741 3962 et
768 3908 1020 3979 nominis
1047 3908 1161 3962 sui.
1188 3908 1301 3962 alia
1331 3909 1481 3962 intra
1499 3910 1750 3964 civitate.
1781 3926 1891 3979 que
1919 3913 2019 3965 alii

378 3978 699 4033 Severiana.
748 3978 852 4032 alii
895 3985 1154 4033 sanctum
1197 3979 1504 4047 Georgium
1538 3987 1757 4034 vocant.
1795 3978 1861 4034 Et
1890 3981 2025 4035 fecit

379 4049 429 4103 S.
463 4048 718 4102 Martini.
749 4054 805 4103 et
833 4049 1016 4103 sancti
1050 4050 1216 4116 potiti
1266 4049 1626 4104 monasteria.
1670 4052 2025 4119 temporibus

378 4119 659 4186 silvestri.
696 4120 891 4173 Marci.
921 4118 1085 4173 Julii.
1122 4119 1352 4173 Liberii.
1387 4119 1562 4174 Felici
1596 4133 1768 4189 papas.
1798 4118 1859 4174 et
1886 4122 2025 4175 Con-

379 4189 643 4244 stantini.
678 4194 732 4245 et
760 4190 1078 4244 Constanti.
1112 4196 1168 4244 et
1194 4190 1575 4243 Constantini.
1609 4197 1664 4245 et
1693 4192 2023 4245 Constantis

378 4259 513 4314 Filii
544 4259 688 4328 ejus.
722 4266 779 4314 et
809 4258 1046 4314 Juliani.
1075 4266 1131 4314 et
1156 4260 1469 4314 Jobiniani.
1504 4274 1603 4316 seu
1637 4261 2019 4315 Balentiniani

2150 1799 2289 1866 imp.
2323 1812 2452 1852 xxv.
2478 1799 2798 1854 Demetrius
2819 1798 2995 1866 episc.
3026 1799 3119 1854 sed
3176 1811 3308 1851 ann.
3340 1797 3452 1866 iiij.
3484 1798 3615 1852 Fuit
3644 1803 3799 1850 tem—

2151 1868 2388 1937 poribus
2421 1868 2629 1937 Pelagii
2664 1882 2789 1937 pap.
2834 1875 2890 1924 et
2920 1869 3184 1924 Mauricii
3222 1868 3358 1937 imp.
3402 1868 3552 1936 xxvj.
3588 1868 3798 1922 Fortu-

2151 1946 2319 1993 natus
2349 1939 2491 2007 epic.
2545 1938 2662 1993 sed.
2692 1952 2823 1993 ann.
2868 1939 2964 2007 vij.
3002 1939 3127 1995 dies
3153 1938 3229 2008 xj.
3267 1939 3398 1993 Fuit
3433 1937 3798 2007 temporibus

2146 2009 2409 2079 Gregorii
2460 2022 2585 2078 pap.
2620 2015 2674 2063 et
2709 2010 2973 2064 Mauricii
3037 2011 3174 2079 imp.
3214 2009 3391 2078 xxvij.
3450 2008 3796 2079 Paschasius

2145 2078 2287 2148 epis.
2351 2080 2467 2135 sed.
2524 2094 2655 2149 ann.
2717 2080 2879 2148 xiiij.
2946 2080 3073 2134 dies
3124 2078 3197 2149 vj.
3252 2081 3381 2134 Fuit
3439 2078 3799 2147 temporibus

2143 2149 2360 2204 Sabini.
2399 2148 2698 2204 Bonifacii.
2741 2149 2896 2204 alius
2927 2148 3204 2205 Bonifacii
3234 2163 3355 2218 pap.
3394 2156 3448 2204 et
3482 2150 3618 2205 Foce
3648 2150 3789 2216 imp.

2144 2221 2344 2288 xxviij.
2379 2220 2662 2275 Johannes
2690 2221 2868 2289 episc.
2902 2221 3018 2275 sed.
3052 2233 3185 2275 ann.
3222 2234 3313 2274 xx.
3351 2233 3528 2274 mens.
3560 2220 3635 2289 vj.
3663 2219 3796 2273 dies

2142 2292 2296 2359 xiiij.
2328 2291 2427 2345 Hic
2445 2290 2579 2344 fecit
2598 2288 3088 2345 consumatorium
3101 2291 3422 2346 albatorum
3443 2288 3796 2344 interfontes

2147 2364 2356 2429 majore
2412 2366 2468 2415 et
2527 2362 2780 2416 ecclesiae
2833 2361 3172 2429 Stephanizc.
3234 2360 3367 2417 Fuit
3430 2360 3791 2429 temporibus

2141 2432 2470 2486 Deusdedit.
2518 2431 2817 2486 Bonifacii.
2849 2432 3060 2486 Honori
3118 2446 3244 2502 pap.
3300 2438 3357 2487 et
3400 2431 3610 2502 Eraclii
3644 2431 3787 2502 imp.

2142 2503 2364 2571 xxviiij.
2401 2502 2668 2557 Cesarius
2695 2502 2872 2571 episc.
2905 2503 3024 2557 sed.
3055 2501 3332 2571 ann.’iiij.
3365 2501 3628 2570 diesiiij.
3659 2501 3796 2554 Fuit

2143 2573 2499 2641 temporibus
2529 2572 2788 2627 Seberini
2820 2586 2941 2642 pap.
2968 2579 3025 2627 et
3063 2574 3272 2628 Eraclii
3307 2574 3444 2642 imp.
3471 2586 3605 2626 xxx.
3636 2572 3792 2642 Gra-

2146 2643 2329 2697 tiosus
2350 2644 2521 2712 episc.
2559 2643 2677 2698 sed.
2705 2656 2836 2698 ann.
2859 2643 2956 2711 vij.
2992 2643 3125 2698 Fuit
3148 2641 3786 2710 temporibusJohanni.

2140 2714 2420 2768 Theodori
2470 2726 2592 2782 pap.
2641 2720 2697 2768 et
2740 2714 2950 2768 Eraclii
2993 2718 3049 2769 et
3084 2714 3191 2769 ﬁlii
3233 2715 3357 2783 ejus
3410 2714 3547 2780 imp.
3594 2712 3787 2780 xxxvj.

2144 2784 2424 2839 Eusebius
2453 2785 2626 2853 episc.
2663 2785 2779 2839 sed.
2813 2797 2945 2839 ann.
2980 2785 3053 2852 vj.
3080 2786 3213 2839 Fuit
3244 2784 3597 2853 temporibus
3632 2785 3791 2836 Illar—

2142 2855 2252 2908 tini
2288 2868 2414 2924 pap.
2443 2852 2501 2909 et
2520 2854 2881 2910 Constantini
2917 2854 3049 2924 imp.
3086 2856 3267 2924 xxxij.
3304 2855 3573 2909 Leontius
3602 2852 3782 2920 episc.

2142 2927 2258 2980 sed.
2309 2938 2441 2979 ann.
2495 2925 2609 2994 iiij.
2657 2926 2790 2980 Fuit
2846 2925 3200 2994 temporibus
3262 2925 3504 2985 Eugenii
3553 2938 3681 2993 pap.
3733 2928 3793 2977 et

2139 2996 2499 3050 Constantini
2534 2996 2669 3064 imp.
2704 2995 2909 3064 xxxiij.
2940 2996 3265 3051 Adeodatus
3294 2997 3471 3064 episc.
3505 2996 3622 3050 sed.
3647 3007 3815 3064 anns

2140 3067 2301 3135 xviij.
2339 3066 2470 3120 Fuit
2500 3063 2854 3135 temporibus
2871 3063 3159 3121 ’Vutaliani
3196 3063 3397 3135 pap.et
3419 3063 3788 3120 Constantini

2142 3136 2278 3205 imp.
2308 3137 2537 3205 xxxiiij.
2586 3137 2859 3205 Agnellus
2886 3138 3059 3205 episc.
3098 3137 3191 3192 sed
3220 3150 3359 3191 ann.
3394 3136 3511 3202 xxj.
3544 3136 3671 3190 dies
3694 3148 3787 3188 xv.

2138 3207 2243 3262 Hic
2266 3207 2403 3262 fecit
2429 3206 2668 3261 basilica
2698 3208 2766 3262 ad
2801 3220 3002 3262 nomen
3032 3208 3216 3262 sancti
3249 3207 3540 3262 Laurentii
3570 3212 3789 3273 marty-

2138 3279 2241 3345 ris,
2277 3292 2386 3347 que
2410 3277 2629 3332 dicitur
2643 3276 2924 3333 diaconia.
2952 3279 3084 3333 Fuit
3107 3278 3461 3347 temporibus
3485 3275 3790 3347 Adeodati,

2135 3346 2310 3403 Doni.
2341 3348 2646 3418 Agathoni.
2683 3349 2871 3402 Leoni.
2910 3346 3515 3404 Benedicti.’Johanni.
3540 3346 3785 3402 Cononi.

2136 3418 2319 3489 Sergii
2368 3431 2494 3486 pap.
2546 3422 2602 3472 et
2640 3418 3001 3473 Constantini
3042 3418 3354 3474 Justiniani
3415 3418 3553 3489 imp.
3613 3431 3786 3471 xxxv.

2134 3489 2400 3543 Julianus
2439 3488 2614 3556 episc.
2649 3489 2766 3543 sed.
2800 3501 2932 3543 ann.
2966 3490 3072 3559 vij.
3103 3503 3277 3545 mens.
3330 3489 3415 3557 iij.
3451 3488 3584 3543 Fuit
3611 3495 3784 3556 temp.

2134 3559 2314 3628 Sergii
2339 3571 2464 3627 pap.
2494 3566 2549 3614 et
2570 3559 2784 3614 Leontii
2806 3567 2861 3614 et
2883 3560 3102 3615 Tiberii
3123 3560 3265 3628 imp.
3300 3559 3515 3627 xxxvij.
3540 3559 3789 3612 Faustus

2135 3630 2310 3698 episc.
2346 3630 2461 3700 sed.
2497 3642 2628 3684 ann.
2664 3644 2753 3684 xv.
2772 3644 2945 3685 mens.
2978 3631 3100 3700 viij.
3125 3630 3417 3698 diesxxvj.
3446 3629 3580 3684 Fuit
3609 3635 3787 3700 temp.

2133 3700 2374 3755 Johanni
2407 3699 2647 3755 alterius
2671 3701 2933 3754 Johanni.
2967 3699 3327 3756 Constantini
3366 3714 3491 3768 pap.
3518 3706 3574 3754 et
3597 3699 3789 3754 Justi-

2137 3771 2321 3839 niani,
2354 3776 2411 3825 et
2438 3770 2766 3840 Philippici.
2792 3777 2847 3826 et
2872 3771 3189 3827 Anastasii.
3227 3777 3282 3826 et
3300 3770 3607 3825 Theodosii
3639 3769 3781 3837 imp.

2136 3843 2358 3909 xxxvij.
2405 3841 2639 3912 sergius
2676 3844 2850 3910 episc.
2881 3843 3000 3897 sed.
3033 3856 3166 3897 ann.
3199 3842 3399 3910 xxviij.
3436 3853 3615 3895 mens.
3663 3840 3780 3908 iiij.

2133 3912 2258 3983 dies
2277 3912 2340 3965 iii
2345 3913 2385 3983 j.
2414 3911 2911 3980 Fuittemporibus
2926 3912 3207 3983 Gregorii.
3239 3912 3480 3967 alterius
3495 3912 3781 3983 Gregorii.

2135 3982 2403 4036 Zacharie
2436 3995 2561 4050 pap.
2591 3989 2646 4037 et
2679 3983 2872 4037 Leoni.
2899 3990 2956 4039 et
2974 3981 3337 4038 Constantini
3367 3984 3502 4051 imp.
3535 3981 3782 4049 xxxviij.

2132 4052 2363 4107 Cosmas
2377 4052 2550 4120 episc.
2576 4053 2692 4108 sed.
2714 4055 2900 4121 ann.j.
2927 4067 3102 4109 mens.
3124 4054 3184 4122 ij.
3206 4054 3330 4109 dies
3351 4053 3436 4121 iij.
3460 4054 3775 4119 Fuittemp.

2134 4122 2403 4176 Zacharie
2436 4134 2562 4192 pap.
2595 4129 2651 4177 et
2692 4124 3053 4178 Constantini
3088 4124 3223 4192 imp.
3260 4123 3526 4191 xxxvilij.
3569 4122 3785 4192 Caldus

2134 4137 2403 4176 Laenarie
2422 4137 2562 4246 ἔαρ.
2595 4137 2651 4177 et
2692 4137 3053 4178 uonsmnum
3088 4138 3223 4192 imp.
3260 4137 3526 4191 xxxvmj.
3569 4137 3785 4176 camus

2133 4193 2306 4260 episc.
2361 4206 2420 4246 se
2473 4232 2484 4244 .
2528 4205 2660 4247 ann.
2715 4193 2818 4261 xij.
2869 4207 3045 4248 mens.
3081 4194 3190 4263 iiij.
3225 4195 3351 4249 dies
3390 4194 3479 4263 iij.
3512 4192 3616 4247 Hic
3645 4191 3785 4247 fecit

2135 4262 2431 4333 ecclesiam
2450 4264 2631 4317 sancti
2651 4264 2805 4318 Sossi
2826 4276 2937 4318 non
2962 4262 3246 4333 proculab
3271 4262 3585 4319 urbe.'Fuit
3605 4271 3780 4331 temp.

382 4330 679 4403 imp._xiij.
716 4330 893 4403 Ursus
918 4330 1092 4403 episc.
1114 4331 1246 4403 sed.
1270 4344 1411 4403 ann.
1438 4331 1547 4403 iiij.
1580 4332 1708 4386 Fuii
1741 4333 2020 4400 tempori—
2051 4334 2102 4395 D
2134 4332 2403 4401 Stephani
2454 4346 2579 4402 pap.
2627 4341 2683 4388 et
2710 4330 3034 4389 Constantii
3067 4335 3203 4403 imp.
3234 4335 3313 4390 xl.
3360 4334 3571 4390 Paulus
3595 4330 3774 4402 episc.

380 4399 488 4471 bus
519 4400 742 4454 Damasi
768 4414 906 4471 pap.
951 4406 1006 4455 et
1031 4400 1277 4455 Valenti.
1306 4406 1361 4454 et
1387 4402 1648 4456 Gratiani
1694 4403 1828 4471 imp.
1862 4399 2016 4471 xiiij.

375 4469 662 4524 Johannes
690 4470 865 4539 episc.
897 4472 1013 4526 sed.
1041 4483 1174 4524 ann.
1207 4472 1385 4539 xxvij.
1416 4471 1545 4525 Fuit
1575 4479 1743 4540 temp.
1770 4469 2017 4528 Damasi.

375 4540 595 4594 Siricii.
637 4541 927 4595 Anastasii
975 4555 1099 4610 pap.
1129 4548 1185 4595 et
1211 4542 1536 4596 Theodosii.
1564 4549 1621 4596 et
1649 4543 1919 4598 Arcadio.
1965 4550 2020 4598 et

376 4611 613 4667 Honorii
644 4611 787 4680 imp.
821 4612 947 4680 ejus
994 4612 1153 4667 ﬁliis.
1186 4626 1278 4666 xv.
1316 4613 1646 4668 Nostiamus
1687 4614 1861 4681 episc.
1897 4616 2013 4669 sed.

377 4694 514 4753 ann.
545 4683 682 4751 xvij.
733 4681 997 4753 Hicfccit
1026 4682 1294 4737 Balneum
1327 4683 1609 4737 Nostiani.
1643 4684 1772 4738 Fuit
1796 4691 2021 4753 tempo-

376 4751 540 4807 ribus
572 4752 886 4807 Innocentii
917 4753 1147 4807 Zosimi.
1186 4752 1464 4808 Bonifacii
1510 4768 1640 4822 pap.
1679 4751 2020 4809 etTheodo—

374 4822 470 4877 sii.
498 4823 609 4892 xvj.
631 4824 920 4879 Timasius
948 4823 1123 4892 episc.
1158 4825 1273 4878 sed.
1299 4837 1432 4878 ann.
1455 4825 1610 4893 xxxj.
1642 4825 1774 4879 Fuit
1796 4834 2018 4893 tempo-

375 4894 540 4965 ribus
563 4895 855 4950 Celestini.
895 4894 1077 4949 Xisti.
1106 4894 1277 4949 Leoni
1303 4908 1426 4964 pap.
1457 4902 1512 4950 et
1540 4896 1845 4951 Theodosii
1877 4896 2012 4965 imp.

373 4964 512 5036 xvij.
560 4966 718 5021 Felix
747 4966 922 5035 episc.
955 4965 1072 5021 sed.
1133 4979 1267 5020 ann.
1312 4966 1459 5035 viiij.
1497 4980 1671 5021 mens.
1729 4968 1791 5036 iij
1818 4967 1914 5021 die
1938 4964 2014 5023 vi.

375 5033 509 5106 Fuit
558 5033 951 5106 tempaLeoni
1003 5048 1127 5106 pap.
1184 5033 1484 5092 Marciani.
1537 5043 1595 5092 et
1630 5033 2016 5093 Balentiniani

376 5103 515 5176 imp.
543 5104 892 5176 xviijJSoter
916 5103 1092 5176 episc.
1128 5108 1244 5162 sed.
1276 5121 1405 5162 ann.
1442 5109 1558 5176 xxj.
1586 5108 1689 5161 Hic
1718 5109 2015 5163 ecclesiam

375 5172 668 5245 beatorum
686 5172 1097 5245 Apostolorum
1125 5179 1452 5232 construxit
1496 5172 1649 5230 Fecit
1668 5182 1723 5230 et
1748 5177 2016 5245 baptiste-

375 5242 526 5314 rium
550 5240 737 5314 fontis
765 5244 994 5314 majoris
1013 5246 1170 5300 intus
1184 5247 1493 5314 episcopio.
1516 5246 1647 5299 Fuit
1662 5240 2015 5314 temporibus

374 5311 613 5391 iiylarii.
644 5310 953 5391 Simplicii.
988 5314 1159 5368 Felici
1184 5310 1327 5391 pap.
1363 5310 1418 5369 et
1445 5315 1615 5391 Leoni
1655 5310 1795 5391 imp;
1821 5320 2009 5391 xviiij.

373 5378 569 5451 Victor
606 5378 788 5451 episc.
827 5381 921 5435 sed
981 5395 1111 5435 ann-
1141 5378 1217 5450 xj'.
1255 5378 1429 5439 mens.
1456 5399 1511 5439 x.
1548 5386 1647 5438 Hic
1679 5384 1810 5440 fecit
1852 5378 2013 5444 basi:-

376 5448 518 5502 licas
545 5448 688 5507 duas
719 5451 862 5507 foris
890 5448 1201 5506 civitatein.
1241 5453 1418 5507 Unam
1457 5460 1587 5508 ante
1611 5457 1906 5512 ecclesiam
1953 5460 2008 5514 S.

372 5518 644 5593 Januarii
677 5518 962 5592 martyris.
1017 5529 1074 5593 et
1125 5523 1178 5576 S.
1204 5523 1538 5593 Agrippini
1570 5524 1915 5584 confessoris
1943 5531 2011 5585 ad

374 5600 577 5669 nomen
599 5591 669 5669 _S.
690 5591 980 5669 S_tephaui.
1013 5592 1218 5669 aliaad
1244 5591 1675 5669 ngmenisanctaa
1704 5598 2015 5669 Euphemie

380 5660 667 5731 martyris.
709 5660 843 5720 Fuit
880 5662 1234 5736 temporibus
1261 5661 1475 5722 Gelasii
1521 5680 1647 5737 pap.
1703 5675 1760 5726 et
1792 5660 2013 5727 'Zenoni

2134 4404 2253 4457 sed.
2280 4416 2415 4457 ann.
2441 4403 2553 4472 iiij.
2588 4418 2761 4460 mens.
2793 4406 2854 4474 ij.
2887 4405 3012 4461 dies
3041 4406 3119 4459 vi.
3153 4407 3254 4461 Hic
3283 4405 3615 4461 construxit
3634 4417 3786 4457 mar-

2134 4488 2385 4529 moreum
2421 4474 2818 4543 baptisterium
2846 4477 2905 4529 in
2930 4478 3273 4532 monasterio
3305 4476 3485 4532 sancti
3515 4474 3780 4529 Januarii

2131 4544 2275 4600 foris
2314 4544 2458 4599 Urbe
2523 4547 2653 4601 Fuit
2690 4553 2940 4616 tempore
2971 4546 3130 4601 Pauli
3168 4561 3306 4616 pape
3334 4552 3389 4601 et
3410 4545 3777 4601 Constantini

2131 4616 2267 4685 imp.
2303 4615 2407 4670 xli.
2438 4616 2760 4684 Stephanus
2800 4615 2975 4686 episc.
3016 4618 3133 4673 sed.
3170 4615 3304 4672 ann.
3341 4617 3550 4685 xxxiij.
3588 4629 3770 4669 mens.

2129 4701 2178 4739 v.
2212 4687 2337 4741 dies
2380 4688 2559 4756 xxvij.
2600 4689 2703 4742 Hic
2728 4687 2863 4742 fecit
2893 4688 3189 4744 ecclesiam
3220 4688 3402 4744 sancti
3436 4687 3586 4741 Petri
3615 4687 3781 4739 intus

2127 4757 2435 4826 episcopio.
2472 4757 2608 4813 fecit
2633 4762 2689 4812 et
2711 4758 2859 4812 intra
2889 4759 3230 4813 monasteria
3260 4760 3326 4814 ad
3353 4771 3552 4813 nomen
3590 4756 3778 4811 sancti

2080 4866 2089 4873 .
2128 4828 2299 4881 Festi.
2327 4834 2385 4881 et
2408 4829 2591 4883 sancti
2621 4828 2982 4884 Pantaleonis
3010 4834 3170 4884 mart.
3203 4835 3258 4884 et
3279 4830 3461 4884 sancti
3492 4826 3776 4884 Gaudiosi

2127 4897 2491 4953 confessoris.
2525 4899 2763 4954 Addidit
2799 4899 2971 4953 etiam
3006 4900 3062 4954 in
3094 4901 3277 4955 sancti
3310 4899 3591 4955 Gaudiosi
3642 4910 3780 4953 mo-

2128 4970 2379 5042 nasterio
2406 4968 2867 5042 basilicasancte
2890 4969 3147 5042 Susanne
3168 4970 3228 5024 in
3249 4984 3358 5042 qua
3389 4982 3600 5042 corpus
3623 4968 3776 5042 ejus-

2125 5040 2251 5093 dem
2294 5040 2562 5109 martyris
2588 5039 2669 5093 ibi
2708 5037 2829 5108 ipse
2860 5041 3201 5096 recondidit.
3246 5037 3554 5095 Renovavit
3583 5038 3780 5093 eccle-

2127 5110 2212 5164 sia
2242 5109 2549 5181 Stephanie
2597 5110 2727 5181 igne
2766 5117 3027 5166 cremata.
3067 5114 3134 5166 Et
3179 5111 3260 5166 ibi
3306 5124 3546 5181 corpora
3585 5109 3775 5181 sancti

2125 5180 2414 5248 Euticeni,
2440 5188 2497 5234 et
2520 5180 2712 5235 Acutii
2744 5189 2906 5235 mart.
2935 5181 3255 5237 collocavit.
3290 5179 3603 5249 fuit'temp.
3637 5179 3774 5234 Ste-

2127 5251 2323 5320 phani.
2359 5250 2595 5305 Adriani
2621 5263 2743 5320 pap.
2777 5258 2832 5305 et
2859 5251 3240 5307 Constantini.
3266 5259 3321 5307 et
3356 5254 3520 5307 Leoni
3549 5256 3606 5305 et
3626 5250 3775 5304 Con-

2125 5321 2364 5376 stantini
2396 5320 2531 5392 imp.
2567 5321 2671 5388 lei
2725 5322 2935 5392 Paulus
2956 5324 3131 5392 episc.
3162 5325 3432 5379 sed.ann.
3456 5335 3555 5376 xx.
3590 5333 3769 5375 mens.

2126 5392 2239 5459 iiij.
2271 5391 2394 5464 dies
2420 5391 2490 5459 vj.
2527 5394 2634 5445 sub
2668 5392 2773 5446 hoc
2799 5390 3046 5464 fecitque
3066 5395 3271 5464 domna
3303 5392 3633 5464 Euphrasia
3654 5403 3770 5445 mo-

2128 5462 2438 5517 nasterium
2477 5467 2669 5516 sancte
2712 5463 2886 5516 Marie
2936 5477 3044 5531 que
3080 5462 3296 5519 dicitur
3320 5462 3406 5518 ad‘
3446 5462 3664 5523 Albini.
3713 5467 3774 5516 et

2123 5532 2382 5587 Anthimi
2416 5532 2613 5586 consul
2634 5531 2766 5587 fecit
2785 5532 3082 5589 basilicam
3100 5535 3283 5590 sancti
3312 5534 3472 5589 Pauli
3491 5531 3763 5602 apostoli.

2123 5610 2178 5658 et
2223 5603 2627 5657 monasterium
2684 5604 2868 5658 sancti
2904 5604 3090 5673 Cyrici
3137 5612 3193 5659 et
3221 5604 3422 5660 Julitte
3454 5600 3621 5658 mart.
3650 5600 3767 5658 fuit

2125 5681 2297 5744 temp.
2347 5673 2542 5730 Leoni.
2576 5673 2849 5745 Stephani
2906 5674 3164 5734 Paschali
3209 5689 3337 5747 pap.
3393 5679 3451 5733 et
3490 5673 3662 5731 Ereni
3708 5678 3766 5729 et
