4060 6176
182 318 287 375 Q33

1338 324 1623 382 APPEND.
1680 327 1770 381 AD
1816 328 2124 383 DISSERT.
2178 331 2481 385 PRIECED.

3490 338 3597 396 234

185 441 454 520 Nicifori.
480 448 548 520 _et
589 442 963 520 Staur_aci._e_t
1006 444 1259 520 Micheli.
1292 453 1347 501 et
1377 447 1564 520 Leoni.
1610 454 1664 501 et
1694 448 1920 505 Con—A
1951 448 2281 520 Catalogum
2323 451 2474 507 hunc
2514 452 2878 520 spectabilem
2924 454 2982 509 in
3032 456 3227 511 codice
3270 458 3597 516 Florentino

187 513 428 568 stantini
479 513 618 584 imp.
666 514 820 582 xliij.
869 513 1138 569 Tiberius
1176 517 1350 584 episc.
1402 519 1514 571 sed.
1566 533 1697 571 ann.
1744 533 1833 572 xx.

189 598 361 639 mens.
400 584 515 651 iiij.
553 583 681 637 dies
701 585 777 652 xj.
813 585 870 638 in
896 584 1105 639 diebus
1133 587 1526 641 Theodenand.
1557 595 1611 642 et
1643 588 1842 643 relicta

187 670 353 723 pre...
374 655 641 708 Anthimi
668 656 843 710 Ducis
864 655 921 708 in
950 656 1224 723 pretoriu.
1250 656 1385 712 fecit
1413 662 1837 713 monasterium.

180 727 248 781 ad
280 739 485 797 nomen
510 726 697 780 sancti
733 725 1049 781 Marcellini
1077 733 1133 780 et
1164 727 1310 782 Petri
1338 735 1499 782 mari.
1532 729 1642 783 fuit
1670 738 1837 797 temp.

178 796 448 867 Eugenii.
495 796 807 852 Balentini.
859 797 1121 867 Gregorii
1175 812 1300 867 pap.
1350 805 1406 853 et
1444 800 1745 853 Michaelio
1788 796 1844 853 et

175 866 490 935 TheOphili
526 869 662 936 imp.
697 867 820 921 filio
848 868 973 935 ejus
997 866 1484 936 xliiij.’Johannes
1509 871 1683 938 episc.
1721 872 1839 924 sed.

175 951 315 992 ann.
366 937 466 1005 vij.
516 938 891 1011 mens._v_iiij.
939 938 1064 1011 dies
1106 939 1245 1011 xxij.
1294 938 1407 1011 fuit
1447 937 1617 1009 temp.
1658 941 1841 1011 Sergii

176 1021 309 1076 pap.
361 1015 417 1061 et
466 1009 732 1063 Michaeli
776 1009 910 1077 imp.
953 1009 1066 1062 xlv.
1112 1009 1462 1065 Athanasius
1497 1012 1671 1079 episc.
1720 1009 1837 1065 sed.

176 1092 307 1133 ann.
350 1080 497 1148 xxij.
533 1093 710 1133 mens.
747 1080 819 1147 vj.
853 1079 978 1133 dies
1007 1080 1201 1147 xxiiij.
1245 1082 1347 1135 Hic
1385 1082 1624 1136 ecclesia
1656 1081 1841 1136 sancti

175 1150 443 1204 Januarii
471 1157 636 1203 mart.
666 1151 825 1204 intus
854 1151 1145 1218 episc0pio
1178 1152 1486 1206 renovavit.
1518 1153 1647 1206 Fuit
1669 1160 1836 1220 temp.

176 1220 373 1274 Leoni.
400 1227 459 1274 et
478 1221 790 1275 Benedicti.
818 1221 1032 1275 Nicolai
1056 1220 1295 1275 Adriani
1324 1235 1447 1290 pap.
1474 1228 1529 1277 et
1550 1224 1836 1277 Michaeli.

172 1296 233 1344 et
260 1290 466 1345 Basilii
492 1292 628 1358 imp.
659 1291 794 1359 xlvj.
820 1290 1170 1345 Athanasius
1190 1292 1365 1360 episc.
1390 1293 1506 1347 sed.
1532 1306 1661 1347 ann.
1696 1294 1834 1359 xxij.

174 1373 357 1415 mens.
396 1363 471 1429 vj.
505 1362 634 1416 dies
667 1362 727 1429 ij.
765 1362 866 1415 Hic
895 1361 1028 1416 fecit
1061 1361 1303 1417 basilica
1331 1363 1385 1417 S.
1420 1364 1635 1418 Juliani
1674 1370 1834 1418 mart.

171 1430 326 1486 foris
355 1432 497 1486 urbe
517 1433 650 1486 sita.
678 1432 808 1487 Fuit
831 1438 999 1500 temp.
1022 1433 1286 1487 Johanni.
1317 1434 1544 1488 Marini.
1574 1434 1836 1489 Adriani.

167 1501 485 1573 Stephani.
542 1502 796 1573 Formosi
853 1516 976 1571 pap.
1036 1510 1094 1556 et
1150 1504 1371 1558 Basilii.
1434 1509 1490 1559 et
1542 1506 1734 1573 Leoni,
1784 1511 1840 1559 et

166 1572 491 1627 Alexandri
515 1574 641 1640 ejus
665 1572 808 1628 ﬁliis
830 1573 967 1641 imp.
991 1573 1152 1628 xlvii.
1178 1575 1496 1643 Stephanus
1516 1577 1691 1644 episc.
1717 1576 1835 1631 sed.

167 1656 308 1698 ann.
347 1644 476 1713 viij.
513 1656 690 1698 mens.
725 1659 779 1698 x.
812 1643 1027 1698 dies....
1063 1661 1090 1692 »

1954 542 2123 591 tanta:
2152 540 2544 608 antiquitatis,
2570 547 2838 609 quantam
2866 542 3116 597 declarat
3136 544 3419 613 specimen
3446 548 3598 601 scri-

1955 629 2135 691 ptura:
2182 639 2249 681 ac
2292 627 2473 682 series
2516 628 2851 697 pontiﬁcum
2884 648 2900 697 ;
2929 630 3055 699 ejus
3096 631 3331 687 Joannis
3369 633 3599 690 diaconi

1953 713 2282 769 testimonio
2322 716 2531 783 passim
2575 721 2819 771 utuntur
2860 716 3124 773 historici
3158 718 3421 775 Ecclesiae
3450 722 3602 776 Nea-

1954 799 2240 870 politanaa,
2264 807 2321 856 et
2344 817 2472 858 cum
2498 802 2591 858 bis
2616 803 2913 875 Ughellius
2938 806 3115 861 Italiae
3134 807 3315 862 Sacra:
3335 812 3488 864 tomo
3510 810 3597 879 VI,

1954 886 2087 941 licet
2122 888 2452 960 Catalogum
2499 892 2685 960 ipsum
2721 893 2781 947 in
2820 892 3170 950 bibliotheca
3210 896 3393 950 sancti
3425 897 3600 952 Marci

1954 974 2224 1031 latentem
2257 990 2420 1033 nemo
2451 980 2600 1048 quod
2634 981 2812 1035 sciam
2846 981 3121 1037 hactenus
3154 984 3508 1051 produxerit.

2024 1064 2188 1117 XVII.
2240 1068 2297 1119 In
2352 1066 2545 1121 tabula
2597 1070 2844 1124 secunda
2892 1069 3067 1138 hujus
3112 1072 3460 1140 Appendicis
3500 1074 3601 1127 aeri

1955 1151 2157 1220 incisa,
2195 1160 2319 1221 post
2353 1154 2732 1210 imitationem
2775 1157 2995 1212 codicis
3039 1158 3391 1227 Farnesiani,
3425 1161 3599 1216 retuli

1952 1240 2235 1306 specimen
2262 1241 2516 1314 Catalogi
2546 1245 2863 1314 memorati,
2895 1251 2952 1300 et
2980 1246 3194 1315 primos
3217 1261 3416 1303 versus
3442 1248 3601 1304 Libri

1952 1327 2323 1399 Pontiﬁcalis,
2360 1331 2417 1385 in
2451 1332 2761 1388 vetustiore
2790 1347 2857 1388 ex
2888 1335 3114 1391 duobus
3143 1335 3442 1391 codicibus
3467 1336 3605 1392 Flo-

1952 1415 2200 1471 rentinis
2260 1418 2338 1472 ita
2399 1422 2749 1489 perscriptos
2801 1421 3036 1492 litteris,
3094 1438 3220 1492 quae
3272 1424 3602 1480 Holstenius

1952 1504 2260 1559 nominitat
2292 1507 2767 1576 Langobardicas.

2021 1593 2214 1646 XVIII.
2268 1595 2443 1649 Paulo
2492 1597 2834 1653 recentioris
2880 1601 3067 1656 aetatis
3120 1607 3206 1656 est
3246 1601 3391 1657 alter
3427 1603 3603 1659 codex

1950 1681 2315 1736 Florentinus
2353 1683 2408 1736 S.
2452 1684 2667 1754 Marci;
2699 1699 2807 1740 non
2846 1692 3034 1742 tamen
3069 1703 3101 1743 a
3132 1690 3420 1758 superiori
3462 1692 3603 1746 adeo

244 1766 395 1820 XVI.
451 1765 645 1821 Liceat
689 1766 954 1837 Catalogo
1000 1766 1338 1823 subnectere
1393 1769 1720 1838 periocham
1776 1768 1836 1824 in
1872 1773 1920 1832 Β
1950 1775 2176 1823 remotae
2222 1774 2287 1823 ut
2337 1771 2607 1826 saeculum
2656 1772 2942 1829 decimum
2991 1785 3393 1846 consequatur.
3439 1774 3598 1845 Quod

169 1855 374 1909 eodem
401 1855 602 1909 codice
634 1854 723 1908 illi
759 1855 1042 1923 pmﬁxam
1070 1855 1386 1911 rubricatis
1418 1857 1635 1913 litteris
1667 1872 1835 1913 manu

172 1943 485 2011 Holstenii,
526 1943 584 1997 ni
620 1941 808 2010 fallor,
837 1942 930 1997 his
960 1942 1148 1998 verbis
1177 1962 1189 1997 :
1215 1946 1312 1997 Est
1346 1947 1589 2014 Epitome
1612 1948 1837 1999 Joannis

174 2031 422 2092 diaconi,
467 2032 626 2099 cujus
673 2032 989 2099 opusculum
1032 2032 1098 2084 de
1134 2033 1415 2101 Episcopis
1458 2035 1835 2102 Neapolitanis

173 2118 410 2172 habetur
451 2121 512 2172 in
538 2119 858 2172 bibliotheca
906 2119 1193 2172 Vaticana.
1224 2121 1493 2176 Joannem
1527 2122 1835 2177 diaconum

176 2209 447 2263 Romana:
483 2207 753 2262 Ecclesia:
791 2207 897 2263 sub
925 2209 1137 2263 Joanne
1178 2222 1320 2278 papa
1363 2211 1500 2277 VIII,
1534 2211 1630 2264 cui
1664 2212 1833 2265 etiam

178 2297 487 2366 inscripsit
514 2295 702 2351 Vitam
732 2296 787 2350 S.
820 2298 1083 2369 Gregorii
1114 2300 1325 2369 Magni,
1360 2304 1417 2353 et
1447 2299 1554 2353 sub
1584 2299 1839 2368 impera-

177 2385 406 2441 toribus
448 2385 736 2440 Ludovico
776 2386 1010 2441 Juniore
1039 2392 1095 2441 et
1124 2388 1326 2442 Carolo
1368 2388 1532 2443 Calvo
1566 2392 1839 2443 memorat

174 2474 504 2544 Sigibertus
533 2474 591 2527 in
620 2473 908 2529 Chronico
927 2476 996 2529 ad
1021 2488 1234 2530 annum
1260 2472 1366 2530 873
1396 2483 1452 2530 et
1484 2477 1542 2530 in
1572 2476 1839 2547 Catalogo

181 2575 295 2631 cap.
334 2557 461 2616 407.
503 2568 625 2616 tum
662 2574 730 2616 ex
768 2575 836 2617 eo
880 2563 1118 2618 Vossius
1154 2564 1224 2619 de
1270 2564 1577 2618 Historicis
1620 2563 1838 2618 Latinis

181 2649 275 2703 lib.
310 2664 376 2717 ιι,
418 2663 548 2718 cap.
580 2648 673 2705 36.
712 2651 986 2705 Eumdem
1022 2652 1292 2706 Joannem
1333 2652 1641 2707 diaconum
1681 2651 1839 2707 Ana-

177 2740 335 2795 stasii
380 2739 826 2794 Bibliothecarii
867 2752 979 2794 non
1013 2740 1178 2795 modo
1206 2740 1502 2810 aequalem,
1536 2740 1631 2795 sed
1664 2741 1837 2795 etiam

177 2829 427 2883 amicum
477 2834 536 2882 et
588 2827 928 2882 familiarem
986 2825 1170 2883 fuisse
1224 2826 1468 2883 afﬁrmat
1526 2828 1709 2884 Labbe
1768 2830 1838 2885 de

178 2918 379 2984 Script.
429 2916 854 2972 Ecclesiasticis
893 2930 1000 2971 non
1042 2930 1156 2972 uno
1198 2916 1258 2972 in
1296 2917 1438 2972 loco.
1482 2917 1668 2987 Quare
1713 2924 1837 2973 tum

184 3006 319 3060 nihil
352 3003 596 3060 afﬁnius
628 3004 764 3059 huic
795 3005 954 3073 operi
985 3005 1275 3076 compingi
1314 3010 1536 3073 poterat
1567 3006 1624 3059 in
1659 3019 1837 3061 unum

1946 1868 2014 1909 ex
2065 1857 2284 1924 adjecto
2329 1858 2389 1913 in
2453 1860 2645 1914 eadem
2717 1862 2910 1917 tabula
2971 1863 3285 1933 specimine
3337 1870 3601 1920 constare

1948 1950 2155 2012 potest.

2016 2032 2244 2087 Codicis
2286 2034 2459 2090 istius
2495 2036 2732 2105 (pariter
2775 2037 3208 2109 membranacei)
3263 2039 3399 2097 folia
3440 2043 3601 2098 Vitas

1947 2120 2289 2201 Pontiﬁcum
2344 2124 2665 2192 perducunt
2720 2126 2790 2180 ad
2847 2128 3152 2183 sectionem
3207 2130 3441 2184 circiter
3494 2128 3601 2185 323

1949 2214 2156 2263 nostra:
2196 2211 2473 2266 editionis
2506 2212 2563 2266 in
2595 2214 2725 2268 Vita
2763 2213 3002 2270 Adriani
3033 2218 3075 2270 Ι.
3108 2216 3432 2273 Succedunt
3461 2216 3601 2273 folia

1946 2300 2000 2348 et
2029 2298 2437 2365 quaterniones
2482 2300 2747 2355 nonnulli
2793 2302 3178 2371 expositionis
3218 2304 3276 2357 B.
3310 2305 3600 2361 Ambrosii

1949 2384 2203 2453 episcopi
2240 2386 2298 2440 in
2329 2386 2562 2442 Cantica
2591 2390 2972 2445 canticorum.

2023 2474 2174 2527 XIX.
2206 2475 2285 2528 Ne
2322 2476 2618 2544 quidpiam
2656 2490 2755 2546 per
2787 2492 2891 2533 nos
2920 2479 3224 2536 omittatur
3263 2483 3411 2551 quod
3455 2482 3600 2538 illu-

1950 2564 2132 2615 strare
2187 2562 2373 2616 valeat
2423 2568 2544 2617 tum
2599 2564 2937 2621 documenta
2990 2567 3293 2636 scriptura:
3343 2569 3599 2626 Vitarum

1949 2649 2194 2717 aequalia
2219 2649 2547 2706 collectioni
2574 2651 2883 2721 Anastasii,
2914 2660 3034 2710 tum
3056 2655 3349 2712 observata
3369 2661 3604 2727 Appen—

1949 2735 2101 2790 dicis
2142 2742 2349 2790 nostrae
2379 2738 2446 2792 ad
2479 2738 2942 2796 dissertationem
2980 2742 3371 2799 Schelestratii
3413 2745 3605 2802 tribus

1952 2823 2009 2877 in
2043 2824 2347 2879 codicibus
2392 2828 2826 2899 commendatis,
2867 2831 3108 2898 apposui
3152 2832 3213 2886 in
3244 2832 3435 2889 tabula
3466 2848 3602 2903 spe-

1950 2911 2190 2966 ciminis
2242 2912 2636 2968 characterum
2691 2915 2913 2970 codicis
2973 2918 3299 2974 Farnesiani
3364 2920 3602 2976 initium

1948 2998 2092 3053 Vita:
2139 3000 2191 3054 S.
2243 3000 2404 3055 Pauli
2462 3016 2619 3070 papa
2673 3003 2891 3071 primi:
2929 3005 2989 3060 in
3037 3021 3151 3075 quo
3198 3006 3392 3062 littera
3436 3009 3605 3077 prin-

180 3095 451 3161 codicem,
487 3097 611 3148 tum
646 3093 793 3148 nihil
825 3091 1054 3148 aﬁinius
1092 3094 1360 3149 accedere
1394 3093 1530 3148 huic
1566 3094 1833 3163 editioni,
1868 3079 1918 3144 Ο
1948 3099 2081 3156 ceps
2117 3088 2348 3143 exhibet
2388 3096 2679 3158 protomen
2722 3092 2976 3160 ejusdem
3014 3094 3306 3162 pontiﬁcis
3336 3096 3607 3165 graphice

182 3190 229 3237 et
251 3196 354 3252 per
386 3196 497 3238 nos
530 3181 743 3251 afferri,
788 3183 907 3237 sive
935 3183 1004 3238 ad
1044 3188 1264 3237 aetatem
1307 3182 1426 3239 sive
1468 3183 1537 3237 ad
1571 3183 1839 3239 testimo-

182 3273 330 3327 nium
348 3270 995 3327 collectionisVitarum
1014 3270 1498 3340 comprobandum
1517 3270 1837 3340 aequalibus

174 3358 542 3413 documentis
575 3376 588 3411 :
626 3358 941 3426 praesertim
984 3371 1114 3413 cum
1162 3358 1357 3412 eodem
1408 3357 1616 3412 saeculo
1666 3370 1835 3427 nono,

180 3447 317 3515 quod
347 3445 663 3516 Catalogus
688 3445 799 3500 iste
821 3444 1064 3514 claudit,
1099 3445 1480 3513 praecessisset
1507 3445 1613 3500 sub
1637 3446 1838 3500 Carolo

178 3535 374 3605 Magno
398 3534 658 3588 illustris
680 3533 781 3587 ille
804 3533 1086 3590 diaconus
1110 3534 1321 3588 Paulus
1340 3532 1628 3587 Wenifrid
1652 3530 1839 3602 (cujus

180 3636 341 3691 cpera
373 3635 509 3675 cum
541 3620 779 3675 Joannis
822 3620 1051 3675 diaconi
1096 3620 1349 3675 Miscella
1383 3620 1564 3675 fuisse
1601 3617 1839 3675 confusa

182 3723 462 3764 nonnemo
506 3709 658 3777 apud
710 3709 991 3763 Labbeum
1034 3714 1091 3763 et
1133 3707 1394 3763 Vossium
1446 3706 1743 3777 observat),
1786 3714 1841 3762 et

181 3797 518 3852 Metensium
570 3797 967 3866 episc0porum
1010 3796 1212 3851 seriem
1259 3809 1324 3850 ac
1380 3800 1535 3866 gesta
1576 3795 1840 3850 conscri-

183 3887 412 3955 psisset,
471 3886 768 3957 ﬂagitante
832 3885 1134 3956 Angerano
1185 3884 1618 3953 archiepiscopo
1663 3902 1674 3937 :
1726 3898 1837 3939 non

182 3989 341 4029 secus
392 3989 460 4029 ac
508 3976 753 4030 Joannes
808 3975 917 4029 iste
969 3975 1250 4029 diaconus
1308 3973 1511 4028 seriem
1572 3978 1629 4028 et
1683 3978 1838 4043 gesta

183 4063 579 4133 episcoporum
611 4063 1134 4132 Neapolitanorum,
1171 4062 1399 4117 hortatu
1440 4060 1681 4117 forsitan
1722 4061 1841 4116 ali-

182 4153 346 4220 cujus
384 4151 674 4206 antistitis
717 4152 970 4219 ejusdem
1012 4150 1298 4220 Ecclesiae,
1337 4164 1435 4218 pro
1482 4163 1634 4205 more
1676 4148 1840 4203 illius

183 4240 387 4306 artatis,
431 4253 559 4309 quae
599 4239 819 4293 imitari
853 4239 1025 4308 coepit
1063 4237 1538 4293 bibliothecarios
1575 4239 1839 4292 Romanae

185 4328 334 4383 sedis
362 4328 424 4382 in
456 4326 606 4382 serie
635 4340 701 4381 ac
739 4327 916 4398 gestis
947 4340 1183 4382 suorum
1217 4326 1527 4395 praesulum
1553 4325 1839 4396 colligen-

1945 3174 2290 3231 delineatam
2324 3176 2381 3230 in
2414 3177 2731 3234 orbiculari
2774 3180 2977 3251 ﬁgura,
3014 3182 3297 3250 persimili
3329 3184 3606 3253 clypeatis

1950 3262 2304 3333 imaginibus
2349 3264 2683 3333 pontiﬁcum
2726 3268 3128 3337 Romanorum,
3176 3272 3505 3339 spectandis
3545 3272 3607 3327 in

1948 3348 2192 3405 basilica
2240 3354 2294 3405 S.
2341 3352 2506 3407 Pauli
2551 3354 2651 3408 Via
2695 3353 2969 3425 Ostiensi,
3014 3357 3264 3427 aliisque
3311 3358 3604 3430 Romanis,

1952 3438 2228 3493 indicatis
2292 3439 2396 3494 hac
2465 3440 2522 3495 in
2583 3444 2896 3511 appendice
2959 3458 3118 3499 num.
3180 3442 3246 3500 43
3306 3450 3362 3500 et
3413 3444 3606 3502 fusius

1948 3526 2302 3594 exponendis
2350 3528 2408 3581 in
2464 3530 2721 3596 proxima
2767 3530 3193 3586 dissertatione.
3248 3532 3502 3586 Poteram
3550 3540 3608 3588 et

1949 3614 2096 3668 alias
2136 3615 2416 3684 imagines
2460 3614 2710 3683 proferre
2740 3630 2807 3671 ex
2847 3617 3038 3672 eodem
3079 3618 3275 3674 codice
3316 3619 3606 3688 pontiﬁcis

1950 3702 2362 3770 benedicentis,
2408 3718 2533 3772 qua:
2578 3703 2848 3759 visuntur
2902 3704 2960 3758 in
3011 3706 3120 3761 ﬁne
3161 3707 3217 3762 S.
3266 3709 3470 3764 Leonis
3512 3712 3606 3781 III,

1951 3796 2081 3844 ante
2114 3790 2352 3844 initium
2382 3791 2520 3845 Vitae
2545 3790 2600 3845 S.
2634 3792 2898 3861 Adriani,
2927 3800 2984 3848 et
3013 3794 3336 3864 persimiles
3365 3805 3502 3854 sunt
3533 3799 3610 3856 iis

1953 3892 2080 3948 qua:
2110 3885 2444 3948 spectantur
2470 3878 2527 3933 in
2560 3880 2802 3935 musivis
2826 3881 3197 3938 ecclesiarum
3224 3884 3393 3940 Urbis
3413 3887 3605 3943 eadem

1951 3975 2114 4023 aetate
2150 3967 2520 4023 constructis.
2569 3970 2773 4023 Verum
2816 3983 2879 4025 ea
2910 3972 3053 4026 satis
3096 3986 3222 4029 esse
3266 3988 3392 4029 sum
3425 3982 3605 4045 ratus,

1950 4070 2077 4126 qua:
2134 4056 2356 4110 includi
2415 4057 2706 4111 commode
2756 4064 3014 4126 poterant
3056 4060 3115 4114 in
3168 4076 3321 4117 aenea
3369 4063 3604 4136 lamina,

1951 4143 2279 4200 litterarum
2311 4144 2618 4213 specimini
2648 4145 2971 4202 exhibendo
3000 4149 3306 4205 destinata.

2020 4233 2149 4287 XX.
2195 4233 2511 4288 Dolendum
2543 4247 2674 4289 vero
2714 4241 2801 4290 est
2835 4236 2894 4290 in
2935 4250 2998 4291 eo
3028 4237 3226 4293 codice
3264 4240 3609 4297 Farnesiano

1951 4322 2268 4377 desiderari
2308 4322 2466 4377 Vitas
2508 4323 2765 4391 priorum
2810 4325 3141 4394 pontiﬁcum
3175 4341 3206 4382 a
3235 4326 3288 4383 S.
3337 4329 3499 4385 Petro
3537 4330 3607 4385 ad

184 4416 291 4485 dis,
333 4416 425 4471 uti
457 4421 685 4471 constat
709 4429 778 4471 ex
805 4415 1029 4487 Agnelli
1059 4413 1239 4485 Opere
1268 4416 1338 4470 de
1374 4414 1839 4483 ArchiepiscOpis
1867 4406 1921 4466 D
1952 4411 2007 4465 S.
2049 4410 2356 4466 Silverium
2386 4427 2400 4464 :
2437 4425 2563 4479 qua:
2607 4412 2656 4467 si
2700 4420 3083 4484 superessent,
3126 4417 3354 4486 epophae
3399 4418 3613 4489 singu—

186 4504 636 4572 Ravennatibus,
697 4504 949 4574 aliisque
1001 4504 1069 4559 ad
1137 4504 1279 4558 hanc
1333 4503 1569 4558 circiter
1620 4509 1840 4558 aetatem

188 4592 517 4649 referendis.
544 4593 804 4648 Indicare
827 4594 998 4647 etiam
1032 4605 1339 4661 possumus
1364 4591 1542 4646 alium
1567 4592 1840 4646 Joannem

183 4681 490 4737 diaconum
531 4680 716 4736 sancti
754 4680 1033 4747 Januarii,
1077 4693 1109 4734 a
1152 4693 1265 4750 quo
1307 4680 1443 4734 Acta
1485 4679 1652 4733 illius
1690 4679 1840 4734 beati

182 4770 436 4839 episcopi
463 4783 531 4824 ac
555 4769 843 4838 martyris,
870 4769 1135 4839 Sosiique
1156 4782 1220 4823 ac
1245 4769 1533 4823 sociorum
1553 4768 1843 4836 descripta

183 4856 362 4913 fuisse
393 4857 642 4929 legimus
666 4858 815 4926 apud
844 4857 1110 4912 Vossium
1137 4858 1208 4912 de
1234 4845 1378 4911 Hist.
1413 4858 1526 4945 Lat.
1562 4870 1688 4926 pag.
1714 4853 1841 4945 708,

183 4961 308 5002 cum
332 4946 665 5001 earumdem
701 4945 1068 5000 translationi
1106 4944 1456 5013 interfuerit,
1490 4944 1673 4999 liceta
1696 4947 1845 4999 Vos—

184 5035 267 5090 sio
305 5038 678 5090 recenseatur
726 5035 875 5088 inter
914 5034 1226 5103 scriptores
1269 5034 1456 5088 aetatis
1498 5034 1749 5099 incertae,
1790 5040 1845 5088 et

184 5136 305 5177 cum
340 5120 651 5177 translatio
680 5121 736 5176 S.
770 5121 1030 5177 Januarii
1076 5121 1390 5192 contigerit
1430 5120 1639 5176 saeculo
1671 5133 1839 5191 nono,

186 5211 266 5265 uti
292 5225 360 5266 ex
392 5210 685 5267 Chronico
712 5210 1011 5265 Casinensi
1043 5218 1396 5279 compertum
1427 5214 1531 5265 est.
1565 5209 1693 5263 Sive
1725 5208 1845 5278 igi—

187 5305 277 5353 tur
304 5299 601 5355 secundus
631 5299 727 5353 hic
750 5299 992 5354 Joannes
1024 5298 1307 5354 diaconus
1331 5299 1382 5351 S.
1411 5297 1692 5361 Januarii,
1728 5297 1845 5351 sive

189 5389 341 5455 prior
358 5388 458 5443 ille
484 5389 778 5443 Romanus
800 5388 1102 5442 Anastasio
1124 5387 1567 5441 bibliothecario
1587 5385 1845 5441 amicitia

188 5483 416 5562 junctus
452 5473 573 5547 (cui
615 5488 719 5546 ego
765 5474 1039 5532 fidentius
1082 5474 1415 5546 tribuerem)
1454 5473 1843 5530 construxerit

564 5680 672 5736 Pu
682 5693 803 5735 non.
842 5678 1108 5735 CXXVII.

1955 4499 2138 4555 lorum
2192 4497 2441 4555 conferri
2505 4506 2767 4569 poterant
2818 4516 2947 4558 cum
3002 4504 3139 4559 aliis
3185 4507 3610 4576 exemplaribus

1951 4588 2234 4656 Vitarum,
2274 4595 2331 4643 et
2377 4603 2507 4643 cum
2548 4591 2804 4644 numeris
2842 4592 3271 4663 chronologicis
3317 4598 3609 4664 supersti-

1954 4678 2111 4733 tibus
2141 4678 2290 4731 inter
2332 4678 2585 4745 picturas
2628 4678 2963 4748 pontificum
2997 4689 3317 4737 memorata:
3347 4682 3607 4741 basilicae

1955 4766 2207 4821 Paulina:
2247 4765 2335 4819 via
2376 4766 2627 4821 Ostiensi
2654 4780 2685 4821 a
2727 4768 2782 4822 S.
2818 4769 2982 4824 Petro
3021 4772 3087 4826 ad
3119 4771 3173 4826 S.
3208 4772 3604 4830 Innocentium

1957 4856 2225 4926 primum,
2284 4860 2595 4908 reservatas
2646 4856 2715 4910 ad
2772 4856 3182 4914 illustrandum
3234 4859 3292 4913 in
3344 4862 3605 4928 proxima

1955 4950 2148 4999 nostra
2169 4940 2593 4996 dissertatione.
2628 4943 2902 5011 Supplere
2929 4951 3114 5000 tamen
3145 4945 3394 5000 conabor
3418 4946 3605 5001 detri-

1956 5038 2143 5088 menta
2163 5029 2381 5086 codicis
2404 5030 2863 5098 praestantissimi
2891 5047 2987 5101 per
3006 5034 3120 5088 alia
3139 5034 3387 5104 genuina
3413 5049 3611 5093 monu-

1954 5126 2141 5176 menta
2170 5117 2427 5174 historia:
2456 5116 2781 5187 pontiﬁcize,
2804 5125 2859 5173 et
2877 5120 3125 5177 aliorum
3157 5122 3421 5180 codicum
3443 5130 3609 5181 aetate

1956 5208 2347 5277 proximorum
2375 5225 2387 5259 :
2426 5206 2639 5277 quibus
2680 5208 2949 5276 prtemitti
2982 5209 3184 5266 debuit
3217 5213 3431 5269 notitia
3463 5215 3607 5269 Far-

1957 5296 2179 5351 nesiani
2229 5300 2286 5351 et
2331 5295 2813 5367 Florentinorum,
2857 5296 2962 5354 hac
3005 5298 3066 5354 in
3111 5302 3425 5372 appendice
3463 5316 3607 5372 pro—

1958 5383 2090 5438 lata.
