4048 6168
496 311 604 369 235

1288 303 1378 355 AD
1426 300 1855 356 ANASTASIUM
1903 299 2414 356 PROLEGOMENA
2468 300 2644 355 EDIT.
2693 298 3122 355 ROM.—VATIC.

3784 302 3880 360 Q36

1083 623 2100 741 FRANCISCI
2217 625 3292 742 BLANCHINI

1726 850 2636 1001 DISSERTATIO

566 1067 717 1182 DE
824 1066 1377 1194 ANTIQUIS
1479 1064 2234 1223 ROMANORUM
2348 1069 3068 1190 PONTIFICUM
3162 1070 3820 1201 CATALOGIS.

1253 1278 1643 1358 Eorumque
1703 1280 2201 1356 comparatione
2251 1297 2329 1343 ac
2378 1280 2639 1344 delectu
2689 1282 3140 1360 instituendo,

670 1441 772 1501 Ex
815 1438 1136 1516 genuinis
1197 1438 1608 1502 documentis
1666 1442 1978 1501 Romanae
2017 1440 2326 1502 Ecclesiae
2388 1439 2474 1503 ad
2520 1458 2722 1505 usum
2777 1441 3073 1504 historiae
3131 1445 3198 1505 et
3254 1442 3713 1522 chronologiae.

951 1788 1219 1856 CAPUT
1295 1788 1653 1857 PRIMUM.

486 1910 585 1970 De
642 1909 909 1987 regulis
974 1910 1407 1972 observandis
1465 1912 1556 1973 ad
1609 1926 1883 1971 examen
1942 1912 2133 1971 recta:

659 1987 1117 2068 chronologiae,
1161 1992 1536 2068 praesertim
1571 1989 1966 2070 pontiﬁcium

990 2105 1308 2160 SYNOPSIS
1342 2106 1619 2161 CAPITIS.

486 2193 529 2241 Ῑ.
560 2192 691 2240 Vita:
711 2193 1009 2253 pontiﬁcum
1037 2195 1387 2242 Romanorum
1415 2195 1667 2253 originem
1697 2195 1892 2241 ducunt
1920 2208 1979 2241 ex
2000 2196 2132 2241 cata-

543 2254 694 2325 logis,
721 2258 770 2303 et
797 2256 1067 2327 continent
1081 2260 1182 2326 tres
1212 2258 1496 2327 praecipuas
1530 2257 1786 2327 notiones,
1814 2270 1998 2327 nempe
2020 2270 2129 2303 suc-

544 2316 835 2379 cessionem,
858 2316 1237 2379 chronoloyiam
1258 2322 1307 2364 ct
1331 2321 1474 2379 gesta
1495 2319 1792 2366 corumdem
1809 2316 2126 2377 pontiﬁcum.

543 2404 602 2412 —
630 2378 690 2426 II.
722 2378 995 2441 successio
1023 2394 1122 2426 non
1148 2378 1433 2439 interrupta
1465 2393 1784 2426 summorum
1807 2379 2125 2441 pontiﬁcum,

539 2454 654 2502 qum
677 2440 816 2502 notio
843 2446 916 2487 est
942 2442 1171 2488 omnium
1192 2442 1625 2501 prmslnnti‘sinm.
1647 2444 1693 2486 et
1720 2442 1936 2487 maxime
1957 2440 2131 2488 neces;

539 2500 691 2564 saria,
717 2500 978 2564 colligitur
1011 2504 1215 2564 quidem
1248 2517 1303 2549 ex
1325 2503 1600 2560 Catalogis,
1629 2503 1717 2549 sed
1754 2503 1906 2550 etiam
1930 2516 1989 2549 ex
2026 2503 2124 2550 SS.

535 2563 776 2612 Patribus
793 2563 996 2611 abunde
1022 2563 1397 2623 comprobatur.
1418 2591 1475 2599 —
1502 2564 1593 2611 Ill.
1616 2564 1976 2623 Chronologiaa
2000 2579 2126 2625 pon-

535 2625 704 2673 tiﬁcite
725 2626 1023 2673 discrimina
1042 2626 1342 2686 plerumque
1359 2629 1663 2673 emanarunt
1683 2640 1741 2673 ex
1766 2626 2019 2686 imperitia
2039 2631 2126 2673 aut

534 2687 850 2747 negligentia
870 2689 1259 2736 amanuensium
1287 2691 1336 2735 et
1364 2688 1758 2749 descriptorum.
1789 2689 1901 2745 Qua
1926 2690 2124 2735 ratione

533 2749 908 2812 descriptorum
945 2750 1095 2812 copia
1141 2751 1424 2812 reputanda
1467 2751 1531 2797 sit
1566 2750 1714 2797 noxia
1761 2753 1931 2810 potius
1968 2764 2122 2812 quam

532 2811 807 2859 commoda
831 2811 1104 2870 pontiﬁcis;
1124 2811 1473 2870 chron010gi£e
1496 2817 1631 2859 recte
1660 2811 2002 2869 instituenda),
2024 2813 2121 2859 nisi

530 2885 657 2920 usus
678 2875 726 2921 et
749 2873 1011 2921 crilert'um
1034 2874 1495 2934 totdescriptorum
1525 2878 1575 2921 et
1604 2874 1839 2921 codicum
1867 2876 2017 2921 certis
2046 2888 2122 2922 re-

530 2934 666 2994 gulis
688 2933 933 2983 referatur
952 2935 1013 2981 ad
1037 2933 1333 2994 indaginem
1366 2937 1608 2983 veritatis.
1638 2964 1695 2970 —
1722 2935 1815 2986 IV.
1848 2936 2119 2995 Ejuamodi

528 2996 723 3071 regula:
757 2997 928 3071 capite.
957 2997 1189 3071 proximo
1236 3003 1384 3070 erunt
1416 2997 2120 3071 lpIroferend'aehetcompro-

525 3056 709 3106 bandm
744 3072 805 3106 ex
822 3056 972 3106 fartis
995 3060 1180 3107 critica:
1213 3056 1549 3107 axiomatibus
1579 3073 1638 3107 ac
1670 3059 1958 3120 disciplina.

536 3169 587 3226 4.
617 3173 875 3229 Vitarum
903 3189 1029 3244 quae
1059 3175 1155 3229 hic
1186 3175 1576 3244 illustrantur,
1606 3176 1887 3245 originem
1917 3175 2114 3232 deberi

461 3260 722 3330 antiquis
745 3262 1033 3333 Catalogis
1058 3266 1168 3317 tam
1200 3262 1369 3316 hodie
1396 3269 1613 3318 certum
1644 3263 2116 3334 exploratumque

460 3353 567 3417 est,
598 3362 767 3419 quam
799 3351 949 3420 quod
986 3351 1248 3405 maxime.
1281 3352 1420 3406 Cum
1452 3352 1602 3405 enim
1636 3351 1777 3406 Vita:
1808 3352 1920 3405 tria
1950 3366 2113 3407 com-

459 3437 782 3506 plectantur
806 3442 1210 3501 successionem,
1239 3440 1638 3507 chronologia-m
1663 3446 1719 3494 et
1740 3446 1891 3505 gesta
1915 3454 2111 3496 eorum

458 3526 559 3597 qui
608 3527 775 3583 Petro
830 3528 1221 3596 apostolorum
1281 3529 1535 3597 Principi
1599 3527 1918 3597 subrogati,
1982 3542 2111 3583 cum

457 3615 709 3671 Romano
756 3616 1090 3685 episcOpatu
1140 3617 1486 3672 universalis
1524 3616 1790 3671 Ecclesia}
1838 3617 2108 3689 regimen,

460 3702 597 3758 huic
644 3703 765 3758 sedi
812 3703 1062 3774 aﬂixum,
1115 3712 1490 3772 susceperunt
1530 3704 2107 3776 administrandum;

454 3794 717 3845 successio
768 3791 1166 3847 manifestatur
1224 3792 1283 3846 in
1332 3793 1603 3847 omnibus
1656 3794 1942 3865 Catalorgis
1986 3813 1999 3858 ς
2049 3796 2107 3849 in

455 3878 743 3950 plerisque
786 3881 1131 3947 ch-ronologia
1162 3899 1178 3944 ;
1209 3885 1477 3946 gestorum
1527 3894 1657 3935 vero
1709 3896 1837 3949 pars
1884 3883 1943 3936 in
1990 3883 2109 3937 ali-

452 3967 668 4037 quibus
704 3969 1054 4024 continetur.
1095 3969 1228 4022 Jure
1268 3968 1450 4037 igitur
1481 3966 1695 4022 factum
1740 3976 1826 4023 est
1870 3977 1933 4024 ut
1981 3972 2109 4039 pri-

455 4068 608 4110 mum
639 4040 709 4111 de
736 4056 1022 4127 Catalogis
1065 4055 1398 4124 pontiﬁcum
1438 4062 1609 4125 agant
1642 4056 1741 4126 qui
1775 4058 2104 4113 eorumdem

453 4143 611 4198 Vitas
640 4144 993 4199 contendunt
1028 4144 1345 4198 illustrare.

520 4229 571 4286 2.
608 4234 689 4286 Ex
721 4232 939 4300 triplici
982 4240 1171 4286 autem
1206 4232 1436 4286 notione
1466 4235 1835 4295 successionis,
1870 4234 2107 4288 chrono—

451 4320 606 4385 logiz
656 4326 711 4373 et
766 4323 1037 4386 gestorum
1097 4320 1383 4389 prmcipua
1431 4334 1561 4376 cum
1625 4321 1704 4376 sit
1756 4330 1810 4377 et
1860 4323 2105 4378 maxime

2157 1749 2217 1808 A
2244 1751 2330 1805 vel
2348 1751 2527 1809 altero
2543 1754 2894 1809 numerando
2914 1753 2998 1809 vel
3019 1755 3170 1809 inter
3191 1754 3489 1823 pontiﬁces
3509 1767 3885 1824 successores,

2242 1840 2326 1894 vel
2380 1841 2528 1897 inter
2577 1843 2825 1898 vicarios
2874 1850 2930 1898 et
2981 1844 3340 1912 coadjutores
3387 1842 3729 1913 absentium,
3775 1844 3888 1899 sive

2239 1929 2411 1983 etiam
2428 1930 2498 1985 de
2513 1931 2815 1985 eximendo
2830 1931 2915 1986 vel
2936 1931 3263 2001 recipiendo
3282 1932 3339 1986 in
3362 1945 3534 1987 censu
3555 1932 3887 2001 pontiﬁcum

2242 2016 2630 2087 legitimorum
2663 2021 2963 2075 occasione
3005 2020 3342 2075 schismatis
3374 2026 3509 2075 tunc
3544 2019 3795 2089 suborti,
3829 2033 3888 2074 ea

2240 2107 2383 2161 satis
2398 2107 2738 2163 dissolvitur
2753 2122 2817 2162 ac
2833 2108 3154 2177 dissipatur
3173 2102 3532 2164 documentis
3547 2108 3616 2163 ab
3636 2108 3888 2164 Ecclesia

2239 2196 2486 2265 receptis
2515 2201 2570 2251 et
2600 2197 2952 2268 approbatis,
2997 2203 3059 2253 ut
3086 2198 3144 2252 in
3176 2198 3359 2253 Felice
3391 2200 3434 2252 Il
3473 2197 3722 2267 aliisque
3758 2211 3890 2267 per—

2242 2285 2442 2352 paucis
2470 2285 2583 2341 erit
2613 2299 2717 2341 suo
2745 2286 2867 2341 loco
2896 2286 3423 2342 demonstrandum.

2309 2371 2363 2429 3.
2408 2375 2547 2430 Cum
2592 2376 2785 2444 itaque
2825 2377 2968 2431 satis
3005 2384 3235 2431 cautum
3279 2377 3357 2431 sit
3388 2375 3743 2432 successioni
3780 2387 3888 2430 non

2240 2464 2596 2533 interruptae,
2649 2478 2773 2535 quae
2818 2465 3103 2534 praacipua
3141 2470 3262 2520 erat
3306 2477 3443 2520 cura
3481 2470 3537 2519 et
3575 2464 3888 2520 consilium

2236 2554 2584 2623 scriptorum
2631 2553 2689 2608 in
2721 2554 3004 2625 Catalogis
3034 2554 3373 2623 attexendis,
3407 2561 3669 2623 superest
3700 2560 3768 2610 ut
3798 2569 3895 2611 se—

2234 2642 2422 2696 cunda
2484 2641 2584 2696 illa
2633 2643 2811 2711 notio,
2859 2642 3083 2697 scilicet
3130 2642 3503 2713 chronologia
3559 2648 3616 2697 et
3671 2643 3891 2712 epocha

2235 2731 2695 2800 uniuscujusque
2728 2731 3037 2800 pontiﬁcis,
3067 2745 3133 2786 ex
3160 2731 3366 2785 iisdem
3386 2731 3671 2802 Catalogis
3695 2731 3893 2787 dedu—

2230 2826 2413 2874 catur.
2459 2820 2561 2874 Hic
2601 2834 2733 2874 vero
2780 2833 3058 2875 nonnemo
3105 2826 3407 2888 usurparet
3451 2820 3651 2874 tritun.
3685 2819 3888 2876 illud:

2227 2907 2447 2975 Inopem
2475 2924 2557 2961 me
2591 2910 2745 2976 copia
2775 2909 2922 2973 fecit.
2964 2906 3330 2962 Abundantia
3369 2907 3521 2961 enim
3559 2912 3891 2975 auctorum,

2231 2995 2441 3063 passim
2475 2995 2905 3050 obtrudentium
2949 2995 3249 3065 Catalogos
3289 2995 3622 3065 pontiﬁcum
3667 2995 3895 3051 Roma-

2150 3066 2200 3125 B
2229 3097 2431 3139 norum
2474 3084 2599 3139 sine
2626 3084 2871 3147 delectu,
2914 3090 3013 3138 aut
3043 3092 3194 3139 certe
3236 3098 3346 3139 non
3389 3085 3715 3139 memoratis
3752 3084 3897 3141 fon—

2228 3173 2385 3229 tibus
2423 3180 2480 3227 et
2515 3173 2877 3229 documentis
2920 3174 3070 3228 unde
3101 3178 3377 3242 petuntur
3417 3174 3642 3243 epocha:
3674 3173 3896 3229 iisdem

2225 3261 2477 3325 tributae,
2524 3260 2695 3316 eﬁicit
2738 3267 2802 3316 ut
2846 3260 3113 3332 frequens
3159 3276 3526 3318 numerorum
3566 3263 3895 3331 discordia,

2225 3363 2350 3418 quze
2406 3348 2594 3417 annis,
2666 3349 2960 3405 mensibus
3010 3364 3076 3405 ac
3131 3350 3337 3406 diebus
3393 3351 3629 3418 irrepsit
3681 3351 3777 3405 vel
3829 3365 3898 3406 ex

2223 3437 2657 3493 amanuensium
2712 3438 2958 3507 incuria,
3017 3438 3103 3493 vel
3151 3452 3219 3493 ex
3276 3439 3508 3495 notitiis
3557 3446 3776 3495 temere
3831 3453 3893 3493 ac

2223 3525 2603 3581 tumultuarie
2664 3524 2942 3597 collectis,
3016 3527 3138 3597 ipsa
3208 3527 3372 3596 capia
3425 3529 3788 3597 scriptorum
3840 3535 3894 3583 et

2220 3612 2660 3682 descriptorum,
2728 3614 2879 3669 inter
2930 3628 2989 3670 se
3056 3615 3534 3684 discrepantium,
3601 3616 3893 3683 impediat

2222 3704 2416 3772 potius
2457 3717 2625 3773 quam
2656 3703 2885 3772 adjuvet
2923 3703 3216 3762 studiosos
3258 3703 3614 3777 chon010giae
3646 3707 3705 3760 in
3753 3719 3895 3763 vera

2222 3799 2538 3861 temporum
2598 3793 2822 3847 ratione
2879 3793 3298 3849 constituenda.
3361 3793 3691 3850 Turbantur
3752 3811 3892 3853 vero

2219 3881 2462 3935 maxime
2486 3881 2820 3935 criticorum
2855 3882 3080 3948 judicia
3111 3882 3169 3935 in
3204 3882 3297 3937 his
3338 3883 3689 3951 temporibus
3726 3886 3895 3941 deﬁ—

2218 3968 2449 4023 niendis
2495 3968 2566 4022 ab
2622 3973 2857 4037 aspectu
2917 3974 2973 4023 et
3021 3972 3218 4024 mutua
3272 3970 3577 4027 collatione
3619 3979 3891 4030 veterum

2215 4056 2633 4127 Catalogorum,
2686 4070 2812 4125 quae
2855 4056 3046 4111 decem
3096 4065 3197 4112 aut
3244 4058 3409 4127 plura
3447 4061 3617 4115 etiam
3662 4063 3895 4119 saecula

2215 4143 2586 4213 antiquitatis
2620 4142 3009 4211 prmseferunt.
3053 4146 3432 4202 Dissimulare
3466 4149 3703 4203 minime
3738 4165 3894 4220 pos-

2216 4246 2417 4286 sumus
2452 4230 2782 4302 Catalogum
2828 4232 3195 4288 Liberianum
3239 4234 3434 4290 haberi
3479 4237 3704 4306 quidem
3744 4252 3895 4295 om—

2217 4320 2375 4373 nium
2407 4320 2862 4375 vetustissimum
2893 4334 3175 4376 consensu
3205 4323 3499 4379 doctorum
3545 4324 3889 4392 hominum,

448 4408 771 4461 necessaria
794 4406 893 4461 illa
917 4408 1202 4477 princeps,
1224 4424 1348 4478 quae
1369 4423 1477 4464 non
1504 4411 1881 4479 interruptam
1906 4417 2102 4466 ostea—
2136 4382 2183 4444 θ
2215 4422 2407 4463 verum
2441 4409 2695 4464 incusari
2717 4409 2787 4464 de
2806 4409 3008 4465 vitiata
3041 4411 3263 4466 ratione
3288 4413 3587 4469 consulum
3611 4428 3719 4469 non
3757 4431 3890 4473 uno

447 4496 538 4552 dit
566 4495 770 4551 seriem
811 4496 1143 4566 pontificum
1190 4497 1591 4563 maximorum,
1631 4500 1846 4554 vicaria
1884 4500 2101 4555 Christi

450 4591 725 4656 potestate
754 4586 811 4639 in
846 4586 1015 4640 terris
1041 4584 1397 4655 iungentium
1426 4588 1494 4641 ad
1530 4587 1875 4642 universalis
1906 4589 2104 4643 Eccle-

449 4675 551 4731 siae
591 4675 840 4746 regimen
880 4674 1427 4744 administrandum,
1474 4676 1685 4731 divinae
1732 4677 2102 4745 providentia:

449 4764 697 4821 consilio
719 4762 931 4820 factum
954 4765 1215 4819 videmus
1238 4771 1299 4818 ut
1326 4779 1437 4819 non
1469 4766 1788 4833 interrupta
1814 4771 2102 4821 constaret

449 4853 552 4909 illa
582 4854 891 4917 successio,
924 4859 1045 4908 tum
1078 4867 1175 4923 per
1214 4853 1531 4923 Catalogos,
1591 4861 1710 4908 tum
1756 4868 1853 4922 per
1883 4854 2101 4923 scripta

448 4942 679 4997 Patrum
710 4943 779 4999 ad
814 4956 916 4998 nos
956 4942 1293 4997 transmissa
1338 4941 1407 4997 ab
1442 4942 1585 5012 ipsis
1630 4942 1893 4997 Ecclesia:
1928 4942 2101 4997 incu-

448 5028 701 5084 nabulis.
754 5031 890 5100 Quae
942 5032 1328 5087 consideratio
1379 5032 1563 5085 suasit
1612 5045 1758 5100 saepe
1804 5031 2097 5086 laudatum

448 5116 917 5173 Schelestratium
969 5128 1032 5174 ut
1083 5122 1425 5188 ostenderet,
1476 5133 1545 5173 ex
1592 5122 1799 5175 [remeo
1846 5120 2099 5191 aliisque

447 5203 734 5271 Patrihus,
787 5207 1035 5259 eamdem
1090 5208 1294 5261 seriem
1347 5220 1414 5260 ac
1458 5206 1876 5262 successionem
1926 5222 2095 5278 quam

450 5291 563 5361 ipsi
617 5305 686 5346 ex
737 5290 1030 5358 diptychis
1082 5293 1388 5347 hauserant
1434 5292 1685 5359 aliisque
1734 5295 2096 5349 documentis

445 5387 673 5435 aetatum
717 5378 830 5434 sibi
884 5381 1291 5447 proximarum,
1342 5380 1555 5433 servari
1609 5381 1665 5433 in
1713 5382 1998 5453 Catalogis
2039 5393 2094 5439 et

444 5467 504 5520 in
530 5468 695 5523 Libro
718 5465 1034 5523 Pontilicali
1058 5481 1124 5520 ex
1146 5467 1428 5520 constanti
1456 5467 1766 5523 traditione
1790 5472 2085 5539 majorum.

441 5554 499 5609 Si
531 5569 657 5625 quae
688 5570 818 5612 vero
855 5556 1064 5626 exigua
1112 5553 1424 5610 difﬁcultas
1469 5556 1831 5613 suboriretur
1870 5560 1938 5613 de
1985 5575 2095 5617 uno

2215 4506 2273 4559 in
2302 4497 2443 4566 loco,
2483 4498 2654 4568 idque
2684 4505 2879 4554 contra
2915 4500 3207 4554 Fastorum
3240 4500 3405 4555 ﬁdem
3431 4519 3445 4565 ς
3468 4508 3524 4556 et
3553 4503 3699 4571 quod
3732 4504 3891 4570 inde

2214 4587 2533 4642 necessario
2591 4586 2984 4656 consequitur,
3044 4588 3113 4642 de
3166 4588 3488 4644 intervallis
3542 4596 3887 4660 temporum

2214 4690 2504 4745 perperam
2533 4675 2848 4731 numeratis
2870 4675 2929 4728 in
2958 4676 3151 4730 eadem
3177 4678 3469 4745 pontiﬁcia
3488 4678 3888 4751 chronologia

2215 4778 2314 4834 per
2346 4765 2610 4819 mendosa
2640 4763 2937 4818 consulum
2975 4764 3133 4831 paria
3161 4764 3294 4819 inde
3318 4766 3575 4821 collecta.
3602 4766 3885 4823 Alterum

2209 4852 2540 4923 Calalogum
2580 4866 2611 4906 a
2646 4852 2825 4919 priori
2870 4852 3193 4920 proximum
3234 4854 3601 4923 antiquitate,
3633 4862 3689 4910 et
3715 4870 3891 4912 con—

2211 4947 2426 4997 textum
2479 4942 2790 5008 imperante
2829 4939 3158 4995 Justiniano
3209 4941 3510 4996 observant
3557 4956 3669 4997 non
3714 4957 3888 4999 con-

2209 5030 2424 5085 sentire
2471 5042 2598 5083 cum
2644 5027 2888 5098 reliquis
2933 5029 3142 5096 passim
3197 5030 3493 5097 productis
3549 5031 3619 5085 ab
3661 5032 3884 5089 eodem

2207 5117 2631 5183 Schelestratio,
2685 5117 2785 5186 qui
2827 5115 2973 5171 duos
3018 5116 3238 5184 priores
3275 5119 3528 5186 excudit,
3577 5133 3807 5176 necnon
3846 5136 3887 5178 a

2205 5205 2506 5261 Sirmondo
2549 5209 2604 5257 et
2648 5203 3003 5273 Mabillonio,
3050 5208 3107 5257 et
3155 5205 3345 5276 Pagio,
3390 5207 3489 5275 qui
3532 5206 3890 5276 complures

2204 5296 2509 5350 ediderunt
2539 5305 2604 5346 ex
2644 5291 2943 5345 codicibus
2985 5290 3464 5348 bibliothecarum
3511 5294 3885 5368 illustrium,

2203 5381 2452 5437 exaratis
2495 5386 2672 5449 sexto,
2714 5385 2911 5433 octavo
2957 5392 3023 5434 ac
3070 5393 3216 5435 nono
3263 5382 3471 5437 szeculo
3515 5396 3640 5437 :erae
3677 5383 3889 5439 Chri—

2201 5471 2419 5525 stianaa.

2271 5557 2322 5612 4.
2370 5560 2449 5612 Ne
2495 5565 2682 5613 tamen
2727 5556 2920 5612 animo
2969 5557 3419 5626 despondeamus
3470 5561 3529 5614 in
3567 5559 3887 5618 elicienda
