4060 6176
112 334 216 397 237

913 335 1278 392 BLANCIIINI
1332 336 1632 392 DISSERT.
1674 338 1764 391 DE
1811 336 1967 393 ΑΝΤ.
2018 340 2130 394 RR.
2188 342 2384 399 PONT.
2437 345 2770 403 CATALOG.

3428 354 3535 415 238

124 476 247 518 vera
271 460 626 516 chrouotaxi
658 474 728 515 ex
755 464 914 515 tanta
944 460 1216 516 varietate
1243 460 1364 514 sive
1408 459 1775 549 scriptorum,
1811 458 1866 513 A
1897 460 2019 515 sive
2043 462 2157 517 alia
2181 464 2437 533 qualibet
2462 466 2532 521 ab
2568 469 2855 524 universis
2884 472 3252 547 chronologis
3278 488 3533 549 recepta;

129 553 240 608 sive
264 551 703 618 descriptorum
736 555 793 604 et
822 550 1284 616 amanuensium,
1314 553 1605 617 acceptum
1637 545 1784 601 feri-

129 655 252 696 mus
306 639 516 706 regulis
565 637 830 708 proximo
871 638 1060 706 capite
1104 636 1459 707 proferendis
1487 650 1553 691 ac
1597 635 1787 691 stabi—

122 729 363 797 liendis,
401 734 464 783 ut
501 733 703 783 nostro
763 726 1013 782 examini
1063 726 1484 795 pramittantur
1517 732 1785 794 tanquam

127 818 292 889 leges
316 818 685 887 judiciorum
736 822 924 885 certa,
956 820 1012 870 et
1060 815 1328 884 prudenti
1360 816 1569 885 cuique
1614 813 1790 869 adbi-

122 906 332 962 henda
377 912 552 976 atque
581 904 949 961 observanda
988 904 1048 960 in
1094 904 1331 961 criterio
1384 904 1643 959 historia
1688 916 1790 956 ve—

129 995 347 1051 ritatis.

766 1118 1045 1189 CAPUT
1101 1119 1165 1186 II

211 1263 634 1353 Traduntur
662 1261 919 1353 regulae
947 1262 1038 1322 ad
1074 1261 1565 1353 inquirendam
1593 1260 1792 1353 Claro-

209 1341 595 1421 nologicam
611 1340 971 1403 veritatem
993 1358 1073 1402 ea;
1093 1340 1445 1420 Catalogz's
1462 1344 1566 1402 vet
1576 1342 1795 1402 ustio—

208 1421 431 1498 ribzw,
481 1425 787 1500 tempore
826 1421 1266 1482 dieersz’mode
1314 1421 1795 1498 consignanti—

209 1500 339 1563 Im:
362 1502 443 1563 in
472 1502 635 1581 τιαζω
673 1501 849 1562 serie
878 1501 1291 1581 ponti/icium
1341 1502 1794 1581 Romanorum

210 1598 479 1722 pactae]:
506 1579 807 1642 aliorum
833 1579 1230 1658 principum
1260 1596 1336 1641 ac
1361 1581 1663 1641 virorum
1692 1579 1794 1641 il—

242 1677 330 1722 us
364 1678 574 1722 rsum.

242 1660 574 1722 usta-ium.

638 1783 965 1840 SYNOPSIS
1010 1783 1208 1840 CAPIT
1211 1787 1289 1839 IS.

128 1906 173 1956 Ι.
211 1907 436 1969 Regula
466 1907 654 1955 criterii
689 1908 989 1965 statuenda,
1012 1908 1198 1969 quibus
1222 1911 1428 1956 utamur
1447 1910 1497 1956 in
1521 1909 1793 1970 praeferen-

193 1972 278 2019 dis
304 1969 768 2033 Chronologorum
791 1971 1074 2033 sententiis,
1090 1984 1159 2033 ac
1179 1971 1482 2018 testimoniis
1505 1969 1692 2033 quibus
1718 1972 1792 2019 in-

196 1984 278 2019 ms
304 1984 768 2079 bnronomgorum
791 1984 1074 2028 seruemus,
1100 1984 1159 2017 ac
1179 1984 1482 2018 testimoniis
1505 1984 1692 2033 qmbus
1718 1986 1791 2019 in-

196 2035 456 2083 nitnnlur.
485 2032 588 2079 —l
622 2031 843 2094 .Regula
858 2033 1052 2095 prima.
1085 2032 1139 2080 In
1158 2033 1472 2095 temporibus
1503 2034 1791 2081 assereudis

197 2095 478 2143 consulere
519 2098 736 2157 prastat
766 2097 1099 2141 monumenta
1129 2094 1349 2155 publica,
1387 2097 1428 2142 si
1461 2110 1575 2157 qua
1636 2098 1787 2157 sunt:

196 2170 369 2219 eaque
400 2155 741 2219 prater-ends,
776 2169 891 2219 qua
922 2170 1009 2217 per
1043 2157 1181 2203 viros
1214 2158 1432 2205 idoneos
1460 2155 1647 2217 posita,
1673 2156 1791 2204 loco

199 2233 257 2267 ac
279 2218 519 2280 tempore
542 2218 645 2280 sint
674 2218 985 2280 proximiora
1006 2220 1177 2276 atati,,
1202 2219 1264 2266 de
1300 2232 1401 2279 qua
1423 2234 1540 2266 cum
1572 2220 1793 2267 maxime

202 2279 590 2343 agiturf—UIII.
632 2279 887 2343 Regulam
907 2281 1209 2343 conﬁrmant
1234 2280 1480 2342 exemplis
1520 2282 1794 2343 scriptores

201 2343 429 2391 maxime
452 2341 679 2389 illustres
713 2342 938 2389 historia
960 2346 1008 2389 et
1038 2341 1392 2403 chronologia
1428 2356 1605 2397 sacra,
1622 2341 1794 2391 Veliam

200 2406 452 2453 divinitus
475 2404 728 2463 inspirati.
752 2430 810 2438 —
833 2403 923 2451 ιν.
946 2404 1192 2452 Eamdem
1217 2408 1499 2465 sequuntur
1519 2407 1671 2452 etiam
1704 2419 1796 2452 au-

199 2473 376 2515 ctores
432 2464 676 2513 Historia
724 2469 779 2528 et
830 2466 1165 2525 chronoligia
1196 2464 1439 2528 profana,
1478 2468 1563 2528 qui
1595 2467 1799 2514 cultoris

202 2531 280 2576 sui
315 2528 532 2588 generis
553 2527 869 2588 praecellunt.
895 2553 955 2562 —
975 2528 1041 2574 V.
1069 2527 1261 2590 Regula
1281 2527 1518 2576 secundo.
1562 2530 1601 2576 Ε
1630 2528 1796 2589 publi-

209 2592 293 2649 cis,
331 2604 395 2637 ac
432 2590 682 2651 proximis
706 2593 815 2637 tum
851 2592 994 2637 atate
1021 2593 1130 2637 tum
1171 2590 1289 2637 loco
1310 2592 1652 2647 documentis,
1689 2605 1795 2637 ma-

206 2654 522 2715 gistratuum
548 2665 679 2715 cura,
694 2657 743 2699 et
774 2652 1068 2699 auctoritate
1102 2653 1303 2715 positis,
1332 2653 1418 2700 illa
1449 2653 1795 2715 praferantur,

205 2728 320 2777 quae
337 2713 506 2761 semel
522 2714 795 2777 constituta
816 2728 909 2774 per
927 2715 1143 2777 idoneos
1169 2728 1227 2761 ac
1252 2713 1510 2773 legitimos
1533 2719 1798 2761 curatores

201 2775 430 2839 publica:
458 2775 757 2839 voluntatis,
783 2776 1156 2839 permanserint
1174 2777 1304 2824 adeo
1334 2778 1533 2837 integra
1565 2780 1614 2823 et
1634 2780 1799 2824 custo-

203 2836 324 2895 dita,
354 2841 411 2885 ut
425 2836 623 2885 nullum
656 2836 985 2899 praseferaut
1004 2838 1252 2885 indicium
1275 2836 1542 2897 erasionis,
1574 2841 1660 2886 aut
1682 2853 1797 2886 mu-

202 2901 439 2957 tationis,
466 2899 762 2961 sediueque
784 2902 977 2947 temere
1011 2899 1191 2947 violari
1222 2903 1453 2960 potuisse
1479 2900 1649 2961 reipsa
1678 2915 1800 2947 cen-

205 2967 319 3011 stet.
344 2989 404 2997 —
427 2962 531 3009 VI.
551 2960 899 3009 Coro’llarium
936 2963 1126 3024 regula
1158 2961 1407 3010 secunda.
1438 2960 1797 3023 Exemplorum

206 3025 624 3081 emendationes,
653 3025 695 3071 si
713 3024 1020 3083 exemplaria
1040 3024 1354 3085 autographa
1378 3025 1518 3073 nulla
1540 3026 1639 3072 sint
1663 3025 1799 3073 unde

206 3088 309 3149 peti
346 3087 575 3149 possint,
602 3087 929 3147 requirantur
953 3085 1357 3149 exdocumentis
1385 3087 1606 3147 publicis
1638 3087 1799 3133 aetatis

210 3147 447 3209 eiusdem
480 3151 568 3210 aut
594 3149 857 3208 proxima.
880 3174 941 3183 -—
962 3147 1079 3195 VII.
1115 3148 1307 3210 Regula
1337 3150 1515 3196 tertia.
1554 3149 1623 3196 Ex
1644 3149 1803 3195 docu-

211 3208 415 3268 mentis,
443 3208 656 3257 aliunde
695 3210 998 3257 ministratis
1023 3208 1268 3271 quam'ex
1300 3210 1415 3258 loco
1448 3211 1533 3258 ubi
1567 3224 1649 3257 res
1683 3224 1802 3269 pro-

210 3275 343 3344 xime
370 3270 707 3346 gerebantur,
746 3270 1334 3346 suﬂragilimrarog-ativa
1366 3274 1429 3345 sit
1449 3286 1621 3346 ‘pcnes
1657 3272 1801 3346 illud,

207 3335 358 3396 cujus
376 3333 582 3381 auctori
616 3346 784 3396 causa,
802 3334 1044 3389 scientia,
1077 3335 1258 3394 peritia
1281 3333 1583 3395 disciplina,
1615 3348 1671 3381 ac
1705 3338 1807 3380 stu-

210 3393 351 3445 dium
389 3395 621 3444 veritatis
654 3393 949 3444 facultatem
1002 3393 1197 3443 dederit
1228 3393 1529 3457 ampliorem
1561 3396 1806 3457 temporis

213 3472 271 3506 ac
296 3470 476 3507 rerum
507 3458 990 3519 perquirendarum.
1014 3484 1070 3491 —
1104 3457 1232 3505 VIII.
1270 3456 1562 3519 Corolluria
1593 3456 1695 3505 duo
1729 3472 1807 3505 re-

282 3519 344 3566 ιε
374 3520 565 3567 (mter.
595 3518 944 3582 (forollarium
975 3520 1221 3582 primum.
1256 3518 1552 3568 Consensus
1584 3520 1807 3580 plurium

257 3584 547 3643 criptorum
574 3580 654 3629 vel
688 3580 1116 3629 documentbrum
1153 3582 1268 3628 loco
1290 3595 1349 3629 ac
1381 3586 1610 3642 tempore
1639 3583 1808 3642 proxi-

214 3658 440 3700 morum,
462 3645 745 3704 praesertim
772 3644 815 3690 si
844 3643 1046 3703 publica
1076 3644 1373 3691 auctoritate
1396 3645 1708 3701 muniuntur,
1736 3644 1809 3690 in-

217 3707 407 3754 dicium
444 3705 743 3753 habendum
774 3708 851 3752 est
878 3706 1102 3753 veritatis
1138 3704 1391 3753 historica
1444 3709 1493 3752 et
1527 3706 1806 3752 chronolo-

215 3769 343 3827 giea
401 3766 760 3815 Corollarium
789 3766 1081 3814 secundum.
1110 3767 1182 3815 Ex
1225 3768 1522 3828 hujusmodi
1549 3781 1806 3815 consensu

215 3829 591 3878 rationabiliter
624 3829 959 3877 emendantur
979 3830 1211 3890 exempla
1244 3831 1503 3890 posterius
1536 3829 1806 3890 descripta,

216 3893 257 3939 si
287 3891 350 3939 ab
384 3894 539 3953 coget
576 3890 640 3938 ab
694 3890 1069 3953 antiquioribus
1103 3889 1353 3939 dill'erant.
1394 3919 1455 3927 —
1494 3892 1583 3939 IX.
1619 3889 1807 3953 Regula

367 3968 419 4000 α.
437 3951 789 4002 Commensus
800 3951 1111 4014 temporum,
1130 3952 1193 4000 ab
1208 3953 1465 4001 historicis
1486 3951 1808 4001 documentis

216 4014 586 4072 iudicatorum,
609 4028 727 4063 eum
748 4014 931 4063 diebus
948 4014 1211 4075 legitimis,
1244 4029 1272 4062 a
1288 4014 1405 4074 jure
1427 4017 1718 4063 constitutis
1743 4014 1805 4062 ad

217 4092 275 4126 ea
314 4077 614 4139 peragenda
661 4090 774 4137 qua
817 4079 963 4137 gesta
1016 4082 1383 4135 memorantur,
1436 4078 1682 4125 indicium
1732 4080 1809 4124 est

218 4138 581 4196 cbrOnologia
611 4143 747 4186 recte
780 4139 1043 4187 institutae.
1072 4166 1129 4173 —
1163 4139 1229 4187 X.
1272 4140 1515 4200 Exempla
1552 4139 1707 4200 hujus
1728 4152 1805 4187 re-

218 4201 351 4261 gula
386 4200 738 4263 proferuntur.
763 4228 823 4235 —
850 4200 944 4248 XI.
983 4202 1170 4261 Quinta
1194 4201 1394 4263 regula.
1425 4202 1804 4250 Demonstratio

216 4263 584 4323 ehronologia
622 4265 758 4311 recte
788 4264 1029 4311 instituta
1064 4264 1156 4311 erit
1198 4263 1465 4311 character
1508 4264 1691 4324 aliquis
1714 4263 1804 4310 ob-

217 4327 401 4373 servati
420 4328 601 4372 motus
620 4324 859 4381 caelestis,
884 4326 971 4387 qui
996 4328 1167 4373 exacte
1199 4328 1509 4387 respondeat
1539 4326 1804 4373 intervallo

219 4388 491 4448 temporis;
523 4387 773 4447 requisito
805 4387 868 4434 ad
893 4401 982 4434 eos
1016 4392 1187 4435 motus
1207 4387 1491 4435 cmlestium
1526 4400 1802 4448 corporum

216 4448 593 4511 perﬁciendae.
625 4475 685 4483 —
719 4448 833 4497 XII.
862 4449 1166 4511 Exemplum
1195 4449 1391 4498 illustre
1427 4450 1581 4510 hujus
1612 4451 1800 4511 quintae

220 4509 415 4576 regula
468 4509 740 4576 exhibetur
779 4512 831 4558 in
890 4509 1157 4576 referendo
1206 4526 1341 4576 agno
1389 4509 1685 4576 consulatus
1739 4509 1805 4576 (et

220 4573 425 4633 mortis)
459 4573 716 4620 Joviniani
748 4573 1203 4633 Augusti,collega
1234 4574 1555 4621 Varroniano
1588 4574 1711 4631 ﬁlio,
1743 4573 1805 4620 ad

220 4647 415 4683 annum
446 4648 566 4683 arte
587 4634 777 4697 Christi
793 4637 1080 4683 communis
1103 4637 1211 4692 364,
1242 4637 1515 4697 eidemque
1540 4637 1808 4695 assignan-

220 4698 301 4745 dis
324 4698 553 4745 motibus
580 4696 895 4753 cmlestibus,
912 4699 964 4745 in
982 4701 1177 4745 vetusta
1194 4696 1489 4758 epigrapltc,
1540 4702 1646 4744 tum
1679 4702 1808 4744 tem-

222 4759 364 4831 poris
396 4761 588 4831 posita,
618 4760 956 4831 consignatis.
985 4787 1042 4793 —
1064 4760 1211 4831 XIII.
1238 4760 1511 4831 EXEQdC‘HI
1540 4759 1807 4831 consulatu

224 4821 294 4868 ita
326 4821 666 4882 comprobato
701 4821 949 4869 stabilitur
978 4821 1178 4883 epocha
1212 4823 1549 4883 pontiﬁcatus,
1574 4836 1602 4868 a
1628 4821 1686 4869 S.
1719 4822 1811 4868 Ua-

223 4896 371 4931 maso
401 4884 654 4945 suscepti,
682 4897 816 4931 anno
838 4882 1061 4945 vulgaris
1091 4882 1423 4933 ara’Christi
1455 4885 1563 4931 366.

237 4993 289 5049 l.
345 4997 750 5067 Discrepantia
788 5013 1142 5055 summarum
1188 5015 1313 5070 qua
1361 5000 1717 5071 colliguntur
1751 4999 1811 5054 in

165 5083 574 5158 chronologica
593 5087 735 5143 sirie
751 5088 1053 5161 dirigenda
1082 5090 1288 5155 atatis,
1322 5089 1450 5144 vita
1479 5103 1544 5145 ac
1569 5088 1817 5160 regime-

168 5174 259 5229 uis
293 5175 633 5244 pontiﬁcum
666 5177 1074 5247 Romanorum,
1107 5179 1226 5233 sive
1252 5179 1588 5248 quorumvis
1611 5177 1821 5239 princi-

170 5277 301 5331 pum
334 5278 398 5321 ac
423 5266 683 5322 virorum
718 5265 1066 5335 illustrium,
1093 5267 1164 5322 ad
1182 5267 1474 5337 complura
1504 5267 1816 5336 prasertim

169 5354 375 5409 sacula
410 5356 892 5427 pertingentium,
925 5370 1048 5410 cum
1087 5356 1144 5411 in
1177 5356 1555 5411 arithmetica
1593 5356 1820 5427 regulas

174 5441 371 5497 referri
404 5445 646 5499 minime
676 5444 880 5513 possit,
914 5445 1024 5499 rite
1056 5450 1306 5500 servatas
1339 5445 1397 5499 in
1423 5446 1684 5501 methodo
1710 5459 1822 5499 an—

174 5543 371 5586 norum
396 5532 786 5593 Julianorum.
821 5533 1055 5602 perinde
1088 5534 1402 5589 constituta
1428 5535 1574 5602 apud
1610 5534 1825 5589 unius—

175 5622 452 5692 cujusque
488 5621 795 5677 sententia
847 5626 1153 5678 sectatores
1202 5623 1259 5676 in
1303 5622 1535 5691 periodo
1571 5623 1821 5693 Juliana,

1895 552 2192 618 proveniat
2215 567 2440 609 necesse
2461 561 2547 612 est
2568 571 2634 611 ex
2662 560 2877 629 regulis
2894 562 3138 627 criterii,
3168 566 3287 621 sive
3301 568 3538 640 judicii,

1896 640 2110 708 quibus
2129 643 2547 714 chronographi
2566 654 2623 701 et
2640 647 2941 719 biographi
2960 653 3352 723 discrepantes
3372 663 3540 714 utun-

1899 735 1995 785 tur
2027 731 2084 785 in
2115 746 2238 786 com
2252 735 2563 801 paratione,
2597 736 2925 804 pralatione
2947 754 3015 796 ac
3033 742 3256 799 delectu
3290 746 3541 802 testimo-

1899 819 2149 889 niorum,
2173 821 2322 877 unde
2346 823 2563 893 singuli
2592 826 2887 894 accipiunt
2918 836 3105 897 partes
3126 839 3377 904 atatum,
3410 836 3543 889 sub-

1900 905 2033 961 inde
2053 908 2405 979 colligendas
2440 911 2497 966 in
2539 912 2789 969 solidum
2837 916 3239 987 epilogismum
3283 934 3349 976 ac
3373 936 3541 977 sum—

1900 1008 2065 1049 mam.
2122 998 2364 1054 Tantum
2416 1001 2598 1070 igitur
2643 1002 3008 1061 deferendum
3057 1009 3168 1063 erit
3203 1011 3301 1065 uni
3346 1015 3541 1081 potius

1898 1098 2067 1153 quam
2122 1086 2287 1141 alteri
2343 1091 2741 1158 supputationi
2782 1105 2847 1147 ac
2897 1097 3210 1162 sententia,
3262 1108 3535 1170 quantum

1902 1175 2110 1243 regula
2142 1175 2397 1231 delectus
2431 1179 2775 1235 instituendi
2808 1184 2877 1237 ad
2901 1184 3302 1251 praferendam
3334 1204 3541 1245 unam-

1900 1275 2187 1332 quamque
2229 1267 2504 1321 rationem
2549 1281 2615 1323 ac
2664 1284 2963 1339 summam,
3013 1280 3184 1344 atque
3214 1278 3542 1335 testimonia

1904 1350 2061 1406 illam
2079 1351 2438 1423 aﬂirmantia,
2465 1358 3140 1426 propiusaccesserintad
3162 1366 3543 1426 indicationes

1904 1440 2147 1495 maxime
2172 1442 2498 1509 probabiles
2525 1444 2815 1502 historica
2841 1451 3121 1506 veritatis.
3147 1454 3224 1507 De
3248 1455 3338 1510 his
3363 1457 3545 1527 igitur

1902 1529 2105 1593 regulis
2161 1530 2416 1587 delectus
2462 1533 2574 1588 erit
2626 1543 2792 1591 antea
2831 1542 3222 1610 statuendum,
3258 1559 3358 1614 per
3401 1561 3545 1616 quas

1902 1618 2320 1689 contendimus,
2354 1621 2503 1676 inter
2539 1623 2931 1693 discrepantes
2970 1632 3282 1687 sententias
3306 1648 3424 1689 eam
3451 1637 3542 1692 de-

1902 1703 2080 1775 ligere
2109 1712 2164 1760 et
2184 1710 2520 1775 consectari,
2552 1725 2732 1780 quam'
2749 1716 2896 1769 ratio
2927 1717 3150 1773 criterii
3194 1720 3544 1781 demonstret

1817 1783 1872 1843 B
1905 1794 2143 1862 pr0pius
2172 1797 2435 1852 accedere
2464 1800 2531 1854 ad
2575 1801 2888 1857 veritatem.
2922 1807 3148 1877 Regula
3189 1816 3377 1866 autem
3417 1815 3541 1869 cri-

1903 1882 2036 1936 terii
2070 1885 2251 1938 nostri
2286 1884 2531 1941 breviter
2561 1899 2934 1961 exponentur,
2989 1909 3299 1968 earumque
3343 1901 3542 1957 firma~

1903 1978 2089 2026 menta
2110 1980 2371 2042 petentur
2394 1990 2459 2031 ex
2482 1981 2797 2035 necessaria
2833 1985 3184 2040 counexione
3205 2001 3373 2055 quam
3394 1991 3542 2045 ratio

1900 2064 2152 2117 ostendit
2183 2064 2387 2120 iisdem
2420 2066 2605 2123 inesse
2628 2082 2756 2123 cum
2789 2073 3042 2128 veritate.

2454 2210 2730 2267 REGULA
2774 2214 3006 2270 PRIMA.

1973 2332 2026 2389 Ξ.
2063 2336 2249 2390 Prima
2275 2336 2530 2392 delectus
2560 2339 2756 2409 regula
2782 2347 2866 2395 est
2890 2348 2952 2395 ut
2977 2342 3033 2395 in
3066 2344 3344 2412 examine,
3378 2360 3542 2401 com—

1910 2424 2202 2491 paratione
2226 2437 2291 2480 ac
2331 2425 2661 2492 pralatione
2691 2429 3407 2505 cujuslibetchrouologia
3436 2436 3545 2491 do-

1907 2516 2171 2566 cumenta
2228 2512 2475 2579 publica,
2534 2514 2582 2567 si
2630 2529 2756 2584 qua
2801 2524 2955 2583 sunt,
3002 2522 3389 2591 consulamus,
3448 2538 3548 2592 per

1905 2599 2060 2653 viros
2094 2600 2329 2655 idoneos
2362 2602 2566 2669 posita,
2597 2617 2774 2674 eaque
2808 2608 3117 2674 prasertim
3154 2625 3277 2679 qua
3310 2613 3547 2680 propius

1906 2686 2184 2741 accedunt
2206 2694 2369 2743 atate
2398 2702 2462 2742 ac
2487 2689 2609 2744 loco
2651 2691 2718 2745 ad
2750 2705 2847 2747 eos
2878 2695 3036 2749 viros
3058 2709 3369 2767 eorumque
3394 2704 3551 2769 gesta

1908 2774 1978 2829 de
2003 2775 2220 2844 quibus
2249 2776 2619 2848 chronologia
2650 2785 2822 2849 atque
2853 2781 3098 2838 historia
3127 2787 3456 2842 contexitur
3494 2794 3552 2842 et

1908 2864 2229 2919 ordinatur.

1979 2952 2131 3007 Duas
2178 2954 2370 3024 itaque
2416 2956 2679 3011 notiones
2728 2959 3053 3016 considerat
3098 2963 3154 3017 in
3187 2964 3550 3021 documentis

1911 3039 2341 3111 chronOIOgiam
2398 3043 2715 3101 ﬁrmaturis
2786 3048 2901 3103 hac
2944 3056 3136 3106 nostra
3202 3053 3435 3123 regula:
3491 3062 3556 3109 ut

1834 3131 1883 3191 C
1906 3131 2129 3198 publica
2177 3132 2316 3201 sint,
2368 3136 2517 3205 quod
2564 3142 2650 3189 est
2696 3137 2941 3205 primum
2984 3158 2997 3207 ;
3048 3147 3222 3211 utque
3270 3146 3553 3212 propiora,

1915 3221 2063 3289 quod
2088 3221 2202 3276 erit
2237 3222 2500 3277 alterum.

1985 3309 2038 3363 3.
2059 3310 2298 3379 Utrique
2314 3311 2872 3379 partiauctoritatem
2905 3317 3222 3372 conciliant
3246 3319 3558 3387 scriptores

1913 3399 2058 3453 artis
2101 3398 2392 3455 historica
2444 3408 2725 3471 quotquot
2771 3405 3076 3473 excellunt,
3124 3412 3180 3459 et
3210 3406 3268 3458 in
3299 3420 3364 3461 eo
3403 3408 3559 3462 scri—

1916 3485 2084 3541 bendi
2118 3489 2309 3558 generi
2345 3489 2627 3544 habentur
2662 3492 2968 3561 principes,
3001 3493 3312 3559 prasertim
3362 3496 3556 3551 studio

1917 3576 2199 3642 veritatis,
2233 3591 2359 3644 qua
2410 3578 2598 3645 potior
2634 3583 2718 3631 est
2751 3579 2876 3631 laus
2911 3579 3182 3634 historia.
3235 3581 3373 3636 Nam
3407 3584 3454 3637 si
3484 3583 3555 3639 ab

1919 3664 2041 3718 illis
2090 3664 2473 3732 scriptoribus
2518 3665 2752 3733 petenda
2788 3667 2979 3737 regula
3012 3669 3108 3737 sit,
3143 3683 3285 3739 quos
3334 3672 3558 3727 Veritas

1919 3753 2039 3822 ipsa
2074 3754 2353 3820 instituit,
2385 3752 2441 3806 hi
2468 3767 2693 3823 quoque
2713 3754 2999 3811 divinitus
3020 3757 3285 3826 inSpirati
3310 3759 3558 3829 digitum

1920 3841 2225 3896 intendunt
2248 3842 2316 3897 ad
2348 3841 2575 3910 publica
2601 3843 2969 3915 documenta,
3004 3852 3065 3899 ut
3088 3851 3405 3914 temporum
3436 3862 3468 3902 a
3499 3863 3560 3904 se

1915 3930 2345 4001 designatorum
2378 3930 2733 3986 characteres
2764 3934 3084 3988 ostendant.
3121 3935 3383 3990 Edictum
3431 3936 3558 3991 Ca—

1918 4019 2068 4073 saris
2110 4010 2357 4089 Augusti
2390 4020 2568 4075 Lucas
2609 4029 3029 4085 commemorat,
3074 4038 3201 4078 cum
3246 4025 3559 4093 descriptio

1920 4108 2080 4176 prior
2100 4108 2207 4162 sub
2232 4109 2478 4177 Quirino
2504 4109 2827 4165 adhibenda
2867 4119 2952 4166 est
3001 4113 3069 4166 ad
3098 4126 3309 4168 annum
3341 4113 3558 4168 Christi

1916 4198 2161 4252 natalem
2222 4199 2613 4253 indicandum.
2676 4200 2940 4267 Ejusdem
2997 4215 3127 4256 vero
3176 4202 3447 4270 baptismi
3494 4216 3560 4258 ac

1916 4288 2235 4355 magisterii
2267 4288 2499 4342 exordia
2535 4293 2598 4342 ut
2626 4290 2886 4344 enuntiet
2916 4304 2979 4344 ac
3033 4291 3236 4346 liberet
3287 4292 3356 4346 ab
3403 4293 3557 4347 omni

1914 4376 2286 4445 obscuritate,
2320 4383 2572 4432 recenset
2614 4384 2734 4433 tum
2769 4392 2980 4448 sacros,
3016 4386 3134 4435 tum
3182 4381 3386 4436 civiles
3432 4396 3561 4437 ma—

1834 4489 1889 4549 D
1916 4466 2213 4536 gistratus,
2237 4468 2335 4536 qui
2362 4475 2636 4535 potestate
2669 4468 2895 4537 publica
2924 4475 3042 4524 tum
3069 4471 3343 4538 temporis
3368 4469 3561 4541 funge-

1915 4553 2125 4609 bantur
2160 4554 2213 4608 in
2258 4570 2321 4610 ea
2353 4558 2583 4626 regione
2615 4556 2711 4612 ubi
2756 4557 3099 4628 gerebantur
3128 4559 3228 4614 illa
3275 4574 3399 4629 qua
3444 4561 3557 4615 sibi

1915 4643 2289 4699 describenda
2320 4659 2441 4699 esse
2476 4652 2704 4700 noverat
2738 4647 2794 4699 in
2820 4647 3157 4717 Evangelio:
3186 4647 3347 4700 Anno
3370 4651 3559 4716 quinto

1914 4734 2142 4799 decimo,
2184 4734 2393 4804 inquit.
2433 4737 2651 4803 imperii
2694 4737 2898 4789 Tiberii
2946 4736 3194 4793 Caesaris,
3226 4744 3558 4804 procurante

1923 4824 2106 4877 Pontio
2180 4824 2356 4875 Pilato
2415 4824 2679 4890 Juda'um,
2740 4825 3010 4877 tctrarcha
3078 4830 3253 4877 (mlrm
3324 4825 3563 4876 Gulilaa

1918 4912 2147 4972 Herode,
2191 4911 2439 4978 Philippo
2469 4916 2647 4963 autem
2680 4916 2859 4977 fratre
2888 4913 3006 4979 (jus
3037 4912 3307 4965 tetrarcha
3328 4912 3555 4979 Ituraev,

1919 5005 1967 5053 et
1985 4999 2384 5052 Trachanitidis
2403 5000 2658 5064 regionis.
2678 5004 2727 5050 et
2752 5001 2993 5065 Lysunia
3011 5000 3246 5053 Abilina
3265 4999 3560 5070 τεῖναν·οήα,

1921 5090 2020 5141 sub
2043 5088 2389 5157 principibus
2436 5087 2774 5139 sacerdotum
2816 5086 2982 5139 Anna
3015 5091 3065 5140 et
3095 5086 3323 5156 Caipha,
3356 5090 3563 5154 factum

1925 5182 2002 5232 est
2022 5178 2243 5231 verbum
2272 5179 2486 5230 Domini
2519 5192 2681 5245 super
2709 5178 2969 5230 Joannem
3006 5176 3282 5230 Zachariae
3305 5179 3480 5247 ﬁlium
3509 5180 3567 5231 in

1928 5267 2153 5320 deserto.
2182 5266 2316 5335 Qua
2346 5267 2482 5322 dum
2532 5266 2834 5322 observant
2858 5271 3073 5321 veteres
3106 5266 3317 5335 Patres,
3363 5272 3566 5336 praeter

1930 5355 2195 5423 mysteria
2225 5354 2407 5409 sacris
2448 5354 2659 5408 litteris
2699 5367 2920 5422 semper
2944 5354 3139 5417 insita.
3170 5370 3372 5410 causas
3393 5354 3564 5407 etiam

1932 5444 2227 5512 reperiunt
2260 5444 2335 5496 ita
2367 5443 2684 5497 deducendi
2727 5458 2824 5512 per
2872 5444 3210 5499 documenta
3261 5441 3489 5511 publica
3514 5448 3572 5497 et

1934 5534 2191 5603 proxima
2212 5538 2425 5587 mentes
2446 5533 2737 5586 hominum
2757 5534 2822 5586 ad
2856 5532 3272 5603 percipiendam
3293 5532 3573 5587 attentius

1927 5635 1991 5677 ac
2023 5622 2281 5678 tenacius
2309 5621 2658 5676 retinendam
2689 5622 3001 5675 veritatem.
3040 5621 3117 5674 De
3148 5619 3324 5689 priori
3362 5621 3572 5674 etenim
