4048 6168
572 375 681 435 239

1355 374 1447 430 AD
1485 373 1916 430 ANASTASIUM
1963 369 2475 429 PROLEGOMENA
2518 374 2692 431 EDlT.
2746 376 3173 434 ROM.-—VATIC.

3851 376 3960 434 240

574 504 787 574 epocha
811 502 1029 573 Cyrini,
1059 515 1092 558 a
1138 502 1192 558 S.
1224 504 1371 558 Luca
1400 507 1727 569 memorata,
1772 500 1848 555 ita
1873 499 2048 554 sentit
2076 496 2218 550 Am—
2249 495 2308 552 A
2332 500 3139 570 scriptorum‘pracellentium
3163 502 3364 557 retulit
3384 516 3699 557 consensus
3716 503 3976 557 omnium

575 592 808 649 brosius
830 591 923 663 (a).
968 612 993 642 α
1019 592 1282 658 Praside,
1311 590 1523 661 inquit,
1550 590 1784 659 Cyrino,
1805 587 1954 643 facta
1983 592 2070 641 est
2102 584 2218 637 hac

577 681 762 750 prima
790 679 1088 749 professio,
1125 684 1187 733 ut
1212 678 1378 748 quasi
1408 677 1700 733 consulem
1731 676 2032 746 quemdam
2059 670 2211 741 signi

579 770 763 841 gratia
790 767 927 825 huic
955 767 1105 823 libro
1131 766 1479 838 evangelista
1523 766 1902 834 adscripsisse
1928 764 2215 819 videatur.

578 861 718 914 Nam
732 858 781 913 si
797 856 1063 912 consules
1073 855 1445 910 ascribuntur
1457 853 1673 909 tabulis
1698 852 2029 922 emptionis,
2047 863 2153 919 qua
2164 862 2223 903 n-

581 954 639 1003 to
653 947 834 1019 magis
853 944 1228 1013 redemptioni
1243 943 1497 998 omnium
1513 943 1834 998 debuittem
1845 955 1948 1010 pus
1967 936 2220 995 ascribi?

578 1035 760 1090 Habes
784 1046 917 1104 ergo
946 1032 1139 1088 omnia
1168 1045 1294 1102 qua
1328 1032 1384 1087 in
1414 1031 1813 1086 contractibus
1836 1042 1959 1084 esse
1984 1039 2221 1082 consue-
2250 1106 2257 1113 .

577 1126 799 1178 verunt.
835 1120 1184 1177 Vocabulum
1205 1134 1484 1175 summam
1509 1120 1632 1174 illic
1653 1123 1981 1188 potestatem
2013 1128 2220 1186 geren-

577 1212 678 1281 tis,
707 1212 881 1278 diem,
925 1210 1133 1275 locum,
1171 1222 1426 1266 causam.
1468 1216 1639 1264 testes
1679 1220 1905 1277 quoque
1945 1204 2217 1261 adhibere

580 1301 784 1357 solent.
818 1301 929 1355 Hos
958 1312 1187 1369 quoque
1208 1297 1496 1369 nativitati
1521 1310 1638 1352 sua
1662 1303 1716 1350 et
1748 1293 2099 1366 generatioui
2123 1305 2221 1347 se—

578 1389 830 1444 cundum
880 1401 1105 1443 carnem
1152 1387 1418 1442 Christus
1462 1383 1736 1440 adhibuit
1776 1385 1872 1453 qui
1924 1382 2219 1452 signarent

574 1477 965 1548 Evangelium,
993 1476 1228 1531 dicens:
1267 1478 1372 1531 Vos
1398 1476 1549 1529 eritis
1574 1472 1710 1527 mihi
1738 1476 1892 1525 testes
1912 1473 1972 1524 in
2010 1471 2220 1522 Hieru—

577 1566 764 1621 salem.
793 1582 819 1615 ››
843 1566 920 1620 De
940 1565 1202 1620 secunda
1231 1562 1618 1632 chronologia
1646 1557 2077 1614 characteribus
2107 1557 2218 1612 late

575 1654 817 1711 disserit
863 1653 917 1708 S.
968 1653 1283 1724 Gregorius
1329 1650 1400 1722 (ὁ)
1438 1651 1601 1720 plura
1648 1662 1716 1705 ex
1771 1648 2009 1719 mystico
2046 1660 2218 1701 sensu

574 1742 912 1813 producens,
932 1754 1000 1797 ex
1028 1740 1266 1796 litterali
1286 1752 1417 1795 vero
1444 1739 1500 1793 id
1533 1738 1884 1808 pracipuum
1907 1747 2216 1805 exponens,

577 1838 898 1900 temporum
930 1828 1157 1885 scilicet
1184 1827 1601 1883 enarrationem
1639 1828 1717 1881 ita
1746 1825 2081 1895 diligentem
2118 1836 2216 1892 pro

577 1932 732 1975 more
772 1926 1025 1974 veterum
1088 1916 1492 1986 pr0phetarum
1536 1912 1715 1970 fuisse
1760 1914 1831 1969 ab
1870 1911 2215 1983 evangelista

572 2013 851 2063 servatam
906 2012 970 2061 ut
1010 2005 1168 2061 nulla
1214 2006 1437 2061 deesset
1482 1999 2211 2068 auctoritasinstrumenti,

571 2096 769 2153 divina
798 2095 934 2151 licet
963 2094 1072 2149 ﬁde
1105 2095 1268 2166 longe
1303 2093 1555 2149 solidius
1578 2090 1809 2159 ﬁrmati,
1832 2104 1900 2145 ex
1928 2090 2005 2145 iis
2052 2089 2217 2144 indi—

570 2183 921 2249 cationibus,
953 2195 1097 2253 quas
1126 2180 1494 2237 rationabilis
1518 2193 1656 2236 cura
1682 2179 1822 2235 solet
1853 2179 1912 2233 in
1962 2176 2213 2247 publicis

2330 592 2577 642 atatum.
2607 590 2809 645 Ratum
2834 590 2975 659 illis,
3013 591 3247 659 perinde
3273 604 3337 646 ac
3363 591 3547 657 nobis,
3581 589 3696 645 fuit
3719 591 3977 645 mutuari

2329 675 2667 732 documenta
2695 686 3011 747 temporum
3039 692 3102 733 ac
3133 693 3321 734 rerum
3354 693 3497 749 quas
3525 686 3876 746 enarrarent,
3906 692 3978 732 ΘΧ

2332 763 2584 831 publicis
2632 767 3018 821 monumentis
3062 768 3304 821 maxime
3359 766 3631 837 probatis,
3697 780 3762 820 ac
3810 772 3979 820 atate

2332 850 2567 921 locoque
2610 854 2887 921 proximis
2928 853 3097 909 rebus
3139 855 3343 910 iisdem
3390 854 3503 909 sibi
3549 854 3863 923 propositis
3902 852 3973 906 ad

2331 939 2651 995 historiam.
2678 942 3021 997 Proﬁtentur
3038 944 3187 998 enim
3219 944 3431 1012 passim
3457 943 3556 998 illa
3581 957 3709 1013 qua
3735 949 3977 997 narrant

2328 1042 2361 1083 a
2402 1043 2462 1083 se
2511 1028 2691 1086 fuisse
2749 1038 3007 1101 percepta
3058 1047 3125 1087 ex
3155 1032 3464 1088 annalibus
3513 1032 3869 1103 pontiﬁcum,
3905 1047 3975 1087 ex

2330 1116 2501 1173 libris
2552 1120 2852 1188 censoriis,
2909 1135 2976 1175 ex
3018 1121 3177 1176 Actis
3236 1122 3485 1190 publicis
3539 1135 3604 1176 ac
3634 1120 3968 1189 tabulariis,

2330 1204 2612 1276 librisque
2688 1208 2885 1263 linteis
2944 1223 3010 1264 ac
3073 1210 3460 1279 elephantinis
3528 1209 3969 1280 magistratuum

2326 1296 2668 1351 auctoritate
2721 1298 3078 1366 perscriptis.
3146 1305 3317 1368 atque
3374 1298 3609 1353 illorum
3675 1298 3772 1366 qui
3828 1298 3967 1354 Rei-

2329 1383 2571 1452 publica
2612 1390 2889 1453 praerant
2937 1388 3107 1454 jussu
3147 1388 3426 1456 depositis
3469 1387 3527 1441 in
3572 1385 3967 1441 bibliothecis.

2328 1472 2446 1528 sive
2497 1472 2666 1527 etiam
2703 1472 2761 1528 in
2805 1475 3077 1530 sacrariis
3106 1480 3162 1530 et
3211 1474 3381 1530 fanis.
3434 1476 3558 1529 Hac
3608 1475 3968 1530 luculentius

2328 1574 2454 1615 sum
2539 1569 2874 1630 prosecutus
2943 1564 3001 1618 in
3086 1563 3424 1618 Prafatione
3493 1564 3561 1618 ad
3656 1563 3970 1618 Historiam

2328 1650 2736 1717 Universalem,
2785 1666 2907 1721 cap.
2950 1650 3001 1713 [ι.
3049 1666 3118 1707 ex
3165 1656 3236 1707 Μ.
3282 1652 3474 1708 Tullio
3525 1653 3581 1707 in
3633 1652 3783 1707 libro
3816 1666 3855 1706 ιι
3905 1653 3974 1707 de

2327 1739 2583 1809 Oratore,
2607 1740 2704 1796 ubi
2732 1741 2816 1795 ait
2848 1759 2860 1794 :
2901 1762 2926 1793 ‹‹
2962 1743 3094 1796 Erat
3125 1741 3367 1796 historia
3401 1741 3485 1796 nil
3512 1741 3673 1796 aliud
3710 1741 3823 1795 nisi
3857 1753 3976 1794 an-

2247 1806 2295 1865 Β
2328 1828 2546 1882 nalium
2578 1827 2896 1896 confectio;
2926 1831 3092 1898 cujus
3120 1830 3201 1884 rei
3232 1831 3628 1899 memoriaque
3659 1829 3974 1883 retinenda

2325 1928 2497 1971 causa
2517 1915 2588 1971 ab
2616 1917 2787 1972 initio
2817 1931 3005 1973 rerum
3039 1919 3416 1973 Romanarum
3450 1930 3631 1987 usque
3660 1917 3727 1971 ad
3753 1918 3811 1970 P.
3836 1918 3976 1972 Mu—

2324 2004 2479 2059 cium
2527 2006 2851 2074 pontiﬁcem
2907 2006 3216 2060 maximum
3264 2020 3354 2061 res
3382 2020 3576 2061 omnes
3601 2004 3965 2076 singulorum

2324 2106 2605 2148 annorum
2643 2093 2944 2149 mandabat
2971 2094 3186 2150 litteris
3214 2093 3468 2164 pontifex
3493 2095 3795 2149 maximus.
3827 2093 3966 2148 effe-

2325 2181 2596 2250 rebatque
2626 2183 2683 2235 in
2737 2182 2953 2245 album,
3009 2183 3470 2253 pr0ponebatque
3501 2182 3751 2238 tabulam
3784 2183 3968 2249 domi,

2323 2277 2571 2339 potestas
2597 2275 2662 2325 ut
2694 2276 2843 2326 esset
2890 2270 3097 2339 populo
3123 2270 3498 2341 cognoscendi
3525 2288 3540 2332 ;
3572 2270 3614 2325 ii
3661 2271 3757 2340 qui
3790 2271 3971 2325 etiam

2322 2372 2473 2413 nunc
2528 2358 2782 2428 annales,
2822 2362 3051 2414 maaimi
3108 2361 3498 2415 nominantur.
3551 2378 3578 2409 »
3630 2361 3741 2415 Hoc
3792 2361 3971 2414 etiam

2318 2447 2616 2502 conﬁrmat
2670 2447 2992 2502 Macrobius
3030 2448 3319 2504 Saturnal.
3365 2448 3446 2502 lib
3491 2462 3553 2516 ιι,
3604 2462 3725 2516 cap.
3768 2444 3826 2516 2,
3873 2448 3972 2502 cui

2320 2536 2753 2604 pramittendus
2782 2542 2870 2590 est
2891 2536 3087 2591 Livius
3114 2535 3213 2590 lib.
3248 2550 3323 2605 1v,
3347 2550 3501 2591 num.
3530 2534 3619 2599 20,
3646 2550 3979 2591 memorans

2318 2630 2532 2679 veteres
2580 2624 2835 2691 annales,
2894 2631 2950 2679 et
2999 2623 3181 2679 libros
3234 2624 3673 2695 magistratuum
3727 2623 3974 2693 linteos,

2318 2713 2599 2781 repositos
2626 2712 2683 2767 in
2711 2713 2829 2767 ade
2856 2715 3110 2783 Moneta,
3141 2728 3286 2782 quos
3302 2715 3486 2768 Macer
3507 2712 3807 2767 Liv;neius
3824 2713 3978 2769 citat

2315 2801 2629 2855 identidem
2678 2808 2961 2871 auctores,
3007 2807 3071 2856 ut
3125 2802 3323 2871 probet
3372 2815 3519 2856 nono
3562 2807 3687 2871 post
3727 2802 3975 2857 demum

2310 2903 2461 2945 anno
2492 2904 2620 2944 cum
2652 2891 2712 2943 T.
2762 2891 3033 2959 Quinctio
3079 2891 3124 2945 Α
3160 2891 3485 2946 Cornelium
3531 2890 3768 2945 Cossum
3817 2904 3982 2947 con-

2309 2978 2464 3033 sules
2490 2978 2709 3034 habere.
2738 2980 2816 3034 De
2840 2981 3270 3035 commentariis
3285 2985 3471 3035 autem
3495 2978 3780 3034 censoriis
3800 2980 3979 3035 Livio

2312 3069 2610 3138 proximus
2640 3068 2951 3137 Dionysius
2996 3068 3465 3123 Halicarnasseus
3498 3066 3597 3121 lib.
3632 3080 3673 3128 ι,
3720 3080 3835 3137 pag
3878 3067 3977 3139 60,

2310 3158 2447 3213 edit.
2480 3156 2545 3211 G.
2591 3159 2650 3213 L.
2679 3157 2993 3228 Sylburgii,
3030 3156 3241 3213 fatetur
3292 3156 3396 3212 hos
3434 3170 3466 3211 a
3496 3154 3759 3225 patribus
3805 3155 3976 3212 ﬁlios

2310 3260 2409 3315 per
2466 3259 2666 3301 manus
2715 3246 2974 3314 accipere
3028 3245 3413 3313 consuevisse,
3458 3251 3523 3299 ut
3561 3243 3669 3313 ipsi
3707 3246 3976 3311 posteris

2308 3334 2430 3402 pari
2490 3347 2627 3389 cura
2674 3334 3092 3403 contraderent,
3154 3333 3305 3387 haud
3362 3348 3527 3389 secus
3573 3344 3743 3400 quam
3791 3345 3964 3389 sacra

2306 3428 2537 3490 paterna
2562 3429 2617 3476 et
2642 3421 2951 3491 gentilitia.
2985 3421 3064 3475 Ad
3093 3421 3209 3475 hac
3234 3421 3429 3491 itaque
3458 3425 3824 3476 monumenta
3861 3435 3966 3490 pu-

2304 3509 2452 3564 blica
2534 3514 2838 3578 provocant
2910 3508 3120 3577 passim
3178 3508 3446 3563 historici
3517 3508 3598 3563 rei
3664 3507 3968 3576 Romana,

2304 3599 2532 3667 quando
2560 3598 2926 3653 statuendum
2952 3603 3036 3652 est
3058 3598 3128 3652 de
3157 3597 3414 3665 veritate,
3452 3598 3620 3652 modo
3658 3603 3762 3651 aut
3804 3604 3968 3652 tem—

2306 3700 2439 3755 pore
2468 3687 2547 3740 rei
2570 3694 2755 3757 gesta.
2792 3687 2903 3742 Hos
2932 3686 3112 3757 igitur
3147 3683 3332 3740 fontes
3361 3685 3654 3741 adeundos
3678 3699 3805 3740 esse
3836 3686 3963 3741 sibi

2302 3782 2359 3830 et
2382 3774 2731 3830 hauriendos
2762 3781 3150 3846 cognoverunt
3174 3774 3348 3829 etiam
3373 3787 3404 3828 e
3445 3774 3661 3829 Graecis
3690 3773 3971 3831 celeber—

2303 3864 2461 3931 rimi,
2487 3864 2679 3934 qualis
2712 3865 2997 3920 Diodorus
3018 3863 3247 3919 Siculus
3280 3862 3380 3917 lib.
3417 3876 3456 3929 i,
3485 3868 3618 3917 sect.
3656 3859 3719 3925 4;
3748 3862 3976 3933 Diony-

2300 3953 2426 4007 sius
2463 3952 2955 4021 Halicarnasseus,
2984 3951 3281 4021 Appianus
3327 3950 3777 4017 Alexandrinus,
3803 3951 3971 4006 alii—

2300 4054 2427 4110 que.
2448 4040 2657 4095 Solida
2682 4040 2818 4095 huic
2852 4040 2969 4094 basi
2990 4040 3464 4094 documentorum
3491 4037 3719 4108 publice
3738 4040 3976 4107 posito-

2300 4142 2423 4183 rum
2452 4128 2954 4197 superstruendam
2981 4127 3179 4183 molem
3208 4127 3529 4182 universam
3561 4125 3976 4199 chronol0gia

2295 4223 2467 4286 atque
2522 4216 2797 4285 historia,
2849 4215 3017 4271 etiam
3053 4216 3120 4271 ad
3154 4216 3569 4271 remotissimas
3615 4219 3817 4269 atates
3851 4230 3977 4272 ex—

2298 4310 2489 4372 tensa,
2521 4305 2793 4370 cognovit
2848 4304 3222 4371 Euhemerus,
3275 4316 3520 4373 eumque
3571 4306 3809 4357 secutus
3848 4306 3978 4361 La—

895 4448 932 4461 “
1161 4446 1199 4461 ,,
1248 4446 1260 4460 ,
1318 4460 1329 4461 ί
2134 4446 2147 4459 ,
2294 4394 2550 4448 ctantius
2598 4394 2937 4449 Divinarum
2987 4393 3423 4449 lnstitutionum
3466 4390 3568 4445 lib.
3618 4404 3658 4457 ι,
3694 4404 3806 4459 cap
3848 4390 3977 4461 H;

609 4448 844 4551 99"?“
892 4448 1090 4551 mf”?
1112 4550 1123 4551 ί
1142 4444 1689 4551 ἀίῖί“,²ξ⁸,,ξξίξθ¹’
1707 4450 1937 4551 ﬁ}???
1955 4548 1969 4551 Α
2210 4464 2265 4525 Ῑ)
2293 4482 2549 4551 exemplo
2564 4482 2741 4537 Tullii
2761 4490 2817 4538 et
2835 4482 3091 4549 Varonis,
3110 4482 3167 4535 in
3194 4444 3977 4551 regravissimastatuenda:

541 4537 803 4641 νετίξδιίε
830 4536 1183 4636 ωεεῖειταε»,
1216 4534 1351 4641 huis
1376 4534 1549 4589 θιίεω
1590 4534 1984 4641 exercente
2294 4532 3505 4641 ἀδᾉξτέῑίξιῖίιξιηέιῑὶιῑ-λιέιδιέίυζῑκέέη
3534 4532 3981 4625 ίαιθσειέιέαςιξί

542 4624 828 4729 "at???"
866 4623 1313 4729 'ffi.“__'?fi‘_"f
2298 4622 2557 4715 homines
2580 4659 2763 4715 fuisse
2788 4674 2884 4714 eos
2915 4673 3058 4729 quos
3083 4660 3446 4714 ethnicorum
3479 4656 3829 4727 superstitio
3866 4660 3974 4713 uti

543 4710 2182 4819 ουωεηξβεηιέξιξε,αυ,εξω,η,ίειξῖᾳξιξιειεεῖτξιξξξιξριξωξεξ
2293 4710 2891 4819 agisagis,
2919 4710 3671 4817 3.4...gaa,“sf.;u;;.am,
3712 4710 3987 4813 Νρριῑέ

539 4818 676 4868 cura
728 4802 1038 4906 diligenter
1087 4814 1120 4855 a
1167 4813 1227 4855 se
1267 4799 1614 4856 custoditam
1665 4800 1977 4863 ministret.
2018 4800 2183 4856 aVide
2453 4799 3985 4906 Ei'rréiiélz'as—fébéimlaéiﬁ'tisana;‘ac'tembiﬁa

535 4896 975 4963 (εοηιιιιὶηηῑιιν-
2292 4926 2621 4991 ostendunt,
2659 4896 2756 4993 per
2804 4924 3183 4980 Euhemerum
3229 4924 3541 4994 diligenter
3582 4896 3829 4977 collecta
3894 4939 3985 4982 ex

610 5012 662 5070 4.
690 5014 897 5071 Verum
925 5018 991 5071 ut
1007 5012 1341 5070 humilioris
1359 5014 1810 5071 subselliivades
1837 5013 2015 5081 priori
2045 5013 2179 5068 huic
2290 5013 2485 5069 titulis
2510 5012 2949 5081 sepulcralibus,
2983 5019 3039 5067 et
3070 5010 3554 5081 inscriptionibus
3583 5010 3787 5079 sacris,
3815 5027 4007 5083 quas,

542 5101 754 5173 regula
778 5102 1172 5174 adhibeamus,
1203 5102 1354 5158 intra
1380 5108 1533 5171 septa
1564 5103 1944 5156 humanarum
1965 5101 2179 5156 artium
2293 5100 2352 5155 in
2375 5100 2607 5169 templis
2631 5101 3063 5170 antiquissimis
3098 5099 3325 5169 publice
3363 5098 3710 5168 prostabant.
3751 5098 3987 5161 Verba

540 5190 802 5246 historia
833 5197 1061 5259 nostra,
1112 5196 1167 5246 et
1208 5189 1592 5258 chronologia
1630 5190 1806 5244 duces
1856 5190 2180 5245 tutissimos
2290 5188 2567 5243 Lactantii
2593 5193 2748 5243 sunt.
2787 5209 2812 5239 ‹‹
2848 5188 3138 5258 Antiquus
3180 5196 3381 5245 auctor
3408 5188 3786 5254 Euhemerus,
3851 5192 3989 5261 qui

543 5278 862 5351 indaganti,
900 5294 1010 5336 non
1062 5277 1413 5334 recusabunt
1439 5289 1563 5330 esse
1590 5275 1755 5332 illius
1781 5285 2093 5333 assertores
2114 5290 2179 5333 ac
2292 5274 2495 5331 fuitex
2541 5276 2772 5331 civitate
2802 5279 3076 5345 Messana,
3126 5290 3215 5331 res
3241 5281 3429 5347 gestas
3472 5274 3631 5330 Jovis
3660 5279 3715 5328 et
3762 5286 3997 5335 caete—-

538 5367 822 5423 veridices
864 5372 1146 5437 quotquot
1174 5379 1205 5420 e
1234 5362 1450 5420 Latinis
1477 5367 1579 5418 aut
1621 5361 1835 5420 Gracis
1863 5366 1921 5420 in
1946 5378 2177 5421 censum
2291 5378 2483 5419 rorum
2512 5362 2610 5434 qui
2630 5364 2717 5419 dii
2747 5369 3044 5433 putantur,
3080 5363 3315 5435 collegit
3341 5376 3409 5418 ex
3447 5360 4001 5435 inscriptionibus

570 2278 627 2327 et
650 2270 1010 2343 gravissimis
1034 2269 1262 2325 actibus
1291 2269 1580 2325 adnotare.
1616 2270 1801 2339 Longe
1831 2273 1962 2322 ante
1988 2266 2209 2336 Grego—

566 2359 720 2415 rium
749 2358 804 2414 id
833 2358 1228 2427 pervideratet
1252 2356 1324 2411 ab
1353 2356 1669 2425 apostolica
1694 2361 1857 2410 atate
1885 2358 2212 2424 perceperat

563 2446 958 2504 Tertullianus
1015 2444 1098 2516 (c),
1146 2445 1206 2500 in
1271 2443 1638 2514 Apologetico
1684 2444 1959 2503 adversus
2018 2447 2211 2513 gentes

567 2534 861 2607 professus
909 2535 1052 2590 hanc
1097 2533 1490 2602 disciplinam,
1545 2537 1609 2588 ut
1653 2539 1836 2586 certas
1890 2537 2206 2599 temporum

564 2631 729 2680 notas
748 2622 998 2693 publicis
1014 2621 1375 2678 documentis
1387 2619 1757 2689 antiquitatis
1774 2619 2205 2674 etarchivorum

560 2725 877 2781 expressas,
923 2715 1206 2767 contestes
1225 2710 1523 2764 advocaret
1550 2708 1695 2777 ejus.
1729 2721 1855 2778 qua
1878 2712 2201 2763 nostrorum

560 2801 908 2870 scriptorum
941 2803 1210 2869 perpetua
1235 2802 1323 2854 est
1350 2796 1587 2866 assecla,
1619 2796 1902 2851 veritatis.
1935 2796 2016 2850 Ita
2047 2795 2199 2850 enim

559 2889 767 2946 scribit
794 2900 915 2958 cap.
949 2884 1017 2942 49
1045 2905 1057 2941 :
1091 2907 1118 2938 α
1151 2885 1401 2941 Primum
1431 2884 1835 2941 instrumentis
1869 2884 2000 2940 istis
2030 2901 2055 2933 ››
2087 2882 2201 2954 (lo-

558 2978 761 3048 quitur
788 2976 859 3032 de
890 2975 1109 3031 divinis
1156 2974 1328 3031 libris
1372 2975 1598 3044 antiqui
1623 2972 1876 3044 faderis,
1922 2973 2022 3043 qui
2049 2972 2197 3041 apud

549 3065 873 3135 Serapaum
891 3065 1176 3121 Ptolemai
1203 3063 1565 3121 bibliotheca
1585 3076 1713 3118 cum
1744 3062 1889 3131 ipsis
1905 3061 2201 3117 Hebraicis

556 3155 772 3212 litteris
799 3155 1164 3225 exhibentur,
1204 3159 1262 3210 et
1308 3168 1340 3209 a
1384 3154 1597 3209 Judais
1629 3153 1812 3221 palam
1847 3150 2198 3220 lectitantur)

556 3265 584 3297 α
601 3244 1000 3301 auctoritatem
1029 3256 1250 3300 summa
1270 3242 1595 3312 antiquitas
1617 3241 1889 3296 vindicat.
1918 3239 2079 3310 Apud
2099 3254 2199 3295 vos

551 3346 782 3404 quoque
829 3331 1132 3405 religionis
1171 3335 1257 3386 est
1302 3330 1486 3386 instar
1524 3329 1688 3385 ﬁdem
1731 3328 1803 3383 de
1841 3326 2198 3397 temporibus

547 3433 824 3477 asserere.
854 3439 880 3471 ιο
911 3420 1098 3490 Quare
1130 3418 1351 3489 intulit,
1391 3430 1715 3489 germanam
1766 3416 1988 3486 praxim
2023 3415 2195 3485 hujus

548 3508 680 3566 ﬁdei
706 3509 777 3565 de
797 3507 1153 3578 temporibus
1188 3507 1506 3563 asserenda
1546 3519 1667 3561 eam
1698 3518 1841 3571 esse,
1879 3509 1940 3561 ut
1966 3517 2190 3571 resera-

547 3602 748 3654 rentur
770 3596 1006 3653 archiva
1034 3596 1291 3668 gentium
1318 3595 1737 3658 universarum,
1770 3607 1897 3663 qua
1926 3591 2194 3662 antiqui-

545 3692 661 3742 tate
686 3691 1041 3756 prastarent,
1065 3691 1120 3739 et
1145 3685 1417 3755 genuinis
1443 3684 1596 3739 notis
1631 3690 1955 3739 nostrorum
1990 3691 2197 3750 tempo-

543 3787 671 3829 rum
704 3786 770 3828 ac
810 3773 1168 3828 voluminum
1221 3770 1635 3827 conferrentur.
1688 3791 1715 3822 α
1770 3772 1894 3825 Hac
1928 3771 2012 3825 ait
2048 3768 2189 3840 (cap.

546 3859 637 3931 20)
662 3860 879 3931 quibus
902 3859 1209 3917 ordinibus
1240 3859 1468 3928 probari
1503 3860 1727 3929 possint
1754 3873 1865 3915 non
1896 3866 2005 3913 tam
2034 3858 2191 3914 diﬁi-

543 3950 656 4007 cile
675 3955 762 4006 est
786 3949 951 4005 nobis
972 3961 1251 4019 exponere
1270 3962 1439 4019 quam
1463 3962 1693 4004 enorme
1718 3954 1774 4003 et
1798 3949 2064 4003 arduum.
2084 3948 2187 4003 Sed

544 4038 776 4096 interim
808 4039 1039 4111 longum
1060 4037 1262 4093 multis
1289 4038 1695 4093 instrumentis
1715 4051 1843 4091 cum
1870 4037 2187 4108 digitorum

538 4128 901 4198 supputariis
955 4126 1257 4199 gesticulis
1305 4126 1675 4182 assidendum
1727 4131 1833 4181 est.
1866 4126 2186 4180 Reseranda

534 4217 1076 4289 antiquissimarum
1105 4219 1278 4271 etiam
1306 4216 1561 4288 gentium
1590 4213 1848 4284 archiva,
1881 4213 2185 4283 Egyptia—

542 4320 671 4363 rum
691 4304 1105 4375 Chaldaorum,
1138 4304 1492 4372 Phanicum,
1522 4320 1549 4352 »
1578 4308 1686 4358 etc.

609 5564 690 5635 (a)
713 5565 773 5635 in
796 5564 1171 5635 Lucam._cap.
1196 5557 1250 5615 2.
2357 5562 2422 5633 (c)
2445 5563 2579 5631 Cap.
2604 5558 2687 5616 19.

610 5627 692 5705 '(b')
718 5634 877 5688 Hom.
904 5627 996 5702 20,
1030 5631 1092 5687 in
1119 5627 1327 5704 Evang.

4008 4990 4009 5009 1

4006 5074 4007 5083 1

3990 5308 3997 5321 ι

4002 5332 4003 5349 l

4000 5392 4001 5399 η

3990 5402 4001 5461 ’1

3998 5546 3999 5573 1

3994 5746 3995 5769 1

3994 5772 3995 5799 1
