4060 6176
186 250 285 309 2H

981 252 1345 309 BLANCHINI
1389 248 1686 307 DISSERT.
1735 248 1827 302 DE
1863 245 2020 302 ΑΝΤ.
2079 247 2190 301 RR.
2247 246 2444 303 PONT.
2494 246 2833 304 CATALOG.

3496 244 3605 303 242

191 374 399 440 sacris,
437 387 569 444 quae
624 373 684 427 in
730 371 960 442 templis
1002 372 1434 441 antiquissimis
1474 369 1848 433 habebantur,
1878 363 1938 423 A
1965 365 2227 435 gulorum
2249 368 2529 436 ejusmodi
2560 368 2906 438 scriptorum
2926 366 3046 436 (aut
3060 367 3252 422 verius
3277 366 3605 436 descripto-

197 463 557 532 maximeque
597 461 657 515 in
695 460 827 521 fano
855 460 1008 515 iovis
1036 461 1334 527 Triphilii,
1367 460 1464 515 ubi
1495 471 1723 513 auream
1749 470 1852 511 co—

195 552 450 606 lumnam
482 550 731 618 positam
751 562 874 604 esse
894 548 965 602 ab
988 548 1116 618 ipso
1135 550 1266 603 Jove
1293 548 1502 602 titulus
1524 545 1849 614 indicabat;

191 641 250 695 in
297 652 417 709 qua
447 639 642 694 omnia
660 651 766 693 sua
789 642 942 707 gesta
962 638 1316 707 praescripsit
1336 643 1396 691 ut
1424 639 1851 691 monumentum

182 733 345 782 esset
377 726 624 795 posteris
652 739 840 781 rerum
864 732 1171 796 gestarum.
1203 742 1229 773 »
1258 725 1398 779 Tum
1415 723 1578 778 addit
1604 740 1616 775 :
1646 744 1672 773 α
1699 724 1852 777 Hanc

184 814 526 878 historiam,
553 821 611 869 et
640 812 1171 883 interpretationem
1197 812 1419 867 Ennius
1438 820 1525 867 est
1542 817 1792 866 secutus.
1820 828 1847 859 »

257 903 404 957 Cum
433 903 619 973 igitur
638 902 980 957 documenta
1002 900 1231 970 publice
1245 901 1427 967 posita
1446 900 1634 971 gentis
1648 899 1846 964 totius,

190 996 293 1045 aut
352 990 781 1058 universitatis,
845 997 945 1044 aut
1011 989 1472 1059 magistratuum,
1534 988 1851 1043 habeantur

195 1078 533 1133 testimonia
554 1079 804 1133 maxime
824 1079 1027 1133 idonea
1051 1078 1121 1133 ad
1152 1091 1241 1131 res
1262 1082 1449 1147 gestas
1468 1076 1852 1145 comproban—

189 1167 313 1227 das,
351 1166 539 1221 multo
586 1166 921 1235 praeclarius
959 1172 1130 1235 atque
1164 1163 1451 1219 efﬁcacius
1484 1166 1539 1219 id
1586 1170 1853 1234 praestent

188 1267 426 1308 necesse
445 1260 536 1308 est
566 1254 626 1308 in
647 1254 1104 1309 determinandis
1146 1252 1501 1320 temporibus
1539 1259 1699 1307 extra
1725 1266 1852 1322 qua:

186 1357 282 1397 res
312 1345 439 1413 geri
475 1343 714 1397 minime
752 1348 1079 1411 potuerunt.
1111 1343 1446 1411 Temporum
1487 1348 1674 1396 autem
1716 1354 1853 1409 par—

185 1431 327 1484 titio
366 1430 528 1484 varia
559 1444 687 1485 cum
741 1429 919 1484 fuerit
963 1431 1110 1499 apud
1165 1430 1425 1484 nationes
1467 1430 1743 1493 diversas,
1795 1436 1851 1484 et

179 1519 340 1587 apud
362 1518 618 1573 eamdem
645 1519 929 1573 nationem
952 1532 1081 1573 cum
1095 1518 1411 1588 aliquando
1427 1519 1505 1572 sit
1524 1519 1845 1587 immutata,

188 1607 578 1677 consequitur
608 1613 674 1661 ut
700 1620 730 1661 e
764 1608 1146 1662 monumentis
1182 1607 1436 1675 publicis
1466 1606 1666 1661 seriem
1702 1611 1851 1659 tem-

191 1710 397 1763 porum
426 1696 893 1764 comprobaturis
921 1696 1019 1751 illa
1051 1698 1171 1750 sint
1194 1696 1447 1751 habenda
1476 1695 1697 1764 potiora
1724 1707 1849 1764 qua:
1881 1682 1931 1740 Β

187 1783 555 1852 proximiora
574 1784 938 1852 reperiantur
954 1784 1097 1839 locis
1109 1798 1174 1839 ac
1188 1790 1294 1839 tem
1306 1783 1622 1853 poribusde
1634 1782 1850 1852 quibus

1964 455 2308 525 rum)dictis
2322 454 2678 526 praeferatur:
2696 456 2845 526 quod
2860 455 2920 510 tlt
2935 455 3367 509 amanuensium
3381 454 3607 509 codices

1963 542 2239 613 exigendo
2256 544 2325 598 ad
2357 558 2422 599 ea
2461 544 2802 600 documenta
2829 543 3043 613 quibus
3062 541 3381 597 auctoritas
3407 541 3602 609 populi

1962 643 2027 684 ac
2058 631 2493 702 magistratuum
2532 638 2616 687 tot
2641 631 2895 687 calculos
2921 629 3132 698 adjecit
3159 634 3301 700 quot
3323 628 3605 684 assertio-

1962 732 2099 773 num
2129 720 2387 775 vindices
2407 734 2437 776 e
2455 719 2926 789 conspectoribus
2948 715 3102 774 fecit.

2482 877 2757 934 REGULA
2801 878 3068 933 TERTIA.

2029 1014 2084 1072 7.
2140 1018 2328 1073 Tertia
2373 1018 2568 1089 regula
2617 1018 2696 1073 sit
2734 1035 2747 1072 :
2796 1020 2864 1074 Ut
2899 1034 2967 1073 ea:
3007 1019 3342 1074 documentis
3379 1020 3607 1074 aliunde

1960 1108 2289 1160 ministratis
2329 1123 2491 1176 quam
2516 1122 2583 1160 em
2612 1108 2721 1161 loco
2758 1108 2854 1161 ubi
2878 1122 2964 1161 res
2985 1109 3234 1176 proxime
3256 1108 3602 1175 gerebantur,

1962 1194 2218 1262 suﬂ‘ragii
2256 1198 2626 1265 prarrogativa
2680 1198 2750 1249 sit
2793 1211 2959 1265 penes
3008 1195 3151 1249 illud
3192 1196 3349 1265 cujus
3393 1198 3607 1250 auctori

1962 1297 2125 1335 causa
2156 1285 2413 1345 scientiae,
2440 1285 2646 1352 peritia
2675 1284 2980 1352 disciplinae
3003 1299 3067 1337 ac
3086 1283 3332 1338 studium
3355 1285 3605 1339 ueritatis

1958 1372 2278 1436 facultatem
2343 1373 2555 1425 dederit
2608 1373 2923 1441 ampliorem
2982 1374 3235 1442 temporis
3293 1389 3358 1427 ac
3424 1387 3608 1427 rerum

1949 1459 2468 1527 perquirendarum.

2030 1547 2185 1602 Hanc
2214 1547 2466 1619 regulam
2498 1547 2861 1605 tradiderunt
2881 1553 3165 1619 quotquot
3183 1547 3461 1605 familiam
3487 1550 3607 1606 du—

1961 1639 2101 1690 cunt
2152 1636 2209 1689 in
2264 1636 2484 1690 ratione
2533 1643 2845 1705 temporum
2899 1637 3217 1692 ordinanda
3246 1637 3365 1694 sive
3418 1637 3610 1693 histo-

1966 1723 2095 1791 rici,
2129 1725 2248 1777 sive
2277 1723 2631 1794 chronologi.
2666 1725 2735 1778 Ut
2777 1725 2928 1779 enim
2971 1725 3121 1780 inter
3152 1730 3370 1780 veteres
3405 1725 3611 1780 Fabius

1964 1812 2170 1880 Pictor,
2223 1814 2282 1866 L.
2330 1812 2593 1880 Cencius,
2635 1813 2708 1865 M.
2765 1812 2919 1877 Cato,
2969 1812 3028 1866 C.
3085 1812 3346 1868 Licinius
3400 1814 3606 1882 Macer,

187 1885 367 1941 quam
396 1871 647 1925 maxime
682 1872 896 1942 agitur.
937 1873 1028 1927 Uti
1060 1873 1211 1927 enim
1241 1871 1375 1926 facti
1418 1872 1664 1926 recentis
1698 1873 1854 1926 vici—

184 1960 361 2014 niora
386 1960 723 2017 testimonia
750 1959 1045 2014 lubentius
1075 1960 1140 2013 ad
1154 1960 1543 2029 mittitjudex,
1568 1961 1666 2029 qui
1706 1974 1853 2015 cau—

184 2061 306 2103 sam
333 2049 601 2103 scientiae
635 2048 944 2117 prudenter
991 2049 1239 2117 requirit
1280 2049 1336 2102 in
1387 2054 1668 2103 assertore
1717 2063 1854 2118 per—

186 2145 411 2206 ceptam
448 2136 716 2205 proximo
763 2149 827 2191 ac
856 2137 1047 2192 vivido
1080 2150 1307 2192 sensum
1354 2138 1765 2205 esperimento,
1797 2143 1854 2191 et

1963 1902 2035 1955 M.
2068 1900 2368 1954 Terentius
2414 1900 2611 1968 Varro,
2657 1902 2716 1955 T.
2772 1901 3119 1969 Pomponius
3155 1899 3403 1963 Atticus,
3450 1902 3530 1955 ita
3575 1914 3607 1955 e

1964 1988 2382 2044 recentioribus
2397 1988 2806 2058 Cuspinianus,
2829 1989 3122 2060 Sigonius,
3148 1989 3478 2055 Panvinius,
3502 1990 3605 2044 Ba-

1964 2078 2184 2147 ronius,
2200 2078 2482 2146 Petavius,
2501 2078 2769 2135 Norisius
2781 2079 3037 2133 omnium
3055 2078 3606 2135 commendatissimi

190 2225 382 2282 oculis
411 2224 674 2293 subjecta
708 2225 976 2280 ﬁdelibus
1008 2223 1236 2295 praefert
1261 2226 1337 2280 iis
1366 2241 1489 2297 qua:
1514 2226 1851 2282 transmissa

188 2328 290 2384 per
314 2326 497 2368 aures
523 2313 853 2368 inanimum
879 2316 1144 2369 testantis
1163 2315 1433 2386 languida
1454 2316 1851 2370 insinuatione

188 2417 249 2459 se
282 2400 638 2467 infuderint,
680 2402 759 2456 ita
802 2403 973 2457 etiam
1020 2404 1078 2457 in
1126 2405 1514 2459 monumentis
1554 2417 1742 2458 rerum
1784 2416 1849 2458 ac

190 2498 515 2559 temporum
541 2490 917 2546 admittendis
947 2492 1034 2545 vis
1058 2497 1313 2561 quaedam
1358 2493 1547 2561 potior
1570 2493 1701 2560 jure
1732 2491 1850 2545 tri-

194 2579 390 2633 buitur
418 2577 808 2646 proximitati.
860 2577 1042 2633 Eﬂicit
1082 2581 1235 2634 enim
1272 2586 1332 2634 ut
1370 2593 1552 2650 neque
1593 2578 1847 2635 artiﬁces

188 2667 678 2722 monimentorum
703 2652 884 2720 videri
914 2666 1136 2736 possint
1163 2668 1432 2723 memoria
1467 2667 1636 2736 lapsi,
1665 2681 1846 2736 neque

184 2755 437 2811 audaces
474 2754 532 2807 in
569 2753 913 2814 mentiendo,
954 2755 1075 2809 sive
1119 2754 1176 2809 in
1210 2760 1417 2810 temere
1459 2755 1844 2824 proponendis

185 2841 353 2898 falsis
399 2839 937 2910 signiﬁcationibus
993 2855 1184 2897 rerum
1229 2858 1295 2897 ac
1343 2849 1660 2912 temporum
1714 2849 1846 2897 ante

181 2932 385 2987 oculos
414 2944 616 2987 eorum
666 2945 910 3001 quorum
944 2932 1002 2987 in
1034 2922 1343 3000 conspectu
1376 2930 1475 2984 illa
1502 2930 1838 3001 agebantur,

182 3033 307 3074 cum
332 3021 574 3076 cordato
604 3023 815 3091 cuique
848 3022 972 3075 viro
1002 3020 1226 3075 eosdem
1253 3018 1533 3089 arguendi
1563 3024 1620 3074 et
1651 3018 1843 3073 corri-
1878 3001 1925 3061 Ο

188 3109 377 3178 piendi
414 3109 657 3166 libertas
687 3109 849 3166 foret.

247 3201 385 3254 Esto
419 3199 842 3269 igiturcriterii
868 3198 1050 3255 nostri
1075 3197 1472 3268 chronologici
1495 3197 1611 3252 haec
1634 3198 1834 3269 regula

180 3289 452 3357 princeps
492 3307 504 3342 :
556 3290 623 3342 Ut
672 3291 730 3342 in
782 3288 1109 3357 temporibus
1139 3287 1443 3340 asserendis
1487 3291 1836 3340 monumenta

178 3376 423 3443 publica,
456 3379 507 3429 si
540 3393 659 3446 qua
682 3381 832 3443 sunt,
866 3376 1208 3430 consulamus
1238 3395 1256 3442 ,-
1283 3390 1450 3444 eaque
1472 3377 1833 3443 praeferamus

180 3479 208 3516 e
228 3465 472 3532 publicis
498 3480 639 3533 quae,
666 3480 764 3533 per
791 3465 936 3518 viros
975 3465 1194 3517 idoneos
1230 3465 1436 3532 posita,
1462 3463 1570 3515 loco
1599 3478 1662 3515 ac
1693 3467 1832 3533 tem-

174 3566 309 3619 pore
333 3555 446 3605 sint
457 3554 799 3621 promimiora
827 3553 977 3605 aetati
996 3552 1061 3605 de
1086 3566 1195 3620 qua
1220 3566 1339 3605 cum
1364 3552 1600 3604 maxime
1623 3551 1828 3617 agitur.

701 3690 979 3746 REGULA
1002 3689 1316 3745 SBCUNDA

244 3796 301 3853 5.
327 3798 457 3852 Erit
485 3797 774 3853 secundus
801 3811 979 3853 canon
1019 3838 1033 3850 .
1065 3799 1131 3852 Ut
1157 3814 1183 3851 e
1199 3798 1438 3867 publicis
1464 3813 1528 3851 ac
1564 3799 1829 3866 proximis

174 3892 292 3940 tum
340 3892 500 3940 ,τεαῖς
531 3892 645 3959 tum
676 3888 785 3940 loco
830 3888 1180 3950 documentis,
1226 3890 1649 3953 magistrntuum
1696 3902 1829 3941 cura

176 3980 223 4027 et
250 3978 582 4029 auctoritate
595 3978 811 4043 positis,
842 3976 941 4028 illa
958 3978 1329 4044 praeferantur
1358 3990 1480 4043 quae
1507 3976 1668 4027 semel
1695 3990 1831 4027 con—

174 4066 365 4116 stituta
389 4079 494 4132 per
518 4063 736 4117 idoneos
773 4080 838 4116 ac
880 4064 1141 4131 legitimos
1170 4068 1442 4117 curatores
1460 4062 1698 4132 publica
1727 4079 1829 4116 υο-

175 4150 427 4212 luntatis,
478 4150 613 4203 adeo
660 4154 871 4217 integra
917 4156 969 4204 et
1005 4151 1274 4204 custodita
1306 4153 1729 4219 permanserint,
1766 4154 1829 4203 ut

172 4238 388 4291 nullum
410 4241 766 4307 praess/erant
787 4239 1053 4292 indicium
1079 4241 1342 4292 erasionis
1357 4244 1455 4291 ant
1473 4241 1823 4309 mutationis;

175 4326 267 4378 sed
292 4341 467 4394 neque
496 4331 689 4379 temere
718 4327 917 4379 uiolari
933 4329 1175 4395 potuisse
1199 4329 1382 4395 reipsa
1410 4331 1627 4380 constet.

241 4415 324 4469 Ex
351 4414 460 4468 hoc
491 4414 744 4468 secundo
774 4427 988 4469 canone
1017 4416 1407 4484 consequitur.

810 4534 1185 4576 COROLLARIUI

238 4627 294 4682 6.
324 4627 398 4682 Ut
427 4627 692 4684 codicum
724 4629 1095 4698 antiquorum
1125 4629 1196 4700 (si
1225 4628 1577 4700 autographa
1607 4629 1822 4698 scripta

172 4728 284 4771 non
317 4717 441 4771 sint
472 4717 550 4771 iis
579 4717 639 4771 in
687 4717 1005 4785 codicibus,
1059 4718 1153 4773 sed
1186 4715 1460 4786 exempla)
1501 4716 1822 4770 emendatio

172 4806 413 4873 petenda
442 4807 525 4860 sit
546 4806 619 4860 ab
649 4807 1002 4876 inspectione
1025 4812 1081 4861 et
1105 4806 1529 4876 comparatione
1547 4818 1676 4859 cum
1709 4818 1825 4872 pu-

170 4891 344 4948 blicis
369 4894 739 4949 documentis
768 4894 1019 4963 ejusdem
1034 4895 1221 4950 aetatis
1241 4900 1342 4951 aut
1355 4894 1627 4965 proximas
1648 4905 1822 4961 supra

171 4980 468 5037 indicatis.

237 5072 376 5124 Nam
427 5076 593 5127 vetus
634 5072 939 5142 exemplun
988 5072 1292 5142 scriptoris
1341 5072 1549 5143 privati
1596 5071 1822 5127 inducit

170 5159 457 5215 hominem
473 5160 804 5216 solitarium
829 5162 955 5230 ejus
979 5162 1236 5217 historiae
1257 5175 1321 5216 ac
1347 5162 1607 5217 veritatis
1624 5161 1818 5215 vadem

168 5254 223 5302 et
249 5255 615 5305 assertorem.
656 5250 728 5304 At
754 5249 983 5318 publica
1021 5251 1360 5306 documenta
1402 5255 1683 5306 contestes
1712 5248 1822 5302 ad-

172 5336 369 5393 hibent
396 5338 807 5394 aﬁirmationis
842 5353 957 5394 suae
985 5339 1070 5394 vel
1107 5338 1365 5409 populos,
1394 5339 1479 5393 vel
1513 5339 1821 5410 magistra-

171 5428 278 5480 tus.
305 5428 552 5497 Equum
583 5427 769 5498 igitur
789 5432 873 5482 est
904 5428 1121 5483 utﬁdes
1149 5427 1399 5498 publica,
1419 5427 1819 5497 cuijudicium

171 5515 516 5581 privatarum
550 5515 1033 5586 publicarumque
1062 5531 1251 5573 rerum
1283 5517 1666 5587 concreditur,
1691 5516 1824 5572 sin-

1962 2166 2246 2237 colligunt
2268 2168 2524 2237 undique
2555 2166 2881 2222 testimonia
2898 2166 2967 2222 ad
3003 2166 3264 2222 notiones
3285 2171 3603 2234 temporum

1961 2269 2026 2310 ac
2074 2261 2360 2324 gestorum
2402 2255 2779 2311 stabiliendas
2835 2259 2894 2310 et
2939 2254 3300 2325 castigandas
3347 2271 3362 2320 ;
3414 2253 3493 2308 ita
3541 2258 3606 2308 ut

1961 2343 2212 2414 singulis
2235 2344 2420 2412 aptari
2454 2344 2637 2413 possit
2667 2345 2817 2415 quod
2847 2344 2919 2399 de
2946 2343 3302 2412 Cuspiniano
3334 2349 3607 2397 memorat

1958 2431 2542 2488 NicolausGerbelius
2563 2432 2622 2486 in
2642 2431 2974 2502 praefatione
3001 2434 3067 2486 ad
3104 2431 3358 2500 ejusdem
3381 2429 3598 2485 Fastos.

1959 2543 1986 2575 α
2026 2520 2284 2591 Collatis,
2333 2521 2545 2591 inquit,
2593 2521 3007 2577 vetustissimis
3044 2520 3350 2589 utriusque
3390 2518 3603 2590 linguae

1955 2612 2309 2677 auctoribus,
2363 2611 2413 2666 si
2463 2624 2607 2681 quos
2638 2611 2697 2665 in
2748 2610 2880 2665 istis
2925 2608 3311 2678 deprehendat
3354 2621 3598 2678 errores,

1956 2712 2051 2754 eos
2082 2700 2535 2755 moderatissime
2571 2699 2895 2769 castigavit.
2940 2697 3155 2752 Deinde
3186 2709 3317 2751 vero
3357 2709 3469 2766 qua
3501 2709 3602 2751 ra-

1957 2787 2130 2851 tione,
2155 2802 2266 2858 quo
2308 2788 2472 2843 modo
2488 2786 2881 2856 discrepantes
2898 2784 3362 2854 dissidentesque
3375 2784 3525 2840 inter
3538 2797 3600 2839 se

1954 2877 2304 2932 conciliandi
2333 2876 2450 2931 sint
2478 2894 2494 2944 ;
2521 2876 2658 2945 quid
2681 2875 3004 2930 addendum
3026 2874 3150 2943 uni,
3173 2873 3312 2943 quid
3330 2873 3600 2928 adimen-

1954 2964 2089 3020 dum
2120 2964 2311 3034 alteri,
2345 2963 2675 3019 incredibili
2705 2975 2843 3019 cura
2867 2962 3271 3034 industriaque
3298 2973 3599 3018 common-

1953 3052 2176 3107 stravit.
2222 3052 2500 3122 Quodque
2538 3050 2823 3123 singulari
2853 3064 2983 3106 cum
3014 3050 3305 3120 voluptate
3349 3049 3502 3122 leges
3540 3047 3594 3104 si

1951 3139 2053 3210 qui
2104 3139 2253 3194 inter
2295 3152 2355 3194 se
2382 3140 2797 3206 consenserint,
2848 3152 3080 3209 remque
3118 3137 3345 3193 tandem
3387 3135 3592 3192 iisdem

1950 3226 2139 3281 verbis
2166 3226 2554 3296 exposuerint,
2587 3240 2685 3281 eos
2713 3239 2909 3281 omnes
2940 3227 2999 3281 in
3030 3238 3198 3281 unam
3230 3224 3409 3280 veluti
3436 3223 3594 3279 clas-

1948 3327 2062 3370 sem
2093 3313 2404 3379 contrahit,
2439 3312 2779 3384 colligitque
2803 3312 3249 3369 studiosissime.
3278 3312 3414 3379 Quae
3440 3309 3593 3364 dili-

1944 3402 2134 3474 gentia
2164 3405 2440 3471 quantum
2474 3400 2618 3455 locis
2642 3399 2906 3456 obscuris
2936 3398 3368 3466 tenebrosisque
3403 3396 3587 3450 lucem

1942 3488 2155 3553 afferat,
2193 3493 2461 3557 quantam
2497 3487 2792 3542 intricatis
2820 3486 3162 3551 claritatem,
3198 3481 3591 3552 perspicuita-

1943 3583 2073 3644 tem,
2101 3573 2380 3642 confusis,
2409 3587 2571 3629 nemo
2593 3586 2724 3643 non,
2744 3572 2844 3643 qui
2870 3571 3143 3626 mediocri
3166 3571 3225 3625 in
3251 3568 3588 3637 litterisju—

1940 3664 2097 3719 dicio
2130 3661 2322 3731 pollet,
2352 3660 2646 3731 intelligit.
2670 3660 2943 3727 Breviter,
2979 3657 3128 3713 nihil
3163 3656 3583 3726 inexploratum

1941 3751 2201 3821 reliquit,
2229 3750 2484 3805 excussit
2512 3748 2705 3804 omnia
2735 3761 2862 3817 quae
2891 3746 3005 3802 sibi
3043 3747 3177 3801 usui
3210 3743 3406 3801 futura
3453 3758 3585 3800 cre-

1937 3840 2123 3896 debat.
2158 3838 2538 3895 Bibliothecas
2564 3836 2844 3906 plurimas
2880 3833 3443 3905 perlustravitmihil
3471 3839 3584 3888 tam

1939 3942 2154 3996 recens,
2188 3928 2334 3983 nihil
2356 3933 2467 3982 tam
2517 3932 2699 3995 vetus,
2725 3924 2875 3995 quod
2903 3936 3014 3978 non
3038 3935 3261 3978 summa
3276 3920 3580 3992 vigilantia

1940 4017 2422 4088 pervestigaverit.
2462 4013 2695 4070 Nullum
2728 4012 2962 4068 omnino
3006 4024 3207 4067 saxum
3242 4009 3584 4081 nullumque

1938 4111 2207 4182 lapidem,
2262 4108 2487 4164 nullum
2538 4099 2945 4174 triumphalem
2988 4114 3207 4171 arcum,
3254 4098 3416 4155 nulla
3465 4099 3582 4154 im-

1938 4205 2259 4270 peratorum
2306 4196 2513 4264 edicta,
2565 4193 2755 4249 nullas
2808 4202 3152 4247 marmorum
3210 4188 3374 4243 bases
3438 4188 3581 4243 nul-

1936 4289 2023 4345 los
2078 4288 2323 4358 parietes
2363 4289 2463 4343 aut
2530 4296 2726 4338 muros
2785 4279 3172 4351 praetermisit,
3237 4290 3308 4333 ex
3363 4277 3581 4348 quibus

1853 4336 1910 4398 D
1937 4336 2051 4433 non
2367 4336 2816 4442 “inscriptiones,
2863 4336 3172 4439 epitaphia'
3205 4336 3580 4437 deproinpse—

1937 4466 2034 4536 rit,
2063 4466 2235 4535 inque
2281 4462 2648 4519 doctissimos
2691 4459 2795 4515 hos
2835 4456 3276 4514 commentarios
3314 4461 3577 4512 transtu-

1934 4554 2084 4610 lérit.
2131 4554 2168 4603 ››’

2003 4645 2085 4698 Ex
2116 4644 2219 4699 hac
2267 4656 2398 4698 vero
2440 4642 2611 4697 tertia
2650 4641 2866 4712 regula,
2915 4639 3061 4694 viris
3104 4637 3462 4695 doctissimis
3492 4638 3573 4693 ita

1935 4732 2188 4802 probata,
2207 4733 2322 4788 duo
2338 4731 2690 4786 descendunt
2705 4728 3029 4797 corollaria,
3052 4728 3110 4782 in
3131 4740 3297 4783 usum
3311 4730 3571 4781 nostrum

1931 4821 2235 4877 admodum
2264 4818 2584 4888 profutura.

2422 4956 2715 4997 COROLLARI
2722 4955 2798 4997 ΟΜ
2820 4948 3062 4998 ῬΗΙΠΠΙ.

1999 5072 2051 5128 8.
2101 5068 2373 5127 Veritatis
2419 5066 2676 5122 historia:
2730 5064 3137 5121 iudicationem
3169 5076 3291 5118 esse
3343 5063 3576 5134 perspi—

1930 5176 2091 5218 cuam
2119 5172 2457 5216 consensum
2487 5155 2762 5227 plurium,
2790 5154 2910 5209 sive
2933 5152 3281 5224 scriptorum
3311 5165 3379 5208 ex
3414 5152 3574 5223 peri—

1934 5250 2183 5307 tioribus
2214 5254 2269 5303 et
2297 5244 2750 5317 proximioribus
2775 5244 2898 5300 loco
2927 5255 2993 5298 ac
3023 5247 3292 5312 tempore,
3321 5243 3444 5298 sive
3463 5240 3577 5296 do-

1933 5347 2347 5406 cumentorum,
2405 5336 2485 5390 ita
2542 5335 2756 5404 pariter
2803 5330 3080 5402 aﬁinium,
3150 5329 3464 5402 praesertim
3522 5328 3572 5385 si

1934 5428 2161 5498 publica
2188 5425 2529 5481 auctoritate
2561 5431 2680 5480 tum
2725 5422 3035 5493 scriptores
3079 5419 3189 5490 illi,
3239 5424 3358 5475 tum
3388 5417 3574 5473 docu-

1931 5521 2118 5572 menta
2148 5514 2501 5570 muniantur.
