4060 6176
455 249 561 306 943

922 391 1297 432 COROLLARIUM
1323 393 1626 435 SECUNDU‘M.

532 468 919 523 Indicationes
949 476 1003 521 et
1033 481 1345 522 consensus
1376 483 1547 537 supra
1580 469 1865 523 indicatos
1897 467 2103 521 habere

460 556 574 611 vim
611 557 911 612 maximam
942 556 1364 612 rationabiliter
1383 557 1701 628 castigandi
1724 563 1894 626 atque
1924 569 2106 610 emen-

463 644 637 699 dandi
679 646 930 714 exempla
966 646 1253 714 posterius
1291 646 1597 714 descripta,
1638 645 1735 701 ubi
1763 660 1795 698 a
1824 657 2106 699 consensu

464 739 776 787 memorato
804 734 1086 788 recedant.

536 820 915 876 Corollarium
968 826 1293 891 utrumque,
1331 827 1393 876 ut
1445 835 1546 892 ego
1589 820 1859 882 arbitror,
1902 833 2108 889 quem-

465 909 837 965 admodumet
873 910 1085 979 regula,
1119 923 1227 964 non
1256 909 1476 980 indiget
1501 909 1855 979 argumentis
1878 914 1941 962 ut
1971 921 2110 976 pro-

469 1001 656 1065 betur,
691 1000 785 1054 sed
822 1006 1037 1054 tantum
1070 999 1347 1066 exemplis
1380 1004 1442 1053 ut
1467 1005 1801 1067 exponatur.
1840 998 2109 1051 Sexcenta

467 1093 788 1154 occurrent,
806 1086 1179 1142 utGerbelius
1199 1085 1509 1153 indicabat,
1526 1086 1584 1139 iu
1600 1085 1971 1152 CuSpiniano,
1987 1096 2115 1138 con-

469 1190 695 1232 sensum
729 1176 1054 1243 attendente
1088 1177 1143 1229 in
1166 1174 1619 1244 proximioribus
1643 1180 1699 1227 et
1718 1172 2112 1242 peritioribus,

467 1267 537 1321 ad
563 1265 957 1320 conciliandos
969 1265 1087 1320 sive
1104 1264 1483 1318 emendandos
1500 1263 1832 1317 remotiores
1852 1267 1907 1315 et
1932 1262 2121 1329 impe—

468 1354 720 1421 ritiores,
770 1361 886 1408 tum
931 1367 999 1408 ex
1041 1352 1395 1421 auctoribus,
1430 1358 1550 1406 tum
1581 1364 1649 1407 ex
1694 1350 1971 1416 librariis,
2019 1348 2120 1418 qui

475 1443 839 1498 dissentiant.
871 1445 1062 1511 Neque
1106 1440 1492 1511 infrequentia
1526 1440 1692 1494 nobis
1730 1445 2031 1493 occurrent
2059 1438 2120 1491 in

475 1532 697 1586 cateris
722 1544 893 1599 supra
916 1531 1164 1586 laudatis
1190 1529 1591 1599 scriptoribus,
1620 1529 1668 1583 si
1702 1528 1893 1582 lubeat
1915 1541 1983 1582 ex
2004 1529 2125 1581 No-

477 1619 717 1674 risianis
735 1619 1019 1688 Operibus
1038 1619 1265 1674 unicam
1288 1618 1588 1688 epistolam
1606 1615 1962 1672 consularem
1988 1627 2123 1682 per—

1228 256 1321 310 AD
1363 248 1805 312 ANASTASIUM'
1837 255 2350 313 PROLEGOMENA
2637 255 3043 312 ROM—VATIC.

3748 249 3866 308 284

2127 376 2186 434 Α
2213 385 2307 435 tus
2332 381 2386 435 S.
2414 382 2639 436 Damasi
2676 393 2831 450 papa
2854 378 3170 449 inquirenti
3199 377 3496 434 sententia
3515 376 3645 433 dua
3672 376 3733 431 in
3762 375 3872 431 illa

2213 470 2612 525 constituenda
2646 469 2797 523 inter
2821 482 2879 523 se
2904 466 3315 522 discredantes.
3341 466 3572 521 Asserat
3598 478 3713 521 una
3731 478 3870 519 cum

2217 558 2626 612 vetustissimis
2659 555 3141 626 inscriptionibus
3168 568 3233 609 ac
3254 554 3499 624 picturis
3524 552 3786 608 basilica
3811 554 3866 608 S.

2215 646 2399 711 Pauli,
2433 652 2488 701 et
2514 661 2639 701 cum
2672 645 2957 717 Cataiogis
2989 644 3102 699 fere
3133 643 3423 710 omnibus,
3458 641 3787 709 historicis,
3815 647 3873 697 et

2216 734 2603 805 chronologis,
2634 735 2694 789 Β.
2722 736 3025 788 Damasum
3058 733 3275 788 sedisse
3302 744 3482 786 annos
3503 743 3671 798 xvm,
3700 743 3868 785 men-

2216 835 2305 876 ses
2331 835 2393 889 ιι,
2421 822 2546 878 dies
2572 837 2652 876 ιιι.
2685 822 2876 877 Altera
2906 834 3035 877 vero
3065 820 3365 887 sententia,
3400 817 3645 874 subnixa
3687 815 3870 873 forsi-

2218 917 2329 964 tam
2364 911 2535 965 unico
2560 910 2647 965 illi
2691 910 2977 980 Catalogo,
3021 912 3184 979 quem
3208 907 3649 963 Schelestratius
3672 919 3873 961 secun-

2220 997 2356 1052 dum
2397 999 2644 1067 appellat
2677 1001 2825 1054 inter
2854 1012 2950 1054 eos
2980 1012 3123 1068 quos
3169 996 3441 1067 produxit
3481 1001 3631 1049 tomo
3683 995 3876 1064 primo

2223 1087 2608 1155 Antiquitatis
2648 1086 2931 1152 Ecclesia,
2960 1086 3356 1141 tribuitannos
3372 1097 3518 1154 χχιι,
3537 1096 3759 1138 menses
3783 1095 3874 1149 ιιι,

2224 1176 2349 1230 dies
2381 1190 2461 1245 xx,
2515 1177 2599 1231 vel
2650 1191 2717 1230 ex
2755 1175 2986 1230 Baronii
3027 1173 3301 1244 suﬂ‘ragio
3360 1185 3579 1228 menses
3628 1186 3697 1239 ιι,
3745 1171 3879 1226 dies

2230 1278 2387 1319 xxvu
2417 1278 2587 1333 supra
2619 1278 2798 1319 annos
2829 1278 2970 1333 xvii,
2998 1277 3141 1333 quos
3173 1263 3261 1317 illi
3294 1262 3475 1333 placet
3506 1263 3587 1316 ita
3616 1260 3883 1315 breviare

2229 1367 2297 1408 ex
2333 1367 2471 1407 xvm
2495 1353 2719 1415 solidis,
2752 1352 3063 1423 assignatis
3088 1365 3122 1406 a
3149 1352 3204 1406 S.
3232 1352 3575 1420 Hieronymo
3594 1354 3649 1403 et
3673 1362 3707 1403 a
3730 1349 3885 1403 Pro-

2231 1456 2415 1511 spero,
2447 1442 2765 1511 aqualibus
2809 1444 3066 1510 Damaso,
3096 1445 3159 1495 ut
3191 1441 3250 1494 in
3298 1439 3526 1495 Maximi
3566 1436 3888 1507 prafectu—

2231 1543 2349 1584 ram
2373 1544 2481 1584 ann
2494 1546 2557 1585 us
2571 1516 3186 1598 initiationisejusdem
3200 1527 3425 1583 Damasi
3451 1527 3687 1596 incidat,
3713 1539 3886 1581 secus

2227 1618 2579 1687 judicaturo,
2627 1620 2675 1673 si
2722 1617 3133 1673 observavisset
3176 1616 3347 1688 (quod
3392 1615 3496 1671 alii
3530 1614 3701 1685 paulo
3749 1620 3887 1684 post

478 1723 726 1764 currere.
761 1710 965 1765 Verum
998 1722 1065 1763 ex
1099 1708 1189 1761 his
1220 1706 1642 1777 Prolegomenis
1692 1705 1907 1760 nostris
1941 1704 2121 1772 placet
2154 1702 2206 1761 B
2233 1708 2580 1763 adnotarunt
2608 1708 2664 1761 in
2696 1707 3041 1762 membranis
3069 1704 3464 1776 prafectorum
3496 1704 3666 1759 Urbis
3692 1717 3725 1757 a
3754 1704 3889 1759 Bu—

478 1798 798 1866 exemplum
832 1797 1109 1863 mutuari,
1138 1803 1202 1850 ut
1236 1796 1459 1863 judicet
1488 1794 1758 1849 cordatus
1785 1793 1959 1847 lector
1985 1805 2122 1846 num

481 1887 664 1941 tertia
683 1887 855 1954 hujus
872 1885 1081 1956 regula
1097 1886 1334 1954 ejusque
1354 1884 1711 1939 corrollariis
1728 1882 1998 1938 assentiri
2019 1895 2130 1936 ne--

481 1989 635 2031 cosse
660 1974 758 2030 sit.

553 2065 736 2132 Hujus
780 2064 973 2132 itaque
998 2063 1206 2135 regula
1239 2062 1420 2118 tertia
1453 2063 1632 2118 ductu
1658 2074 1830 2131 supra
1873 2062 1927 2115 in
1975 2058 2127 2113 notis

485 2152 553 2208 ad
602 2152 1032 2221 chronologiam
1071 2151 1324 2221 Catalogi
1375 2152 1755 2206 Romanorum
1792 2150 2125 2220 pontiﬁcum

485 2240 795 2295 conciliare
835 2246 1072 2296 conatus
1098 2255 1219 2294 sum
1252 2254 1381 2295 cum
1413 2241 1665 2295 Victorio
1711 2240 1999 2311 Aquitano
2027 2251 2129 2293 ve-

487 2335 636 2383 teres
664 2329 875 2390 Patres,
907 2335 963 2383 et
992 2329 1235 2396 aqualia
1264 2329 1625 2397 documenta,
1660 2330 1718 2383 in
1749 2329 1961 2397 epocha
1994 2341 2131 2397 pas-

489 2418 674 2473 sionis
715 2418 931 2473 Christi
980 2417 1268 2488 alliganda
1327 2432 1456 2472 cum
1508 2431 1656 2472 anno
1712 2418 1968 2491 vulgaris
2005 2431 2131 2472 ara

485 2507 827 2562 Christiana
856 2504 925 2561 28
954 2512 1010 2560 et
1053 2521 1183 2561 cum
1221 2506 1448 2562 duobus
1478 2508 1738 2562 Geminis
1767 2506 2124 2562 consulibus.

483 2597 597 2653 Cur
626 2598 778 2651 enim
830 2597 892 2651 in
946 2597 1193 2652 Romana
1242 2596 1638 2666 chronologia,
1682 2602 1794 2651 tam
1839 2596 2129 2651 consulari

487 2700 658 2757 quam
688 2687 959 2753 Casarea,
983 2699 1201 2740 necnon
1236 2686 1548 2755 pontiﬁcia,
1574 2700 1670 2741 eos
1693 2688 1866 2742 duces
1889 2698 2000 2742 non
2032 2701 2129 2741 se—

490 2788 714 2845 querer,
746 2773 830 2828 vel
881 2775 1180 2843 Romanos,
1229 2775 1313 2829 vel
1361 2775 1757 2845 provinciales.
1804 2775 1901 2845 qui
1934 2789 2132 2845 aqua—

488 2863 634 2918 lium
661 2875 894 2918 suorum
912 2862 1136 2931 judicio
1164 2869 1495 2932 prastarent
1522 2864 1747 2919 caeteris
1766 2864 1825 2919 in
1853 2864 2136 2935 colligen-

487 2950 584 3007 dis
610 2956 783 3020 atque
811 2951 1149 3006 ordinandis
1174 2952 1606 3007 characteribus
1628 2958 1943 3020 temporum
1975 2952 2002 3005 ‘I
2022 2953 2136 3007 Aut

2233 1795 2430 1850 cherio
2460 1796 2651 1863 editis,
2685 1800 2740 1850 et
2778 1797 2846 1852 ad
2874 1794 3146 1851 saculum
3177 1793 3403 1849 Damasi
3438 1790 3891 1863 pertinentibus)

2235 1884 2530 1955 praefectos
2550 1885 2686 1939 Urbi
2720 1899 2830 1940 non
2861 1899 2928 1940 ex
2955 1884 3227 1939 Kalendis
3253 1883 3512 1938 Januarii
3545 1892 3644 1952 per
3661 1893 3888 1935 annum

2235 1974 2507 2041 solidum,
2532 1975 2617 2029 uti
2645 1974 2908 2029 consules
2932 1974 3237 2043 ordinarii,
3270 1973 3365 2028 sed
3392 1986 3458 2027 ex
3483 1969 3741 2042 qualibet
3768 1983 3891 2023 an-

2237 2064 2296 2118 ni
2329 2065 2423 2119 die
2454 2064 2520 2117 ad
2554 2071 2796 2135 tempus,
2845 2079 2944 2134 pro
2977 2063 3262 2119 arbitratu
3294 2063 3703 2132 imperatorum
3733 2057 3893 2113 deﬁ-

2238 2151 2511 2207 niendum
2542 2152 2612 2207 ad
2646 2166 2863 2207 menses
2902 2152 3093 2222 plures
3132 2152 3216 2207 vel
3250 2151 3569 2222 pauciores,
3613 2148 3766 2202 intra
3797 2145 3888 2201 vel

2239 2240 2391 2315 ultra
2417 2241 2552 2296 anni
2585 2247 2779 2307 metas,
2816 2241 3211 2312 magistratum
3240 2240 3505 2310 gessisse.

2310 2329 2614 2384 Sententia
2648 2330 2841 2399 itaque
2867 2330 3014 2396 dua,
3043 2316 3126 2383 vel
3159 2329 3329 2383 etiam
3378 2327 3592 2397 plures,
3641 2325 3777 2381 licet
3824 2325 3881 2380 in

2240 2432 2460 2473 summa
2500 2420 2577 2474 ita
2609 2420 2924 2488 discordes,
2969 2424 3217 2473 attamen
3265 2419 3324 2473 in
3361 2431 3476 2473 uno
3506 2431 3574 2473 ex
3617 2416 3889 2471 terminis

2241 2522 2518 2564 summam
2563 2508 2883 2574 claudente,
2932 2508 3027 2563 die
3057 2506 3281 2562 scilicet
3309 2511 3365 2561 et
3394 2520 3544 2560 anno
3573 2504 3891 2560 emortuali

2239 2598 2295 2651 B.
2327 2598 2575 2667 Damasi,
2610 2612 2833 2654 necesse
2877 2602 2962 2652 est
2998 2602 3060 2652 ut
3091 2596 3472 2652 conveniant:
3507 2608 3634 2666 qua
3654 2594 3779 2649 dies
3807 2593 3893 2648 sit

2242 2685 2301 2742 Μ
2350 2686 2695 2757 Decembris,
2746 2686 3035 2742 Recimere
3087 2692 3143 2740 et
3192 2686 3463 2742 Clearcho
3521 2698 3694 2753 coss.,
3762 2699 3898 2740 ara

2241 2778 2457 2833 Christi
2487 2778 2809 2833 communis
2838 2773 2959 2832 384.
2995 2776 3153 2831 Diem
3194 2777 3345 2831 enim
3377 2775 3750 2845 comprobant
3776 2775 3903 2830 Ec—

2244 2868 2431 2923 clesia
2462 2867 2768 2933 tabularia,
2800 2872 2855 2922 et
2887 2867 3127 2922 rituales
3159 2865 3319 2934 libri,
3348 2864 3748 2935 Martyrologia
3779 2864 3900 2920 Be—

2245 2959 2349 3013 da.
2380 2956 2648 3021 Usuardi,
2698 2955 2934 3019 Adonis,
2965 2954 3178 3025 quibus
3208 2954 3492 3009 consentit
3520 2953 3801 3007 Baronius
3838 2953 3902 3008 in

490 3053 597 3095 cur
652 3053 763 3095 non
816 3039 1092 3094 deferrem
1153 3055 1266 3109 pra
1322 3043 1447 3096 suis
1507 3041 1828 3111 aqualibus
1880 3041 2134 3096 Victorio
2166 3031 2215 3096 Ο
2247 3045 2521 3115 Romano,
2557 3044 2692 3099 licet
2721 3058 2897 3099 unum
2947 3044 3032 3098 vel
3063 3043 3306 3098 alterum
3354 3041 3605 3097 retrahat
3638 3041 3707 3095 ad
3738 3040 3900 3096 diem

489 3127 780 3197 Aquitano
813 3128 870 3181 in
919 3141 1031 3183 ara
1074 3129 1367 3184 Paschatis
1405 3143 1469 3184 ac
1500 3129 1787 3198 passionis
1824 3128 2137 3183 Dominica

493 3214 860 3283 stabilienda,
913 3229 1041 3271 cum
1092 3217 1244 3271 hunc
1288 3219 1479 3287 ipsum
1527 3217 1823 3272 videamus
1865 3216 2136 3271 selectum

489 3303 715 3371 judicio
750 3304 997 3360 duorum
1042 3306 1375 3374 pontiﬁcum
1413 3307 1794 3361 Romanorum
1825 3302 2024 3374 (Hilari
2074 3316 2139 3357 ac

492 3391 697 3445 Leonis
720 3391 1021 3463 Magni)ad
1070 3394 1348 3450 rationem
1393 3399 1713 3463 temporum
1758 3391 2136 3448 Ordinandam

491 3478 545 3533 ei
579 3478 1011 3535 instaurandam
1041 3482 1070 3534 ‘?

1012 3625 1287 3681 REGULA
1317 3626 1615 3694 QUARTA.

563 3748 618 3803 9.
650 3748 863 3815 Quarta
893 3750 1088 3819 regula
1131 3749 1517 3819 chronologia
1571 3749 1979 3805 concinnanda
2032 3751 2146 3806 erit

499 3843 823 3893 commentus
872 3843 1187 3906 temporum,
1221 3837 1290 3889 ab
1321 3838 1593 3891 historicis
1624 3838 1957 3891 documentis
1988 3840 2148 3892 indi-

497 3933 758 3995 catarum,
808 3941 927 3978 cum
958 3925 1146 3978 diebus
1196 3926 1446 3991 legitimis
1490 3941 1524 3977 α
1548 3926 1679 3991 jure
1730 3929 2035 3979 constitutis
2075 3928 2150 3980 ad

498 4032 562 4068 ca
600 4015 915 4083 peragenda
947 4028 1068 4082 qua
1109 4018 1260 4080 gesta
1287 4018 1673 4066 memorantur.
1723 4014 1992 4084 Regulam
2042 4015 2151 4069 de-

500 4104 679 4158 claret
707 4102 1046 4170 exemplum.

572 4191 704 4246 Dies
752 4190 1047 4260 legitimus
1076 4202 1367 4244 sacrarum
1398 4190 1851 4259 ordinationum,
1910 4204 2153 4259 praeer-

504 4283 608 4336 tim
662 4278 1097 4348 episcOpalium,
1156 4277 1269 4331 fuit
1315 4278 1486 4332 etiam
1532 4278 1826 4346 prioribus
1885 4279 2152 4335 Ecclesia

2250 3131 2315 3188 40
2357 3133 2684 3188 Decembris
2727 3133 2875 3201 apud
2924 3132 3339 3187 Florentinum.
3390 3130 3615 3184 Annum
3658 3143 3793 3184 vero
3847 3135 3904 3184 et

2247 3221 2512 3276 consules
2541 3221 2886 3275 Recimerem
2916 3226 2971 3274 et
2990 3219 3324 3274 Clearchum
3344 3217 3544 3274 retulit
3572 3217 3630 3271 in
3660 3216 3903 3272 Chroni-

2248 3322 2376 3363 cum
2410 3323 2575 3365 suum
2604 3311 2861 3378 Prosper,
2895 3309 2996 3378 qui
3027 3314 3163 3364 tunc
3195 3306 3497 3363 scribebat.
3533 3307 3610 3361 Ex
3642 3305 3740 3360 die
3781 3305 3901 3376 igi—

2250 3403 2347 3452 tur
2405 3394 2462 3451 Μ
2506 3397 2833 3452 Decembris
2883 3398 3020 3452 anni
3072 3396 3288 3451 Christi
3342 3393 3448 3451 384
3499 3393 3901 3450 recedentibus

2250 3485 2416 3543 nobis
2462 3487 2520 3540 in
2553 3487 2850 3555 superiora
2878 3492 3128 3554 tempora
3156 3498 3256 3554 per
3274 3498 3454 3539 annos
3484 3482 3705 3538 solidos
3735 3492 3899 3549 xvm,

2251 3589 2471 3630 menses
2502 3589 2564 3643 ιι,
2598 3575 2724 3630 dies
2750 3589 2806 3641 x,
2836 3576 3002 3643 juxta
3034 3574 3286 3645 priorem
3318 3572 3661 3627 sententiam
3688 3571 3904 3625 Roma—

2255 3665 2348 3719 nis
2377 3663 2763 3719 monumentis
2796 3663 3076 3723 inuixam.
3116 3662 3418 3732 colligitur
3445 3661 3571 3715 dies
3597 3661 3904 3729 susceptia

2254 3754 2493 3808 Damaso
2525 3752 2895 3822 pontificatus
2928 3751 3187 3806 incidens
3228 3751 3287 3805 in
3319 3749 3601 3805 Kalendas
3636 3745 3906 3803 Octobris

2255 3842 2471 3897 Christi
2499 3854 2647 3895 anno
2673 3838 2797 3908 366,
2837 3840 3114 3895 Gratiano
3157 3843 3213 3895 et
3235 3838 3552 3910 Daglaipho
3594 3849 3745 3893 coss.
3783 3836 3909 3891 Lit-

2260 3935 2379 3984 tera
2400 3928 2778 3984 Dominicalis
2803 3929 2848 3982 A
2875 3928 3129 3997 ejusdem
3159 3928 3297 3982 anni
3323 3927 3679 3981 demonstrat
3708 3923 3912 3979 Kalen-

2259 4020 2361 4073 das
2404 4016 2684 4079 Octobris,
2721 4016 2932 4086 quibus
2958 4015 3120 4071 afﬁxa
3151 4020 3257 4085 est,
3291 4016 3505 4085 pariari
3533 4027 3665 4069 cum
3704 4013 3911 4069 Domi-

2263 4107 2391 4160 nica
2420 4106 2516 4159 die
2538 4123 2553 4172 ;
2583 4120 2708 4174 qua
2734 4119 2862 4159 cum
2884 4105 2963 4160 sit
2986 4112 3117 4175 apta
3142 4103 3561 4161 consecrationi
3592 4098 3909 4172 episcopali

2257 4196 2419 4263 juxta
2453 4193 2602 4262 leges
2625 4206 2917 4248 sacrorum
2948 4207 3250 4263 canonum,
3276 4197 3493 4263 quarta
3516 4192 3653 4246 huic
3676 4189 3909 4261 regula,

2261 4282 2329 4336 ad
2381 4281 2812 4353 chronologiam
2858 4282 3223 4350 pontiﬁciam
3253 4279 3678 4351 dirigendama
3734 4277 3909 4333 nobis

502 4368 843 4424 Christiana
869 4365 1101 4421 saeculis
1139 4366 1264 4420 dies
1310 4366 1666 4431 Dominicus,
1714 4373 1841 4435 post
1864 4368 2149 4435 jejunium
2184 4370 2237 4432 D
2262 4370 2558 4441 adhibita,
2587 4372 3004 4426 firmamentum
3032 4376 3279 4440 prastat.
3326 4371 3591 4425 Mutuum
3614 4380 3747 4422 vero
3776 4380 3913 4438 pra-

503 4461 559 4511 et
614 4455 846 4526 vigilias
897 4455 1148 4523 Sabbati,
1223 4455 1697 4523 quemadmodum
1771 4457 2152 4524 comperimus

504 4550 624 4600 tum
655 4559 723 4600 ex
770 4545 1032 4601 doctrina
1075 4559 1376 4612 canonum,
1424 4548 1545 4599 tum
1604 4558 1671 4598 ex
1715 4546 1918 4599 Leonis
1964 4546 2151 4617 Magni

506 4634 887 4690 sermonibus.
920 4635 977 4690 Si
1013 4648 1124 4705 qua
1158 4635 1341 4705 igitur
1369 4635 1753 4702 discrepantia
1786 4635 1866 4690 sit
1896 4636 1953 4689 in
1981 4636 2155 4690 Cata—

506 4724 655 4794 logis
683 4723 952 4792 epocham
1001 4723 1252 4793 alicujus
1284 4724 1575 4792 pontiﬁcis
1617 4724 1998 4780 diversimode
2028 4731 2155 4779 sta-

505 4813 822 4883 tuentibus,
871 4814 1088 4869 indicio
1122 4814 1295 4883 hujus
1339 4814 1568 4884 regula,
1611 4814 1767 4869 illam
1803 4814 2150 4883 pratulerim

503 4903 932 4969 chronologiam
990 4902 1233 4973 (cateris
1261 4902 1514 4974 paribus)
1563 4918 1688 4974 qua
1728 4902 2148 4958 ordinationem

502 4991 703 5061 alliget
728 4994 987 5064 legitimo
1016 4993 1294 5064 tempori;
1324 4993 1568 5063 reliquis
1589 5007 1740 5061 vero,
1768 5006 1894 5062 qua
1924 4993 2145 5047 consti-

503 5082 628 5132 tuta
648 5093 678 5131 a
710 5082 1025 5148 majoribus
1057 5089 1309 5152 tempora
1341 5084 1400 5138 in
1423 5083 1784 5138 ordinatione
1809 5086 2146 5150 pervertant,

505 5166 743 5220 minime
791 5168 979 5236 fidam,
1012 5170 1126 5226 nisi
1177 5171 1413 5225 aliunde
1456 5170 1784 5225 constiterit
1828 5170 2153 5241 perspicuis

501 5254 861 5309 documentis
881 5255 1210 5323 derogatum
1231 5255 1411 5311 fuisse
1431 5257 1834 5312 consuetudini
1856 5266 1911 5313 et
1932 5258 2156 5329 legibus

501 5354 783 5397 canonum
817 5343 1149 5397 rationabili
1182 5359 1250 5398 ex
1274 5357 1447 5398 causa
1478 5357 1575 5412 per
1598 5357 1693 5407 eos
1716 5347 1812 5415 qui
1838 5348 2155 5419 derogandi

504 5436 779 5498 potestate
806 5430 1108 5500 pollerent.

569 5516 657 5573 10.
678 5520 1294 5591 Proponanturitaque
1324 5520 1467 5577 mihi
1494 5524 1563 5579 de
1593 5525 1808 5596 epocha
1835 5527 2154 5596 pontiﬁca—

2262 4460 2477 4515 sidium
2505 4462 2700 4531 regula
2721 4459 2943 4516 confert
2965 4460 3032 4514 ad
3059 4473 3176 4513 eam
3209 4459 3451 4529 priorem
3476 4456 3912 4527 chronologiam

2263 4549 2629 4617 pontiﬁcatus
2674 4551 2902 4605 Damasi
2953 4547 3351 4618 praferendam
3398 4546 3681 4612 secunda,
3727 4545 3911 4600 eidem

2261 4638 2577 4707 assignanti
2602 4651 2782 4692 annos
2805 4651 2944 4705 xvu,
2982 4649 3199 4692 menses
3227 4651 3312 4704 ιιι,
3343 4636 3468 4691 dies
3499 4647 3581 4703 ιιι,
3602 4647 3733 4689 cum
3754 4632 3913 4702 prior

2266 4727 2365 4781 illa
2395 4727 2544 4781 diem
2590 4727 2904 4799 legitimam
2934 4727 3192 4796 assignet
3227 4723 3585 4781 ordinationi
3617 4741 3632 4792 ;
3664 4720 3911 4776 secunda

2261 4829 2391 4871 vero
2416 4816 2611 4870 feriam
2637 4830 2712 4883 v1,
2742 4815 2845 4870 hoc
2861 4820 2946 4869 est
2970 4815 3388 4870 consecrationi
3426 4812 3664 4867 minime
3684 4816 3912 4880 aptam;

2264 4918 2388 4975 qua
2415 4899 2529 4960 fuit
2553 4904 2783 4960 Kalend.
2814 4903 3162 4973 Septembris
3186 4903 3323 4966 anni
3344 4899 3450 4957 367
3490 4919 3501 4955 :
3533 4900 3683 4956 unde
3709 4910 3915 4956 nume—-

2262 5002 2527 5050 rarentur
2554 4994 2623 5049 ad
2656 4994 2807 5050 diem
2840 4992 2897 5048 ll
2931 4994 3259 5049 Decembris
3284 4990 3391 5048 384
3414 4991 3551 5046 anni
3581 5003 3722 5057 xvu,
3750 5000 3916 5043 men—

2261 5096 2350 5138 ses
2380 5097 2465 5151 ιιι,
2513 5083 2637 5137 dies
2668 5096 2746 5137 χι.
2788 5084 3059 5138 Praterea
3090 5082 3140 5136 si
3180 5087 3377 5137 octavo
3431 5079 3714 5135 Kalendas
3740 5075 3917 5133 Octo—

2265 5171 2386 5225 bris
2441 5171 2845 5225 mortalitatem
2890 5172 3056 5226 exuit
3102 5169 3362 5226 Liberius
3388 5168 3474 5240 (ut
3519 5169 3577 5222 in
3621 5165 3822 5222 libello
3847 5161 3913 5217 ad

2264 5259 2646 5315 Theodosium
2704 5265 2988 5315 testantur
3030 5260 3340 5314 Faustinus
3389 5264 3445 5314 et
3496 5254 3912 5322 Marcellinus),

2269 5348 2518 5420 profecto
2543 5349 2669 5404 dies
2696 5348 2953 5421 legitima
2984 5349 3338 5405 successoris
3379 5346 3631 5418 eligendi
3666 5356 3915 5414 praver—

2265 5446 2385 5495 tere
2406 5450 2517 5492 non
2546 5439 2734 5507 potuit
2763 5451 2883 5493 eam
2914 5443 3149 5493 mortem
3169 5435 3387 5494 diebus
3408 5449 3576 5490 χχιιι.
3602 5435 3829 5489 Rursus
3857 5428 3913 5483 in

2265 5540 2330 5583 eo
2360 5523 2558 5581 libello
2588 5526 2963 5597 consignatur
2982 5524 3178 5581 obitus
3196 5522 3411 5580 Liberii
3434 5521 3714 5579 Gratiano
3728 5526 3788 5575 et
3801 5518 3916 5572 Da-
