4060 6176
194 283 303 341 245

984 280 1352 335 BLANCHINI
1403 278 1700 334 DISSERT.
1736 281 1825 334 DE
1882 281 2036 335 ANT.
2086 281 2194 334 RR.
2250 281 2444 338 PONT.
2486 284 2832 339 CATALOG.

3499 282 3610 342 246

199 407 439 480 glaipho
462 420 635 469 coss;
668 418 773 458 VIII
799 403 923 457 Kal.
958 402 1263 459 Octobris:
1294 403 1604 473 eodemque
1632 417 1853 459 consu-
1883 405 2223 466 Aconsules
2260 412 2633 475 aperuerunt,
2676 407 3004 462 ostenditur
3045 406 3227 463 fuisse
3267 407 3605 464 emortualis

204 497 321 551 latu
367 497 637 565 signatur
680 493 752 547 ab
778 492 1200 561 llieronymoin
1244 492 1527 547 Chronico
1563 491 1855 547 ordinatio

200 586 431 640 Damasi
490 582 864 637 successoris.
926 582 1167 636 Eosdem
1236 580 1501 635 consules
1557 581 1857 648 aperuisse

195 687 417 729 annum
449 685 577 726 arra:
605 669 828 725 Christi
856 666 964 724 366
992 674 1210 723 certum
1244 676 1333 724 est
1362 668 1513 737 apud
1542 668 1857 724 chronolo-

197 776 324 834 gos,
375 766 431 814 et
468 759 766 814 evidenter
809 772 909 827 per
949 771 1056 813 nos
1104 757 1443 826 probabitur
1494 757 1551 812 in
1594 758 1853 826 exemplo

196 849 418 919 regulae
464 848 705 917 quintae,
753 860 865 917 qua
910 851 1084 915 caput
1116 846 1221 900 hoc
1250 846 1679 901 concludemus.
1710 846 1854 900 Sunt

194 938 391 1008 igitur
419 935 557 989 anni
586 935 761 989 solidi
789 949 951 1005 xvm,
980 948 1081 989 nec
1110 939 1331 989 tantum
1357 947 1497 1001 xvn,
1522 932 1592 988 ab
1620 932 1851 988 Octobri

197 1025 336 1080 anui
385 1021 495 1079 366
530 1023 601 1077 ad
646 1023 1008 1079 Decembrem
1047 1023 1181 1078 anni
1227 1018 1335 1077 384
1378 1036 1509 1078 cum
1560 1021 1853 1077 mensibus

199 1112 431 1169 duobus
471 1112 871 1177 enumerandi,
917 1118 972 1166 et
1006 1111 1314 1181 pontiﬁciis
1352 1110 1850 1166 administrationi

198 1202 257 1256 Β.
307 1201 546 1256 Damasi
600 1200 932 1255 tribuendi:
987 1214 1091 1269 ope
1136 1201 1309 1267 hujus
1358 1199 1567 1269 regulae
1612 1204 1850 1267 quartis,

196 1303 375 1359 quam
405 1290 468 1343 in
495 1289 734 1344 criterio
760 1289 1167 1359 chronologico
1198 1287 1585 1343 successionis
1613 1292 1670 1341 et
1698 1286 1854 1341 sedis

194 1378 593 1433 Romanorum
626 1376 964 1445 pontiﬁcum
990 1375 1353 1431 adhibemus.

674 1520 1018 1582 REGULA
1056 1521 1258 1594 QUIN
1268 1519 1394 1581 ΤΑ.

270 1642 362 1699 Η.
392 1644 613 1713 Quinta
642 1645 860 1715 regula,
889 1659 990 1700 seu
1032 1646 1227 1714 potius
1268 1644 1656 1698 demonstratio
1697 1642 1851 1695 chro-

1966 493 2184 547 Joviani
2217 500 2347 549 ante
2376 495 2526 549 diem
2561 508 2657 548 Vlll
2693 496 2827 549 ldus
2858 495 3015 564 Maii,
3046 509 3173 550 cum
3198 496 3470 550 Joviinus
3499 509 3605 551 vo-

1963 588 2126 637 cetur
2150 582 2321 637 divus
2349 583 2406 637 in
2435 596 2498 637 ea
2529 583 2928 652 inscriptione.
2965 583 3275 651 Eutropius
3301 581 3356 636 id
3379 582 3611 653 egregie

1964 669 2281 737 conﬁrmat,
2307 670 2408 739 qui
2430 670 2534 725 hoc
2558 670 2993 738 ipsoconsulatu
3017 683 3083 725 ac
3106 670 3304 725 funere
3320 682 3481 725 suam
3504 669 3604 724 hi—

1964 758 2199 812 storiam
2226 758 2484 821 claudit;
2510 758 2606 813 ubi
2633 759 2703 812 de
2730 758 2965 813 Joviano
2990 758 3233 828 loquens
3260 757 3341 811 ita
3368 757 3605 825 prescri-

1964 844 2067 899 bit.
2105 866 2130 896 α
2160 847 2411 901 Decessit
2439 847 2667 915 imperii
2700 861 2889 902 mense
2917 846 3178 915 septimo,
3204 851 3409 916 quarto
3436 845 3604 900 deci—

1966 948 2055 987 mo
2088 934 2209 988 Kal.
2236 935 2487 1001 Martias,
2516 936 2721 1003 aetatis,
2749 941 2811 989 ut
2841 935 2942 1005 qui
2978 934 3292 1004 plurimum
3328 948 3393 988 ac
3435 932 3603 988 mini-

1966 1035 2118 1076 mum
2136 1023 2388 1090 tradunt,
2407 1022 2576 1078 tertio
2589 1031 2645 1077 et
2663 1024 2960 1093 trigesimo
2977 1036 3150 1077 anno:
3170 1036 3235 1076 ac
3247 1021 3604 1091 benignitate

1965 1110 2312 1178 principum,
2344 1110 2442 1179 qui
2475 1111 2526 1165 ei
2561 1117 2979 1179 successerunt,
3016 1111 3164 1164 inter
3192 1110 3355 1164 divos
3387 1109 3605 1164 relatus

1961 1208 2063 1252 est.
2096 1186 2164 1252 Et
2194 1201 2245 1254 ls
2285 1206 2469 1255 status
2498 1206 2619 1254 erat
2654 1202 2916 1255 Romanze
2948 1201 3028 1254 rei
3059 1199 3293 1253 Joviano
3321 1198 3517 1253 eodem
3548 1203 3605 1252 et

1962 1287 2315 1342 Varroniano
2362 1302 2533 1357 coss.,
2580 1300 2729 1341 anno
2778 1287 2947 1342 Urbis
2996 1287 3241 1342 condita:
3295 1285 3600 1341 millesimo

1962 1376 2271 1430 centesimo
2296 1382 2352 1429 et
2383 1390 2531 1431 nono
2560 1377 2798 1432 decimo.
2830 1395 2854 1425 υ

2033 1473 2184 1528 Fasti
2225 1474 2555 1529 consulares
2588 1474 2735 1529 idem
2774 1473 3078 1544 collegium
3112 1471 3412 1528 consulum
3443 1484 3604 1526 eam-

1962 1560 2205 1631 demque
2254 1568 2488 1617 mortem
2538 1561 2791 1617 referunt
2838 1564 2907 1617 ad
2954 1576 3166 1617 annum
3214 1575 3341 1615 aera:
3387 1560 3603 1616 Christi

1962 1650 2219 1720 vulgaris
2250 1648 2375 1722 364,
2410 1652 2507 1719 qui
2558 1650 2901 1706 bissextillis
2944 1648 3082 1705 fuit.
3122 1653 3182 1704 In
3225 1663 3438 1704 annum
3470 1662 3601 1704 vero

198 1735 431 1801 nologiz
465 1739 606 1787 νεοτθ
634 1736 936 1787 constituta?
965 1735 1068 1787 erit
1098 1734 1377 1787 Character
1419 1732 1623 1799 aliquis
1663 1730 1854 1783 οδεεν-
1883 1719 1935 1779 Β
1966 1737 2319 1793 bissextilem
2354 1719 2629 1794 incidisse
2671 1745 2907 1794 mortem
2941 1738 3325 1793 Valentiniani
3362 1743 3607 1792 testatur

192 1825 312 1876 vati
331 1829 515 1877 motus
544 1824 769 1877 adestis
793 1824 949 1893 (puta
970 1822 1208 1892 eclipsis
1234 1822 1443 1877 solaris
1472 1825 1575 1875 aut
1604 1818 1848 1885 lunaris,

192 1912 284 1966 vel
310 1913 566 1968 aliorum
595 1913 848 1967 siderum
872 1912 1252 1966 inerrantium
1284 1910 1506 1980 positus
1529 1909 1681 1963 inter
1694 1920 1773 1975 se,
1797 1915 1854 1961 et

194 2001 498 2072 ﬁguratio)
536 2003 636 2069 qui
673 2006 858 2054 exi-acte
899 2000 1223 2069 respondeat
1264 1997 1550 2052 intervallo
1598 1997 1850 2063 temporis

194 2092 470 2159 requisita
500 2090 576 2143 ad
605 2090 815 2144 eosdem
851 2095 1024 2142 motus
1059 2089 1349 2142 ccelestium
1375 2101 1659 2155 corporum
1686 2087 1848 2154 perﬁ-

197 2180 443 2234 dandos.

264 2268 600 2323 Axiomatis
625 2268 738 2322 vim
764 2266 933 2323 habet
959 2267 1111 2335 apud
1140 2265 1523 2335 chronologos
1544 2277 1607 2318 ea
1638 2263 1708 2318 de
1739 2274 1851 2331 qua

200 2358 503 2427 loquimur
529 2356 745 2427 regula.
770 2349 942 2411 Né’mo
966 2356 1118 2410 enim
1149 2362 1234 2410 est
1261 2355 1341 2409 ita
1368 2354 1569 2409 leviter
1591 2360 1851 2408 versatus

201 2448 257 2501 in
285 2446 672 2517 chronologia
701 2451 757 2500 et
802 2445 1065 2513 historia,
1105 2445 1204 2515 qui
1238 2443 1459 2499 nesciat
1487 2455 1611 2497 esse
1641 2442 1852 2511 praeci-

203 2552 367 2606 puam
399 2538 595 2593 aetatis
622 2537 1165 2592 demonstrationem
1200 2536 1258 2589 in
1309 2535 1456 2590 bello
1496 2534 1852 2602 Peloponne-

203 2629 354 2683 siaco
385 2628 519 2683 suis
550 2625 907 2696 temporibus
935 2625 1283 2697 assignando
1308 2638 1429 2679 eam
1464 2636 1632 2693 quam
1668 2622 1851 2676 mini—

198 2722 385 2772 strant
415 2716 669 2785 eclipses
698 2729 729 2769 a
771 2714 1103 2784 Thucydide
1133 2714 1451 2769 recensitae.
1482 2711 1849 2780 Assyriorum

198 2805 417 2875 pariter
446 2816 646 2874 regum
669 2803 806 2857 anni
828 2802 968 2857 certi
999 2802 1319 2857 redduntur
1339 2802 1397 2856 in
1424 2814 1535 2855 tera
1554 2800 1855 2855 Nabonas—

197 2894 311 2949 sari
332 2907 403 2948 ex
426 2893 558 2947 illis
580 2891 917 2961 eclipsibus,
944 2904 1088 2962 quas
1108 2891 1517 2945 Ptolemazusin
1532 2889 1855 2959 Almagesto

199 2982 533 3037 recensuit:
574 2980 722 3050 quod
768 2978 1003 3048 perinde
1036 2984 1267 3048 aptatur
1309 2977 1610 3033 historicis
1641 2978 1856 3046 pariter

1962 1828 2115 1882 alius
2140 1828 2453 1882 historicus
2478 1827 2736 1896 aequalis,
2761 1827 2985 1882 scilicet
3007 1826 3344 1881 Ammianus
3363 1824 3608 1879 Marcel—

1964 1914 2141 1984 linus,
2179 1914 2425 1971 referens
2455 1916 2607 1971 circa
2640 1916 2805 1969 ﬁnem
2841 1914 2973 1969 libri
3011 1928 3122 1968 xxv
3162 1921 3219 1969 et
3262 1913 3432 1968 initio
3462 1926 3600 1966 xxv:

1959 2004 2180 2058 Joviani
2212 2006 2455 2075 Augusti
2491 2018 2815 2073 processum
2847 2003 3203 2059 consularem
3234 2015 3365 2057 cum
3392 2003 3606 2055 Varro-

1962 2094 2135 2149 niano
2168 2094 2288 2149 ﬁlio
2319 2094 2575 2165 vagiente
2605 2101 2660 2148 et
2701 2093 3068 2162 pertinaciter
3102 2091 3416 2145 reluctante
3446 2101 3515 2143 ne
3547 2089 3605 2142 in

1962 2183 2099 2237 sella
2145 2183 2446 2237 veheretur
2482 2196 2549 2236 ex
2591 2196 2765 2248 more,
2808 2180 3112 2236 subsecuta
3155 2178 3379 2233 Joviani
3428 2183 3609 2233 morte

1963 2271 2132 2339 paulo
2165 2278 2290 2339 post
2316 2270 2664 2326 funestatum
2687 2288 2702 2336 ;
2728 2274 2785 2324 et
2808 2277 2931 2338 post
2956 2269 3081 2323 dies
3105 2268 3296 2322 decem
3323 2265 3395 2319 ab
3414 2278 3479 2321 eo
3498 2264 3607 2319 de—

1959 2373 2144 2430 cessu,
2176 2360 2390 2430 quibus
2422 2373 2583 2414 nemo
2611 2359 2800 2413 tenuit
2827 2357 3053 2426 imperii
3084 2354 3470 2426 gubernacula
3494 2353 3606 2408 ad—

1958 2450 2182 2505 venisse
2205 2450 2691 2516 Valentinianum,
2712 2448 3111 2503 universorum
3131 2444 3427 2515 suffragiis
3445 2442 3607 2515 acci-

1963 2547 2081 2595 tum
2114 2541 2182 2595 ad
2218 2541 2611 2608 imperandum
2636 2556 2651 2606 ;
2673 2537 2976 2593 distulisse
2998 2543 3185 2590 tamen
3206 2535 3275 2589 ad
3302 2534 3454 2589 diem
3477 2532 3607 2588 bis-

1962 2631 2156 2687 sextili
2215 2631 2529 2700 proximam
2583 2640 2945 2697 progressum
3006 2626 3063 2680 in
3124 2624 3396 2691 medium,
3454 2642 3481 2674 «
3543 2628 3608 2678 ut

1964 2723 2279 2777 bissextum
2304 2721 2492 2774 vitans
2514 2717 2812 2773 Februarii
2840 2715 3050 2770 mensis
3077 2721 3215 2770 tunc
3242 2700 3603 2781 illucescens,

1965 2813 2115 2882 quod
2143 2810 2458 2880 aliquoties
2488 2807 2569 2862 rei
2604 2807 2868 2861 Romana:
2898 2804 3077 2860 fuisse
3107 2807 3382 2873 cOgnorat
3408 2798 3608 2856 infau-

1966 2908 2139 2970 stum,
2177 2920 2202 2950 υ
2240 2901 2584 2969 pertingeret
2608 2897 2677 2951 ad
2705 2897 2857 2950 diem
2890 2895 3243 2963 proximam:
3274 2912 3301 2943 α
3326 2905 3438 2961 qua
3467 2903 3609 2959 pro—

1966 3004 2196 3061 gressus
2213 2989 2272 3043 in
2290 3001 2409 3043 cam
2422 3000 2573 3056 pum,
2591 2986 3019 3055 permissusque
3033 2980 3288 3037 tribunal
3306 2978 3611 3035 ascendere

199 3078 251 3127 et
276 3049 664 3141 chronologis
688 3075 909 3124 aetatem
935 3082 1000 3123 ac
1028 3069 1326 3140 regionum
1360 3068 1759 3123 universarum
1786 3080 1854 3122 ex

1968 3049 2178 3133 celsius
2223 3083 2527 3143 structum,
2574 3049 2944 3129 comitiorum
2988 3071 3177 3140 specie
3219 3076 3273 3125 et
3316 3068 3611 3123 voluntate

203 3176 312 3230 quo
334 3160 815 3229 sapientissimus
831 3171 1022 3213 rerum
1038 3157 1315 3213 Conditor
1335 3157 1591 3212 caelestia
1614 3169 1854 3225 corpora

204 3249 276 3303 ita
304 3247 525 3302 librata
547 3248 685 3301 etin
710 3252 898 3302 motus
923 3246 1114 3301 varios
1139 3259 1172 3300 a
1195 3259 1256 3301 se
1278 3245 1492 3315 percita
1525 3243 1705 3299 fuisse
1733 3257 1859 3312 pro-

199 3335 387 3391 fessus
448 3342 559 3399 est,
610 3342 674 3390 ut
723 3340 913 3390 essent
960 3335 1303 3390 documenta
1348 3334 1622 3403 temporis
1661 3338 1855 3387 exacte

202 3424 583 3479 mensurandi
610 3435 710 3491 per
732 3436 933 3489 annos,
971 3435 1194 3477 menses
1217 3436 1283 3477 ac
1312 3422 1458 3477 dies.

278 3510 362 3566 42.
411 3514 537 3566 Non
590 3512 777 3580 patiar
827 3510 1000 3580 hujus
1044 3510 1254 3582 regula
1305 3516 1426 3565 tum
1479 3509 1850 3578 explicandae,

207 3607 329 3656 tum
348 3600 756 3655 conﬁrmandae
771 3599 1090 3668 exemplum
1112 3598 1450 3653 desiderari.
1477 3598 1852 3652 Luculentum

206 3703 339 3744 vero
355 3695 623 3757 superest
647 3689 705 3742 in
729 3689 971 3758 antiquo
994 3687 1203 3757 lapide,
1231 3701 1299 3742 ex
1325 3686 1678 3742 suburbanis
1696 3687 1858 3741 Chri-

204 3777 531 3831 stianorum
592 3776 935 3830 cmmeteriis
994 3776 1248 3831 Romano
1307 3776 1367 3830 in
1422 3789 1561 3846 agro
1628 3773 1850 3842 effosso,

203 3871 261 3919 et
300 3864 456 3920 dono
505 3864 652 3919 mihi
706 3864 1026 3919 liberaliter
1074 3865 1207 3920 dato
1237 3877 1269 3918 a
1300 3866 1361 3919 V.
1393 3864 1453 3918 C.
1497 3866 1571 3919 M.
1604 3863 1855 3919 Antonio

205 3953 465 4009 Boldetto
492 3954 753 4009 basilica:
781 3954 997 4009 Sanctae
1026 3954 1218 4009 Mariae
1246 3954 1659 4009 Transtiberim
1692 3966 1857 4009 cano-

210 4044 376 4112 nico;
426 4049 491 4098 ut
544 4044 603 4097 in
658 4043 885 4099 erudito
930 4044 1056 4112 ejus
1096 4042 1514 4097 Commentario
1555 4043 1625 4096 de
1673 4042 1855 4097 sacris

207 4138 528 4201 martyrum
554 4131 909 4186 Cmmeteriis
940 4145 1118 4201 nuper
1142 4131 1298 4186 edito
1322 4131 1491 4201 leges,
1527 4130 1627 4185 lib.
1657 4144 1695 4198 ι,
1725 4144 1850 4199 cap.

205 4215 293 4288 49,
328 4234 456 4290 pag.
490 4216 583 4273 84.
620 4219 796 4273 Verba
839 4225 1027 4274 autem
1072 4218 1321 4275 ﬁdeliter
1360 4219 1584 4274 reddita
1614 4232 1683 4273 ex
1729 4220 1855 4287 ipso

206 4321 491 4364 marmore
514 4308 635 4362 hzec
655 4314 823 4364 sunt:

460 4431 642 4485 PVER
676 4432 897 4486 NATVS
926 4432 971 4485 A
1007 4432 1085 4485 κν

459 4503 628 4557 DlVO
658 4503 940 4557 IOVIANO
970 4503 1107 4557 AVG
1137 4502 1221 4556 ET

460 4572 917 4629 VARRONIANO
956 4573 1117 4628 COSS

604 4644 749 4698 ORA
788 4645 1025 4699 NOCTIS
1064 4648 1161 4702 lIII

463 4716 535 4769 IN
567 4716 733 4769 VXlT
764 4717 880 4770 Vill
912 4716 1063 4770 IDVS
1093 4718 1350 4772 MADIAS

461 4787 580 4840 DIE
618 4787 949 4842 SATVRle
988 4788 1169 4843 LVNA
1212 4786 1532 4843 VIGESIMA

462 4856 673 4911 SlGNU
708 4859 822 4911 ΑΡΙ
871 4858 1060 4913 ORNO
1097 4859 1365 4913 NOMINE
1403 4856 1755 4913 SIMPLCIVS

207 4966 314 5019 Tot
334 4971 478 5021 sunt
502 4974 651 5021 notae
678 4965 1124 5035 chronologicaa,
1144 4978 1356 5021 annum
1379 4979 1444 5020 ac
1460 4964 1613 5019 diem
1635 4963 1863 5017 demon-

210 5058 484 5118 strantes,
511 5066 656 5123 quas
676 5053 978 5123 inscriptio
1002 5053 1110 5109 ista
1128 5052 1528 5122 complectitur
1551 5070 1566 5121 -,
1587 5058 1648 5105 ut
1668 5050 1861 5104 eadem

214 5141 414 5199 haberi
474 5144 663 5213 possit
721 5142 1008 5211 exemplar
1072 5143 1544 5198 documentorum
1610 5144 1864 5193 veterum

213 5241 471 5305 tempora
501 5232 1026 5302 comprobantium.
1053 5231 1322 5302 Singulas
1353 5229 1601 5284 breviter
1627 5239 1867 5297 percen—

215 5322 542 5391 sebo;'sed
590 5321 892 5391 potissime
922 5321 1124 5375 sistam
1165 5320 1224 5373 in
1267 5317 1519 5373 motibus
1549 5314 1866 5370 cmlestium

214 5425 543 5479 corporum,
578 5410 681 5481 qui
713 5406 969 5478 reliquas
1014 5407 1398 5463 indicationes
1431 5410 1586 5460 certo
1625 5401 1866 5471 tempori

218 5500 457 5571 aﬁigunt
480 5510 530 5554 e’
571 5500 632 5554 in
672 5498 1193 5553 demonstrationes
1223 5499 1580 5551 convertunt.

286 5592 490 5645 Aunus
521 5602 695 5658 quem
721 5588 998 5644 Jovianus
1022 5588 1338 5658 Augustus,
1380 5588 1437 5638 et
1479 5580 1872 5639 Varronianus

1969 3167 2332 3236 praesentium
2356 3164 2794 3230 secundissima,
2826 3169 2888 3216 ut
2917 3161 3006 3215 vir
3037 3160 3228 3215 serius
3255 3162 3440 3213 rector
3470 3168 3610 3224 pro—

1966 3254 2269 3309 nuntiatur
2294 3252 2542 3321 imperii.
2563 3252 2690 3305 Mox
2712 3248 3020 3319 principali
3051 3246 3253 3301 habitu
3274 3242 3609 3299 circumda-

1965 3349 2060 3398 tus
2090 3349 2144 3397 et
2174 3354 2402 3408 corona,
2436 3343 2729 3409 Augustus
2759 3342 3146 3405 nuncupatur,
3180 3351 3203 3381 ι)
3236 3338 3342 3387 etc.

2035 3439 2360 3495 Bissextilis
2392 3443 2544 3505 nota,
2579 3449 2750 3506 quam
2793 3433 3057 3489 historici
3088 3432 3374 3495 asserunt,
3414 3426 3604 3481 locum

1966 3528 2193 3596 quidem
2216 3528 2353 3581 anni
2379 3527 2661 3581 indicaret
2684 3526 2742 3577 in
2765 3518 3149 3590 quadriennio
3173 3516 3270 3571 sed
3294 3525 3606 3583 suspensos

1964 3617 2151 3671 adhuc
2179 3615 2449 3669 retineret
2472 3612 2696 3667 animos
2726 3621 2971 3678 quonam
3004 3606 3062 3660 in
3095 3602 3480 3675 quadriennio
3513 3599 3606 3655 bis

1965 3703 2194 3759 sextilis
2212 3716 2244 3756 a
2268 3700 2666 3754 Valentiniano
2680 3697 2927 3751 evitatas
2949 3694 3316 3762 reperiretur,
3333 3687 3604 3744 nisicha-

1966 3796 2211 3847 racteres
2245 3788 2475 3844 Sabbati
2511 3789 2567 3841 in
2607 3787 2758 3840 diem
2802 3797 2905 3838 Vill
2945 3784 3077 3837 ldus
3122 3779 3299 3835 Maias
3339 3776 3608 3832 inciden—

1965 3882 2063 3950 tis,
2103 3895 2167 3934 ac
2204 3879 2354 3933 luna:
2402 3878 2625 3946 positus
2670 3876 2728 3928 in
2770 3874 2936 3942 signo
2978 3867 3312 3940 Capricorni
3349 3866 3487 3920 dum
3535 3864 3604 3918 ad

1964 3972 2217 4027 ortivum
2242 3967 2598 4022 Horizontem
2628 3961 2947 4018 deferretur
2985 3960 3139 4014 circa
3181 3958 3377 4012 horam
3420 3952 3610 4009 noctis

1964 4066 2224 4130 quartam
2257 4056 2622 4124 eamdemque
2655 4051 2893 4106 natalem
2919 4049 3080 4118 pueri
3107 4044 3420 4114 Simplicii.
3453 4043 3512 4097 in
3542 4055 3608 4096 eo

1966 4160 2244 4202 marmore
2265 4144 2499 4212 sculpti,
2531 4149 2717 4195 certos
2736 4153 2840 4194 nos
2866 4137 3165 4191 redderent
3193 4132 3461 4189 consules
3485 4143 3608 4185 me-

1966 4242 2214 4291 moratos
2243 4241 2299 4288 et
2337 4230 2757 4286 successionem
2796 4224 3185 4281 Valentinimi
3221 4222 3507 4292 pertinere
3533 4220 3603 4274 ad

1966 4339 2177 4380 annum
2210 4322 2436 4392 epochaa
2459 4318 2675 4375 Christi
2706 4316 3030 4373 communis
3052 4311 3176 4369 364.

1885 4408 1940 4467 D
2037 4422 2242 4492 Cyclus
2261 4420 2522 4475 decimus
2547 4417 2895 4476 Latinorum.
2919 4413 3088 4468 annis
3106 4410 3357 4465 Julianis
3374 4404 3445 4463 84
3465 4419 3608 4462 con—
3661 4436 3666 4441 -

1969 4517 2145 4579 stans,
2179 4524 2211 4564 a
2239 4511 2299 4563 It.
2334 4511 2387 4562 P.
2418 4506 2697 4563 Bucherio
2726 4504 2937 4570 editus,
2965 4508 3021 4556 et
3049 4499 3118 4554 ab
3148 4496 3608 4553 eminentissimo

1926 4612 1933 4619 ’
1969 4600 2127 4655 card.
2169 4601 2238 4654 de
2286 4597 2457 4653 Noris
2499 4595 2838 4663 explicatus,
2872 4595 3117 4657 eruperat
3161 4600 3311 4642 anno
3351 4585 3609 4655 vulgaris

1970 4705 2094 4745 teras
2123 4688 2468 4744 Christiana:
2494 4684 2619 4751 298,
2650 4682 2857 4737 Fausto
2884 4682 2930 4734 ll
2954 4684 3010 4733 et
3040 4676 3203 4732 Gallo
3231 4672 3607 4741 consulibus;

1972 4791 2149 4847 quare
2173 4789 2321 4831 anno
2351 4787 2477 4828 εει-ξε
2500 4772 2842 4826 Christianm
2866 4764 2971 4823 364
2992 4765 3290 4821 labebatur
3312 4762 3438 4829 ejus
3461 4758 3607 4847 cycli

1971 4845 2160 4922 annus
2179 4861 2269 4932 64,
2298 4861 2628 4930 ferebatque
2652 4859 2925 4913 Kalendis
2946 4852 3239 4909 Januariis
3258 4849 3407 4904 diem
3432 4845 3607 4907 Jovis,

1972 4971 2072 5011 seu
2101 4954 2300 5009 feriam
2326 4964 2358 5001 v
2386 4955 2443 5003 et
2473 4950 2667 5004 lunam
2722 4961 2825 5015 xu,
2857 4948 2942 5001 uti
2961 4944 3334 5011 consignatur
3362 4939 3419 4991 in
3450 4936 3611 4990 anti-

1975 5045 2109 5113 quis
2140 5038 2487 5096 membranis
2528 5050 2560 5091 a
2591 5035 2821 5089 Norisio
2859 5040 2915 5087 et
2960 5028 3236 5085 Bucherio
3278 5023 3608 5081 illustratis.

1973 5133 2107 5187 Dies
2130 5131 2301 5201 igitur
2332 5125 2719 5181 Kalendarum
2739 5121 2895 5188 Maii,
2923 5132 3048 5189 quae
3071 5119 3129 5172 in
3156 5128 3306 5172 anno
3324 5113 3613 5171 bissextili

1976 5228 2063 5277 est
2095 5218 2216 5287 422,
2253 5216 2544 5273 incidebat
2576 5214 2632 5268 in
2673 5213 2824 5268 diem
2868 5208 3138 5264 Saturni:
3176 5218 3394 5261 necnon
3420 5210 3616 5260 octava

1977 5312 2103 5367 dies
2141 5308 2354 5365 mensis
2408 5305 2661 5374 ejusdem
2691 5302 2837 5372 (quae
2865 5298 3087 5353 dicitur
3134 5308 3239 5349 Vlll
3281 5296 3415 5349 Idus
3462 5290 3597 5345 Maii

1979 5398 2213 5455 Saturni
2249 5396 2477 5451 nomine
2505 5391 2846 5448 donabatur.
2890 5387 3115 5442 Rursus
3142 5386 3192 5440 si
3228 5381 3497 5437 Kalendis
3520 5380 3621 5434 Ja-

1982 5488 2174 5545 nuarii
2227 5487 2353 5555 ejus
2398 5483 2535 5537 anni
2582 5483 2746 5550 juxta
2793 5476 3014 5547 cyclum
3070 5474 3422 5536 Latinorum,
3478 5468 3623 5525 satis

1987 5582 2184 5634 exacte
2213 5588 2278 5629 eo
2308 5570 2517 5628 saaculo
2563 5568 2977 5639 procedentem,
3025 5563 3112 5619 uti
3156 5558 3313 5615 card.
3356 5557 3627 5614 Norisius
