4060 6176
445 286 551 345 247

1216 293 1310 346 AD
1363 290 1795 346 ANASTASIUM
1844 288 2355 346 PROLEGOMENA
2401 290 2576 344 EDIT.
2634 285 3040 342 ROM—VATIC.

3628 244 3853 338 .248

449 413 724 482 ostendit,
756 414 893 470 luna
923 420 1045 469 erat
1073 414 1433 483 duodecima,
1477 420 1604 484 post
1631 414 1755 470 dies
1786 410 1879 469 424
1926 426 2090 469 com-
2120 409 2179 481 Α
2276 426 2375 466 vm
2412 413 2544 467 ldus
2564 412 2699 467 Maii
2732 410 2868 467 luna
2895 408 3008 465 luit
3030 410 3137 478 jux

449 501 728 573 pletos(in
749 502 1059 567 bissextili,
1086 502 1185 557 ubi
1208 503 1335 557 dies
1353 502 1776 571 dissimulatur,
1803 506 2093 556 remanent

453 586 593 661 420),
618 590 755 645 luna
774 596 896 645 erat
913 591 1084 645 tertia
1102 590 1320 646 decima
1339 597 1394 645 et
1410 597 1538 660 post
1552 592 1679 646 dies
1700 587 1736 645 7
1760 590 1936 647 fuerit
1956 590 2092 645 luna

450 678 742 748 vicesima,
774 679 858 733 uti
893 683 1228 734 numeratur
1254 678 1314 733 in
1343 679 1743 747 inscriptione.

518 783 785 851 Tandem,
820 790 885 839 ut
908 785 976 839 ad
1000 783 1149 839 luna
1170 784 1413 839 orientis
1441 786 1691 853 positum
1716 786 1773 838 in
1798 786 1962 856 signo
1980 784 2095 838 Ca-

450 872 705 942 pricorni
735 873 872 928 hora
899 873 1085 927 noctis
1106 878 1309 942 quarta
1334 873 1587 941 ejusdem
1612 873 1728 928 diei
1752 879 1805 928 et
1833 872 1968 928 anni
1986 873 2095 927 de—

452 960 921 1015 monstrationem
938 968 1042 1014 tem
1056 961 1211 1029 poris
1225 960 1523 1031 exigamus
1542 975 1638 1031 per
1656 961 1880 1017 tabulas
1900 966 2093 1015 astro-

452 1048 727 1116 nomicas,
776 1048 856 1102 ita
886 1047 998 1102 erit
1039 1049 1484 1118 procedendum.
1523 1050 1686 1105 Anno
1714 1064 1855 1104 aras
1878 1048 2092 1103 Christi

452 1135 774 1190 communis
838 1133 963 1201 364,
1018 1137 1113 1209 die
1177 1134 1214 1191 8
1278 1137 1436 1203 Maii,
1493 1137 1575 1192 sol
1643 1137 1977 1192 versabatur
2034 1138 2093 1191 in

455 1223 636 1294 gradu
691 1224 864 1279 Tauri
921 1223 1418 1292 duodevicesimo;
1474 1230 1529 1279 et
1583 1225 1679 1279 die
1735 1226 1976 1293 septima
2037 1225 2096 1278 in

457 1311 698 1365 meridie
768 1311 1137 1380 percurrebat
1192 1326 1275 1381 gr.
1355 1308 1420 1366 47
1474 1312 1670 1367 Tauri.
1743 1312 1845 1367 Die
1917 1312 2100 1381 igitur

456 1399 699 1468 septima
728 1399 1021 1454 occidente
1049 1399 1169 1454 sole
1194 1399 1488 1455 oriebatur
1508 1401 1720 1470 gradus
1748 1396 1813 1454 47
1838 1400 2099 1468 Scorpio-

459 1487 570 1543 nis.
605 1488 738 1543 Post
770 1488 937 1544 horas
961 1493 1209 1558 quatuor
1231 1486 1315 1557 (ea
1331 1495 1417 1543 est
1438 1489 1574 1543 hora
1593 1493 1796 1558 quarta
1820 1490 2006 1543 noctis
2041 1488 2097 1541 in

457 1575 766 1646 epigraphe
820 1576 1146 1647 memorata)
1174 1576 1468 1632 oriebatur
1513 1578 1724 1647 gradus
1764 1573 1832 1630 48
1867 1577 2102 1630 circiter

458 1665 810 1737 Capricorni.
845 1666 1002 1719 Luna
1041 1678 1171 1719 vero
1200 1665 1354 1719 circa
1383 1666 1643 1720 eumdem
1674 1664 1913 1734 gradum
1945 1663 2097 1733 signi

459 1756 712 1824 ejusdem
736 1762 873 1809 tunc
898 1751 1231 1807 versabatur
1251 1753 1416 1821 juxta
1446 1758 1633 1807 motus
1656 1753 1894 1820 medios,
1925 1752 2010 1806 uti
2033 1765 2101 1805 ex

458 1841 676 1897 tabulis
703 1840 1107 1896 astronomicis
1135 1847 1324 1910 patere
1351 1840 1563 1910 cuique
1586 1846 1784 1909 potest.
1812 1842 1891 1894 Ne
1922 1839 2103 1909 quid—

459 1930 610 2000 piam
630 1929 992 1985 desideretur
1016 1928 1074 1983 in
1098 1929 1333 1983 criterio
1355 1934 1470 1983 tam
1495 1929 1816 1985 illustrium
1838 1936 2102 1983 notarum

459 2018 753 2088 temporis,
811 2016 1105 2072 aﬂixarum
1158 2016 1502 2073 consulibus
1551 2017 1786 2073 Joviano
1841 2016 1986 2086 Aug.
2049 2022 2104 2071 et

459 2107 837 2176 Varroniano,
859 2111 915 2161 et
934 2119 1082 2161 anno
1097 2105 1317 2160 Joviani
1344 2104 1675 2173 emortuali,
1705 2120 1831 2181 qua
1851 2105 2103 2160 collecta

463 2196 735 2267 leguntur
767 2195 825 2250 in
851 2193 1203 2250 memorabili
1230 2193 1334 2249 hoc
1360 2193 1569 2263 lapide,
1595 2198 1827 2262 prastat
1850 2192 2101 2262 experiri

464 2296 564 2353 per
589 2282 875 2353 quaslibet
904 2282 1130 2338 tabulas
1156 2281 1404 2351 lunares,
1437 2282 1608 2336 etiam
1645 2282 1959 2336 mediorum
1992 2294 2104 2335 mo-

462 2378 628 2427 tuum
657 2373 742 2442 (ut
773 2370 1038 2426 facilitati
1071 2370 1441 2425 consulamus
1472 2369 1570 2425 ubi
1601 2370 1912 2425 necessitas
1944 2368 2099 2422 nulla

462 2465 549 2515 est
577 2459 943 2515 consectandi
966 2472 1141 2514 unum
1164 2462 1265 2527 aut
1284 2458 1525 2512 alterum
1554 2459 1790 2527 gradum
1820 2456 2107 2524 aquatio—

464 2549 576 2618 nis,
612 2560 723 2618 qua
752 2561 820 2603 ex
852 2547 1058 2602 mediis
1090 2546 1343 2602 motibus
1373 2547 1714 2617 colligamus
1745 2544 1924 2615 veros)
1955 2544 2106 2599 luna

464 2638 715 2709 positum
746 2637 803 2691 in
835 2634 1114 2707 signifero
1145 2635 1365 2690 circulo
1393 2636 1463 2691 ad
1489 2640 1714 2703 tempus
1739 2634 1798 2688 in
1827 2635 2106 2687 marmore

463 2726 778 2797 signatum,
806 2738 1005 2794 nempe
1031 2724 1098 2779 ad
1133 2724 1329 2779 horam
1361 2729 1623 2793 quartam
1661 2724 1866 2789 noctis,
1900 2734 2108 2777 conse—

463 2819 610 2870 cuta
625 2825 888 2869 occasum
907 2812 1048 2867 solis
1069 2811 1165 2866 die
1192 2812 1432 2880 septima
1460 2811 1674 2866 mensis
1696 2810 1850 2875 Maii,
1877 2809 2105 2879 quando

464 2906 593 2972 post
614 2901 811 2975 horam
841 2899 1275 2970 sesquialteram
1300 2912 1330 2952 a
1358 2903 1563 2968 quarta
1591 2902 1889 2965 nocturna,
1922 2895 2106 2950 media

464 2994 630 3046 nocte
655 2988 965 3044 dirimente
989 2988 1155 3055 juxta
1176 2987 1457 3041 Romanas
1488 2985 1639 3055 leges
1666 2985 1816 3040 diem
1844 2980 1879 3038 7
1908 2983 1980 3038 ab
2004 2996 2107 3038 oc-

2272 506 2327 553 ta
2370 505 2557 555 motus
2593 499 2810 555 medios
2847 499 2904 552 in
2950 498 3130 568 gradu
3241 492 3326 551 46.
3401 492 3493 550 24.
3573 490 3660 547 44.
3736 492 3859 547 Ca-

2204 587 2503 657 pricorni;
2558 588 2866 657 eademque
2914 586 3054 641 hora
3101 584 3313 655 gradus
3364 581 3463 637 ille
3510 581 3857 651 Capricorni

2201 689 2330 731 cum
2363 675 2498 730 luna
2541 674 2811 746 surgebat
2839 674 2909 730 ab
2942 674 3236 729 horizonte
3276 671 3462 727 ortivo
3502 667 3857 725 consulibus

2202 765 2335 819 divo
2389 763 2624 818 Joviano
2688 769 2743 818 et
2808 761 3182 828 Varroniano,
3253 772 3454 827 nempe
3516 770 3668 813 anno
3727 769 3859 810 ara

2200 850 2413 907 Christi
2459 851 2784 906 communis
2824 847 2949 918 364,
2996 850 3308 919 eodemque
3351 845 3668 915 bissextili,
3714 844 3858 899 dum

2204 953 2344 1008 puer
2370 939 2706 1007 Simplicius
2737 937 3099 996 nascebatur.

2275 1029 2798 1082 Demonstrationes
2839 1026 3022 1097 igitur
3054 1031 3369 1094 temporum
3419 1024 3490 1078 ab
3523 1024 3684 1078 hisce
3712 1022 3864 1077 cha-

2206 1115 2527 1170 racteribus
2545 1114 2860 1171 observatis
2878 1115 3197 1169 caelestium
3214 1119 3498 1179 motuum,
3518 1113 3599 1167 ita
3612 1123 3865 1180 respon-

2205 1203 2466 1257 dentium
2500 1202 2825 1257 intervallis
2857 1214 3162 1267 annorum,
3198 1201 3480 1255 mensium
3511 1213 3579 1254 ac
3604 1198 3860 1265 dierum,

2211 1289 2423 1359 quibus
2443 1289 2512 1344 ab
2530 1296 2692 1344 atate
2715 1294 2909 1344 nostra
2935 1289 3178 1353 distant,
3206 1293 3269 1344 ut
3293 1288 3500 1343 elicere
3521 1286 3863 1341 studeamus

2208 1390 2275 1430 ex
2302 1376 2625 1445 aqualibus
2656 1377 3042 1444 documentis,
3076 1377 3280 1445 quinta
3310 1375 3428 1429 hac
3459 1373 3656 1445 regula
3680 1372 3866 1427 chro-

2210 1464 2453 1535 nologia
2485 1464 2652 1519 nobis
2695 1465 3001 1534 proposita
3031 1464 3356 1519 constituit.

2284 1551 2369 1607 43.
2403 1551 2689 1619 Quantum
2720 1566 2853 1607 vero
2887 1553 3068 1606 valeat
3096 1552 3164 1605 ad
3196 1551 3443 1621 epochas
3472 1551 3867 1606 Romanorum

2212 1640 2546 1708 pontiﬁcum
2579 1639 2957 1694 stabiliendas
2982 1654 3050 1694 ex
3074 1640 3178 1695 hoc
3203 1640 3329 1708 ipso
3354 1638 3660 1693 consulatu
3679 1638 3873 1692 Jovia-

2130 1731 2181 1791 B
2213 1729 2271 1782 ni
2304 1734 2361 1782 et
2388 1728 2728 1783 Varroniani
2774 1733 2830 1781 et
2860 1728 3083 1782 Joviani
3136 1733 3333 1796 morte,
3375 1726 3665 1781 evidenter
3708 1724 3871 1780 refe—

2212 1816 2385 1871 renda
2416 1817 2484 1871 ad
2518 1829 2732 1872 annum
2765 1830 2891 1871 ara
2917 1816 3136 1871 Christi
3170 1815 3427 1887 vulgaris
3456 1811 3581 1883 364,
3613 1813 3870 1869 breviter

2212 1905 2527 1959 ostendam.

2283 1993 2523 2047 Sanctus
2565 1993 2963 2064 Hieronymus,
3006 1997 3145 2048 tunc
3189 1998 3354 2046 atate
3396 1992 3624 2060 ﬂorens,
3659 1991 3720 2045 in
3752 1992 3871 2046 ad—

2211 2080 2529 2136 ditamento
2561 2081 2832 2136 Chronici
2865 2081 2958 2135 sui
2999 2081 3067 2135 ad
3106 2079 3514 2144 Eusebianum,
3562 2085 3802 2134 mortem
3834 2093 3869 2135 a

2211 2169 2445 2224 Joviano
2476 2168 2714 2238 obitam,
2750 2170 2885 2224 dum
2935 2169 3297 2224 consulatum
3328 2182 3457 2223 cum
3505 2168 3868 2224 Varroniano

2215 2261 2454 2327 gereret,
2490 2255 2659 2312 refert
2691 2258 2758 2312 ad
2790 2270 3004 2313 annum
3037 2263 3308 2328 quartum
3357 2255 3703 2326 Olympiadis
3732 2253 3860 2322 284,

2217 2360 2329 2400 una
2359 2359 2488 2401 eum
2528 2346 2895 2401 successione
2935 2344 3347 2401 Valentiniani.
3392 2345 3632 2399 Biennio
3670 2349 3861 2399 autem

2218 2440 2363 2504 post,
2388 2448 2538 2489 anno
2568 2434 2795 2489 scilicet
2824 2434 3076 2489 secundo
3104 2433 3452 2503 olympiadis
3480 2430 3605 2501 285,
3637 2432 3864 2487 obitum

2216 2522 2431 2577 Liberii
2460 2535 2614 2591 papa
2640 2527 2696 2576 et
2719 2522 3141 2577 successionem
3172 2523 3392 2575 Damasi
3418 2521 3742 2591 consignat,
3766 2521 3870 2575 cui

2220 2611 2341 2679 ipse
2378 2610 2449 2665 ab
2478 2610 2745 2679 epistolis
2776 2609 2889 2666 fuit
2924 2611 2981 2664 in
3028 2609 3374 2679 apostolatu.
3407 2609 3647 2664 Biennio
3689 2609 3870 2664 etiam

2215 2700 2436 2753 distant
2473 2713 2506 2753 a
2545 2700 2782 2754 Joviano
2820 2706 2875 2753 et
2904 2699 3257 2754 Varroniano
3299 2696 3658 2766 consulibus,
3697 2697 3873 2765 juxta

2215 2786 2621 2842 Cassiodorum
2652 2792 2709 2842 et
2733 2792 2968 2843 cateros
2999 2785 3276 2842 fastorum
3318 2784 3671 2852 collectores,
3719 2797 3872 2839 con—

2218 2873 2372 2928 sules
2397 2874 2712 2929 Gratianus
2738 2880 2793 2928 et
2818 2874 3191 2945 Daglaiphus,
3227 2872 3443 2943 quibus
3472 2871 3681 2927 Liberii
3711 2885 3873 2927 mors

2218 2963 2549 3033 assignatur
2563 2963 2621 3016 in
2642 2962 2838 3018 libello
2857 2976 3086 3032 precum
3104 2961 3366 3016 Faustini
3384 2966 3441 3015 et
3461 2958 3779 3015 Marcellini
3793 2961 3872 3016 ad

663 3041 1096 3132 ilvliuititwoctava
1136 3074 1261 3129 dies
1297 3075 1453 3133 Maii.
1489 3041 1613 3143 qua
1644 3073 1967 3142 appellatur
2004 3085 2103 3126 vni

2241 3052 2619 3122 Cheodosium,
2654 3064 2830 3121 supra
2861 3051 3039 3105 relato
3085 3051 3143 3104 in
3190 3049 3386 3121 regula
3417 3055 3641 3119 quarta.
3681 3048 3872 3104 Semel

467 3166 602 3221 ldus
625 3166 782 3235 Maii,
814 3166 1046 3219 ineunte
1066 3161 1332 3230 Sabbato,
1355 3161 1686 3231 Quiritibus
1710 3162 1865 3217 dicto
1885 3160 1980 3215 die
1999 3160 2106 3213 Sa—

466 3256 649 3312 turni.

535 3362 641 3418 Die
663 3359 699 3417 7
728 3360 863 3416 Maii
894 3359 979 3414 sol
1006 3358 1340 3413 versabatur
1365 3358 1425 3412 in
1453 3358 1633 3429 gradu
1657 3355 1830 3411 Tauri
1860 3351 1944 3425 47,
1975 3355 2106 3410 urbi

469 3467 664 3511 arcum
696 3452 1186 3508 seminocturnum
1209 3446 1445 3502 Romani
1470 3445 1721 3500 climatis
1741 3443 1911 3499 eﬂicit
1933 3444 2110 3499 hora-

473 3556 603 3599 rum
634 3539 942 3611 aqualium
976 3538 1251 3607 quinque.
1288 3536 1434 3590 Hora
1472 3534 1654 3604 igitur
1689 3540 1889 3603 quarta
1922 3533 2110 3587 noctis

472 3638 602 3703 post
622 3643 749 3686 eum
774 3640 1036 3682 occasum
1058 3626 1204 3694 apud
1230 3626 1528 3692 Romanos,
1554 3632 1773 3679 noctem
1793 3622 2112 3692 quamlibet

469 3719 792 3776 dividentes
810 3716 868 3769 in
890 3715 1059 3769 horas
1073 3727 1177 3782 xu,
1198 3715 1501 3781 respondet
1518 3713 1678 3768 horis
1704 3711 2113 3767 astronomicis

474 3812 603 3878 post
633 3800 928 3860 meridiem
958 3800 1077 3855 diei
1105 3801 1360 3868 septima
1388 3798 1474 3869 40,
1498 3815 1627 3856 cum
1663 3801 1904 3856 minutis
1936 3800 2113 3855 hora—

466 3894 579 3951 riis
601 3889 692 3949 20.

543 3997 727 4053 Radix
748 3993 1065 4050 mediorum
1097 3983 1355 4047 motuum
1382 3991 1533 4046 luna
1558 3992 1616 4045 in
1651 3992 1970 4047 meridiano
1995 3992 2114 4046 Ro-

473 4100 639 4144 mano
705 4081 979 4138 Kalendis
1040 4079 1298 4135 Januarii
1366 4092 1478 4135 ara
1537 4079 1755 4135 Christi
1822 4079 2112 4134 communi

475 4175 712 4231 ineunte
740 4172 861 4228 dat.

1421 4272 1579 4343 Sign.
1612 4272 1786 4328 Grad.
1820 4272 1955 4327 Min.
1990 4272 2109 4326 Sec.

472 4387 682 4440 Locum
718 4381 867 4437 luna
894 4379 1145 4435 medium
1177 4378 1237 4433 in
1489 4377 1542 4432 4.
1657 4376 1742 4433 44.
1855 4377 1943 4434 55.

470 4471 609 4527 anni
645 4481 734 4523 ccc
768 4467 1033 4537 completi
1064 4466 1203 4521 dant
1236 4470 1448 4520 motum
1488 4465 1540 4520 6.
1653 4465 1740 4522 23.
1790 4514 1807 4525 ,
1855 4466 1945 4523 30.
2058 4465 2111 4522 3.

470 4560 728 4615 AnniLx
758 4556 1025 4627 completi
1495 4552 1543 4608 4.
1661 4552 1743 4610 40,
1859 4552 1946 4609 42.
2062 4556 2110 4611 4.

468 4647 620 4703 Anni
664 4661 726 4702 ιιι
758 4644 1026 4715 completi
1488 4641 1542 4698 0.
1653 4640 1742 4699 28.
1891 4642 1944 4697 9.
2026 4643 2111 4700 40.

468 4736 691 4806 Aprilis
714 4734 1033 4803 completus
1061 4730 1540 4788 annibissext.5.
1688 4729 1739 4786 4.
1852 4730 1941 4788 20.
2016 4731 2106 4789 57.

467 4825 604 4880 Dies
651 4836 748 4880 sex
786 4822 959 4878 solidi
1000 4836 1069 4877 ex
1114 4820 1313 4876 merid.
1353 4820 1472 4875 Ka-

540 4913 840 4970 lendarum
912 4911 1054 4965 Maii
1122 4910 1190 4966 ad
1266 4910 1467 4966 merid.

538 4998 876 5057 diei7Maii
1482 4996 1535 5055 2.
1653 4997 1739 5054 49.
1886 4999 1940 5056 3.
2016 4998 2103 5055 30.

465 5089 629 5143 Hora
654 5089 847 5144 decem
880 5097 1005 5158 post
1034 5088 1236 5145 merid.
1259 5085 1315 5143 7.

538 5174 674 5231 Maii
1486 5174 1539 5229 Ο.
1687 5173 1741 5229 5.
1852 5174 1939 5231 29.
2018 5175 2106 5233 25.

464 5265 687 5321 Minuta
720 5261 950 5317 horaria
979 5261 1072 5317 20.
1855 5264 1938 5320 40.
2015 5265 2105 5319 59.

465 5398 612 5452 liora
681 5395 865 5466 igitur
945 5399 1146 5462 quarta
1221 5397 1430 5463 noctis,

538 5497 652 5552 qua
1486 5479 1539 5537 9.
1655 5481 1737 5539 46.
1848 5483 1938 5539 24.
2019 5485 2104 5542 44.

465 5575 629 5627 nocte
663 5569 1033 5627 illucescebat
1065 5568 1372 5626 Sabbatum

2218 3140 2421 3211 igitur,
2443 3139 2800 3195 demontrato
2821 3140 2971 3209 quod
3002 3138 3163 3207 paria
3188 3136 3405 3192 faciant
3429 3150 3616 3192 annus
3642 3149 3874 3192 consu-

2218 3228 2371 3282 latus
2396 3241 2461 3281 ac
2484 3228 2687 3283 mortis
2710 3227 2955 3296 Joviani,
2990 3226 3221 3297 collega
3243 3225 3352 3280 lilii
3375 3226 3468 3281 sui
3497 3225 3870 3294 Varroniani,

2219 3328 2349 3370 cum
2375 3328 2528 3369 anno
2557 3329 2682 3370 ara
2710 3314 2930 3369 Christi
2958 3314 3282 3369 communis
3307 3310 3432 3382 364,
3461 3311 3675 3367 Liberii
3711 3326 3873 3381 papa

2219 3403 2411 3459 obitus
2456 3409 2582 3471 post
2614 3402 2916 3457 biennium
2961 3406 3306 3457 consecutus
3337 3401 3672 3456 testimonio
3713 3401 3875 3455 scri-

2221 3497 2446 3561 ptorum
2479 3491 2814 3560 aqualium,
2848 3504 2914 3545 ac
2945 3492 3171 3545 Damasi
3203 3489 3407 3545 electio
3435 3502 3665 3544 necesse
3693 3495 3784 3543 est
3806 3494 3874 3543 ut

2222 3579 2543 3634 referantur
2561 3593 2690 3633 cum
2720 3578 3062 3633 consulibus
3078 3578 3353 3633 Gratiano
3372 3584 3428 3632 et
3447 3576 3767 3647 Daglaipho
3797 3576 3869 3631 ad

2220 3681 2430 3723 annum
2453 3681 2578 3721 ara
2607 3666 2822 3721 Christi
2854 3666 3109 3737 vulgaris
3134 3664 3258 3721 366.

2292 3756 2559 3825 Quinque
2590 3756 2749 3810 hisce
2789 3754 3008 3826 regulis
3052 3755 3275 3809 criterii
3307 3752 3703 3823 chronologici
3738 3766 3872 3821 pro-

2224 3845 2451 3913 positis,
2525 3844 2804 3913 expositis
2876 3857 2940 3898 ac
3016 3842 3293 3912 probatis,
3368 3840 3671 3912 procedere
3744 3847 3873 3895 tum

2225 3945 2532 4000 possumus
2558 3932 2625 3987 ad
2661 3939 2911 4000 tempora
2945 3930 3281 4001 pontiﬁcum
3314 3931 3697 3986 Romanorum
3736 3928 3875 3982 sin—

2223 4021 2469 4092 gillatim
2494 4020 2813 4076 ordinanda
2842 4034 2907 4076 ac
2932 4020 3374 4076 demonstranda
3403 4017 3697 4088 capitibus
3723 4016 3875 4073 sub—

2224 4108 2614 4179 sequentibus.

2808 4214 3080 4285 CAPUT
3142 4217 3231 4285 111
3251 4264 3263 4276 .

2226 4322 2400 4375 Series
2439 4321 2755 4389 pontiﬁcum
2789 4322 3151 4377 Romanorum
3191 4335 3477 4389 eorumque
3519 4319 3875 4388 chronologia

2058 4378 2110 4435 δ·
2142 4393 2196 4454 D
2290 4378 2619 4461 proponitur
2647 4392 2967 4446 deducenda
2995 4398 3045 4446 et
3067 4378 3402 4445 stabilienda
3429 4407 3496 4444 ea:
3522 4378 3875 4445 monumento

2290 4464 2511 4532 publico
2541 4462 2791 4516 Ecclesia
2816 4465 3087 4532 Romana,
3120 4464 3300 4515 adhuc
3336 4465 3640 4532 superstite,
3671 4463 3732 4513 in
3766 4461 3874 4513 bu-

2295 4531 2451 4587 Silica
2491 4534 2858 4602 patriarchali
2897 4537 2953 4588 S.
2999 4531 3162 4588 Pauli
3198 4535 3428 4602 apostoli
3474 4536 3564 4586 uia
3608 4531 3872 4593 Ostiensi,

2293 4604 2493 4656 ibidem
2527 4606 2706 4672 posito
2744 4621 2777 4657 a
2807 4606 2864 4659 S.
2897 4605 3071 4658 Leone
3110 4606 3312 4671 Magno
3340 4619 3454 4657 una
3483 4618 3604 4657 cum
3631 4604 3869 4663 musivo,

2293 4676 2378 4728 uel
2415 4690 2448 4726 a
2476 4674 2792 4742 Symmacho
2813 4692 2967 4745 papa
3011 4676 3142 4729 dum
3179 4677 3335 4730 illam
3372 4676 3607 4744 picturis
3647 4676 3875 4726 ornaret

2294 4748 2482 4814 quinto
2512 4745 2715 4799 Christi
2737 4748 2948 4800 saculo.

2730 4834 3047 4890 SYNOPSIS
3081 4835 3362 4891 CAPITIS.

2220 4905 2260 4952 Ι.
2285 4904 2458 4953 Series
2479 4908 2529 4952 et
2547 4903 2811 4963 catalogus
2831 4905 3137 5013 gontiﬂcum
3170 4907 3550 4965 Romanorum,
3584 4907 3795 4968 pictura
3820 4909 3873 4955 et

2282 4968 2463 5013 litteris
2477 4967 2811 5013 exnressusin
2866 4967 3039 5013 asilica
3063 4968 3124 5013 S.
3150 4968 3298 5013 Pauli
3315 4968 3400 5013 via
3419 4966 3666 5013 Ostiensi.
3686 4973 3871 5013 sancto

2282 4968 2463 5015 litteris
2477 4967 2811 5028 expressusin
2831 4966 3039 5014 basilica
3063 4968 3124 5016 S.
3150 4968 3298 5016 Pauli
3315 4968 3400 5015 via
3419 4966 3666 5027 Ostiensi,
3686 4973 3871 5017 sancto

2283 5030 2446 5077 Leoni
2471 5029 2685 5090 Magno,
2720 5032 2792 5090 vel
2829 5028 3141 5088 Symmacho
3172 5042 3317 5090 papa
3352 5029 3653 5078 tribuendus
3687 5035 3789 5089 est,
3820 5036 3873 5079 et

2283 5092 2345 5137 ad
2376 5092 2611 5152 quintum
2632 5088 2820 5138 Christi
2842 5090 3085 5138 saculum
3115 5088 3433 5139 rel’erendus.
3463 5117 3522 5127 —
3551 5091 3617 5139 ll.
3656 5094 3703 5141 Α
3736 5088 3872 5141 nen-

2282 5152 2435 5198 nullis
2455 5152 2612 5198 atati:
2630 5155 2821 5213 nostra
2842 5152 3181 5213 scriptoribus
3200 5153 3472 5212 indicatus,
3494 5154 3584 5201 sed
3607 5167 3638 5201 a
3659 5156 3872 5203 nemine

2279 5213 2521 5261 hactenus
2548 5214 2598 5260 in
2628 5212 2797 5260 lucem
2831 5212 2997 5271 datus,
3034 5218 3120 5261 aut
3155 5215 3425 5273 diligenter
3455 5215 3781 5275 observatus,
3822 5221 3874 5264 et

2281 5275 2495 5322 collatus
2515 5288 2632 5321 cum
2655 5276 2856 5335 scriptis
2877 5276 3147 5335 Calalogis,
3172 5290 3306 5323 nunc
3330 5278 3551 5337 primum
3568 5279 3758 5327 editur.
3785 5279 3871 5327 Si-

2280 5337 2415 5383 milis
2442 5336 2641 5383 videtur
2675 5338 2815 5384 alteri
2850 5337 3113 5396 itatalogo,
3146 5352 3262 5385 cum
3294 5336 3428 5386 serie
3463 5341 3789 5399 pontillcum,
3821 5344 3872 5389 et

2280 5412 2399 5446 cum
2424 5399 2652 5462 picturis,
2671 5400 2936 5462 utriusque
2954 5400 3268 5448 Testamenti
3291 5400 3531 5449 historias
3551 5403 3770 5462 perinde
3793 5416 3872 5450 re—

2279 5460 2782 5525 ferentibugrposilo
2802 5460 2890 5525 _vel
2923 5463 3154 5509 restituto
3186 5465 3329 5525 atate
3365 5460 3600 5510 Formdsi
3635 5477 3783 5525 papa
3815 5466 3871 5511 in

2281 5521 2492 5569 basilica
2508 5521 2776 5568 Vaticana.
2802 5521 2860 5568 In
2880 5524 3091 5573 utraque
3112 5524 3262 5571 etiam
3280 5524 3493 5573 basilica
3512 5521 3674 5573 series
3696 5521 3869 5573 ponti-

2286 5537 2492 5569 Dasuica
2516 5537 2776 5568 νᾶιιῦἒιῐλᾶ.
2802 5537 2860 5568 1n
2880 5537 2990 5569 mra.
3030 5537 3091 5571 ue
3112 5537 3262 5571 etiam
3282 5537 3493 5573 08.811108.
3512 5538 3674 5573 series
3733 5537 3868 5573 0041·

2286 5583 2441 5630 l'tcum
2475 5583 2730 5630 recentior
2759 5583 2957 5644 adjecta
2993 5537 3093 5633 iuit
3126 5585 3256 5632 infra
3282 5587 3606 5647 superiorem
3636 5540 3735 5636 sui,»
3767 5588 3868 5637 Ni-
