4048 6168
370 312 468 369 254
1149 312 1241 367 AD
1284 311 1718 368 ANASTASIUM
1775 312 2009 368 PROLEt

2124 313 2287 369 [ENA
2336 312 2516 368 EDIT.
2562 310 2997 367 ΗΘΜ-ητις.

3665 307 3774 367 252

372 438 465 487 net
495 433 781 502 epistylia,
824 432 1136 503 zophorum
1176 439 1232 489 et
1255 434 1605 501 coronidem,
1639 435 1724 489 uti
1758 436 1816 489 in
1846 434 2012 489 Vati-
2046 438 2099 496 A
2130 435 2387 489 nentium
2420 435 2801 491 Romanorum
2834 436 3164 504 pontiﬁcum
3192 449 3584 491 successorum
3606 435 3658 490 S.
3690 437 3774 489 In-

370 533 510 575 cana
557 521 951 576 demonstrant
1002 521 1210 576 tabula
1247 522 1661 590 Ciampiniana
1711 536 1748 576 x
1811 528 1865 576 et
1914 536 2010 590 x1;

374 622 515 679 quas
537 614 740 664 nactus
766 624 894 665 cum
927 610 1059 678 sim,
1104 610 1196 665 hic
1230 612 1435 665 iterum
1468 611 1819 667 exhibendas
1839 611 2009 680 duco,

372 709 486 765 quo
515 696 745 752 ﬁdelius
769 698 1158 767 subjiciantur
1182 698 1369 754 oculis
1399 699 1705 770 animoque
1735 699 2012 755 lector-dm

369 796 434 839 ea
465 798 591 854 qua
619 785 689 840 de
708 787 1099 842 vetustissima
1117 788 1266 842 serie
1293 801 1646 843 summorum
1675 788 2010 856 pontiﬁcum

370 872 431 927 in
453 872 696 929 basilica
718 874 786 929 ad
806 874 955 929 viam
976 874 1291 931 Ostiensem
1310 876 1534 944 depicta
1560 876 1764 946 quinto
1792 876 2008 932 Christi

369 960 598 1030 saculo,
631 974 696 1017 ac
736 962 805 1017 de
829 962 1008 1017 altera
1051 962 1195 1017 serie
1226 965 1408 1019 multo
1438 965 1765 1033 recentiori,
1814 970 2009 1034 utpote

369 1046 477 1102 sub
519 1049 754 1104 Nicolao
784 1052 873 1106 ἸΙΙ
922 1050 1193 1120 colorata,
1228 1052 1462 1106 tenenda
1498 1060 1667 1121 sunt;
1717 1061 1887 1121 atque
1929 1053 2009 1107 ita

368 1135 803 1208 chronologicas
845 1139 1186 1210 epigraphes
1235 1140 1293 1194 in
1319 1141 1619 1196 vetusliori
1671 1142 2008 1210 superstites

368 1222 624 1280 conferre
648 1240 777 1281 cum
816 1226 1105 1298 Catalogis
1138 1229 1319 1297 possit
1342 1231 1611 1299 quisquis
1635 1230 2002 1300 archetypum

367 1313 663 1368 observare
692 1316 938 1371 voluerit
981 1317 1038 1371 in
1077 1317 1317 1372 basilica
1362 1318 1416 1373 S.
1452 1317 1636 1372 Pauli.
1672 1320 1730 1372 In
1760 1319 2009 1387 zophoro

368 1404 572 1475 igitur,
586 1418 617 1459 a
637 1404 924 1460 columnis
936 1405 1173 1462 suﬁulto
1188 1407 1432 1462 inveteri
1453 1406 1695 1462 basilica
1718 1408 2007 1474 Vaticana,

368 1493 563 1563 plures
586 1493 942 1551 orbiculares
961 1508 1103 1551 area
1134 1497 1182 1551 G
1211 1498 1255 1550 Il
1282 1498 1329 1552 G
1359 1499 1403 1551 Il
1434 1496 1548 1552 tab.
1577 1512 1612 1551 x
1640 1496 2013 1551 continebant

368 1582 648 1653 imagines
707 1585 1040 1652 pontiﬁcum
1086 1586 1489 1655 Romanorum,
1522 1585 1858 1665 elaboratas
1901 1584 2010 1641 sub

367 1671 600 1727 Nicolao
633 1674 723 1741 III,
766 1686 891 1742 qua
921 1675 1310 1730 vestiebantur
1362 1676 1772 1746 integumentis
1800 1674 2010 1743 capitis

2130 524 2405 578 nocentii.

2201 622 2375 677 Porro
2405 628 2664 678 sanctum
2695 624 3086 679 Innocentium
3118 624 3439 679 habendum
3470 636 3590 678 esse
3623 622 3774 678 inter

2129 710 2280 764 Petri
2300 725 2656 767 successores
2684 712 3177 782 quadragesimum
3200 713 3508 767 secundum
3531 716 3775 767 testatur

2127 799 2286 853 Beda
2307 800 2484 854 codex
2511 801 3118 855 Palatino-Vaticanus
3138 806 3268 855 ante
3298 814 3477 855 annos
3505 798 3612 855 865
3635 799 3776 854 scri-

2128 894 2282 956 ptus,
2302 890 2453 944 unde
2472 889 2775 959 Catalogus
2796 889 3132 958 desumptus
3153 895 3257 958 est,
3284 902 3448 959 quem
3465 888 3774 943 Schlestra-

2128 979 2248 1033 tius
2266 977 2453 1033 edidit
2482 991 2717 1033 numero
2740 975 2813 1033 22
2844 977 2902 1033 in
2929 977 3079 1033 libro
3106 977 3491 1050 Antiquitatis
3506 975 3773 1033 Ecclesia

2128 1067 2455 1134 illustrata,
2509 1073 2566 1122 et
2601 1081 2703 1122 nos
2746 1079 2919 1136 supra
2950 1066 3275 1127 retulimus.
3324 1065 3772 1137 Quadragesimo

2127 1156 2377 1210 secundo
2432 1155 2554 1211 loco
2601 1155 2771 1210 etiam
2825 1155 3081 1212 occurrit
3136 1156 3195 1209 in
3227 1156 3476 1211 secundo
3504 1153 3773 1223 Catalogo

2126 1243 2490 1299 bibliotheca
2552 1245 2762 1315 regina
2830 1247 3046 1300 Suecia
3097 1244 3288 1315 (hodie
3346 1242 3775 1298 Alexandrino-

2127 1332 2449 1401 Vaticana),
2482 1333 2631 1387 unde
2654 1333 2921 1401 pleraque
2947 1334 3112 1388 verba
3138 1333 3397 1388 Vitarum
3414 1330 3605 1399 operis
3629 1330 3776 1384 Ana-

2128 1421 2369 1475 stasiani
2397 1421 2692 1490 desumpta
2715 1427 2869 1487 sunt,
2894 1429 2948 1477 et
2974 1437 3004 1477 a
3029 1420 3450 1489 Schelestratio,
3472 1426 3527 1474 et
3547 1432 3579 1473 a
3603 1418 3773 1473 nobis

2127 1509 2283 1565 edito
2314 1523 2426 1565 una
2469 1524 2597 1564 cum
2626 1516 2783 1566 textu
2812 1510 2968 1565 Libri
3010 1510 3363 1565 Pontiﬁcalis
3386 1509 3625 1577 ejusque
3666 1519 3777 1561 va—

2127 1597 2418 1654 riantibus
2442 1598 2810 1655 lectionibus.

2196 1694 2245 1752 4.
2261 1697 2441 1766 Supra
2474 1699 2676 1752 seriem
2702 1698 3034 1767 pontiﬁcum
3064 1698 3123 1752 in
3149 1696 3428 1768 stylobate
3460 1694 3538 1750 ita
3568 1694 3776 1764 depic-

368 1759 767 1856 φυηοξέπίῑιε
798 1762 1088 1856 ξίάδίδίίίδ
1107 1764 1176 1818 ad
1196 1772 1459 1856 9"“3mm
1490 1763 1892 1833 νοηιίθεειιθωη
1910 1764 2014 1816 mi‘
2042 1758 2094 1818 Β
2124 1789 2264 1849 tam,
2281 1758 2525 1855 etsupra
2546 1758 2777 1841 cateras
2799 1787 3076 1856 picturas,
3103 1787 3160 1840 in
3187 1758 3341 1840 areis
3361 1758 3777 1852 quadrilateris

366 1853 454 1902 tra
497 1848 721 1904 scilicet
762 1850 973 1905 elevata
1017 1857 1118 1906 aut
1155 1852 1325 1906 etiam
1378 1866 1586 1907 corona
1626 1858 1844 1919 ornata,
1877 1857 2008 1919 etc.,

367 1936 453 1990 uti
479 1936 841 2006 Ciampinius
861 1943 1479 2010 expressitevidentius
1496 1942 1608 1997 tab.
1632 1956 1711 2012 x1,
1739 1944 1797 1996 in
1819 1941 2012 1995 eadem

365 2025 514 2079 serie
551 2041 725 2096 supra
760 2028 1009 2086 litteram
1040 2033 1101 2086 E.
1133 2032 1365 2087 Similes
1397 2032 1588 2086 icones
1617 2020 1869 2099 ejusdem
1902 2028 2017 2082 Ni—

364 2113 512 2168 colai
542 2116 613 2169 III
629 2117 795 2183 jussu
827 2119 885 2173 in
912 2118 1151 2174 basilica
1165 2121 1349 2175 sancti
1379 2120 1540 2175 Pauli
1566 2118 2017 2189 depictascerni-

368 2216 495 2258 mus
517 2205 577 2259 in
611 2204 869 2263 inferiori
895 2209 1061 2278 serie,
1090 2210 1367 2279 capitulis
1396 2210 1791 2265 columnarum
1820 2210 2012 2279 impo-

344 2286 509 2345 'sita:
554 2306 680 2361 qua
697 2299 911 2363 prater
938 2294 1219 2367 imagines
1245 2297 1601 2366 pontiﬁcum,
1633 2310 1830 2352 eorum
1865 2310 2015 2366 quo-

366 2393 477 2448 que
500 2381 729 2436 nomina
751 2383 1016 2453 reddunt,
1040 2391 1096 2440 et
1115 2372 1541 2455 chronologiafn
1559 2386 1775 2441 litteris
1790 2400 2013 2455 expres-

365 2482 507 2538 sam,
559 2475 730 2541 atque
783 2475 1095 2530 ostendunt
1136 2475 1375 2544 ﬁguram
1421 2476 1812 2530 characterum
1872 2489 2011 2544 pro-

366 2557 547 2625 priam
576 2560 763 2616 atatis
787 2562 1039 2629 ejusdem
1086 2562 1328 2618 Nicolai.
1363 2564 1516 2617 Hanc
1542 2564 1746 2618 seriem
1796 2564 2008 2618 imitati

362 2652 498 2704 sunt
528 2649 774 2716 pictores
833 2657 888 2705 et
925 2650 1235 2719 calatores,
1281 2652 1378 2722 qui
1426 2652 1624 2707 vultus
1674 2652 2009 2721 pontiﬁcum

363 2737 745 2793 Romanorum
768 2740 941 2794 aneis
957 2748 1058 2795 aut
1074 2741 1282 2811 ligneis
1304 2741 1457 2810 typis
1477 2741 1651 2811 primi
1679 2741 2005 2810 ediderunt,

363 2838 475 2881 non
505 2826 863 2882 attendentes
892 2828 1095 2883 seriem
1138 2828 1318 2884 multo
1348 2829 1736 2899 antiquiorem
1763 2841 2010 2898 superne

362 2914 625 2989 positam,
674 2920 793 2970 tum
822 2916 881 2970 in
914 2916 1153 2972 Paulina
1176 2916 1439 2983 basilica,
1470 2924 1589 2972 tum
1625 2918 1683 2972 in
1716 2918 2007 2976 Vaticana.

360 3016 533 3072 supra
580 3004 908 3059 coronidem
949 3005 1347 3061 columnarum
1396 3007 1454 3061 in
1506 3006 2002 3076 parallelepipedo,

2120 1875 2503 1943 exprimentes
2537 1875 2810 1930 historias
2853 1876 3072 1930 Veteris
3107 1874 3472 1945 Testamenti,
3508 1871 3776 1927 fenestra

2122 1962 2323 2031 ampla
2344 1961 2537 2017 lumen
2557 1964 2904 2019 admittunt:
2931 1978 3173 2033 quarum
3193 1964 3508 2018 interstitia
3532 1961 3779 2030 implent

2125 2051 2406 2123 imagines
2453 2052 2856 2123 prophetarum
2889 2054 3143 2109 colossea
3183 2051 3356 2107 ferme
3386 2054 3625 2119 statura,
3656 2064 3771 2106 non

2123 2154 2290 2195 secus
2344 2154 2410 2195 ac
2480 2141 2539 2195 in
2598 2140 2839 2197 basilica
2892 2143 3252 2197 Lateranensi
3305 2141 3516 2196 factum
3590 2154 3777 2210 nuper

2122 2230 2404 2293 videmus,
2438 2243 2538 2285 seu
2567 2231 2898 2285 restitutum
2935 2229 3119 2286 fuisse
3143 2235 3428 2299 ornatum,
3465 2242 3565 2299 pro
3591 2230 3774 2285 veteri

2124 2332 2299 2387 more,
2335 2319 2392 2373 in
2425 2318 2614 2374 tribus
2630 2320 2795 2388 praci
2807 2320 2936 2389 puis
2962 2319 3224 2375 basilicis
3245 2320 3431 2375 Roma
3456 2320 3771 2375 custodito.

2121 2408 2260 2461 Nam
2292 2413 2347 2462 et
2388 2408 2447 2461 in
2479 2407 2762 2462 Vaticana
2788 2408 2962 2463 veteri
2997 2414 3290 2463 structura
3324 2408 3528 2463 seriem
3557 2408 3775 2462 Roma—

2122 2511 2325 2551 norum
2338 2498 2669 2553 antistitum
2685 2498 2959 2553 similiter
2971 2498 3299 2565 coloratam,
3318 2497 3523 2567 illique
3539 2496 3775 2565 imposi-

2121 2592 2208 2640 tas
2230 2585 2505 2641 historias
2527 2587 2834 2656 utriusque
2858 2586 3225 2654 Testamenti,
3258 2587 3472 2655 quibus
3494 2585 3773 2640 immine—

2121 2681 2246 2730 rent
2287 2676 2481 2748 ﬁgura
2514 2679 2938 2746 prophetarum,
2971 2676 3185 2731 diserte
3216 2680 3489 2729 memorat
3522 2673 3772 2728 Iacobus

2118 2764 2451 2820 Grimaldus
2467 2767 2747 2834 notarius,
2779 2764 2870 2820 cui
2902 2763 3512 2820 demandatafuitcura
3528 2776 3775 2833 percen-

2119 2854 2254 2907 send
2266 2853 2283 2907 i
2296 2866 2360 2907 ac
2373 2853 2756 2922 describendi,
2772 2859 2827 2908 et
2842 2851 3320 2922 publicistabulis
3334 2851 3619 2907 inserendi
3634 2852 3775 2907 dis-

2121 2942 2464 3011 positionem
2496 2947 2898 2997 etornamenta
2923 2941 3132 2996 veteris
3158 2940 3323 2996 illius
3336 2940 3567 2995 adiﬁcii
3597 2945 3774 2994 ante-

2119 3044 2288 3101 quam
2302 3044 2332 3085 a
2347 3030 2673 3086 coementari
2684 3030 2775 3085 isd
2786 3030 3073 3085 irueretur
3088 3029 3144 3083 in
3159 3043 3313 3083 nova
3336 3028 3588 3083 basilica
3599 3042 3685 3082 am
3696 3043 3774 3097 p—

365 3103 467 3190 ie}!
495 3091 793 3190 S§¥1?Eat?_~
818 3106 916 3162 Per
934 3093 1390 3190 οίαφρίηίεξιξῇω
1412 3094 1663 3190 tabula!!!
1688 3108 1745 3149 ιι
1779 3094 2007 3190 signato
2043 3082 2091 3145 α
2119 3082 3252 3190 fiiiﬁioﬁe's'iiB—rahiaquiﬁt;quinetiam
3273 3082 3332 3172 in
3350 3116 3566 3187 cryptis
3601 3082 3774 3171 Vati—

364 3178 578 3235 Iitteris
600 3178 709 3234 AB.
742 3183 950 3251 Nempe
969 3182 1221 3238 artiﬁces
1248 3183 1337 3238 illi
1364 3183 1766 3252 compendium
1792 3183 2009 3239 laboris

366 3267 596 3322 nactiin
630 3268 984 3339 imaginibus
1007 3270 1386 3340 delineandis,
1423 3284 1547 3340 qua
1562 3271 1819 3340 aspectui
1847 3276 2010 3326 erant

362 3355 760 3425 proximiores,
791 3371 989 3427 parum
1008 3356 1165 3414 fuere
1181 3358 1421 3414 solliciti
1448 3359 1518 3414 de
1541 3359 1889 3428 antiquitate
1912 3373 2012 3415 ve-

360 3443 631 3498 tustioris
677 3445 871 3512 seriei,
923 3446 984 3500 in
1037 3460 1150 3516 qua
1194 3452 1379 3502 tamen
1413 3446 1599 3501 elucet
1623 3453 1759 3501 atas
1803 3453 1860 3501 et
1891 3460 2012 3503 mos

365 3529 596 3585 illorum
647 3538 985 3601 temporum,
1036 3548 1162 3604 qua
1216 3533 1334 3588 duo
1377 3533 1458 3588 ibi
1490 3534 1929 3603 exprimuntur”
1948 3541 2012 3590 ut

361 3618 534 3686 paulo
560 3625 687 3688 post
716 3621 1045 3677 observabo.

431 3703 486 3760 3.
521 3708 581 3760 In
609 3706 853 3763 basilica
879 3709 1061 3778 igitur
1096 3711 1150 3765 S.
1187 3711 1345 3767 Pauli
1375 3713 1553 3768 series
1586 3712 1697 3767 ista
1735 3712 2013 3767 vetustior

366 3806 719 3849 summorum
781 3798 1115 3863 pontiﬁcum
1166 3811 1276 3853 non
1328 3799 1650 3870 interrupta
1699 3800 1911 3870 legitur
1953 3801 2011 3855 in

364 3881 581 3948 pariete
610 3883 679 3938 ad
712 3883 1086 3938 meridianam
1119 3885 1341 3954 plagam
1375 3889 1539 3943 navis
1568 3890 1841 3944 mediana
1864 3902 2012 3944 con-

363 3969 590 4024 stituto.
618 3969 883 4025 Continet
911 3971 1267 4028 orbiculares
1319 3988 1479 4030 areas
1526 3973 1597 4030 42
1623 3984 1680 4032 et
1725 3978 2008 4049 imagines

365 4056 600 4113 totidem
653 4058 986 4127 pontiﬁcum
1029 4074 1061 4115 a
1112 4062 1167 4116 S.
1216 4063 1375 4118 Petro
1423 4064 1492 4119 ad
1525 4067 1579 4120 S.
1609 4066 2005 4121 Innocentium

363 4145 491 4213 ejus
517 4146 770 4200 nominis
798 4147 1066 4215 primum,
1093 4148 1152 4203 in
1174 4150 1427 4220 singulis
1453 4153 1743 4224 singulas:
1773 4167 1873 4209 nec
1896 4168 2009 4212 non

364 4233 599 4287 totidem
622 4233 818 4289 breves
850 4236 1208 4306 epigraphes,
1245 4239 1303 4294 in
1329 4240 1609 4309 stylobate
1642 4244 1724 4298 uti
1753 4244 2008 4300 dixeram

362 4320 646 4378 coloratas
676 4324 1029 4393 palmaribus
1071 4326 1305 4399 litteris,
1344 4344 1473 4398 qua
1516 4346 1718 4388 nomen
1765 4334 2013 4389 reddunt

367 4409 655 4477 pontiﬁcis
675 4412 790 4467 sibi
813 4414 1160 4472 adharentis
1174 4431 1305 4472 cum
1334 4418 1684 4477 indicatione
1704 4435 2010 4491 annorum,

367 4498 646 4553 mensium
682 4513 746 4556 ac
770 4501 995 4558 dierum
1027 4505 1085 4558 in
1122 4506 1268 4561 Petri
1297 4507 1429 4562 sede
1460 4508 1548 4563 illi
1577 4509 2007 4565 attributorumo

364 4586 653 4643 Postrema
677 4602 745 4644 ex
772 4586 857 4659 42,
894 4593 1185 4661 pertinens
1214 4596 1283 4650 ad
1309 4604 1567 4651 sanctum
1594 4598 2008 4669 Innocentium,

365 4675 445 4730 ita
465 4685 738 4749 concepta
767 4687 888 4736 est:

969 4776 1032 4838 ὦ
1065 4773 1368 4828 INNOCEN

1071 4860 1219 4914 CIVS
1243 4859 1369 4912 SED

1059 4939 1353 5049 Ertixv

1079 5061 1461 5116 MIIIDXX

363 5165 514 5220 Hanc
543 5177 674 5219 vero
718 5167 1217 5236 consequebantur
1257 5170 1529 5236 praxima
1562 5176 1687 5237 post
1731 5171 2005 5228 ﬂexuram

362 5253 559 5321 anguli
592 5253 653 5308 in
686 5254 902 5323 pariete
927 5256 994 5311 ad
1024 5256 1373 5312 occidentem
1397 5258 1530 5311 sito.
1556 5258 1759 5313 Verum
1793 5259 1873 5314 ibi
1911 5261 2010 5315 in-

358 5340 517 5408 juria
543 5342 816 5411 temporis
839 5343 1399 5400 interciderunttum
1433 5344 1730 5415 imagines,
1765 5354 1886 5402 tum
1918 5350 2005 5404 in-

363 5428 728 5501 scriptiones,
761 5431 994 5501 delapso
1028 5433 1417 5501 integumento
1448 5432 1622 5488 calcis
1654 5434 1750 5490 ubi
1783 5436 2008 5492 fuerant

362 5515 628 5572 colorata
645 5559 659 5586 ,
682 5532 782 5574 nec
803 5519 1099 5588 quidpiam
1123 5524 1459 5587 superestex
1475 5533 1538 5575 ea
1559 5522 1782 5591 pictura
1806 5531 2008 5593 prater

361 5602 588 5673 aliquas
614 5608 905 5675 portiones
930 5605 1303 5679 circulorum,
1334 5606 1633 5682 imagines,
1666 5612 1805 5667 olim
1836 5614 2017 5669 conti-

2118 3207 2280 3261 canis
2296 3206 2575 3276 hodieque
2597 3208 2808 3262 visitur
2842 3207 3113 3278 graphice
3131 3206 3439 3272 delineata,
3468 3211 3525 3259 et
3544 3204 3771 3260 colori-

2121 3293 2228 3348 bus
2254 3301 2675 3364 reprasentata,
2707 3299 2824 3350 tum
2851 3295 3284 3366 ichnographia,
3315 3301 3434 3349 tum
3459 3292 3770 3363 orthOgra-

2121 3382 2523 3452 phiabasilica
2545 3385 2772 3452 veteris,
2790 3397 2959 3452 quam
2985 3382 3190 3452 prasul
3206 3383 3360 3438 Ciam
3371 3382 3570 3451 piiiius
3589 3382 3769 3436 aneis

2118 3470 2325 3525 deinde
2373 3470 2588 3525 tabulis
2636 3472 2892 3526 reddidit
2922 3472 2980 3525 in
3008 3471 3238 3526 laudato
3291 3469 3441 3525 libro
3483 3470 3553 3524 de
3583 3469 3771 3525 sacris

2119 3558 2428 3613 adiﬁciisa
2444 3559 2644 3628 Magno
2658 3558 3032 3614 Constantino
3043 3560 3410 3612 constructis.
3428 3556 3528 3611 His
3541 3569 3771 3626 quoque

2119 3646 2455 3700 auctoribus
2483 3646 2798 3717 (Grimaldo
2823 3652 2878 3701 et
2899 3646 3221 3715 Ciampino)
3240 3644 3514 3699 debemus
3540 3656 3774 3715 praser-

2120 3741 2305 3789 vatam
2361 3735 2529 3790 nobis
2561 3736 2890 3791 memoriam
2940 3741 3061 3790 tum
3108 3735 3335 3801 epocha
3382 3734 3765 3803 picturarum,

2121 3826 2241 3877 tum
2273 3809 2454 3878 seriei.
2475 3824 2731 3894 duplicis
2771 3823 3104 3893 pontiﬁcum
3135 3824 3517 3878 Romanorum
3551 3820 3767 3875 ibidem

2119 3910 2416 3980 disposita
2438 3930 2451 3964 :
2474 3927 2718 3980 quorum
2747 3912 3075 3971 testimonia
3098 3924 3209 3967 non
3227 3909 3445 3981 pigebit
3459 3921 3766 3979 apponere,

2120 4007 2183 4055 ut
2213 4007 2473 4055 constare
2513 4002 2696 4069 possit
2726 4002 2795 4054 de
2848 4001 3197 4069 antiquitate
3225 4006 3396 4069 atque
3425 4002 3769 4053 auctoritate

2118 4089 2396 4158 ejusmodi
2434 4091 2932 4157 monimentorum,
2966 4102 3031 4144 ac
3054 4090 3124 4143 de
3143 4086 3504 4143 documentis
3520 4085 3767 4141 chrono-

2121 4177 2285 4247 IOgia
2299 4176 2626 4247 pontiﬁcia,
2641 4177 3072 4232 totsaculorum
3092 4178 3423 4245 incorrupto
3435 4173 3769 4231 testimonio

2122 4267 2181 4320 in
2233 4267 2326 4321 his
2353 4273 2687 4321 asservata:
2724 4269 2893 4337 cujus
2942 4268 3024 4322 rei
3064 4267 3250 4338 gratia
3282 4266 3399 4320 hac
3420 4262 3767 4334 diligentius

2121 4356 2435 4425 expendere
2454 4362 2511 4410 et
2530 4355 2828 4411 observare
2855 4356 3158 4412 constitui.

2041 4446 2096 4507 D
2190 4453 2526 4525 Ciampinus
2548 4457 2729 4527 igitur
2743 4458 2813 4513 de
2828 4459 3012 4513 sacris
3026 4456 3305 4513 Ediﬁciis
3324 4467 3446 4523 cap.
3471 4448 3525 4521 4,
3549 4463 3677 4520 pag.
3695 4443 3769 4503 34

2121 4552 2178 4602 et
2224 4560 2415 4617 seqq.,
2465 4548 2797 4604 describens
2851 4554 3037 4617 partes
3080 4545 3342 4616 singulas
3385 4548 3557 4612 atque
3586 4551 3768 4593 orna-

2122 4643 2308 4692 menta
2343 4638 2626 4707 parietum
2669 4639 2877 4694 veteris
2929 4637 3183 4693 basilica
3230 4635 3533 4697 Vaticana,
3582 4635 3648 4685 ut
3693 4628 3765 4683 ad

2124 4727 2328 4781 seriem
2389 4728 2726 4797 pontiﬁcum
2754 4724 3054 4798 pervenit,
3097 4726 3215 4794 jam
3256 4723 3589 4789 indicatam,
3617 4717 3767 4772 etin

2124 4816 2340 4871 tabulis
2379 4832 2413 4872 x
2461 4823 2517 4872 et
2548 4831 2604 4872 χι
2631 4818 2995 4884 delineatam,
3028 4829 3123 4871 eas
3156 4818 3412 4884 picturas
3442 4825 3473 4865 a
3494 4809 3767 4864 Formosa

2122 4920 2263 4975 papa
2276 4907 2502 4962 additas
2519 4921 2616 4962 seu
2632 4906 2928 4961 restitutas
2940 4904 3121 4961 fuisse
3132 4902 3423 4975 signiﬁcat
3439 4898 3531 4955 his
3542 4895 3765 4953 verbis:

2122 5013 2148 5044 «
2190 4993 2443 5065 Reliqua
2474 5009 2603 5050 vero
2626 4994 2881 5063 pictura,
2907 5007 3146 5063 quarum
3174 5005 3285 5047 una
3306 5004 3438 5060 pars
3462 4986 3768 5043 historiam

2116 5083 2336 5137 Veteris
2356 5083 2697 5138 Testamenti
2729 5082 3084 5153 designabat,
3114 5087 3169 5137 et
3200 5082 3441 5137 istarum
3470 5078 3769 5135 nonnulla

2121 5171 2337 5239 injuria
2389 5172 2661 5241 temporis
2698 5177 2861 5227 erant
2911 5171 3127 5240 deleta,
3170 5176 3235 5226 ut
3263 5184 3331 5225 ex
3358 5170 3551 5225 eadem
3576 5167 3691 5222 tab.
3724 5180 3767 5220 χ

2118 5258 2393 5315 facillime
2436 5261 2600 5331 argui
2655 5266 2877 5331 potest;
2931 5261 3112 5315 altera
3157 5274 3289 5315 vero
3333 5273 3465 5330 pars
3494 5257 3768 5327 superius

2064 5396 2075 5401 -
2115 5347 2472 5404 diversorum
2496 5354 2822 5403 sanctorum
2856 5349 3137 5419 imagines
3178 5347 3632 5418 reprasentabat.
3668 5344 3769 5402 Ila

2120 5438 2356 5506 pictura
2384 5437 2810 5506 antiquissima
2837 5445 2999 5491 erant
3041 5445 3095 5491 et
3120 5438 3235 5506 jam
3264 5443 3545 5492 vetustate
3591 5434 3763 5504 quasi

2116 5532 2485 5597 consumpta,
2514 5526 2683 5594 jussu
2722 5524 2979 5580 Formosi
3014 5525 3185 5595 primi
3230 5525 3440 5580 summi
3470 5523 3769 5593 pontiﬁcis

2115 5612 2296 5685 facta,
2345 5615 2445 5683 qui
2490 5613 2690 5670 ﬂoruit
2717 5626 2868 5669 anno
2895 5610 3020 5669 890.
3066 5615 3317 5669 Aderant
3360 5614 3533 5669 etiam
3568 5614 3627 5669 in
3658 5625 3766 5669 zo—
