4060 6176
330 251 439 310 253

1102 257 1469 315 BLANCHINI
1519 260 1826 318 DISSERT.
1879 264 1970 319 DE
2008 264 2166 320 ΑΝΤ.
2224 265 2333 319 RR.
2407 266 2601 321 PONT.
2663 267 2998 325 CATALOG.

3648 272 3756 332 254

333 381 536 450 phoro,
559 382 663 451 qui
684 381 949 437 imminet
968 383 1365 441 columnarum
1386 387 1691 457 epistyliis,
1718 388 1991 443 videlicet
2016 390 2073 447 A
2101 388 2309 461 obtigit
2342 391 2399 444 in
2434 392 2646 459 pariete
2676 392 2890 447 boreali
2924 396 3271 450 numerando
3300 408 3333 449 a
3362 393 3547 451 fronte
3578 395 3745 451 basi-

332 469 395 523 in
415 469 853 525 orbicularibus
872 471 994 525 illis
1018 472 1204 542 signis
1226 473 1497 529 indicatis
1522 476 1579 530 in
1604 475 1795 530 tabula
1817 491 1872 543 χ,
1897 476 1984 531 lit.

330 557 380 612 G
417 558 463 611 Η
491 557 721 625 depicta
766 559 1149 614 Romanorum
1198 561 1528 630 pontiﬁcum
1569 564 1778 633 capita,
1812 564 1988 619 sicuti

331 646 503 700 etiam
529 646 588 700 in
611 646 752 701 aliis
767 646 1196 703 orbicularibus
1217 650 1402 720 signis
1420 651 1510 706 his
1530 654 1911 721 superpositis
1930 657 1991 708 ut

338 733 547 788 ibidem
581 734 798 789 litteris
831 737 868 804 l,
902 736 941 789 L
970 740 1027 789 et
1064 735 1282 791 clarius
1324 738 1751 796 demonstratur
1784 741 1841 795 in
1873 740 1990 795 alia

334 821 527 876 tabula
560 835 616 875 χι
653 822 711 876 in
755 822 1091 891 ampliorem
1134 822 1369 880 formam
1409 827 1705 899 designata
1737 828 1843 884 sub
1884 828 1993 883 lit—

329 910 474 964 teris
514 911 578 979 Α,
625 911 686 977 B,
728 912 788 981 C,
821 912 887 982 D,
932 919 987 966 et
1030 912 1114 967 sic
1156 911 1226 967 de
1270 914 1532 985 reliquis.
1571 934 1595 966 ››
1627 918 1754 972 Hac
1793 917 1990 972 Ciam-

326 1012 525 1067 pinus.

400 1089 607 1143 Verum
656 1100 725 1143 ex
776 1089 993 1145 tabulis
1047 1091 1318 1163 publicis,
1374 1107 1439 1148 ea
1485 1094 1555 1149 de
1607 1108 1667 1148 re
1709 1093 1989 1150 confectis

322 1189 356 1230 a
406 1177 809 1233 commendato
863 1180 1069 1235 Jacobo
1123 1181 1429 1249 Grimaldi,
1476 1196 1542 1238 ex
1600 1183 1989 1238 destinatione

325 1264 494 1318 Pauli
529 1266 588 1332 γ,
616 1267 841 1321 notario
866 1268 932 1321 ad
970 1268 1024 1322 id
1061 1270 1317 1324 muneris
1345 1270 1583 1335 delecto,
1618 1273 1785 1339 cujus
1813 1278 1990 1327 auto—

324 1354 611 1424 grapbum
632 1354 687 1408 in
708 1354 940 1411 archivo
961 1364 1334 1412 sacrosancta
1353 1358 1609 1414 basilica
1630 1360 1984 1415 custoditum

322 1442 629 1497 consulere
666 1455 731 1498 ac
766 1443 1089 1500 describere
1132 1446 1276 1500 mihi
1318 1448 1656 1516 permissum
1700 1447 1832 1515 fuit,
1874 1462 1986 1503 an-

324 1536 542 1586 nuente
561 1531 1016 1589 eminentissimo
1032 1547 1095 1589 ac
1116 1537 1589 1592 reverendissimo
1610 1537 1675 1590 D.
1698 1536 1980 1591 cardinali

321 1618 549 1673 Albano
578 1621 1088 1692 archipresbytero,
1117 1630 1174 1678 et
1200 1638 1482 1682 consensu
1509 1626 1688 1681 totius
1715 1638 1980 1680 reveren-

2100 477 2245 547 lica,
2278 480 2571 548 proximus
2597 479 2849 549 pontifex
2873 482 2971 550 qui
3000 490 3242 551 occupat
3268 496 3479 538 nonum
3508 485 3750 540 orbicu—

2099 553 2217 619 lum
2272 567 2615 624 inscribitur
2662 571 3082 639 MARCELLUS,
3139 585 3338 640 nempe
3387 578 3599 641 martyr
3644 572 3751 627 sub

2098 658 2472 715 Diocletiano.
2503 661 2641 715 totis
2668 661 2999 731 quingentis
3024 662 3194 716 annis
3226 662 3506 716 vetustior
3534 661 3747 716 Adria—

2101 760 2173 802 no
2204 749 2225 801 Ι
2254 764 2268 817 ;
2300 747 2508 802 deinde
2552 750 2816 817 sequitur
2855 748 3154 818 AGATON,
3200 749 3469 805 ducentis
3498 754 3555 804 et
3585 753 3753 803 octo—

2101 836 2257 903 ginta
2289 834 2462 890 ferme
2491 837 2661 891 annis
2689 838 2970 893 recentior
2995 839 3278 908 Marcello,
3307 846 3364 893 et
3388 838 3598 894 saculo
3634 836 3755 893 fer-

2101 936 2187 977 me
2215 923 2401 978 solido
2438 924 2756 992 pracedens
2790 924 3124 980 Adrianum.
3159 928 3352 996 Neque
3392 926 3624 982 felicius
3652 933 3756 982 aut

2095 1011 2441 1082 diligentius
2493 1014 2677 1081 pictor
2728 1013 2826 1068 ille
2873 1015 3109 1083 parietis
3165 1014 3415 1071 borealis
3466 1016 3751 1084 expressit

2098 1099 2551 1171 chronol0giam,
2591 1115 2758 1171 quam
2803 1108 3022 1171 poterat
3050 1103 3250 1158 saltem
3284 1104 3343 1158 in
3376 1104 3751 1173 pontificibus

2099 1188 2361 1256 repetitis
2392 1190 2642 1244 mutuari
2675 1204 2743 1244 ex
2778 1192 2994 1259 pariete
3022 1192 3277 1246 adverso.
3313 1192 3566 1247 Vidisset
3595 1191 3747 1245 enim

2095 1277 2361 1331 Marcello
2408 1277 2655 1332 tributos
2696 1278 2754 1331 in
2802 1283 2931 1333 sede
2979 1279 3125 1333 Petri
3169 1292 3352 1334 annos
3390 1279 3648 1349 quinque
3696 1284 3752 1334 et

2096 1378 2316 1421 menses
2343 1373 2555 1436 septem
2578 1367 2737 1438 (quot
2760 1369 2933 1423 etiam
2962 1369 3022 1422 in
3046 1369 3288 1424 vetustis
3313 1381 3378 1424 ac
3403 1368 3752 1423 sinceriori—

2094 1452 2202 1508 bus
2231 1454 2516 1525 Catalogis
2562 1456 2972 1527 assignantur),
3016 1470 3115 1511 nec
3156 1458 3225 1511 ad
3257 1456 3587 1511 octennium
3618 1468 3749 1510 cum

2091 1541 2353 1598 bimestri
2394 1546 2601 1614 spatio,
2643 1552 2709 1600 ut
2749 1546 2869 1615 ipse
2911 1545 3121 1613 pinxit,
3164 1545 3481 1616 prorogari.
3518 1545 3751 1600 Constat

2094 1635 2276 1706 igitur
2299 1637 2556 1705 picturas
2586 1637 2823 1706 parietis
2852 1636 3101 1692 borealis
3126 1637 3315 1691 serius
3336 1636 3517 1692 fuisse
3542 1650 3741 1705 super-

322 1709 562 1764 dissimi
602 1710 845 1779 capituli
884 1709 1054 1781 (unde
1092 1714 1263 1768 etiam
1306 1714 1573 1770 hauserat
1604 1714 1977 1785 Ciampinus),
2008 1712 2059 1771 B
2092 1723 2319 1778 additas
2370 1729 2534 1777 atate
2587 1724 2865 1793 sequiori,
2921 1725 3142 1792 qualem
3192 1725 3445 1779 vidimus
3499 1725 3746 1780 indicari

326 1798 583 1868 proferre
599 1800 759 1869 juvat
781 1800 1165 1855 recensionem
1192 1804 1823 1872 veterumpicturarum
1858 1816 1981 1873 qua

325 1886 406 1941 ibi
429 1888 853 1957 spectabantur.
876 1889 1171 1945 Constabit
1193 1892 1347 1945 enim
1369 1893 1573 1946 seriem
1600 1892 1756 1947 illam
1783 1891 1984 1961 ponti-

323 1975 519 2042 ﬁcum,
541 1991 666 2045 qua
687 1991 860 2047 supra
878 1978 1144 2048 epistylia
1160 1985 1215 2033 et
1233 1981 1560 2035 coronidem
1583 1981 1979 2036 columnarum

321 2065 659 2120 sublimiori
702 2067 760 2120 in
804 2066 1084 2136 stylobate
1125 2068 1352 2137 depicta
1391 2074 1531 2137 erat,
1579 2069 1687 2123 sub
1732 2070 1981 2138 picturis

320 2155 547 2209 Veteris
574 2156 918 2210 Testamenti
950 2157 1222 2225 colorato,
1253 2157 1563 2213 indicatam
1595 2159 1807 2213 litteris
1834 2158 1897 2214 ll.
1920 2160 1979 2214 in

321 2242 438 2297 tab.
458 2257 496 2297 ι
512 2243 930 2313 Ciampiniana,
954 2244 1133 2300 fuisse
1151 2245 1539 2315 antiquiorem
1558 2251 1615 2300 et
1632 2246 1981 2315 pertinuisse

321 2332 389 2386 ad
438 2338 658 2387 atatem
711 2333 964 2389 Formosi
1032 2347 1238 2403 papa;
1283 2335 1518 2389 alteram
1584 2349 1716 2391 vero
1772 2336 1975 2391 seriem

320 2423 651 2477 eorumdem
702 2423 1058 2492 pontiﬁcum,
1123 2437 1249 2493 qua
1295 2424 1609 2479 constituta
1655 2430 1777 2479 erat
1828 2426 1981 2479 intra

320 2510 654 2565 coronidem
676 2517 734 2565 et
758 2510 1089 2580 epistylium
1118 2512 1344 2567 ordinis
1369 2512 1765 2567 columnarum
1792 2514 1848 2568 in
1877 2528 1978 2568 zo-

321 2600 526 2669 phoro,
564 2599 661 2655 ubi
703 2614 835 2655 sunt
871 2600 1076 2656 littera
1108 2602 1175 2669 G,
1209 2602 1273 2670 Η,
1318 2600 1433 2655 tab.
1466 2615 1502 2655 χ
1535 2602 1686 2670 apud
1718 2602 1980 2671 Ciampi—

321 2701 483 2757 num,
511 2702 658 2757 opus
685 2688 866 2744 fuisse
905 2690 1092 2745 atatis
1138 2691 1319 2746 multo
1352 2691 1691 2745 recentioris
1723 2709 1736 2744 :
1768 2691 1979 2760 quippe

321 2792 451 2849 qua
479 2778 702 2833 Nicolai
751 2779 912 2833 tertii
946 2777 1212 2834 mandato
1249 2779 1475 2848 depicta
1508 2779 1590 2833 ibi
1623 2778 1810 2835 fuerat
1839 2780 1978 2843 totis

319 2863 427 2922 400
471 2864 648 2922 ferme
692 2867 862 2922 annis
910 2872 1038 2937 post
1088 2867 1292 2923 seriem
1336 2880 1369 2921 a
1413 2869 1682 2924 Formoso
1730 2880 1977 2937 superne

318 2956 684 3025 dispositam.

2091 1812 2263 1866 etiam
2303 1824 2399 1880 per
2432 1824 2801 1865 marmoream
2833 1811 3200 1882 epigraphem
3240 1812 3493 1880 ejusdem
3545 1812 3745 1868 lateris

2092 1901 2359 1958 borealis.
2389 1901 2631 1956 barbaro
2663 1900 2809 1970 stylo
2829 1900 3238 1956 deformantem
3269 1900 3497 1956 brevem
3523 1902 3748 1970 episto—

2096 1990 2206 2045 lam
2236 1990 2497 2061 Gregorii
2531 1991 2711 2059 tertii,
2740 2004 2772 2045 a
2804 1990 2970 2046 nobis
3012 1990 3289 2060 prolatam
3319 1991 3377 2044 in
3412 1990 3747 2059 prafatione

2094 2079 2232 2134 tomi
2275 2080 2447 2147 primi
2495 2092 2730 2134 numero
2772 2077 2860 2133 38.
2904 2078 3285 2134 Vetustiorem
3324 2080 3507 2148 igitur
3538 2080 3745 2134 seriem

2090 2181 2156 2222 ac
2186 2168 2473 2237 superiori
2524 2168 2647 2223 loco
2689 2168 2927 2237 positam
2975 2168 3033 2221 in
3073 2166 3315 2220 basilica
3351 2166 3405 2220 S.
3460 2166 3622 2221 Pauli
3654 2167 3746 2221 via

2090 2256 2341 2313 Ostiensi
2387 2272 2515 2313 cum
2560 2258 2936 2326 appellavero,
2982 2256 3300 2327 intelligam
3350 2256 3605 2312 indicare
3644 2270 3748 2327 ge—

2092 2345 2328 2400 nuinam
2361 2345 2543 2414 illam,
2578 2359 2761 2415 neque
2794 2346 3069 2400 hactenus
3100 2342 3495 2413 deformatam,
3530 2358 3656 2413 qua
3684 2344 3745 2400 in

2092 2435 2309 2503 pariete
2338 2434 2579 2489 australi
2611 2449 2643 2489 a
2678 2435 2736 2487 Β.
2771 2435 2933 2489 Petro
2972 2440 3234 2489 numerat
3272 2432 3571 2503 pontiﬁces
3598 2432 3746 2489 duos

2088 2530 2145 2577 et
2174 2524 2555 2595 quadraginta
2582 2537 2764 2592 usque
2790 2524 2858 2578 ad
2885 2524 2941 2577 S.
2978 2524 3367 2579 Innocentium
3395 2524 3521 2592 ejus
3550 2522 3746 2578 nomi—

2090 2611 2183 2665 nis
2205 2611 2474 2681 primum.
2498 2611 2865 2680 Adjectitiam
2890 2624 3019 2665 vero
3043 2617 3278 2681 partem,
3299 2611 3557 2681 sequiori
3580 2617 3746 2667 atate

2090 2701 2355 2769 positam,
2382 2714 2446 2754 ac
2474 2700 2773 2755 manifeste
2794 2701 3075 2775 vitiatam,
3107 2700 3437 2770 perturbato
3462 2701 3667 2756 ordine
3689 2708 3747 2756 et

2090 2788 2375 2856 perversis
2432 2788 2587 2843 notis
2644 2788 3072 2859 chronologicis
3125 2789 3185 2843 in
3243 2790 3479 2846 adverso
3530 2790 3746 2858 pariete

2088 2875 2303 2931 boreali
2367 2877 2574 2944 pictam
2629 2882 2900 2947 tanquam
2956 2877 3316 2946 rhapsodiam
3366 2877 3741 2948 inconditam,

2086 2965 2255 3032 cujus
2281 2978 2463 3034 neque
2487 2970 2705 3037 auctor,
2733 2979 2915 3035 neque
2940 2965 3246 3035 exemplar,
3274 2967 3389 3021 imo
3421 2979 3522 3021 nec
3548 2979 3746 3021 exem-

389 3044 444 3101 5.
488 3045 697 3100 Eadem
739 3045 1047 3101 diversitas
1092 3047 1281 3101 atatis
1326 3046 1479 3101 clare
1523 3046 1975 3116 deprehenditur
2001 3039 2048 3098 Ο
2087 3052 2243 3120 plum
2273 3052 2455 3107 ullum
2478 3053 2866 3123 cognoscitur,
2892 3053 3067 3108 nihili
3092 3052 3428 3120 habendam,
3450 3065 3522 3109 ex
3548 3052 3745 3124 regula

317 3136 491 3190 etiam
523 3147 674 3189 nunc
704 3134 1038 3203 spectabilis
1068 3135 1130 3189 in
1158 3135 1381 3204 duplici
1413 3136 1561 3190 serie
1590 3136 1971 3191 Romanorum

320 3223 652 3278 antistitum
686 3224 747 3277 in
788 3222 1030 3277 basilica
1058 3223 1114 3278 S.
1148 3223 1333 3278 Pauli.
1378 3224 1493 3279 Hoc
1527 3237 1703 3279 unum
1738 3225 1979 3281 interest

322 3313 469 3382 quod
497 3313 557 3365 in
581 3311 822 3367 basilica
848 3312 1085 3366 Paulina
1106 3313 1286 3367 series
1314 3326 1487 3381 supra
1508 3313 1836 3368 coronidem
1863 3314 1978 3369 sita

321 3405 629 3469 exacteque
654 3398 905 3454 referens
930 3399 1189 3455 ordinem
1212 3407 1269 3455 et
1292 3400 1723 3471 chronologiam
1755 3414 1979 3457 eorum-

324 3488 445 3542 dem
482 3486 841 3556 pontiﬁcum,
877 3487 936 3541 in
980 3488 1194 3557 pariete
1237 3489 1466 3558 quidem
1511 3488 1777 3554 australi,
1818 3496 1874 3544 et
1915 3491 1975 3545 in

324 3574 599 3644 stylobate
620 3575 920 3645 supposito
948 3576 1193 3646 picturis
1215 3577 1435 3632 Veteris
1453 3578 1793 3633 Testamenti
1823 3576 1977 3633 refe-

324 3663 491 3718 renda
519 3664 753 3718 videtur
775 3664 842 3719 ad
871 3664 1139 3733 quintum
1166 3664 1381 3719 Christi
1412 3665 1707 3734 saculum,
1740 3671 1801 3720 ut
1825 3664 1975 3720 infra

321 3752 617 3807 ostendam
652 3769 667 3821 ;
698 3753 766 3807 ad
799 3753 946 3823 quod
980 3753 1253 3808 saculum
1292 3752 1469 3809 dubio
1501 3754 1697 3822 procul
1732 3754 1978 3822 pertinet

322 3841 610 3896 musivum
648 3854 818 3896 arcus
858 3842 1251 3913 triumphalis,
1295 3843 1478 3897 eidem
1525 3843 1728 3911 parieti
1776 3844 1979 3911 proxi—

321 3943 496 3997 mum,
534 3929 595 3984 in
626 3930 820 3984 eadem
854 3931 984 3984 navi
1030 3931 1291 3985 mediana
1332 3936 1652 3985 memorata
1697 3930 1972 4001 basilica,

321 4017 377 4071 in
405 4030 522 4087 quo
546 4018 739 4073 adhuc
765 4018 1035 4097 leguntur
1062 4020 1294 4075 nomina
1321 4019 1524 4074 Leonis
1554 4020 1741 4090 Magni
1762 4026 1817 4074 et
1842 4019 1979 4073 Pla—

319 4107 486 4161 cidia
505 4106 800 4177 Augusta,
822 4121 968 4177 opus
993 4109 1047 4163 id
1074 4108 1264 4177 perﬁci
1285 4108 1611 4178 jubentium
1635 4126 1649 4180 ;
1678 4109 1736 4163 in
1762 4107 1977 4178 pariete

320 4201 508 4251 autem
552 4196 810 4264 adverso,
861 4197 930 4251 ad
981 4196 1202 4267 plagam
1246 4196 1472 4252 scilicet
1514 4197 1793 4253 borealem
1837 4197 1974 4266 sito,

322 4285 501 4340 series
533 4284 871 4354 pontiﬁcum
916 4285 1245 4354 perturbate
1287 4285 1568 4353 disposita
1602 4300 1701 4356 per
1732 4287 1978 4356 imperi-

2087 3141 2334 3196 secunda
2364 3141 2573 3210 capitis
2603 3142 2941 3210 superioris.

2157 3228 2209 3283 6.
2243 3228 2449 3283 Subter
2477 3243 2597 3282 eam
2629 3230 2832 3283 seriem
2863 3230 3256 3299 vetustiorem,
3299 3229 3506 3285 saculo
3536 3230 3741 3299 quinto

2089 3317 2293 3386 parieti
2326 3316 2567 3371 australi
2598 3318 3069 3386 commendatam,
3104 3316 3220 3371 alia
3250 3317 3427 3371 series
3458 3316 3743 3371 recentior

2085 3405 2303 3474 adjecta
2343 3402 2458 3459 fuit
2490 3418 2522 3458 a
2552 3404 2786 3460 Nicolao
2824 3405 2950 3472 ejus
2986 3403 3241 3458 nominis
3271 3404 3442 3457 tertio
3472 3403 3647 3457 etiam
3680 3404 3739 3458 in
3798 3430 3813 3437 -

2086 3492 2332 3549 basilica
2357 3494 2411 3547 S.
2447 3493 2607 3547 Pauli
2637 3510 2652 3562 ;
2680 3506 2857 3561 eaque
2884 3505 2917 3545 a
2944 3492 2997 3545 S.
3034 3492 3197 3544 Petro
3225 3490 3295 3544 ad
3327 3497 3742 3560 consequentes

2087 3581 2385 3649 pontiﬁces
2413 3579 2617 3634 ordine
2644 3591 2897 3648 congruo
2936 3577 3265 3644 deducitur,
3297 3577 3538 3646 adjectis
3565 3578 3737 3633 etiam

2088 3668 2243 3722 notis
2266 3666 2692 3736 chronologicis
2725 3678 2821 3734 per
2842 3665 3066 3720 litteras
3090 3666 3326 3732 afﬂictas
3351 3672 3415 3721 ut
3438 3670 3659 3734 vocant,
3682 3676 3739 3722 et

2088 3755 2387 3811 barbarico
2419 3756 2598 3810 ductu
2633 3754 2826 3823 (prout
2862 3767 2929 3809 ea
2969 3752 3223 3809 ferebant
3261 3754 3531 3826 tempora)
3576 3753 3739 3811 defor

2088 3858 2222 3899 mes.
2255 3844 2463 3899 Verum
2493 3851 2551 3897 et
2582 3844 2818 3912 pictura
2843 3850 2899 3898 et
2934 3842 3141 3897 littera
3180 3844 3464 3913 pleraque
3504 3843 3743 3899 decide-

2086 3939 2240 4000 runt,
2269 3946 2398 3986 cum
2431 3931 2556 3987 calx
2583 3945 2777 3986 recens
2808 3931 3218 4001 superinducta
3239 3932 3482 3987 vetustis
3510 3931 3740 4001 parieti-

2088 4022 2198 4092 nis,
2248 4026 2304 4075 et
2351 4034 2524 4091 gypso
2571 4019 2825 4084 subacta,
2881 4031 2992 4074 non
3043 4019 3187 4074 satis
3237 4026 3368 4089 apte
3413 4020 3735 4076 cohaeserit.

2085 4109 2253 4164 Nulla
2282 4115 2466 4164 tamen
2492 4108 2719 4175 jactura
2751 4105 2865 4162 fuit
2904 4107 3185 4177 historia,
3213 4114 3315 4163 aut
3350 4107 3740 4178 chronologia

2088 4197 2147 4251 in
2174 4204 2537 4252 monumento
2568 4197 2707 4251 adeo
2730 4195 2964 4259 recenti,
2999 4195 3098 4251 ubi
3129 4195 3435 4265 antiquum
3470 4196 3638 4264 illud,
3670 4195 3740 4250 ad

2088 4285 2358 4340 saculum
2406 4285 2607 4340 Leonis
2645 4285 2832 4356 Magni
2876 4285 3258 4355 referendum,
3303 4284 3604 4355 potissima
3645 4283 3740 4339 sui

323 4378 439 4429 tum
466 4373 725 4444 aliquem
755 4380 1074 4429 curatorem
1106 4375 1316 4444 operis,
1350 4376 1450 4444 qui
1480 4376 1736 4446 sequiori
1764 4376 1975 4431 saculo
2005 4386 2059 4447 ι)
2090 4380 2248 4443 parte
2279 4375 2563 4445 integrum
2604 4380 2846 4429 constat.

325 4462 560 4532 implere
587 4462 775 4518 voluit
802 4473 1065 4519 vacantes
1094 4478 1254 4519 areas
1278 4463 1652 4535 orbiculares,
1686 4471 1790 4519 aut
1815 4464 1977 4519 labe-

323 4536 526 4606 factata
551 4552 841 4623 pigmenta
865 4552 1103 4621 parietis
1126 4552 1349 4608 adversi
1376 4553 1719 4621 assimilare,
1753 4553 1973 4608 infelici

325 4637 485 4706 plane
508 4646 724 4695 conatu
754 4641 946 4695 omnia
966 4642 1408 4709 commiscendo,
1434 4641 1580 4695 citra
1611 4640 1784 4695 ullam
1808 4642 1975 4697 ordi—

324 4727 413 4780 nis
440 4734 544 4784 aut
574 4728 965 4800 chronologia
1003 4729 1479 4796 observationem,
1528 4728 1820 4798 proximos
1851 4730 1975 4785 loco

326 4815 550 4873 exhibet
564 4817 865 4886 pontiﬁces
884 4818 1151 4887 pluribus
1164 4818 1647 4874 saculisinvicem
1662 4819 1970 4889 sejunctos,

328 4904 630 4977 pluresque
656 4908 864 4976 repetit
883 4921 1182 4977 expressos
1205 4923 1311 4964 suo
1334 4908 1457 4963 loco
1502 4908 1558 4962 in
1594 4907 1788 4962 eadem
1827 4909 1976 4964 serie

328 4994 530 5049 saculo
579 4994 787 5064 quinto
838 4996 1067 5065 depicta
1124 4997 1184 5051 in
1243 4998 1459 5066 pariete
1510 4995 1775 5052 australi.
1834 4998 1972 5052 Nam

327 5080 573 5139 Adriano
599 5084 725 5153 ejus
757 5084 1011 5140 nominis
1042 5086 1248 5155 primo,
1284 5085 1380 5140 cui
1411 5090 1644 5141 octavus
1672 5083 1973 5141 orbiculus

2160 4463 2455 4532 Duplicem
2489 4463 2671 4533 igitur
2701 4463 2906 4517 seriem
2940 4463 3191 4518 Paulina
3221 4461 3498 4532 basilica,
3542 4476 3743 4532 nempe

2088 4553 2428 4608 Leonianam
2475 4552 2634 4606 illam
2681 4551 3129 4606 vetustissimam
3174 4565 3349 4620 supra
3388 4552 3737 4620 coronidem,

2086 4647 2143 4695 et
2173 4642 2547 4697 recentiorem
2572 4655 2606 4695 a
2635 4640 2868 4695 Nicolao
2901 4640 3071 4695 tertio
3102 4638 3420 4708 appositam
3457 4639 3607 4695 infra
3635 4654 3743 4695 co—

2086 4730 2342 4783 ronidem
2375 4729 2433 4783 in
2465 4728 2772 4797 epistyliis,
2820 4727 3199 4782 imitabantur
3225 4727 3353 4781 dua
3384 4726 3499 4781 illa
3529 4733 3742 4796 specta-

2085 4817 2232 4872 biles
2265 4817 2323 4871 in
2354 4816 2644 4884 Vaticana,
2677 4831 2921 4886 quarum
2955 4816 3221 4885 superior
3258 4814 3527 4870 Formoso
3560 4829 3735 4893 papa,

2087 4905 2329 4961 inferior
2358 4906 2541 4959 eidem
2569 4907 2801 4961 Nicolao
2835 4906 3004 4961 tertio
3032 4905 3316 4960 tribuitur
3343 4904 3518 4959 etiam
3551 4905 3609 4958 in
3643 4911 3739 4959 ta-

2084 4995 2239 5050 bulis
2273 4992 2523 5063 publicis
2565 4994 2848 5048 Grimaldi
2890 4994 3122 5063 notarii,
3158 4992 3298 5049 folio
3328 4989 3423 5047 464
3476 4993 3558 5049 ita
3603 5004 3738 5062 per—

2086 5083 2345 5152 scriptis.
