4060 6176
342 329 452 388 257

1129 337 1494 394 BLANCHINI
1543 337 1849 394 DISSERT.
1900 338 1990 391 DE
2031 337 2186 392 ANT.
2245 339 2356 393 RR.
2413 338 2610 394 PONT.
2665 338 3001 395 CATALOG.

3643 336 3756 396 258

422 474 449 505 α
490 456 605 509 Hoc
630 469 782 510 anno
806 454 983 525 (1610)
1007 460 1269 515 navicula
1295 461 1351 515 in
1383 462 1530 516 atrio
1555 474 1724 516 manu
1748 461 1885 516 Jotti
1910 461 1994 529 pi-
2021 459 2078 517 A
2108 467 2162 514 et
2209 461 2421 515 indicia
2467 467 2733 534 suggeret
2770 464 2839 517 ad
2872 468 3090 517 atatem
3137 468 3309 532 atque
3351 450 3750 519 auctoritatem

348 542 527 596 ctoris
574 545 789 614 egregii
828 548 1048 601 musivo
1092 547 1308 609 effecta,
1362 563 1460 617 pro
1509 564 1621 619 quo
1666 562 1832 618 opere
1882 549 1997 604 duo

351 630 537 684 millia
575 636 632 685 et
672 633 948 687 ducentos
996 635 1241 690 ﬁorenos
1278 636 1518 692 Iacobus
1553 638 1706 691 card.
1754 637 1999 705 Stepha-

353 731 537 787 nesca,
572 719 795 775 Nicolai
828 723 899 776 IIl
932 736 1229 792 pronepos,
1258 725 1327 778 de
1353 739 1457 780 suo
1489 726 1849 795 expenderat,
1885 723 1998 779 fuit

351 814 505 874 septa
536 806 715 878 lignis
733 811 1059 879 optimeque
1088 812 1325 875 munita,
1359 819 1415 867 et
1436 827 1608 883 super
1635 814 1844 881 ruinis,
1874 828 1999 883 qua

352 901 596 949 montem
624 895 943 959 eﬁ’ecerant,
979 897 1253 954 translata
1284 898 1413 967 fuit,
1452 920 1477 950 »
1502 908 1607 957 etc.

428 1003 455 1034 α
487 974 553 1037 In
570 986 756 1040 muris
779 1000 950 1055 super
968 987 1281 1055 majoribus
1296 990 1583 1045 columnis
1613 990 1812 1046 media
1840 991 2000 1045 navis

347 1079 514 1127 erant
547 1074 786 1141 pictura:
818 1076 1069 1130 Formosi
1100 1089 1273 1144 papa.
1306 1080 1364 1131 In
1398 1084 1555 1146 parte
1584 1079 1811 1133 dextera
1843 1092 1999 1148 egre-

347 1160 564 1215 diendo
603 1159 902 1216 basilicam
941 1168 1105 1217 erant
1137 1164 1396 1219 historia:
1428 1166 1567 1219 Novi
1609 1167 1950 1221 Testamenti
1982 1185 1994 1220 :

348 1248 447 1302 sed
480 1249 619 1317 quia
649 1262 847 1304 murus
867 1250 1234 1318 pendebatur,
1263 1258 1319 1306 et
1346 1251 1537 1307 facilis
1567 1259 1686 1307 erat
1722 1254 1789 1308 ad
1826 1268 1885 1309 se
1918 1254 1998 1308 ibi

349 1334 779 1405 glutinandum,
850 1339 945 1393 vix
1005 1340 1329 1394 cernebant.
1398 1341 1637 1411 Aliquas
1722 1342 1908 1397 notavi
1984 1356 1998 1395 :

346 1424 633 1494 Apparuit
653 1428 900 1480 undecim
928 1428 1207 1496 apostolis.
1226 1459 1294 1467 —
1315 1433 1608 1484 Descensus
1642 1431 1718 1483 ad
1758 1431 1997 1484 limbum.

348 1541 413 1553 -—
452 1515 765 1582 Baptismus
796 1522 852 1568 in
880 1516 1117 1570 Jordane
1150 1521 1240 1581 ;et
1269 1531 1441 1586 super
1467 1525 1723 1587 quartam
1750 1524 1805 1573 et
1837 1519 2000 1588 quin-

352 1606 466 1657 tam
499 1602 821 1658 columnam
853 1609 974 1659 erat
996 1604 1318 1660 Cruciﬁxus
1346 1607 1558 1675 pariter
1582 1607 1845 1676 depictus
1874 1621 2003 1662 cum

349 1692 582 1748 duobus
621 1693 945 1750 latronibus
978 1713 995 1759 ς
1032 1693 1179 1749 infra
1212 1708 1376 1764 quem
1410 1696 1789 1751 cernebantur
1818 1698 2007 1766 capita

349 1781 763 1850 antiquissima
790 1781 1014 1851 depicta
1032 1783 1419 1851 apostolorum
1447 1784 1696 1838 Simonis
1726 1791 1781 1839 et
1800 1786 1957 1840 Juda
1988 1802 2001 1838 :
2037 1766 2084 1825 Β

348 1876 484 1923 ante
507 1869 965 1924 accendebantur
997 1870 1215 1925 lumina
1248 1871 1309 1925 in
1335 1869 1479 1926 festo
1502 1873 1830 1927 eorumdem
1861 1886 2004 1941 apo-

349 1956 653 2011 stolarum.
690 1959 749 2011 In
781 1957 962 2013 altero
991 1971 1121 2013 vero
1156 1960 1390 2027 pariete.
1424 1974 1587 2029 quem
1625 1963 1838 2029 pariter
1862 1974 2004 2030 pen—

348 2045 578 2100 dentem
607 2045 797 2114 pulvis
816 2045 1096 2101 offendere
1136 2061 1243 2102 non
1281 2053 1533 2116 poterat:
1581 2049 1731 2102 Area
1780 2050 2001 2119 diluvii,

350 2133 648 2186 inundatio
683 2150 973 2202 aquarum.
1001 2164 1069 2175 —-
1098 2135 1195 2188 Lot
1238 2137 1515 2203 egreditur
1554 2138 1620 2190 de
1644 2138 1907 2191 Sodomis.
1935 2167 2005 2177 —

348 2221 639 2275 Abraham
679 2226 787 2275 tres
814 2223 955 2276 vidit
993 2228 1043 2276 et
1078 2239 1247 2279 unum
1289 2224 1559 2278 adoravit.
1594 2256 1661 2266 —
1708 2227 2004 2280 Immolatio

348 2310 529 2363 Isaac.
561 2312 863 2378 —Moyses
901 2316 952 2365 et
974 2312 1166 2365 Aaron
1206 2314 1505 2381 loquuntur
1532 2314 1607 2366 ad
1643 2314 2001 2384 Pharaonem,

348 2404 413 2452 ut
438 2399 683 2453 dimittat
699 2400 982 2468 populum.
1017 2430 1085 2438 -—
1109 2402 1318 2468 Moyses
1342 2406 1391 2454 et
1417 2402 1609 2455 Aaron
1638 2404 1849 2469 virgam
1876 2420 2004 2457 ver—

350 2492 478 2540 tunt
498 2490 557 2541 in
583 2494 898 2556 serpentem,
935 2506 962 2537 ι)
993 2496 1101 2544 etc.
1134 2489 1405 2558 Sequitur
1434 2491 1580 2545 alias
1609 2492 1783 2546 Exodi
1814 2492 2004 2547 histo-

350 2577 473 2630 rias
498 2589 859 2644 enumerans,
890 2576 970 2631 ibi
1002 2578 1277 2645 depictas,
1306 2578 1362 2631 in
1396 2577 1510 2633 tab.
1540 2579 1825 2648 Ciampini
1854 2594 1911 2635 x.
1942 2582 2004 2635 in

347 2665 509 2719 areis
539 2666 837 2734 quadratis
857 2683 871 2729 ;
894 2672 1013 2719 tum
1042 2666 1158 2720 hac
1181 2665 1383 2721 subdit
1409 2667 1479 2722 de
1498 2667 1647 2722 serie
1669 2668 2003 2737 pontiﬁcum

350 2753 658 2808 vetustiori
694 2753 775 2807 ibi
811 2753 897 2807 lit.
936 2755 973 2807 I.
1007 2754 1069 2807 L.

429 2860 456 2892 α
490 2839 643 2894 Infra
673 2840 775 2895 has
803 2841 1059 2908 picturas
1088 2847 1250 2897 erant
1289 2844 1478 2913 capita
1511 2843 1843 2912 pontiﬁcum
1871 2858 2002 2900 cum

352 2933 549 2983 manto
576 2942 729 2983 more
746 2930 1139 2999 antiquorum,
1172 2945 1300 2986 cum
1323 2932 1674 2999 nominibus,
1705 2932 1859 2988 verbi
1885 2946 2005 3003 gra-

351 3017 434 3071 tia
462 3034 475 3070 :
503 3017 735 3071 Sir-ictus
765 3018 907 3072 sedit
933 3035 1066 3072 ann.
1108 3032 1200 3087 xv,
1232 3036 1401 3083 mens,
1435 3034 1490 3089 v,
1533 3022 1587 3075 d.
1625 3034 1699 3075 xx
1730 3020 2004 3092 (Anasta—

350 3107 468 3159 sius
510 3107 652 3159 sedit
677 3108 909 3176 αντη...)
938 3108 1091 3161 Pelia:
1130 3108 1271 3161 sedit
1306 3124 1438 3162 ann.
1484 3122 1523 3180 I,
1554 3125 1772 3163 mens...
1802 3107 2000 3179 (Julius

350 3195 494 3249 sedit
521 3211 725 3250 ann....
771 3196 1061 3263 (Eusebius
1107 3198 1248 3251 sedit
1284 3204 1510 3270 ana...)
1559 3198 1811 3254 Ormisda
1862 3199 2003 3253 sedit

350 3300 553 3339 ann....
589 3304 615 3334 ι)

419 3374 667 3428 Tandem
696 3374 1042 3430 descendens
1068 3376 1136 3430 ad
1168 3373 1494 3431 inferiorem
1527 3377 1731 3432 seriem
1764 3390 1997 3432 eorum-

352 3461 473 3516 dem
510 3463 870 3530 pontiﬁcum,
910 3465 1075 3531 jussu
1117 3464 1338 3519 Nicolai
1380 3467 1451 3520 III
1483 3466 1540 3520 in
1575 3465 1823 3535 zophoro
1852 3472 1909 3521 et
1936 3466 1996 3519 in

353 3550 644 3619 epistyliis
672 3551 1031 3619 dispositam,
1066 3554 1142 3607 ita
1169 3553 1389 3608 scribit.

422 3658 449 3688 α
471 3640 530 3693 In
545 3640 794 3707 zOphoro
818 3640 1230 3709 musivioperis
1249 3655 1421 3711 supra
1444 3642 1999 3713 peristyliiscolum-

357 3739 557 3781 narum
586 3736 746 3782 erant
776 3734 908 3784 rota
937 3743 1065 3785 cum
1102 3731 1451 3800 imaginibus
1479 3746 1826 3788 summorum
1854 3746 2004 3801 pon-

356 3814 599 3883 tiﬁcum,
626 3808 787 3886 quas,
814 3824 876 3872 ut
904 3818 1380 3888 inquitMapheus
1396 3820 1840 3891 Veggius,pingi
1864 3820 2002 3875 fecit

354 3904 627 3959 Nicolaus
653 3907 738 3959 III.
766 3908 825 3960 In
854 3906 1026 3963 latere
1057 3908 1300 3963 sinistro
1327 3909 1670 3978 egrediendo
1702 3909 1998 3964 basilicam

357 3991 508 4061 Pius,
541 3993 722 4061 Soter,
773 3994 1130 4057 Eleutherus,
1174 3997 1389 4065 Victor,
1422 3997 1786 4066 Zophirinus,
1819 3998 2001 4053 Calli—

357 4086 498 4149 stus,
532 4082 816 4147 Urbanus,
843 4084 1152 4153 Antherus,
1188 4086 1518 4145 Pontianus.
1548 4086 1845 4153 Favianus,
1874 4087 2001 4141 Cor-

358 4169 545 4225 nelius
574 4188 587 4224 :
617 4184 790 4240 supra
824 4173 1121 4241 peristylio
1144 4173 1427 4229 Africana
1456 4174 1735 4229 columna
1770 4176 1995 4242 Lucius,

354 4256 696 4326 Stephanus,
740 4260 957 4328 Sixtus,
998 4262 1330 4331 Dionysius,
1364 4262 1543 4328 Felix,
1594 4263 1996 4333 Eutichianus,

355 4344 545 4413 Caius,
577 4347 961 4403 Marcellinus.
992 4350 1090 4403 Isti
1130 4355 1258 4405 octo
1287 4351 1582 4419 pontiﬁces
1610 4357 1773 4406 erant
1805 4352 1860 4406 in
1895 4366 2001 4421 pa—

358 4432 495 4488 riete
520 4431 734 4490 frontis
759 4436 976 4505 templi.
1006 4438 1308 4493 Marcellus
1333 4452 1505 4507 super
1528 4440 1706 4495 altera
1736 4439 2001 4495 columna

355 4520 642 4591 Africana,
700 4525 1002 4592 Eusebius,
1062 4527 1367 4583 Miltiades.
1437 4529 1707 4584 Silvester
1760 4529 2004 4584 habebat

358 4611 556 4668 tiaram
582 4627 710 4668 cum
747 4627 857 4669 una
889 4621 1107 4671 tantum
1140 4630 1367 4671 corona.
1390 4616 1508 4671 Alii
1532 4622 1663 4672 ante
1692 4619 1877 4685 ipsum
1912 4618 2006 4672 ha-

360 4697 565 4754 bebant
588 4701 911 4757 diademata
942 4717 1069 4757 cum
1106 4703 1284 4772 pallio
1308 4718 1459 4759 more
1488 4706 1704 4759 Graco.
1729 4706 1859 4759 Post
1883 4705 2005 4759 Sil—

357 4795 601 4842 vestrum
622 4789 724 4858 qui
741 4791 921 4845 sancti
938 4798 1074 4846 sunt
1091 4792 1371 4847 habebant
1391 4792 1712 4847 diademata
1736 4794 2001 4862 rotunda,

357 4883 411 4929 et
441 4877 647 4931 tiaram
680 4892 809 4933 cum
842 4892 952 4935 una
972 4893 1200 4943 corona,
1235 4880 1707 4946 Marcus,Julius.
1741 4881 2006 4936 Liberius

365 4962 600 5018 habebat
627 4971 849 5021 tantum
892 4968 1155 5023 diadema
1188 4973 1553 5039 quadratum.
1582 4969 1762 5038 Felix,
1795 4971 2005 5024 Dama-

357 5065 473 5118 sus,
497 5054 767 5122 Siricius,
798 5062 852 5109 et
877 5057 1237 5113 Anastasius.
1260 5057 1441 5128 Supra
1470 5058 1726 5127 picturas
1748 5058 2001 5112 Formosi

357 5147 514 5195 erant
542 5143 831 5211 propheta
874 5150 1092 5200 stantes
1119 5147 1263 5209 (vide
1287 5149 1347 5199 in
1380 5148 1489 5200 tab.
1523 5160 1560 5200 x
1591 5146 1883 5214 Ciampini,
1918 5147 2001 5199 lit.

357 5227 412 5283 C.
441 5229 526 5301 D.)
556 5236 675 5286 tota
693 5231 945 5303 denique
976 5234 1098 5303 ipsa
1140 5236 1390 5291 Formosi
1429 5235 1652 5305 pictura
1685 5234 1875 5303 inepta
1906 5247 2007 5289 sa-

360 5316 451 5384 tis,
482 5325 540 5374 et
569 5319 833 5393 barbara,
866 5327 920 5376 et
948 5323 1292 5378 decolorata.
1322 5342 1347 5373 'o

424 5407 549 5462 Hac
569 5422 601 5462 a
640 5410 925 5465 Grimaldi
950 5412 1147 5467 codice
1175 5426 1271 5482 per
1298 5427 1399 5467 nos
1418 5413 1704 5482 descripta
1723 5410 2007 5467 sufﬁcient

360 5492 423 5547 ad
457 5496 878 5565 percipiendam
907 5500 1232 5556 methodum
1259 5508 1496 5557 ornatus
1521 5502 1729 5556 veteris
1753 5500 2008 5555 basilica

361 5581 641 5640 Vaticana
672 5585 841 5656 plane
888 5588 1137 5645 similem
1178 5590 1407 5646 ornatui
1440 5590 1692 5645 Paulina
1728 5588 2004 5660 basilica,

2111 548 2414 619 utriusque
2434 551 2602 605 seriei
2629 550 3147 605 demonstrandam.
3182 551 3348 604 Plane
3371 550 3757 621 intelligimus

2107 651 2173 692 ex
2198 638 2444 693 narratis
2473 652 2537 692 ac
2559 639 2868 707 descriptis
2892 653 2923 693 a
2953 638 3271 706 Grimaldo,
3304 651 3368 693 ac
3393 638 3701 692 delineatis
3719 650 3750 691 a

2105 726 2423 794 Ciampino,
2471 732 2744 780 servatam
2780 725 2961 781 fuisse
3004 715 3254 781 eamdem
3284 724 3399 781 fere
3427 725 3752 780 methodum

2108 814 2426 869 Ornamenti
2464 814 2623 868 navis
2668 815 2943 869 mediana
2990 814 3046 867 in
3101 819 3342 883 utraque
3390 812 3651 875 basilica,
3696 812 3754 866 in

2109 901 2395 956 columnis
2420 908 2475 955 et
2509 902 2565 955 in
2593 902 2856 969 picturis,
2886 908 2999 956 tam
3029 916 3202 970 supra
3223 914 3389 970 quam
3418 899 3567 955 infra
3588 913 3759 955 coro-

2109 991 2296 1044 nidem
2323 989 2731 1044 exhibentibus
2760 990 3089 1058 pontiﬁcum
3117 991 3413 1060 imagines,
3448 1001 3760 1057 eorumque

2109 1079 2311 1133 seriem
2336 1077 2679 1143 ordinatam,
2700 1080 2919 1133 etnotis
2945 1076 3754 1149 chronologicisinsignitam:

2111 1180 2210 1221 nec
2241 1180 2349 1221 non
2372 1167 2430 1221 in
2453 1169 2675 1222 cateris
2703 1168 2967 1236 picturis,
2998 1166 3267 1221 biblicam
3298 1167 3599 1221 historiam
3626 1163 3764 1221 refe-

2113 1254 2373 1310 rentibus
2395 1269 2567 1323 supra
2590 1256 2795 1310 seriem
2823 1254 3154 1323 pontiﬁcum
3178 1256 3546 1309 vetustiorem
3577 1271 3593 1321 ;
3621 1258 3677 1308 et
3698 1252 3758 1307 in

2114 1341 2518 1411 prOphetarum
2542 1342 2915 1412 imaginibus,
2940 1343 3008 1397 ad
3030 1342 3341 1397 colosseam
3370 1347 3647 1397 staturam
3669 1354 3763 1396 su-

2115 1443 2286 1499 perne
2301 1431 2570 1494 extensis,
2596 1438 2649 1485 et
2662 1429 3036 1487 fenestrarum
3056 1431 3365 1486 interstitia
3381 1429 3488 1485 sub
3502 1428 3758 1498 laqueari

2115 1517 2510 1585 implentibus,
2544 1518 2741 1588 quales
2771 1526 3081 1589 supersunt
3115 1519 3173 1573 in
3206 1517 3445 1573 basilica
3488 1518 3543 1572 S.
3571 1515 3755 1595 Pauli.

2184 1601 2238 1660 7.
2272 1607 2465 1661 Nostri
2498 1608 2822 1678 argumenti
2858 1612 2945 1662 est
2977 1607 3244 1677 prosequi
3278 1606 3623 1676 diligentius
3648 1619 3761 1661 au-

2116 1696 2438 1749 ctoritatem
2472 1698 2778 1765 utriusque
2808 1696 2977 1751 seriei
3010 1695 3088 1749 ita
3131 1694 3430 1761 ordinata,
3470 1694 3761 1749 recentius

2117 1785 2345 1853 quidem
2377 1798 2473 1852 per
2501 1784 2796 1838 Nicolaum
2831 1784 2903 1838 III
2932 1785 2989 1838 in
3019 1790 3261 1852 utraque
3296 1783 3557 1849 basilica,
3598 1781 3761 1837 anti—

2116 1873 2315 1942 quitus
2347 1885 2475 1927 vero
2506 1885 2605 1940 per
2630 1874 2955 1927 Formosum
2994 1872 3052 1926 in
3084 1872 3371 1939 Vaticana,
3400 1877 3457 1925 et
3487 1883 3585 1940 per
3614 1871 3759 1925 Leo-

2117 1974 2238 2015 nem
2264 1960 2524 2028 Magnum
2553 1960 2636 2014 vel
2669 1960 3063 2029 Symmachum
3092 1960 3150 2014 in
3188 1959 3441 2014 Paulina.

2186 2050 2254 2103 Ut
2279 2062 2310 2103 a
2348 2048 2514 2103 nobis
2563 2048 2819 2116 proxima
2869 2054 2925 2103 et
2964 2062 3062 2117 per
3102 2048 3401 2102 Nicolaum
3446 2048 3519 2101 III
3561 2051 3758 2102 curata

2113 2137 2500 2205 exordiamur,
2547 2151 2714 2206 quam
2768 2151 2964 2192 omnes
3017 2135 3192 2191 ferme
3233 2136 3576 2191 recentiores
3634 2144 3759 2205 post

2113 2227 2462 2295 Tempestam
2494 2227 2766 2295 pictorem
2799 2233 2854 2281 et
2883 2226 3213 2288 incisorem,
3241 2224 3441 2280 relicta
3469 2224 3758 2292 superiori

2111 2327 2179 2368 ac
2207 2314 2532 2379 vetustiori,
2568 2319 2762 2381 utpote
2788 2326 2818 2367 a
2849 2320 3156 2381 conspectu
3188 2313 3370 2382 magis
3396 2318 3630 2374 remota,
3654 2325 3761 2366 ex—

2115 2402 2434 2461 cuderunt:
2463 2400 2770 2456 dolendum
2802 2409 2889 2456 est
2918 2402 3169 2456 artiﬁces
3196 2415 3227 2456 a
3257 2401 3492 2456 Nicolao
3521 2399 3762 2456 adbibi-

2115 2497 2223 2555 tos,
2258 2490 2358 2560 qui
2392 2490 2536 2545 satis
2573 2497 2766 2545 exacte
2796 2490 3172 2546 reddiderunt
3214 2503 3481 2545 numeros
3509 2489 3763 2545 chrono—

2116 2579 2332 2646 logicos
2372 2580 2431 2633 in
2463 2580 2609 2634 serie
2635 2579 2937 2634 vetustiori
2985 2593 3301 2649 expressos,
3335 2579 3527 2634 eidem
3558 2578 3667 2633 ﬁde
3696 2592 3760 2633 ac

2112 2667 2419 2737 diligentia
2449 2681 2556 2722 non
2592 2667 2773 2723 fuisse
2804 2668 3059 2723 imitatos
3084 2674 3415 2723 ornamenta
3443 2666 3759 2737 imaginum

2114 2771 2240 2826 qua
2274 2758 2329 2811 in
2358 2757 2599 2826 antiqua
2631 2757 2780 2811 serie
2813 2758 3143 2825 incorrupta
3194 2756 3382 2811 adhuc
3426 2760 3757 2824 supersunt.

2115 2845 2407 2899 Vidissent
2430 2844 2678 2914 profecto
2705 2859 2805 2900 nec
2843 2846 2903 2899 S.
2934 2844 3226 2912 Silvestro,
3271 2857 3373 2899 nec
3403 2843 3760 2897 successori-

2113 2932 2222 2987 bus
2240 2946 2419 3002 usque
2433 2934 2499 2988 ad
2524 2934 2795 2988 saeculum
2812 2933 3026 2988 Christi
3041 2932 3326 2988 decimum
3339 2937 3561 3001 aptatas
3582 2928 3763 2986 fuisse

2114 3033 2145 3074 a
2175 3021 2489 3090 majoribus
2518 3023 2731 3077 nostris
2758 3022 2937 3078 tiaras
2966 3020 3096 3077 illas
3129 3020 3407 3088 ingentes,
3438 3020 3523 3075 vel
3552 3019 3760 3083 nudas,

2115 3108 2199 3163 vel
2226 3116 2526 3165 coronatas
2552 3111 2675 3181 (seu
2718 3111 3019 3181 pingerent
3046 3110 3359 3180 coloribus,
3388 3122 3488 3164 seu
3521 3107 3764 3163 musivis

2111 3199 2394 3253 crustulis
2418 3205 2899 3269 coagmentarent,
2942 3201 3061 3255 sive
3085 3202 3258 3255 etiam
3293 3199 3348 3253 in
3387 3195 3762 3253 numismati-

2111 3287 2219 3343 bus
2239 3287 2718 3343 cuderentvultus
2744 3288 3123 3357 pontiﬁcum),
3149 3302 3290 3357 quas
3318 3288 3425 3356 ipsi
3453 3300 3558 3341 suo
3585 3292 3763 3341 marte

2110 3375 2518 3446 procudebant,
2545 3383 2599 3431 et
2620 3383 2816 3431 contra
2846 3377 3009 3431 ﬁdem
3040 3377 3395 3445 picturarum
3423 3382 3478 3429 et
3502 3374 3765 3429 musivo—

2110 3478 2234 3519 rum
2262 3463 2432 3519 Urbis
2457 3465 2644 3520 adhuc
2666 3465 3040 3534 superstitum
3081 3462 3382 3529 addebant,
3426 3459 3766 3517 transferen-

2110 3560 2194 3608 tes
2235 3569 2403 3608 usum
2435 3556 2622 3608 atatis
2652 3568 2789 3617 sua,
2841 3550 3188 3621 octingentis
3216 3551 3388 3605 annis
3413 3563 3443 3605 a
3477 3551 3762 3607 Leoniano

2110 3642 2322 3696 saculo
2348 3642 2593 3709 dissita,
2620 3646 2674 3694 et
2706 3640 2835 3709 pius
2876 3652 3045 3707 quam
3077 3638 3378 3708 nongentis
3402 3637 3473 3691 ab
3503 3644 3668 3695 atate
3691 3639 3753 3695 S.

2109 3729 2393 3793 Silvestri,
2422 3729 2490 3783 ad
2513 3741 2577 3783 ea
2606 3735 2860 3797 tempora
2892 3728 3207 3796 superiora.
3234 3727 3429 3781 Satius
3454 3725 3661 3782 fuisset
3683 3728 3765 3783 in-

2111 3820 2331 3889 spicere
2356 3819 2661 3887 imaginem
2693 3816 2930 3871 Honorii
2959 3818 3000 3884 I,
3050 3815 3303 3883 ejusdem
3329 3821 3491 3870 atate
3519 3816 3761 3886 positam

2114 3908 2173 3963 in
2203 3908 2429 3963 musivo
2448 3906 2669 3961 absidis
2689 3906 2742 3960 S.
2771 3905 3178 3976 Agnetisextra
3200 3906 3411 3971 Muros,
3435 3910 3536 3959 aut
3559 3904 3764 3959 Leonis

2110 3998 2269 4052 tertii
2296 3998 2351 4051 in
2384 3995 2645 4050 triclinio
2683 3996 2968 4051 Leoniano
2994 3994 3061 4049 ad
3100 3995 3472 4048 Lateranense
3513 3994 3764 4062 patriar-

2110 4086 2332 4153 chium,
2365 4090 2465 4139 aut
2496 4083 2789 4140 Paschalis
2841 4084 3033 4152 primi,
3069 4082 3290 4151 triplici
3327 4082 3384 4136 in
3430 4081 3547 4136 ade
3593 4081 3762 4137 Sacra

2113 4174 2336 4229 musivo
2369 4188 2536 4243 Opere
2574 4172 2644 4228 ab
2674 4174 2799 4241 ipso
2839 4184 3184 4241 expressam,
3225 4170 3452 4226 scilicet
3483 4171 3540 4225 in
3570 4169 3763 4224 titulis

2109 4263 2164 4317 S.
2203 4263 2490 4331 Praxedis,
2519 4276 2582 4316 ac
2608 4262 2662 4323 S,
2704 4261 2972 4328 Caecilia,
3027 4265 3082 4314 et
3109 4260 3166 4314 in
3206 4258 3469 4314 diaconia
3490 4258 3543 4313 S.
3571 4258 3764 4313 Maria

2112 4352 2173 4404 in
2203 4351 2495 4417 Domnica,
2527 4349 2778 4418 aliisque
2804 4348 3075 4417 operibus
3100 4347 3329 4403 excusis
3352 4346 3502 4415 apud
3521 4345 3766 4413 Ciampi-

2033 4456 2087 4516 D
2115 4444 2269 4499 ntun‘.
2304 4439 2597 4493 Vidissent
2624 4445 2742 4493 tum
2784 4438 3108 4492 decessores
3146 4435 3429 4503 Silvestri,
3460 4441 3580 4491 tum
3624 4448 3764 4490 suc-

2113 4541 2367 4583 cessores
2391 4528 2651 4596 usquead
2683 4526 2847 4581 ﬁnem
2880 4528 3011 4581 noni
3054 4526 3327 4581 aChristo
3347 4524 3565 4587 saeculi.
3591 4523 3765 4579 nudis

2115 4616 2407 4686 capitibus
2436 4616 2514 4671 ita
2544 4614 2827 4683 exhiberi,
2860 4619 2921 4669 ut
2942 4615 3129 4669 solum
3162 4619 3555 4669 ornamentum
3584 4611 3766 4666 cleri-

2114 4706 2258 4760 calis
2283 4710 2532 4760 tonsura
2560 4718 2659 4759 seu
2692 4717 2913 4758 corona
2942 4703 2998 4757 in
3035 4702 3287 4772 propriis
3307 4700 3540 4769 capillis
3564 4705 3763 4755 osten-

2112 4795 2270 4861 dant,
2314 4790 2510 4861 quales
2548 4796 2824 4859 apparent
2863 4790 3124 4861 genuina
3173 4789 3287 4843 illa
3325 4794 3497 4856 atque
3537 4788 3763 4841 intacta

2117 4877 2415 4947 imagines,
2442 4879 2499 4931 in
2528 4877 2770 4932 basilica
2785 4878 2839 4932 S.
2863 4877 3022 4932 Pauli
3048 4876 3257 4930 saculo
3274 4874 3480 4944 quinto
3508 4874 3764 4941 picta,et

2116 4967 2400 5037 perducta
2430 4979 2461 5020 a
2487 4967 2541 5020 S.
2574 4968 2735 5019 Petro
2757 4967 2823 5021 ad
2847 4964 3240 5020 Innocentium
3272 4963 3539 5031 primum.
3572 4961 3763 5016 Orna—

2117 5062 2301 5111 menta
2330 5054 2511 5125 igitur
2542 5053 2891 5123 pontiﬁcalia
2920 5053 3107 5107 atatis
3133 5051 3350 5107 Nicoiai
3378 5053 3468 5121 Ill,
3500 5064 3598 5121 per
3624 5063 3766 5121 pro-

2116 5145 2316 5215 lepsim
2333 5141 3052 5211 translataetsuperaddita
3074 5141 3333 5198 Silvestri
3362 5141 3589 5211 saculo,
3611 5140 3760 5196 nihil

2114 5233 2483 5289 auctoritatis
2508 5232 2761 5303 antiqua
2783 5214 3139 5288 transferunt
3170 5232 3228 5287 in
3259 5232 3507 5287 eamdem
3532 5231 3759 5286 seriem.

2116 5323 2271 5377 Nota
2293 5335 2423 5376 vero
2449 5320 2886 5392 chronologica,
2924 5329 3287 5377 numerantes
3314 5332 3511 5388 annos,
3543 5332 3763 5375 menses

2115 5412 2316 5468 acdies
2331 5412 2486 5466 sedis
2511 5410 2828 5480 unicuique
2852 5411 3106 5479 pontiﬁci
3136 5411 3480 5479 assignatos,
3504 5415 3561 5463 et
3583 5408 3641 5464 in
3664 5421 3765 5463 ve-

2116 5507 2269 5556 tusta
2300 5500 2448 5555 serie
2476 5500 2664 5555 adhuc
2686 5501 3048 5569 superstites,
3080 5511 3208 5553 cum
3238 5496 3487 5552 eamdem
3518 5496 3764 5553 ﬁdeliter

2117 5587 2365 5645 referant
2383 5588 2681 5658 (quantum
2705 5588 2981 5658 consequi
3013 5588 3146 5643 licet
3170 5597 3238 5641 ex
3265 5585 3343 5641 iis
3375 5586 3633 5642 numeris
3659 5583 3761 5655 qui
