4048 6168
319 300 425 358 259

1099 299 1193 353 ΑΙ)
1238 292 1665 352 ANASTASIUM
1738 288 2254 346 PROLEGOMENA
2313 286 2492 344 EDIT.
2542 288 2972 348 ROM.—VATIC.

3619 292 3725 352 260

250 432 255 441 ’
320 425 669 495 supersunt),
708 426 777 481 ad
825 426 1030 482 seriem
1061 424 1284 481 Nicolai
1318 422 1671 479 transferunt
1700 424 1963 478 aucto-i—
1988 416 2044 474 A
2082 416 2316 472 tertium
2362 418 2599 489 repetita
2645 422 2704 477 in
2742 420 2987 478 basilica
3028 422 3320 487 Vaticana,
3365 422 3577 477 diserte
3625 436 3729 477 nos

319 519 489 569 tatem
511 514 884 585 antiquioris,
916 528 1025 570 non
1048 528 1212 570 secus
1236 527 1299 567 ac
1321 510 1569 581 exempla
1604 512 1833 581 publica
1855 526 1968 567 au-

318 602 585 657 ctoritate
654 604 943 673 recOgnita
1005 601 1077 656 ab
1138 600 1560 669 exemplaribus
1608 604 1964 656 mutuantur.

317 690 503 758 Quare
536 688 632 745 ubi
668 690 889 747 numeri
919 690 1089 747 seriei
1158 690 1475 757 superioris
1504 689 1718 758 injuria
1744 695 1971 758 tempo—

319 779 403 834 ris
450 780 531 834 ita
573 779 863 835 obliterati
914 779 1052 848 sint,
1105 787 1168 834 ut
1222 778 1429 849 integri
1482 791 1592 832 non
1637 783 1963 847 appareant,

319 867 574 937 suppleri
610 872 849 938 possunt
877 882 945 922 ex
979 868 1082 922 hac
1110 867 1333 923 Nicolai
1361 867 1509 922 serie
1547 866 1771 921 eosdem
1799 878 1962 933 repev

320 961 490 1026 tente,
528 957 694 1024 juxta
726 956 978 1026 regulam
1022 956 1247 1010 criterii
1283 955 1672 1023 chronologici
1719 967 1749 1008 a
1801 954 1968 1009 nobis

318 1044 691 1100 constitutam
722 1046 911 1113 capite
940 1044 1227 1113 superiori
1272 1054 1507 1098 numero
1537 1041 1571 1098 6
1600 1048 1653 1097 et
1677 1040 1731 1097 7.
1764 1043 1835 1097 Ut
1860 1057 1968 1097 su—

320 1147 418 1203 pra
442 1140 623 1188 tamen
645 1133 838 1199 retuli,
865 1133 1105 1201 pictura
1128 1133 1250 1186 ista
1275 1145 1306 1185 a
1332 1131 1565 1187 Nicolao
1586 1134 1657 1186 IH
1682 1131 1971 1201 superad—

317 1221 451 1276 dita
471 1221 734 1290 antiquis
753 1222 809 1275 in
837 1221 1140 1289 parietinis
1162 1233 1336 1288 supra
1361 1220 1565 1275 calcem
1592 1234 1766 1291 gypso
1786 1218 1967 1275 suba-

317 1316 464 1365 ctam
488 1308 722 1365 afabris
744 1310 1020 1365 murariis
1054 1310 1358 1379 imperitis,
1395 1310 1588 1366 minus
1615 1309 1853 1364 firmiter
1875 1308 1969 1363 ad-

319 1398 595 1454 barentes
631 1398 933 1452 maximam
967 1405 1180 1467 partem
1220 1398 1576 1453 exciderunt.
1609 1398 1794 1467 Quare
1824 1396 1970 1452 sub—

317 1488 470 1545 sidio
519 1493 655 1543 sunt
700 1486 908 1556 exiguo
967 1487 1169 1557 paucis
1212 1487 1271 1541 in
1322 1488 1578 1541 numeris
1606 1487 1964 1556 supplendis.

314 1576 567 1633 Aliunde
581 1584 765 1632 tamen
778 1579 1138 1647 complentur
1151 1577 1543 1647 supplementa
1563 1577 1967 1649 chronologica

316 1666 489 1722 seriei
517 1665 871 1731 vetustioris,
899 1679 1096 1735 nempe
1121 1679 1189 1720 ex
1220 1666 1461 1719 vetustis
1492 1665 1770 1733 exemplis
1790 1664 1860 1719 ab
1881 1678 1967 1719 eo-

2080 509 2304 566 monuit
2338 509 2487 564 inter
2528 510 2827 578 pontiﬁces
2859 511 3052 581 quarti
3096 511 3294 566 saculi
3326 510 3509 565 solum
3558 510 3732 566 Libe-

2080 598 2230 654 rium
2262 598 2368 653 boc
2411 601 2619 665 insigni
2666 600 2937 668 quadrato
2980 598 3162 655 fuisse
3204 600 3556 667 decoratum,
3598 613 3729 655 cum

2079 691 2311 742 cateros
2345 693 2475 741 ante
2518 686 2853 742 Silvestrum
2897 701 3106 743 corona
3137 686 3426 743 clericalis
3455 693 3725 755 tonsura,

2079 762 2206 843 post
2258 776 2594 831 Silvestrum
2661 778 2809 832 tiara
2863 776 3048 845 pictor
3102 775 3324 831 Nicolai
3385 775 3727 831 ornavisset.

2076 863 2379 934 Singulare
2415 865 2520 920 hoc
2548 866 2775 937 insigne
2806 865 3170 936 quadratum,
3200 877 3231 919 a
3263 869 3488 919 vetusto
3533 877 3732 918 exem-

2078 952 2224 1021 plari
2271 954 2534 1025 petitum,
2584 968 2712 1009 cum
2757 952 2965 1008 artifex
3007 966 3117 1008 non
3166 954 3245 1008 sit
3291 966 3468 1008 ausus
3508 959 3732 1008 mutare

2078 1041 2136 1095 in
2180 1041 2426 1110 Liberio,
2475 1056 2657 1113 neque
2701 1042 2837 1098 aliis
2879 1043 3206 1112 appingere,
3256 1042 3475 1097 indicio
3516 1046 3602 1096 est
3632 1054 3731 1096 se—

2077 1129 2219 1185 riem
2263 1130 2519 1200 aliquam
2559 1131 2888 1201 antiquitus
2911 1131 3230 1199 exstitisse,
3266 1144 3390 1200 qua
3416 1143 3528 1185 non
3562 1142 3730 1185 secus

2077 1231 2142 1273 ac
2190 1218 2291 1274 illo
2325 1219 2631 1290 Catalogus
2692 1219 3086 1275 Bucherianus
3132 1220 3319 1289 posita
3363 1217 3542 1274 fuerit
3583 1232 3729 1274 con-

2077 1312 2264 1362 stante
2293 1308 2411 1363 vita
2434 1307 2648 1363 Liberii
2683 1326 2697 1376 ;
2732 1316 2787 1363 et
2810 1309 3025 1363 idcirco
3050 1309 3100 1363 is
3127 1309 3459 1377 quadratum
3490 1309 3728 1375 insigne,

2080 1394 2363 1451 indicium
2421 1396 2647 1451 scilicet
2698 1397 2961 1469 viventis,
3012 1397 3263 1465 ejusdem
3317 1396 3493 1465 capiti
3545 1409 3734 1466 appo-

2078 1485 2281 1540 suerit.
2322 1485 2506 1554 Quare
2537 1486 2735 1557 gratia
2766 1485 3037 1540 habenda
3087 1490 3223 1541 sunt
3261 1485 3577 1553 Grimaldo,
3626 1486 3729 1555 qui

2077 1573 2250 1629 etiam
2297 1574 2354 1627 in
2401 1574 2550 1629 serie
2596 1572 2818 1629 Nicolai
2865 1576 2938 1629 ΙΠ
2976 1573 3403 1644 praservaverit
3451 1573 3568 1628 hac
3617 1574 3734 1629 do-

2078 1667 2341 1717 cumenta
2371 1667 2600 1718 atatum
2642 1663 3008 1732 superiorum
3040 1670 3095 1717 et
3123 1662 3376 1732 Catalogi
3412 1661 3728 1717 Liberiani.

315 1753 441 1808 dem
480 1754 784 1823 archetypo
834 1752 1176 1822 desumptis,
1222 1759 1278 1807 et
1308 1753 1554 1808 ﬁdeliter
1587 1755 1873 1822 expressis
1905 1754 1964 1806 in
1995 1734 2048 1794 Β
2147 1748 2201 1805 9.
2233 1751 2509 1807 Caterum
2567 1751 2712 1806 hanc
2782 1752 2987 1807 seriem
3039 1752 3432 1820 recentiorem,
3490 1751 3728 1807 Nicolao

316 1840 618 1896 codicibus
638 1848 693 1896 et
713 1841 1000 1912 Catalogis
1030 1855 1128 1910 per
1147 1855 1327 1896 annos
1351 1842 1708 1910 octingentos
1737 1847 1793 1897 et
1811 1856 1966 1897 non—

318 1926 523 2000 gentos
550 1934 802 1984 nostram
834 1934 1056 1985 atatem
1098 1929 1527 2001 superantibus,
1568 1938 1631 1984 ut
1670 1929 1820 1985 infra
1861 1945 1967 1986 ex—

317 2031 613 2087 ponemus.

384 2103 439 2158 8.
473 2104 608 2173 Qua
640 2107 910 2175 superius
939 2120 969 2160 a
1002 2120 1089 2161 me
1117 2107 1273 2161 dicta
1297 2115 1433 2162 sunt
1456 2108 1525 2163 de
1549 2106 1801 2163 clericali
1831 2112 1965 2163 tan-

315 2198 435 2249 tum
464 2207 675 2249 corona
697 2195 755 2249 in
786 2194 1077 2264 capitibus
1104 2196 1484 2251 Romanorum
1514 2196 1848 2266 pontiﬁcum
1876 2211 1967 2252 ex-

317 2294 509 2350 pressa
533 2289 653 2337 tum
679 2283 737 2336 in
770 2283 1031 2350 musivis,
1058 2288 1176 2338 tum
1209 2285 1267 2338 in
1293 2284 1430 2340 aliis
1455 2286 1744 2341 veteribus
1771 2285 1968 2354 pictu-

317 2371 401 2425 ris
435 2384 616 2441 usque
645 2371 712 2425 ad
746 2372 1018 2427 saculum
1050 2372 1265 2427 Christi
1293 2373 1574 2427 decimum
1608 2374 1960 2435 inchoatum,

316 2459 465 2515 nihil
501 2465 821 2530 repugnant
846 2461 1118 2529 quadrato
1148 2461 1237 2516 illi
1270 2466 1422 2528 signo
1452 2463 1571 2516 sive
1598 2464 1806 2529 insigni
1824 2474 1965 2531 pone

315 2549 505 2618 capita
526 2549 853 2604 eorumdem
880 2562 1169 2619 expresso,
1197 2556 1252 2605 et
1276 2551 1346 2605 ab
1376 2552 1625 2606 eruditis
1656 2551 1966 2619 scriptori—

314 2637 425 2692 bus
446 2651 558 2692 non
589 2638 775 2692 solum
819 2638 1092 2705 indicato,
1134 2639 1229 2693 sed
1264 2639 1434 2693 etiam
1476 2640 1781 2709 explicato,
1811 2642 1961 2711 quod

313 2725 539 2780 scilicet
579 2725 927 2782 adhibebant
964 2727 1033 2782 ad
1068 2726 1438 2783 indicandum
1470 2742 1598 2783 eum
1629 2729 1817 2785 virum
1866 2730 1961 2785 cui

313 2813 428 2868 tale
465 2821 859 2869 ornamentum
892 2815 1304 2885 apponebatur,
1361 2817 1420 2871 in
1449 2818 1597 2872 vivis
1626 2824 1762 2874 tunc
1799 2832 1965 2889 agere

315 2903 542 2972 quando
585 2903 840 2972 ejusdem
883 2904 1068 2975 imago
1117 2898 1479 2975 pingebatur.
1522 2909 1582 2961 In
1635 2909 1964 2964 memoratis

316 2992 558 3046 musivis
606 2994 810 3048 Leonis
847 2994 1003 3048 tertii
1049 2999 1103 3048 et
1128 2994 1420 3049 Paschalis
1468 2996 1664 3064 primi,
1713 2996 1964 3065 aliisque

2076 1839 2249 1894 tertio
2282 1840 2583 1895 mandante
2606 1840 2890 1909 depictam
2923 1838 3103 1895 fuisse
3123 1840 3295 1894 annis
3313 1839 3382 1893 ab
3418 1839 3553 1894 hinc
3578 1854 3733 1908 qua-

2074 1928 2401 1999 dringentis
2433 1934 2489 1983 et
2520 1929 2898 2000 quadraginta
2921 1937 3034 1983 tam
3067 1925 3399 1984 in'basilica
3439 1928 3495 1983 S.
3539 1928 3727 1997 Pauli,

2076 2016 2177 2072 ubi
2199 2018 2387 2073 adhuc
2426 2018 2656 2088 visitur,
2699 2031 2868 2087 quam
2892 2017 2950 2072 in
2974 2017 3110 2072 aliis
3127 2016 3355 2073 duabus
3378 2017 3731 2087 patriarcha-

2076 2105 2251 2173 libus,
2285 2106 2650 2161 Lateranensi
2683 2120 2748 2160 ac
2788 2107 3075 2176 Vaticana,
3131 2112 3186 2161 et
3226 2119 3527 2161 numerum
3558 2111 3732 2174 atque

2075 2194 2335 2249 ordinem
2370 2194 2702 2264 pontiﬁcum
2743 2195 3105 2264 desumptum
3144 2193 3325 2250 fuisse
3353 2208 3384 2248 a
3427 2194 3577 2248 serie
3626 2193 3729 2247 illa

2076 2282 2418 2352 antiquiori,
2452 2283 2663 2338 saculo
2694 2284 2897 2338 Leonis
2928 2283 3115 2353 Magni
3146 2283 3206 2336 in
3240 2282 3497 2349 Paulina,
3529 2288 3585 2337 et
3613 2295 3731 2337 sa—

2075 2371 2204 2425 culo
2224 2372 2478 2427 Formosi
2501 2372 2559 2426 in
2589 2372 2871 2426 Vaticana
2891 2371 3210 2441 parietibus
3228 2371 3499 2441 superius
3519 2371 3725 2440 posita,

2074 2467 2361 2516 contestes
2394 2462 2571 2517 habeo
2598 2462 2908 2518 historicos
2937 2467 3221 2532 quotquot
3245 2476 3277 2516 a
3306 2461 3530 2518 Nicolai
3562 2464 3730 2515 atate

2073 2551 2141 2604 ad
2189 2557 2440 2605 nostram
2488 2557 2883 2607 numerantur.
2939 2552 3067 2605 Sint
3117 2551 3300 2606 instar
3344 2550 3602 2606 omnium
3664 2549 3724 2603 hi

2074 2652 2219 2708 quos
2250 2638 2554 2694 brevitatis
2582 2654 2755 2696 causa
2785 2641 2876 2695 hic
2911 2654 3193 2696 recenseo.
3226 2640 3567 2695 Benedictus
3591 2638 3731 2693 Pla-

2074 2729 2196 2784 tina
2226 2729 2283 2783 in
2315 2731 2444 2785 Vita
2469 2730 2687 2785 Nicolai
2722 2733 2793 2785 IIl
2822 2731 2900 2785 ita
2946 2737 3174 2786 enarrat
3204 2750 3215 2785 :
3253 2730 3337 2785 uti
3369 2729 3541 2783 etiam
3588 2728 3729 2783 Pto-

2075 2816 2307 2873 lemaus
2340 2819 2611 2874 Lucensis
2641 2819 2790 2888 apud
2824 2819 3179 2889 Raynaldum
3206 2819 3274 2874 ad
3306 2831 3520 2873 annum
3548 2816 3729 2871 Chri—

2074 2907 2150 2985 sti
2197 2903 2353 2975 4280,
2390 2921 2626 2962 numero
2672 2905 2762 2962 253.
2814 2907 2991 2964 Verba
3024 2907 3309 2962 Ptolemai
3344 2903 3726 2961 transcribam

2075 3009 2144 3051 ex
2173 2995 2462 3065 Raynaldo
2490 3014 2505 3065 ;
2535 3010 2664 3051 nam
2698 2997 2957 3051 indicant
2998 2997 3055 3051 in
3086 2996 3275 3052 tribus
3307 2993 3725 3065 patriarchali-

317 3078 582 3146 pluribus
618 3082 806 3138 Roma
844 3084 1212 3149 constructis,
1240 3089 1319 3157 .et
1349 3085 1763 3153 superstitibus
1791 3100 1965 3155 super
1989 3082 2037 3143 Ο
2074 3083 2182 3139 bus
2203 3084 2466 3140 basilicis
2488 3085 2691 3140 seriem
2718 3084 2873 3140 illam
2899 3086 3265 3141 vetustiorem
3290 3083 3472 3140 fuisse
3500 3084 3729 3152 conspi-

311 3169 543 3238 apsidas
592 3169 894 3226 titulorum
939 3172 992 3227 S.
1042 3173 1222 3227 Marci
1270 3178 1324 3228 et
1368 3173 1457 3228 SS.
1503 3174 1715 3229 Cosma
1745 3188 1810 3229 ac
1846 3176 1964 3230 Da-

314 3256 514 3328 miani,
545 3259 885 3327 quadratum
916 3259 1059 3314 illud
1111 3260 1336 3331 insigne
1363 3262 1690 3337 viventibus
1726 3264 1964 3331 pontiﬁ—

309 3344 478 3401 cibus
512 3346 839 3415 adhibetur,
870 3349 1020 3417 quod
1054 3362 1176 3404 esse
1206 3350 1520 3405 viventium
1554 3351 1838 3406 indicium
1869 3358 1963 3407 te-

308 3439 497 3489 statur
542 3435 714 3490 etiam
755 3436 997 3491 Joannes
1023 3436 1306 3493 diaconus
1354 3439 1412 3492 in
1445 3439 1571 3494 Vita
1608 3440 1663 3494 S.
1694 3440 1958 3511 Gregorii

310 3524 521 3595 Magni,
552 3522 653 3578 lib.
685 3539 757 3591 Iv,
795 3540 918 3595 cap.
963 3523 1054 3580 84.
1080 3526 1258 3582 Addit
1297 3526 1649 3583 Alamannus
1678 3529 1735 3582 in
1768 3529 1962 3597 expli—

308 3614 535 3670 catione
562 3615 771 3669 musivi
804 3616 1222 3685 Lateranensis,
1260 3630 1381 3687 pag.
1416 3614 1505 3679 65,
1540 3622 1810 3674 tesseram
1837 3632 1961 3673 esse

309 3706 430 3756 tum
458 3701 589 3757 vita
631 3705 974 3772 constantis,
1007 3710 1128 3758 tum
1168 3704 1446 3759 virtutum
1490 3706 1756 3775 retradis,
1783 3707 1961 3761 attri-

312 3789 504 3846 butam
522 3791 805 3860 praecipue
819 3791 1534 3860 prasulibussacerdotum
1550 3836 1558 3857 ,
1576 3803 1629 3847 et
1645 3794 1959 3863 aliquando

308 3880 480 3935 etiam
506 3881 889 3950 principibus,
911 3882 1067 3952 regia
1082 3883 1201 3935 sive
1213 3881 1387 3935 etiam
1414 3888 1656 3951 augusta
1678 3881 1960 3953 dignitate

312 3967 736 4041 fungentibus;
783 3971 868 4025 uti
910 3970 1203 4025 evidenter
1241 3969 1495 4024 ostendit
1529 3976 1849 4037 pervetusta
1891 3984 1958 4027 ex

309 4058 618 4129 epigraphe
649 4058 923 4128 imaginis
947 4057 1133 4113 Caroli
1168 4058 1355 4127 Magni
1387 4058 1465 4112 ita
1496 4063 1728 4121 ornata,
1763 4060 1819 4113 in
1850 4074 1958 4129 qua

309 4146 920 4216 signiﬁcaridicuntur
941 4152 1188 4214 quatuor
1208 4145 1451 4201 virtutes
1475 4148 1792 4217 pracipua,
1817 4162 1961 4217 quas

307 4234 561 4290 dicimus
591 4234 899 4288 cardinales
931 4233 988 4287 in
1021 4233 1122 4289 illo
1148 4234 1336 4289 adhuc
1365 4236 1586 4290 vivente
1610 4236 1953 4306 conspicua.

380 4324 494 4378 Hoc
525 4323 707 4393 igitur
733 4321 1075 4390 quadratum
1111 4322 1358 4394 insigne,
1390 4322 1703 4379 viventium
1734 4327 1958 4394 pontiﬁ-

309 4425 439 4466 cum
466 4408 818 4479 imaginibus
852 4410 1023 4464 veteri
1051 4424 1119 4465 ex
1151 4426 1259 4466 usu
1290 4410 1636 4481 adhibitum,
1667 4414 1817 4482 quod
1849 4414 1959 4469 ob—

310 4511 600 4555 servamus
624 4498 681 4553 in
709 4497 1001 4568 plerisque
1024 4500 1267 4555 musivis
1286 4506 1417 4556 ante
1436 4502 1720 4557 decimum
1740 4503 1953 4558 Christi

312 4587 584 4642 saculum
630 4588 998 4656 constructis,
1032 4602 1144 4645 non
1194 4591 1359 4645 modo
1392 4604 1501 4645 non
1529 4590 1859 4645 excluditur
1886 4591 1956 4645 ab

312 4676 551 4732 indiciis
602 4677 853 4748 antiqua
897 4678 1066 4733 seriei
1116 4679 1444 4748 pontiﬁeia,
1491 4680 1586 4735 sed
1644 4680 1852 4734 mirum
1895 4680 1954 4735 in

310 4766 539 4822 modum
584 4764 805 4822 confert
834 4767 902 4822 ad
951 4767 1428 4837 comprobandam
1474 4782 1661 4837 parem
1693 4770 1957 4826 auctori—

307 4862 475 4911 tatem
510 4856 794 4925 ejusmodi
841 4860 1075 4912 vetusta
1105 4856 1278 4910 seriei
1327 4857 1675 4924 pontiﬁcalis
1715 4858 1955 4927 depicta

227 4946 238 4956 ‘
309 4944 369 4998 in
399 4944 663 5001 basilicis
686 4946 977 5015 Romanis,
1005 4959 1070 5000 ac
1098 4950 1347 5000 veterum
1378 4945 1797 5018 Cata10gorum,
1820 4962 1956 5017 pra-

307 5034 476 5103 cipue
499 5033 664 5089 illius
682 5034 1079 5104 antiquissimi
1105 5035 1163 5089 in
1176 5034 1401 5090 Liberio
1426 5035 1765 5107 desinentis,
1786 5051 1952 5106 quem

308 5135 588 5177 consensu
641 5123 1002 5195 eruditorum
1069 5125 1325 5180 omnium
1384 5126 1533 5194 apud
1586 5124 1949 5196 Bucherium,

306 5209 774 5265 Scbelestratium
815 5217 872 5265 et
913 5219 1145 5269 cateros
1183 5214 1251 5268 de
1284 5214 1387 5267 hoc
1418 5219 1753 5281 argumento
1798 5216 1953 5269 scri—

308 5298 523 5366 bentes,
546 5300 801 5356 vidimus
819 5303 1162 5357 auctoritate
1190 5315 1254 5355 ac
1268 5300 1779 5356 vetustatecateris
1801 5309 1953 5358 ante-

312 5385 466 5441 l'erri.

379 5474 690 5549 Diligentia
742 5491 910 5547 quam
955 5475 1287 5531 Grimaldus
1323 5475 1596 5531 adhibuit
1634 5477 1690 5531 in
1722 5478 1950 5535 descri-

306 5563 489 5621 benda
525 5566 674 5620 serie
714 5577 1065 5621 summorum
1117 5563 1470 5634 pontiﬁcum,
1514 5579 1614 5635 per
1650 5566 1948 5624 Nicolaum

2073 3186 2260 3237 cuam,
2292 3180 2348 3229 et
2377 3174 2447 3228 ab
2480 3186 2543 3229 ea
2574 3174 2740 3243 serie,
2773 3174 2996 3229 Nicolai
3022 3175 3212 3242 jussu,
3248 3173 3508 3229 ordinem
3538 3185 3602 3226 ac
3624 3186 3726 3227 nu-

2073 3275 2289 3317 merum
2335 3277 2687 3318 summorum
2736 3262 3072 3331 pontiﬁcum
3107 3261 3288 3317 fuisse
3331 3263 3723 3330 desumptum,

2073 3363 2237 3419 quem
2286 3350 2357 3404 de
2388 3351 2652 3419 proximo
2697 3351 3065 3415 spectandum
3120 3349 3386 3405 inferiori
3419 3364 3484 3405 ac
3520 3362 3728 3405 recen-

2071 3438 2209 3492 tiori
2242 3452 2347 3494 sua
2376 3438 2497 3507 ipse
2528 3438 2846 3507 proposuit.
2882 3458 2908 3489 α
2937 3438 3211 3493 Nicolaus
3242 3439 3471 3507 tertius,
3507 3439 3727 3507 inquit.

2072 3526 2283 3581 multas
2316 3528 2595 3583 novitates
2628 3526 2762 3583 fecit
2790 3545 2802 3580 :
2840 3527 3024 3597 primo
3056 3527 3194 3596 quia
3224 3527 3374 3596 apud
3406 3528 3461 3581 S.
3495 3528 3725 3581 Petrum

2069 3615 2373 3672 adiﬁcavit
2396 3616 2668 3686 palatium
2699 3617 2939 3673 multum
2963 3617 3215 3673 solemne
3244 3616 3586 3685 pontiﬁcale,
3610 3620 3722 3670 etc.

2067 3707 2172 3762 Hic
2216 3706 2514 3762 ecclesiam
2564 3706 2716 3762 beati
2765 3707 2916 3763 Petri
2970 3706 3134 3777 quasi
3179 3713 3351 3762 totam
3404 3705 3722 3771 renovavit,

2069 3801 2126 3851 et
2170 3808 2471 3850 numerum
2520 3809 2876 3851 summorum
2926 3794 3257 3866 pontiﬁcum
3289 3792 3427 3849 fecit
3466 3791 3722 3848 describi

2070 3884 2388 3939 secundum
2433 3884 2716 3953 imagines
2748 3885 2804 3938 in
2845 3884 3086 3939 ecclesia
3116 3882 3267 3939 beati
3312 3882 3461 3936 Petri
3505 3880 3562 3935 in
3594 3880 3723 3936 loco

2070 3972 2369 4040 eminenti,
2412 3978 2469 4027 et
2513 3971 2663 4027 beati
2696 3971 2882 4040 Pauli,
2925 3985 2988 4026 ac
3029 3973 3212 4026 sancti
3239 3970 3474 4026 Joannis
3506 3968 3576 4023 de
3610 3970 3723 4023 La—

2070 4065 2286 4113 terano.
2336 4078 2361 4109 J)

2048 4138 2059 4163 '
2145 4145 2236 4203 40.
2275 4147 2357 4203 Ad
2384 4147 2528 4202 hanc
2560 4147 2743 4218 igitur
2772 4148 2976 4203 seriem
3007 4147 3366 4217 archetypam
3403 4146 3590 4201 redire
3612 4159 3720 4202 ne-

2069 4251 2225 4293 cesse
2268 4243 2373 4303 est,
2422 4251 2591 4307 quam
2637 4237 2909 4293 Nicolaus
2957 4238 3162 4308 quinto
3211 4251 3243 4292 a
3294 4236 3460 4292 nobis
3508 4236 3719 4292 saculo

2068 4327 2317 4383 dissitus
2346 4326 2677 4381 imitandam
2710 4332 2765 4381 et
2793 4328 3137 4397 sequendam
3172 4326 3490 4396 proposuit.
3520 4330 3718 4395 utpote

1990 4454 2044 4515 ι)
2069 4415 2395 4487 genuinam,
2424 4420 2479 4470 et
2499 4429 2530 4470 a
2555 4415 2955 4471 decessoribus
2971 4416 3098 4471 suis
3126 4429 3222 4484 per
3246 4413 3552 4471 totsacula
3577 4428 3719 4483 pro-

2071 4505 2311 4574 positam
2362 4506 2418 4559 in
2468 4505 2682 4561 eisdem
2717 4504 3197 4574 patriarchalibus
3243 4504 3528 4573 basilicis,
3572 4516 3716 4574 quas

2069 4593 2375 4650 universus
2414 4593 2784 4649 Christianus
2824 4593 3090 4662 populus,
3131 4593 3199 4648 ad
3234 4593 3438 4648 limina
3478 4598 3719 4661 aposto—

2068 4697 2193 4737 rum
2221 4696 2548 4753 accurrens,
2576 4681 2958 4752 frequentare,
2991 4680 3289 4737 observare
3308 4696 3374 4737 ac
3390 4681 3717 4737 describere

2065 4771 2373 4841 satagebat.

2136 4862 2204 4914 Et
2233 4867 2384 4915 certe
2416 4861 2614 4916 mirari
2645 4859 2805 4915 subit
2821 4860 2887 4915 ad
2917 4859 3280 4930 archetypam
3314 4858 3473 4914 illam
3506 4858 3711 4913 seriem

2063 4962 2096 5003 a
2126 4949 2362 5006 Nicolao
2393 4951 2639 5020 posteris
2672 4950 2982 5004 indicatam
3012 4956 3281 5018 tanquam
3314 4948 3623 5017 exemplar,
3657 4954 3715 5003 et

2068 5038 2126 5093 in
2152 5038 2376 5094 duabus
2409 5039 2609 5094 saltem
2638 5038 2900 5094 basilicis
2944 5053 3126 5108 usque
3164 5038 3233 5095 ad
3276 5043 3495 5093 atatem
3546 5035 3712 5092 Pauli

2064 5128 2256 5197 quinti
2285 5128 2651 5197 superstitem
2683 5126 2832 5197 (nam
2861 5126 2980 5183 sola
3014 5126 3412 5182 Lateranensis
3440 5124 3711 5182 incendio

2063 5223 2400 5286 consumpta
2426 5214 2613 5272 fuerat
2634 5223 2761 5286 post
2789 5216 3109 5285 Nicolaum)
3139 5214 3338 5270 oculos
3362 5228 3555 5270 eorum
3590 5227 3708 5269 non

2064 5302 2244 5359 fuisse
2285 5318 2587 5361 conversos
2633 5306 2732 5375 qui
2777 5306 2846 5360 de
2896 5302 3182 5374 Catalogis
3228 5310 3284 5358 et
3332 5301 3710 5372 chronologia

2063 5394 2395 5461 pontiﬁcum
2426 5395 2690 5451 solliciti.
2717 5399 2800 5449 tot
2814 5393 3040 5447 codices
3068 5399 3123 5447 et
3143 5393 3375 5447 archiva
3391 5391 3712 5447 consulue-

2062 5488 2217 5547 runt,
2268 5489 2331 5537 ut
2372 5482 2781 5551 antiquissima
2826 5487 3190 5535 monumenta
3220 5486 3273 5536 et
3314 5481 3558 5535 maxime
3603 5495 3709 5551 ge—

2060 5570 2242 5626 nuina
2274 5569 2610 5639 proferrent.
2644 5569 2931 5638 Quantum
2962 5568 3193 5639 assequi
3218 5568 3543 5625 meditando
3566 5582 3708 5638 pos—
