4048 6168
296 294 474 387 ~asa

1171 295 1264 349 AD
1299 289 1734 348 ANASTASIUM
1771 283 2285 345 PROLEGOMENA
2322 291 2500 347 EDIT.
2541 291 2979 352 ROM.-VATIC.

3667 298 3775 356 264

369 426 559 478 tutum
587 419 721 491 fuit,
751 437 817 474 ea:
845 420 1175 474 documentis
1196 419 1420 472 aliunde
1443 418 1793 482 ministratis,
1849 427 2015 482 quam
2046 411 2101 469 A
2126 414 2320 471 dianis
2346 436 2360 486 ;
2409 435 2533 491 qua
2553 427 2738 480 tamen
2788 421 3047 477 fenestra
3091 423 3373 493 proximis
3420 420 3776 493 imaginibus

366 526 433 563 ea:
447 509 578 572 loco,
606 510 702 563 ubi
714 516 819 563 tres
833 511 1077 577 proxime
1093 509 1440 575 gerebantur,
1465 506 1721 575 suffragii
1730 517 2011 573 praeroga-

364 600 532 651 tivam
560 613 671 652 esse
693 612 852 665 penes
894 597 1055 665 illud,
1091 598 1247 664 cujus
1295 598 1506 649 auctori
1547 609 1714 647 causa
1752 593 2007 659 scientia,

354 688 561 755 peritia
588 686 907 754 disciplina,
940 702 1004 739 ac
1034 686 1278 739 studium
1302 685 1547 738 veritatis
1587 683 1905 749 facultatem
1926 681 2014 733 de-

363 774 504 827 derit
526 774 841 843 ampliorem
877 777 1128 843 temporis
1161 790 1224 827 ac
1265 789 1447 827 rerum
1488 770 2007 841 perquirendarum.

360 863 605 917 Tandem
652 875 887 917 numero
943 867 1140 917 octavo
1183 862 1239 917 id
1285 860 1629 915 inferebam:
1681 858 2009 912 Consensum

353 953 607 1021 plurium
635 954 960 1021 scriptorum
989 952 1071 1005 vel
1092 951 1551 1009 documentorum,
1595 949 1704 1001 loco
1760 964 1823 1001 ac
1874 950 2004 999 tem-

354 1057 486 1112 pore
516 1043 930 1109 proximiorum,
974 1042 1275 1109 praesertim
1315 1041 1365 1091 si
1404 1039 1630 1108 publica
1684 1037 2004 1089 auctoritate

357 1123 701 1182 muniantur,
724 1120 991 1174 indicium
1011 1120 1319 1173 habendum
1348 1134 1460 1173 esse
1474 1118 1720 1172 veritatis
1738 1117 2006 1170 historica

358 1213 409 1263 et
427 1209 828 1275 chronologica.

393 1294 453 1352 3.
487 1298 659 1352 Nemo
685 1309 798 1351 non
823 1295 1107 1366 intelliget
1139 1310 1244 1350 cur
1282 1295 1401 1350 hac
1449 1293 1811 1351 conditiones
1842 1306 2004 1362 qua—

356 1385 545 1441 renda
574 1383 792 1439 fuerint
824 1384 880 1439 in
909 1383 1208 1439 codicibus
1238 1383 1435 1450 Italia,
1473 1381 1786 1452 prasertim
1817 1381 2005 1435 Roma

359 1473 835 1543 proximioribus,
859 1487 1101 1543 quorum
1136 1472 1423 1528 Farfensis
1447 1473 1686 1541 primus,
1733 1470 2004 1525 Cavensis

356 1560 522 1629 alter,
545 1563 845 1634 Bergomas
865 1564 1072 1619 tertius
1098 1563 1326 1617 vicinia
1350 1562 1521 1616 titulo
1549 1560 1742 1615 haberi
1774 1558 1999 1614 debent.

353 1650 793 1706 Considerabam
832 1653 984 1706 enim
1025 1651 1411 1719 scriptoribus
1434 1656 1489 1704 et
1519 1648 1859 1705 custodibus
1907 1648 2006 1702 bi-

2124 507 2266 561 satis
2308 510 2553 567 vividam
2586 513 2767 569 lucem
2814 513 3196 577 distribuunt,
3230 511 3324 566 sed
3364 509 3772 566 remotioribus

2125 594 2565 666 languidiorem.
2616 602 2886 658 Pluribus
2908 602 3078 657 etiam
3135 602 3194 655 in
3228 600 3370 655 locis
3399 599 3451 653 ei
3498 598 3770 668 picturis,

2125 686 2437 750 prasertim
2478 688 2554 744 iis
2581 705 2706 759 qua
2735 690 3014 761 imagines
3042 688 3313 743 exhibent
3336 699 3369 741 a
3417 686 3581 741 beato
3605 687 3771 741 Petro

2122 773 2426 845 Proximas,
2446 790 2593 846 aqua
2617 779 2893 848 depluens
2916 778 3053 833 olim
3078 790 3175 846 per
3208 777 3343 832 tecti
3365 780 3466 831 aut
3503 773 3776 830 fenestra-

2119 874 2244 915 rum
2303 863 2497 929 rimas,
2541 867 2746 922 vitium
2799 868 3119 922 induxerat.
3147 870 3202 921 et
3253 863 3441 933 pulvis
3475 864 3773 918 adhaerens

2116 950 2390 1017 parietem
2411 952 2489 1007 ita
2510 959 2856 1021 contexerat,
2884 961 2947 1009 ut
2974 955 3185 1009 ductus
3212 952 3537 1007 litterarum
3579 957 3772 1006 essent

2117 1036 2308 1093 minus
2337 1039 2648 1096 manifesti.
2678 1040 2964 1097 Adversus
2988 1043 3130 1096 hanc
3157 1039 3558 1096 difﬁcultatem
3597 1051 3769 1106 aspe—

2113 1131 2242 1179 ctus
2267 1131 2324 1181 et
2347 1140 2610 1184 accessus
2627 1128 2791 1199 plura
2813 1129 3077 1185 subsidia
3097 1128 3552 1197 comparavimus
3591 1133 3769 1196 quot-

2114 1218 2256 1281 quot
2276 1227 2343 1268 ex
2367 1217 2633 1272 condicto
2675 1218 3047 1272 convenimus
3085 1230 3234 1272 anno
3266 1216 3552 1284 superiori
3603 1211 3763 1275 4720.

2114 1301 2319 1357 diebus
2352 1306 2664 1373 prasertim
2699 1303 2765 1360 12
2792 1306 3008 1373 Martii,
3040 1302 3112 1359 29
3148 1304 3370 1373 Aprilis
3397 1308 3454 1358 et
3505 1301 3570 1358 40
3602 1302 3767 1371 Maii,

2071 1418 2077 1423 -
2114 1392 2183 1446 ad
2239 1395 2718 1463 recognoscendas
2753 1394 3031 1466 imagines
3060 1399 3117 1449 et
3156 1393 3500 1464 epigraphes
3528 1392 3609 1446 ibi
3658 1392 3767 1447 de-

2117 1480 2318 1549 pictas.
2348 1483 2484 1536 Nam
2516 1482 2635 1539 sole
2654 1483 2980 1538 clarissimo
3001 1483 3154 1537 circa
3180 1482 3496 1550 meridiem,
3526 1489 3581 1536 et
3603 1480 3769 1535 horis

2113 1582 2146 1623 a
2179 1570 2418 1625 meridie
2437 1572 2715 1640 proximis
2740 1571 3037 1627 basilicam
3070 1570 3398 1626 illustrante
3422 1568 3767 1625 intendeba-

2116 1671 2242 1712 mus
2270 1659 2566 1715 oculorum
2609 1660 2811 1728 aciem,
2863 1673 2975 1715 non
3000 1658 3187 1715 solum
3218 1672 3281 1714 ea
3330 1658 3457 1713 luce
3485 1657 3760 1726 adjutam,

355 1739 770 1796 bliothecarum
809 1746 979 1809 atque
1035 1740 1398 1795 archivorum
1442 1740 1631 1793 Roma
1683 1739 2003 1808 proximio—
2037 1733 2087 1792 B
2112 1758 2305 1801 verum
2338 1747 2508 1802 etiam
2556 1747 2716 1803 tubis
2748 1746 2959 1817 οριίοίε
3006 1752 3277 1802 armatam
3328 1747 3396 1802 ad
3437 1745 3761 1816 augendum

355 1844 505 1898 rum,
534 1831 889 1885 occasionem
915 1828 1095 1884 fuisse
1118 1835 1367 1897 paratam
1388 1828 1634 1883 adeundi
1678 1826 2006 1897 frequenter

353 1918 578 1985 Urbem,
609 1923 665 1974 et
706 1916 1037 1972 conferendi
1070 1918 1285 1987 sapius
1314 1931 1450 1972 suos
1478 1917 1779 1989 Catalogos
1808 1923 1862 1971 et
1891 1918 2005 1972 do-

353 2013 616 2063 cumenta
642 2006 1029 2079 chronologia
1058 2006 1363 2076 pontiﬁcia
1397 2006 1650 2076 propriis
1681 2008 1737 2060 in
1772 2007 2007 2062 codici-

353 2094 462 2150 bus
492 2095 840 2166 consignata
871 2109 998 2150 cum
1022 2095 1349 2165 archetypis
1372 2095 1757 2150 monumentis
1793 2094 2006 2149 basili-

353 2196 549 2238 carum
579 2182 1051 2252 patriarchalium
1083 2183 1234 2237 intra
1264 2190 1321 2237 et
1339 2182 1491 2237 circa
1524 2182 1764 2251 Urbem;
1788 2182 1847 2237 in
1879 2182 2007 2252 qui-

351 2270 462 2327 bus
502 2271 765 2341 patebant
807 2272 995 2327 oculis
1040 2272 1298 2326 omnium
1343 2272 1521 2327 series
1567 2278 1621 2326 et
1664 2272 2005 2342 epigraphes

353 2361 710 2431 pontiﬁcum,
769 2361 1074 2431 complexa
1119 2362 1445 2417 eorumdem
1501 2362 1894 2416 successiones
1938 2374 2005 2416 ac

353 2455 630 2519 tempora.
665 2450 926 2505 Eruditis
948 2455 1136 2505 autem
1155 2450 1299 2505 viris
1331 2449 1508 2504 maria
1543 2448 2004 2518 transmissuris,

352 2545 455 2594 aut
487 2543 703 2593 montes
732 2539 1113 2608 superaturis,
1144 2552 1209 2594 ac
1244 2538 1436 2608 plures
1467 2538 1788 2606 provincias
1835 2551 2005 2608 pera-

352 2627 630 2699 graturis,
658 2633 722 2683 ut
755 2628 811 2682 in
847 2628 1071 2683 Italiam
1095 2634 1151 2682 et
1192 2628 1415 2683 Latium
1463 2628 1686 2683 tandem
1737 2628 2005 2696 perveni-

351 2724 496 2785 rent,
551 2729 693 2771 rara
731 2717 1036 2772 admodum
1082 2718 1412 2773 occasiones
1458 2717 1842 2773 offerebantur
1882 2716 2001 2771 Ro—

351 2817 500 2860 mam
530 2805 898 2871 concedendi,
926 2810 1100 2875 atque
1123 2804 1216 2859 hic
1250 2818 1461 2860 moram
1491 2806 1829 2861 diuturnam
1873 2812 2001 2859 tra-

354 2894 546 2964 hendi,
577 2900 638 2948 et
669 2894 989 2948 necessaria
1013 2894 1092 2949 ita
1127 2894 1364 2963 parandi
1397 2895 1466 2950 ad
1496 2895 1752 2963 picturas
1781 2898 1838 2949 et
1860 2894 1993 2963 epi-

350 2983 592 3053 graphes
611 2983 921 3053 diligenter
950 2982 1341 3052 inspiciendas
1374 2984 1578 3039 iterato
1607 2982 1993 3053 experimento

350 3070 521 3142 (quod
557 3071 702 3125 mihi
726 3072 1108 3126 necessarium
1135 3069 1268 3137 fuit,
1302 3071 1438 3126 licet
1457 3070 1528 3126 ab
1555 3072 1725 3125 annis
1752 3071 1996 3142 triginta

350 3164 566 3228 septem
599 3160 658 3214 in
683 3159 827 3214 Urbe
852 3159 1126 3227 versanti,
1158 3166 1214 3213 et
1250 3160 1504 3228 cupienti
1531 3158 1681 3214 nihil
1728 3158 1995 3229 inexplo-

349 3256 535 3304 ratum
572 3248 895 3319 relinquere
922 3248 980 3305 in
1004 3249 1081 3305 iis
1115 3264 1241 3319 qua
1283 3249 1462 3305 dubia
1510 3248 1905 3320 videbantur);
1934 3257 1997 3304 ut

348 3336 681 3407 monachus,
716 3337 960 3407 exempli
988 3351 1184 3397 causa,
1215 3337 1461 3394 canobii
1492 3338 1548 3392 in
1583 3337 1770 3393 Gallia
1795 3339 1878 3394 vel
1932 3339 1993 3392 in

345 3426 641 3481 Britannia
672 3427 773 3481 siti
796 3427 984 3481 eadem
1020 3423 1300 3481 facilitate
1324 3427 1517 3481 omnia
1563 3426 1808 3481 lustrare
1859 3441 1996 3495 pos-

345 3522 449 3582 set,
495 3528 606 3585 qua
653 3515 842 3583 potuit
891 3515 1203 3569 monachus
1256 3513 1500 3568 abbatia
1560 3513 1847 3569 Farfensis
1894 3520 1995 3569 aut

343 3603 633 3671 Cavensis,
666 3618 832 3674 quem
860 3604 1056 3659 studia
1085 3603 1402 3658 amicorum
1437 3603 1715 3673 omnium,
1740 3609 1795 3657 et
1830 3616 1995 3658 com—

349 3691 790 3761 proirincialium
828 3692 1123 3761 iuvabant,
1175 3699 1240 3747 ut
1288 3706 1375 3747 me
1419 3692 1758 3761 adjuvarent
1794 3691 1851 3745 in
1900 3691 1993 3745 his

348 3780 634 3836 morosius
658 3780 1058 3851 disquirendis
1079 3792 1146 3833 ac
1164 3781 1616 3850 distinguendis.

418 3870 590 3925 Nemo
649 3871 821 3924 etiam
878 3882 989 3924 non
1034 3869 1305 3923 concedet
1348 3868 1646 3923 oculorum
1705 3866 1991 3923 fallaciam

346 3972 470 4014 esse
496 3957 846 4029 frequentem
882 3959 938 4013 in
973 3958 1231 4013 numeris
1256 3956 1672 4023 describendis,
1708 3957 1993 4026 pracipue

345 4060 475 4102 cum
496 4060 564 4102 ex
591 4048 798 4102 humili
829 4046 971 4112 loco,
1006 4059 1073 4101 ex
1096 4046 1416 4115 pavimento
1456 4045 1680 4099 scilicet
1713 4045 1988 4115 ecclesia,

348 4131 553 4202 hospes
579 4133 842 4188 observat
878 4132 1219 4204 epigraphes
1268 4138 1325 4186 et
1359 4131 1582 4187 litteras
1620 4145 1989 4188 numerorum

348 4224 587 4290 indices,
614 4222 953 4291 depictasin
1004 4222 1239 4277 editiori
1285 4222 1425 4284 loco,
1468 4235 1647 4291 eoque
1690 4234 1801 4276 non
1849 4222 1992 4277 satis

345 4313 519 4373 claro,
550 4311 689 4366 totis
711 4311 978 4366 ducentis
1011 4311 1346 4380 plerumque
1372 4310 1578 4381 palmis
1612 4311 1763 4365 inter
1794 4311 1992 4381 pictu-

2114 1834 2388 1905 angulum
2412 1848 2443 1890 a
2473 1836 2715 1893 minutis
2733 1837 2906 1892 etiam
2944 1836 3204 1906 partibus
3236 1835 3442 1905 objecti
3495 1833 3765 1890 eﬁ‘orma—

2114 1932 2258 1987 tum,
2314 1939 2429 1994 quo
2483 1925 2806 1980 evidentius
2856 1928 3300 1995 perciperentur.
3343 1924 3590 1979 Directis
3633 1935 3764 1978 vero

2116 2014 2385 2084 pluribus
2414 2013 2572 2069 tubis
2595 2015 3135 2081 hincinmusivum,
3165 2015 3220 2069 S.
3258 2013 3459 2069 Leonis
3493 2012 3679 2084 Magni
3700 2017 3759 2067 et

2115 2101 2383 2157 Placidia
2414 2103 2750 2158 nominibus
2782 2103 3151 2175 insignitum,
3196 2102 3329 2157 inde
3377 2103 3433 2155 in
3482 2099 3760 2155 historias

2112 2191 2332 2246 Veteris
2360 2191 2727 2260 Testamenti,
2778 2205 2953 2260 supra
3004 2190 3283 2261 imagines
3334 2189 3664 2259 pontiﬁcum
3700 2188 3760 2242 in

2116 2279 2333 2347 pariete
2362 2279 2607 2335 australi
2648 2280 2950 2348 coloratas,
2980 2284 3047 2335 ut
3069 2280 3281 2349 stylum
3318 2279 3555 2349 pictura
3590 2282 3765 2333 utro-

2115 2366 2290 2437 bique
2334 2367 2763 2423 observaremus
2820 2374 2877 2423 et
2924 2381 3404 2436 compararemus.
3452 2366 3761 2436 Perspicue

2115 2460 2303 2510 autem
2333 2457 2718 2525 comperimus
2750 2457 2944 2511 vultus
2973 2455 3181 2527 viginti
3201 2460 3450 2526 quatuor
3464 2456 3760 2510 seniorum

2114 2543 2550 2614 Apocalypseos,
2585 2544 2643 2598 in
2687 2545 2911 2600 musivo
2949 2545 3004 2600 S.
3052 2546 3253 2601 Leonis
3297 2544 3633 2609 delineatos,
3676 2543 3763 2597 ita

2114 2631 2337 2687 similes
2361 2646 2484 2687 esse
2505 2631 2762 2688 vultibus
2806 2632 3051 2688 Aaronis
3081 2639 3138 2687 et
3180 2632 3382 2702 Moysi,
3410 2632 3631 2701 pictura
3654 2644 3761 2685 ex-

2116 2722 2332 2790 pressis
2353 2721 2412 2775 in
2456 2721 2783 2776 memoratis
2810 2720 3079 2776 historiis
3108 2719 3306 2788 Exodi,
3339 2719 3622 2789 pracipue
3655 2718 3759 2773 ubi

2112 2810 2307 2879 plagas
2329 2811 2563 2879 Egypto
2596 2810 2788 2865 illatas
2839 2810 3025 2879 pictor
3061 2807 3350 2877 exhibuit,
3388 2812 3452 2862 ut
3496 2807 3757 2875 ejusdem

2108 2898 2352 2953 artiﬁcis
2376 2912 2577 2953 manus
2607 2904 2709 2953 aut
2728 2904 2879 2971 certe
2907 2897 3158 2968 ejusdem
3188 2896 3395 2951 schola
3439 2894 3758 2951 artiﬁcium

2110 2986 2417 3055 utrobique
2443 3000 2503 3041 se
2531 2987 2752 3056 prodat.
2786 2988 2989 3042 Eadem
3029 2986 3179 3041 ratio
3226 2985 3469 3040 vestium
3514 2997 3762 3047 compo—

2108 3076 2446 3139 nendarum,
2478 3075 2627 3131 idem
2660 3075 2854 3131 cultus
2877 3088 3221 3145 corporum;
3270 3075 3463 3131 omnia
3502 3073 3762 3143 denique

2107 3161 2403 3233 ingenium
2436 3162 2696 3218 indicant
2724 3163 2979 3231 ejusdem
3009 3162 3255 3231 opiﬁcis.
3292 3163 3401 3217 Nec
3440 3161 3637 3230 dispar
3664 3165 3766 3217 est

2108 3250 2385 3305 habitudo
2402 3249 2699 3320 facierum,
2715 3264 2857 3321 quas
2880 3251 3087 3306 tribuit
3110 3251 3295 3320 pictor
3315 3249 3558 3305 summis
3570 3250 3767 3317 ponti-

2106 3338 2332 3411 ﬁcibus,
2368 3340 2426 3394 in
2454 3352 2518 3395 ea
2548 3340 2696 3395 serie
2725 3339 3030 3407 dispositis
3072 3340 3181 3394 aS.
3243 3340 3407 3395 Petro
3456 3338 3524 3394 ad
3574 3339 3773 3393 Inno-

2103 3430 2355 3483 centium
2395 3429 2664 3497 primum,
2729 3427 3006 3482 exhibens
3045 3434 3328 3497 protomen
3363 3426 3765 3498 singulorum,

2104 3522 2362 3571 ornatam
2394 3517 2637 3572 candida
2670 3517 2886 3585 tunica,
2923 3517 3229 3585 purpureis
3257 3516 3455 3571 limbis
3474 3515 3769 3572 distincta

2104 3605 2163 3658 in
2199 3604 2433 3669 futuris,
2451 3613 2506 3659 et
2529 3606 2705 3675 pallio
2725 3605 2971 3660 candido
2992 3604 3248 3659 humeris
3265 3603 3570 3674 superfuso
3591 3622 3604 3657 :
3622 3618 3767 3673 qua

2102 3695 2389 3759 imagines,
2416 3706 2513 3748 seu
2541 3699 2804 3763 protomes
2836 3691 3177 3764 singillatim
3204 3691 3584 3747 includuntur
3620 3704 3765 3748 area

2102 3780 2453 3837 orbicularis
2519 3781 2733 3853 ﬁgura,
2790 3795 2890 3837 seu
2958 3780 3153 3851 clypeo
3207 3778 3398 3851 (unde
3461 3779 3764 3835 veteribus

2102 3870 2271 3925 dicta
2298 3878 2433 3927 sunt
2460 3873 2723 3940 imagines
2753 3872 3055 3939 clypeata),
3084 3870 3346 3939 apposita
3366 3869 3619 3938 singulis
3647 3882 3767 3923 or-

2102 3956 2316 4015 biculis
2330 3959 2482 4014 brevi
2502 3960 2831 4028 epigraphe,
2854 3958 3433 4027 palmaribuslitteris
3458 3956 3691 4012 indican
3706 3963 3764 4013 te

2106 4060 2310 4102 nomen
2344 4047 2653 4116 pontiﬁcis,
2679 4052 3056 4115 etannorum,
3088 4047 3371 4101 mensium
3413 4059 3479 4101 ac
3522 4045 3759 4101 dierum

2102 4148 2403 4191 numerum
2454 4137 2554 4205 qui
2586 4135 2840 4204 ejusdem
2889 4134 3006 4191 sedi
3051 4134 3410 4191 tribuuntur.
3462 4135 3570 4189 Has
3616 4147 3763 4191 vero

2100 4225 2439 4295 epigraphes
2476 4237 2600 4279 esse
2637 4224 2919 4279 contendo
2965 4224 3332 4294 archetypum
3386 4223 3762 4293 prastantis—

2101 4318 2313 4370 simum
2341 4313 2596 4385 Catalogi
2619 4312 2989 4382 pontiﬁcalis,
3014 4327 3078 4369 ex
3102 4313 3372 4384 genuinis
3389 4313 3760 4368 documentis

345 4416 438 4457 ras
458 4407 513 4456 et
556 4400 785 4456 oculum
819 4398 1173 4469 interceptis,
1204 4408 1411 4470 quanta
1444 4405 1530 4455 est
1571 4398 1851 4455 distantia
1882 4400 1988 4455 ob—
2017 4418 2069 4478 ι)
2102 4404 2366 4458 Romana
2386 4403 2654 4457 Ecclesia
2692 4402 3052 4472 productum,
3107 4402 3305 4471 ibique
3345 4401 3754 4471 consignatum

344 4488 708 4545 servantibus
733 4502 801 4544 ex
832 4489 1154 4557 pavimento
1176 4487 1430 4544 basilica
1454 4488 1634 4543 sancti
1662 4488 1839 4543 Pauli.
1866 4489 1985 4543 Non

343 4577 562 4649 pigebit
590 4591 653 4633 ea
701 4577 950 4633 breviter
991 4578 1268 4645 indicare,
1318 4591 1443 4647 qua
1505 4589 1654 4632 anno
1703 4575 1989 4646 superiori

345 4663 483 4722 4720
509 4667 903 4737 prastitimus,
944 4681 1043 4737 per
1068 4666 1194 4722 dies
1242 4667 1435 4736 plures
1480 4666 1705 4722 iteratis
1759 4665 1993 4734 experi—

343 4756 573 4826 mentis,
607 4763 670 4811 ut
693 4770 888 4811 verum
913 4757 1152 4812 ductum
1180 4755 1503 4812 litterarum
1534 4767 1846 4825 earumque
1875 4767 1994 4809 nu—

344 4859 560 4901 merum
591 4858 618 4899 3
629 4858 1046 4916 ssequeremur.

377 4934 436 4991 4.
477 4935 631 4991 Licet
653 4935 806 4990 enim
837 4933 1118 5003 palmares
1145 4934 1266 4989 sint
1291 4934 1645 4990 characteres
1683 4932 1870 4988 Latini
1898 4932 1993 4987 al—

343 5024 597 5096 phabeti,
648 5023 863 5095 quibus
911 5027 1177 5080 constant
1222 5024 1581 5095 epigraphes,
1650 5022 1881 5078 nomina
1937 5026 1994 5075 et

340 5114 771 5183 chronologiam
816 5115 1151 5183 pontiﬁcum
1192 5113 1559 5169 enuntiantes
1588 5112 1648 5166 in
1679 5113 1826 5167 serie
1868 5125 1992 5167 me—

343 5207 562 5259 morata
593 5204 755 5256 navis
782 5202 978 5257 media
1006 5216 1071 5257 ac
1096 5202 1269 5257 latere
1290 5201 1531 5256 australi
1573 5199 1825 5256 basilica
1856 5214 1989 5255 san-

341 5293 419 5347 cti
442 5290 629 5360 Pauli,
658 5290 717 5344 in
738 5302 803 5345 ea
827 5294 1012 5344 tamen
1034 5289 1315 5345 distantia
1335 5290 1711 5344 ducentorum
1738 5288 1854 5343 fere
1875 5288 1991 5358 pal-

345 5393 563 5435 morum
594 5393 623 5434 a
646 5382 1011 5446 conspectore
1037 5377 1096 5431 in
1126 5378 1446 5446 pavimento
1480 5376 1666 5445 posito
1696 5390 1841 5449 agre
1878 5377 1988 5432 ad-

343 5469 572 5525 modum
589 5465 842 5524 discerni
874 5470 1133 5535 possunt,
1162 5465 1275 5520 nisi
1306 5464 1471 5534 pleno
1502 5464 1718 5521 lumine
1761 5464 1985 5535 perfun-

341 5557 553 5613 dantur
589 5570 688 5627 per
715 5555 859 5612 solis
880 5552 1148 5624 radios,a
1186 5552 1456 5611 fenestris
1493 5554 1875 5624 amplioribus
1925 5557 1984 5611 in

341 5642 531 5701 fronte
558 5643 903 5702 occidentali
927 5642 1181 5699 ecclesia
1224 5642 1509 5701 admissos
1542 5644 1700 5700 horis
1732 5645 1994 5713 pomeri-

2099 4496 2263 4546 atate
2310 4492 2509 4546 Leonis
2553 4492 2763 4561 Magni,
2815 4492 3019 4545 merito
3049 4503 3079 4543 a
3129 4489 3296 4545 nobis
3332 4487 3755 4544 observandum

2101 4594 2167 4633 ac
2190 4578 2652 4647 describendum,
2689 4584 2745 4633 et
2773 4577 3178 4633 conferendum
3211 4592 3339 4632 cum
3364 4575 3606 4632 vetustis
3634 4574 3759 4630 Ca-

2104 4666 2313 4738 talogis
2347 4667 2527 4722 multo
2553 4668 2764 4736 majore
2781 4681 2917 4721 cura
2943 4679 3110 4736 quam
3142 4666 3472 4735 impendant
3505 4663 3753 4732 politio-

2103 4771 2228 4812 rum
2264 4756 2586 4812 litterarum
2620 4756 2870 4810 studiosi
2924 4755 2981 4810 in
3031 4754 3376 4826 colligendis
3411 4753 3756 4824 fragmentis

2101 4845 2297 4914 Ennii,
2318 4845 2551 4900 Catonis
2568 4844 2931 4912 aliorumque
2956 4842 3203 4911 profana
3218 4842 3570 4899 eruditionis
3593 4842 3757 4895 insi-

2103 4934 2297 5005 gnium
2326 4934 2694 5003 scriptorum.
2726 4928 2932 4986 Omnia
2956 4931 3172 4988 idcirco
3198 4931 3463 4986 subsidia
3490 4929 3755 4998 undique

2102 5023 2570 5093 conquisivimus
2590 5021 2659 5076 ad
2694 5022 2861 5076 hasce
2907 5020 3250 5091 epigraphes
3293 5021 3477 5076 nitide
3523 5018 3755 5075 distin-

2103 5111 2356 5182 guendas
2385 5124 2450 5165 ac
2473 5109 2719 5165 ﬁdeliter
2746 5108 3173 5164 describendas.

2173 5201 2273 5255 His
2288 5206 2473 5255 autem
2492 5197 2773 5253 subsidiis
2788 5198 3054 5253 destituti
3073 5196 3409 5268 (prasertim
3440 5196 3755 5266 dioptricis

2102 5286 2563 5358 telescopiorum)
2588 5288 2688 5357 qui
2719 5293 2852 5343 ante
2892 5288 3183 5342 inventum
3216 5288 3543 5343 eorumdem
3572 5285 3753 5341 nudis

2102 5378 2288 5436 oculis
2330 5389 2399 5432 ex
2430 5376 2749 5445 pavimento
2795 5374 3189 5445 observabant,
3223 5374 3528 5431 allucinari
3578 5373 3754 5430 facile

2102 5473 2360 5538 poterant
2391 5466 2453 5521 in
2491 5466 2702 5520 litteris
2736 5464 3168 5520 numerabilbus
3214 5466 3655 5533 discernendis;
3692 5473 3753 5523 et

2102 5555 2262 5612 nullo
2289 5554 2517 5626 negotio
2537 5554 2767 5625 signum
2791 5551 3046 5622 quinarii
3080 5553 3123 5608 V
3154 5553 3505 5609 substituere
3533 5553 3659 5609 suis
3683 5553 3752 5610 in

2101 5642 2379 5713 exemplis
2402 5648 2660 5713 poterant
2697 5654 2798 5712 pro
2819 5640 3042 5713 integra
3076 5641 3302 5697 denarii
3331 5648 3463 5698 nota
3490 5641 3546 5697 X
3574 5642 3752 5711 cujus
