4060 6176
206 372 300 429 265

973 374 1336 432 BLANCHINI
1396 380 1693 436 DISSERT.
1748 381 1838 435 DE
1888 379 2043 436 ΑΝΤ.
2091 381 2201 435 RR.
2259 380 2453 436 PONT.
2509 380 2842 436 CATALOG.

3495 377 3604 440 266

212 499 443 553 dimidia
475 513 606 568 pars
635 500 693 554 in
735 500 1043 567 exemplari
1075 505 1304 572 pulvere
1353 505 1539 561 obsita
1565 507 1860 562 delitesce-
1879 516 1934 574 A
1967 504 2074 560 bus
2115 519 2281 576 quam
2339 507 2395 561 in
2423 508 2645 562 caeteris
2693 506 2918 562 duabus
2958 506 3242 576 basilicis,
3276 523 3420 578 quas
3443 512 3603 567 adire

214 594 307 652 ret,
333 594 438 642 aut
463 587 687 643 lumine
715 602 826 643 non
859 590 1003 644 satis
1029 591 1222 647 vivido
1264 592 1718 664 perfunderetur,
1753 602 1854 651 aut

211 677 475 730 imbrium
531 677 924 732 decidentium
972 678 1190 748 injuria
1243 681 1456 738 coloris
1507 683 1850 738 evidentiam

207 765 510 820 amisisset.
563 765 768 820 Eadem
821 765 1158 823 difficultate
1211 769 1544 826 laborarunt
1591 772 1650 826 in
1691 785 1852 828 asse-

211 853 430 922 quendo
485 853 774 908 unitatum
823 868 1078 923 numero,
1134 856 1232 911 ubi
1284 857 1478 926 plures
1517 873 1576 914 se
1608 860 1848 915 invicem

203 947 670 1011 consequuntur;
699 955 763 996 ac
789 942 1028 1012 proinde
1046 941 1141 997 VII
1171 959 1270 1013 pro
1288 947 1426 1016 VIII,
1452 961 1611 1017 teque
1635 962 1700 1003 ac
1732 949 1850 1004 VIII

200 1030 434 1084 reddere
466 1044 568 1099 pro
598 1031 693 1085 VII
735 1037 1062 1099 potuerunt,
1098 1033 1197 1088 ubi
1224 1034 1378 1090 acies
1412 1036 1706 1093 oculorum
1733 1037 1849 1092 im-

195 1118 536 1188 pediebatur
583 1120 840 1175 externis
870 1120 1152 1188 ejusmodi
1186 1123 1679 1180 occultationibus
1704 1124 1847 1180 cha-

196 1213 498 1261 racterum.

253 1297 369 1350 Nos
414 1297 486 1351 ad
538 1296 656 1351 haec
706 1297 1111 1366 impedimenta
1140 1301 1450 1355 amovenda
1507 1302 1846 1370 impetravi-

194 1398 314 1438 mus
343 1391 473 1440 tum
495 1398 527 1438 a
551 1386 919 1441 sanctissimo
950 1388 1111 1442 Patre
1134 1388 1420 1444 Clemente
1460 1389 1562 1460 XI,
1590 1391 1758 1460 cujus
1786 1392 1843 1446 in

193 1473 574 1541 patriarchali
617 1473 862 1529 basilica
897 1475 952 1530 id
984 1482 1105 1530 erat
1131 1477 1487 1548 tentandum,
1528 1484 1648 1534 tum
1687 1493 1718 1534 a
1749 1493 1844 1535 re-

186 1563 610 1618 verendissimo
628 1562 829 1618 abbate
841 1570 898 1619 et
916 1565 1211 1620 monachis
1226 1566 1667 1624 Cassinensibus
1684 1582 1845 1624 eam-

189 1652 306 1706 dem
349 1652 796 1722 religiosissime
828 1653 1288 1723 procurantibus,
1313 1661 1376 1709 ut
1397 1655 1683 1727 longiores
1713 1671 1845 1712 sca—

191 1739 263 1795 las
307 1740 618 1796 admovere
667 1741 884 1808 liceret,
919 1756 1060 1811 quas
1105 1741 1176 1796 ab
1204 1743 1348 1797 Urbe
1373 1744 1580 1799 adduci
1608 1746 1844 1800 curavi-

1963 593 2030 646 ad
2060 593 2432 649 conferendas
2468 595 2808 665 epigraphes
2846 594 2933 649 illi
2967 607 3079 650 non
3109 595 3361 652 vacabat.
3393 597 3607 653 Praeci-

1966 693 2132 748 puam
2183 681 2327 736 hanc
2369 680 2550 737 fuisse
2597 696 2827 738 causam
2878 683 3086 752 opinor
3128 683 3485 742 diversitatis
3523 690 3608 745 tot

1965 768 2024 822 in
2066 768 2365 840 Catalogos
2412 771 2683 841 inductae,
2736 784 2905 841 quam
2949 771 3156 828 deinde
3196 773 3358 830 novis
3386 777 3609 832 errori-

1960 854 2069 911 bus
2110 846 2482 914 cumularunt
2533 872 2911 916 amanuenses
2969 864 3200 916 aetatum
3251 863 3604 933 sequiorum,

1959 949 2080 1000 tum
2136 946 2234 1002 ubi
2296 954 2461 1002 notas
2511 948 2834 1004 numerales
2893 955 3247 1018 perveterent
3295 951 3605 1021 incuriose,

1958 1042 2080 1090 tum
2130 1036 2228 1092 ubi
2279 1036 2338 1092 in
2388 1038 2688 1094 codicibus
2735 1039 3098 1095 oblitteratas
3134 1040 3409 1097 audacter
3458 1056 3607 1112 sup-

1959 1125 2179 1194 plerent
2221 1131 2321 1183 aut
2363 1129 2675 1184 oscitanter
2718 1129 3114 1199 praterirent;
3168 1143 3269 1186 nec
3299 1131 3604 1201 quisquam

1957 1215 2310 1284 reperiretur
2327 1216 2427 1286 qui
2449 1216 2730 1288 cogitaret
2754 1216 2825 1272 de
2844 1218 3286 1274 transmittendo
3304 1219 3372 1274 ad
3399 1218 3606 1275 Urbem

1955 1303 2210 1372 exemplo
2259 1304 2350 1360 sui
2382 1305 2621 1375 codicis,
2677 1310 2741 1360 ut
2772 1306 2995 1361 numeri
3036 1305 3433 1364 conferrentur
3475 1322 3604 1365 cum

1955 1391 2275 1461 prototypis
2304 1391 2698 1461 basilicarum,
2730 1407 2972 1462 quarum
2993 1393 3064 1449 de
3087 1393 3332 1464 picturis
3368 1400 3424 1450 et
3448 1393 3608 1452 chro.

1955 1480 2185 1551 nologia
2217 1481 2366 1536 nihil
2413 1480 2722 1538 admodum
2765 1480 3100 1538 suboluerat
3146 1483 3480 1555 antiquario
3507 1491 3610 1541 aut

1956 1567 2420 1638 bibliothecario,
2452 1571 2682 1626 dissitis
2730 1570 2789 1627 in
2838 1571 3153 1642 provinciis
3197 1571 3411 1643 agenti,
3457 1572 3605 1630 etin

1955 1655 2100 1710 Urbe
2138 1670 2433 1727 nunquam
2476 1665 2716 1714 versato.

2027 1743 2081 1800 5.
2111 1747 2236 1802 Hmc
2263 1747 2445 1820 igitur
2463 1749 2731 1818 praisidia
2755 1750 3204 1819 comparationis
3226 1755 3283 1806 et
3301 1750 3605 1820 inspectio-

189 1842 341 1897 mus,
373 1836 432 1883 et
460 1845 562 1901 per
593 1829 890 1886 ministros
922 1830 1156 1888 idoneos
1186 1845 1296 1888 non
1329 1831 1513 1887 solum
1561 1833 1751 1902 scopis
1776 1847 1841 1888 ac
1872 1831 1926 1892 B
1957 1835 2069 1904 nis,
2099 1845 2301 1905 paratu
2332 1837 2638 1893 admodum
2682 1838 2944 1894 difficilia
2971 1837 3299 1910 hospitibus
3327 1853 3357 1893 e
3392 1840 3602 1895 dissita

188 1924 389 1979 linteis
413 1925 624 1989 everri,
646 1930 701 1978 et
723 1925 1006 1993 pulverem
1038 1925 1308 1997 abstergi,
1345 1941 1456 1997 quo
1487 1927 1704 1984 clarius
1737 1929 1844 1984 lit—

189 2019 318 2067 terae
355 2017 418 2066 et
447 2011 667 2067 colores
720 2020 1075 2082 apparerent,
1116 2028 1309 2070 verum
1342 2016 1512 2071 etiam
1552 2016 1844 2074 effecimus

192 2107 250 2156 ut
273 2100 462 2155 iidem
487 2100 680 2154 idonei
704 2100 816 2154 viri
845 2101 943 2170 qui
972 2101 1154 2157 scalas
1179 2104 1478 2171 portatiles
1492 2107 1848 2162 conscende-

194 2199 331 2254 rant,
367 2190 636 2245 absterso
663 2189 892 2258 pulvere
911 2190 1126 2260 digitos
1150 2192 1511 2248 admoverent
1530 2194 1597 2248 ad
1620 2194 1846 2252 litteras

197 2278 475 2349 singulas,
527 2291 739 2348 easque
791 2279 1126 2335 nominatim
1179 2282 1553 2337 inclamarent
1582 2282 1767 2352 nobis,
1813 2300 1844 2340 e

195 2367 517 2435 pavimento
576 2365 1011 2422 observantibus
1061 2381 1156 2436 per
1207 2369 1373 2424 tubos
1417 2371 1655 2439 opticos,
1705 2385 1840 2427 num

192 2462 500 2524 conspectu
525 2461 722 2511 nostro
743 2456 933 2510 eadem
964 2457 1240 2512 iudicatio
1258 2457 1502 2513 fideliter
1522 2466 1838 2528 appareret,

195 2558 305 2612 qua:
346 2557 490 2598 voce
522 2544 812 2615 tangentis
842 2543 1062 2600 litteras
1097 2543 1510 2613 proferebatur.
1543 2548 1841 2603 Veteribus

201 2631 304 2686 illis
321 2631 727 2702 chronologize
753 2633 1056 2700 pontificiis
1081 2633 1362 2688 studiosis
1380 2636 1609 2690 Romam
1637 2636 1842 2690 adven-

194 2719 451 2774 tantibus
485 2724 619 2774 ante
653 2720 941 2776 inventum
983 2721 1298 2790 telescOpii,
1328 2736 1393 2777 ac
1414 2723 1617 2778 seriem
1645 2724 1831 2792 istam,

190 2813 239 2861 et
267 2817 440 2863 notas
459 2808 901 2880 chronologicas
927 2810 1306 2866 transcribere
1346 2811 1722 2880 tentantibus,
1757 2812 1841 2866 li-

192 2911 320 2966 gnea
343 2897 593 2952 castella
613 2903 774 2952 erant
791 2898 1202 2966 adhibenda,et
1219 2900 1838 2971 singulisimaginibus

190 2991 353 3054 atque
384 2985 878 3054 inscriptionibus
902 2987 1250 3042 admovenda
1280 2987 1551 3057 plurimis
1575 3003 1704 3044 cum
1739 2989 1838 3044 im-

193 3072 385 3140 pensis
427 3079 485 3127 et
539 3073 718 3139 curis,
755 3079 818 3128 ut
864 3075 986 3143 pari
1028 3073 1303 3130 felicitate
1331 3076 1562 3145 assequi
1609 3080 1839 3145 possent

1960 1926 2190 1996 regione
2236 1925 2304 1982 ad
2371 1926 2574 1981 Urbem
2619 1926 3044 1996 accedentibus,
3115 1929 3409 1984 commode
3455 1927 3599 1984 satis

1957 2022 2146 2083 patere
2188 2021 2450 2084 poterant
2489 2016 2876 2085 scriptoribus
2919 2022 2978 2071 et
3019 2015 3506 2084 bibliothecariis,
3535 2017 3596 2071 in

1955 2105 2136 2175 Latio,
2159 2104 2390 2161 Sabinis
2418 2111 2473 2161 et
2496 2106 2806 2175 Campania
2843 2105 3353 2171 commorantibus,
3383 2104 3600 2175 quibus

1956 2190 2147 2249 facilis
2171 2194 2240 2250 ad
2273 2194 2477 2250 Urbem
2507 2207 2791 2264 accessus,
2819 2196 2957 2251 dum
2983 2201 3138 2250 sarta
3168 2198 3315 2250 tecta
3341 2192 3598 2249 basilica:

1954 2291 2315 2355 curarentur,
2367 2285 2723 2340 occasionem
2771 2284 3110 2354 paratiorem
3161 2281 3362 2338 offerre
3410 2282 3601 2351 potuit

1953 2385 2090 2427 suos
2115 2371 2412 2442 Catalogos
2437 2386 2567 2428 cum
2600 2372 2759 2427 hisce
2789 2371 3037 2440 picturis
3064 2371 3135 2426 de
3168 2369 3428 2440 proximo
3451 2383 3599 2425 con-

1953 2457 2206 2515 ferendi:
2255 2461 2405 2531 quod
2447 2461 2619 2516 etiam
2669 2459 2930 2516 obtinere
2957 2472 3068 2515 non
3112 2456 3423 2515 difficulter
3450 2469 3598 2513 con-

1953 2548 2088 2618 tigit
2135 2549 2358 2604 caeteris
2424 2548 2482 2604 in
2538 2548 2703 2604 Italia
2763 2547 3119 2619 constitutis,
3171 2551 3227 2603 et
3271 2547 3340 2602 ad
3388 2545 3594 2600 Urbem

1952 2636 2171 2704 pluriés
2198 2637 2468 2692 evocatis.
2497 2638 2573 2691 Ea
2600 2636 2785 2705 igitur
2813 2635 3201 2692 consideratio
3231 2647 3333 2690 nos
3360 2632 3595 2703 impulit

1952 2729 2016 2778 ut
2066 2724 2395 2781 Italicorum
2449 2725 2810 2780 archivorum
2873 2723 3101 2780 codices
3148 2722 3493 2778 vetustiores
3533 2721 3596 2776 in

1948 2811 2320 2884 chronologia
2385 2813 2680 2882 pontificia
2731 2812 3073 2872 ordinanda.
3121 2816 3179 2867 et
3251 2825 3380 2866 cum
3435 2809 3596 2864 hisce

1950 2899 2196 2968 picturis
2235 2899 2999 2970 conferendaprzeferremus
3026 2899 3269 2970 caiteris,
3313 2898 3436 2968 pari
3465 2897 3593 2954 for—-

1950 2993 2097 3043 tasse
2137 2988 2486 3058 antiquitate
2525 2987 2953 3058 praestantibus,
3002 2989 3097 3044 sed
3129 2987 3295 3060 longe
3328 2986 3400 3042 ab
3423 2985 3593 3042 Italia

1947 3076 2177 3132 dissitis
2215 3077 2272 3131 in
2305 3076 2677 3133 bibliothecis
2727 3083 2783 3132 et
2826 3077 3082 3133 archivis
3128 3076 3268 3132 olim
3311 3074 3594 3145 depositis

195 3174 458 3217 numeros
487 3161 594 3216 hoc
627 3162 685 3218 in
735 3163 1040 3234 archetypo
1070 3163 1339 3219 Romanis
1371 3164 1584 3220 litteris
1609 3165 1838 3220 colora-
1867 3148 1916 3209 C
1945 3169 2048 3221 aut
2097 3167 2405 3221 asservatis
2457 3165 2540 3221 vel
2594 3167 2962 3236 transcriptis
3012 3178 3111 3235 per
3176 3178 3272 3220 eos
3323 3164 3426 3234 qui
3479 3163 3594 3219 Ur—

201 3254 290 3304 tos.
342 3249 576 3316 Quanta
606 3264 739 3306 vero
767 3250 1074 3308 difﬁcultas
1109 3253 1188 3308 sit
1231 3253 1561 3323 hospitibus
1601 3254 1834 3309 Romam

193 3339 564 3410 adeuntibus,
614 3347 676 3395 ut
701 3354 928 3397 emenso
952 3342 1120 3413 longo
1165 3342 1374 3398 itinere
1397 3343 1468 3398 de
1502 3343 1757 3398 castellis
1781 3349 1837 3399 et

196 3429 478 3484 machinis
498 3429 755 3500 cogitent
769 3429 841 3484 ab
862 3430 1008 3486 Urbe
1027 3432 1084 3485 in
1107 3431 1406 3488 basilicam
1425 3430 1837 3487 transferendis

192 3523 244 3572 et
262 3510 577 3588 erigendis,
612 3524 677 3574 ut
705 3519 976 3575 sordibus
1004 3520 1283 3589 parietum
1314 3521 1576 3586 detersis,
1613 3520 1837 3576 litteras

194 3607 519 3662 evidentius
536 3608 606 3662 de
628 3608 886 3676 proximo
913 3609 1318 3679 transcribant,
1344 3609 1648 3681 imaginari
1671 3607 1839 3664 facile

196 3696 403 3763 poterit
424 3697 700 3766 quisquis
719 3696 1084 3752 altitudinem
1105 3698 1387 3766 parietum
1407 3704 1464 3753 et
1483 3698 1838 3768 picturarum

193 3784 528 3840 distantiam
563 3798 596 3838 a
621 3785 938 3854 pavimento
969 3787 1309 3842 consideret.

262 3874 589 3929 Mirandum
644 3873 825 3944 igitur
857 3888 963 3930 non
1004 3882 1090 3930 est
1141 3875 1190 3930 si
1243 3881 1327 3931 tot
1362 3875 1639 3946 Catalogi,
1668 3876 1840 3931 etiam

194 3963 524 4032 antiquitus
562 3964 838 4033 descripti
867 3964 938 4018 ab
967 3965 1060 4018 his
1083 3964 1296 4020 eisdem
1331 3965 1598 4035 picturis,
1631 3973 1687 4021 et
1710 3965 1841 4034 epi—

196 4051 612 4121 grammatibus
636 4052 1006 4108 basilicarum
1039 4051 1208 4107 Urbis
1236 4066 1334 4122 per
1376 4053 1630 4123 hospites
1658 4060 1716 4108 et
1741 4067 1844 4123 pe-

195 4143 455 4211 regrinos
483 4147 809 4196 exterarum
835 4141 1153 4211 nationum,
1188 4143 1419 4196 Romam
1441 4143 1556 4198 voti
1589 4149 1690 4198 aut
1717 4142 1844 4196 reli-

193 4230 387 4299 gionis
401 4243 579 4286 causa
604 4233 898 4298 adeuntes,
930 4237 1082 4286 tanta
1111 4245 1477 4288 numerorum
1510 4230 1842 4286 diversitate

193 4318 346 4372 inter
393 4333 454 4374 se
520 4319 806 4378 differant,
859 4321 994 4375 licet
1036 4321 1106 4376 ab
1149 4322 1344 4377 eodem
1402 4317 1556 4374 fonte
1604 4318 1843 4374 fortasse

195 4404 618 4477 fuerintpetiti.
649 4409 787 4463 Cum
815 4410 966 4465 enim
987 4410 1177 4465 tribus
1201 4409 1257 4464 in
1286 4408 1548 4464 basilicis
1573 4407 1845 4462 Romanis

1946 3253 2070 3309 hem
2120 3254 2283 3309 adire
2332 3261 2388 3309 et
2433 3268 2564 3310 cum
2611 3255 2826 3310 nostris
2879 3252 3138 3310 conferre
3178 3253 3416 3308 minime
3459 3258 3594 3309 stu-

1944 3343 2215 3399 duerunt.

2015 3430 2070 3486 6.
2101 3431 2374 3488 Subsidia
2400 3446 2533 3488 vero
2571 3438 2764 3502 parata
2794 3431 3180 3502 scriptoribus
3204 3434 3260 3486 et
3285 3427 3590 3484 bibliothe-

1945 3521 2124 3576 cariis
2143 3521 2202 3576 in
2228 3520 2634 3577 suburbicaria
2652 3522 2880 3591 regione
2893 3518 3253 3591 degentibus,
3271 3529 3402 3573 cum
3431 3515 3596 3588 longe

1947 3609 2207 3664 auctiora
2231 3615 2288 3664 et
2311 3609 2696 3666 cumulatiora
2724 3607 2890 3662 nobis
2915 3605 3106 3662 oblata
3135 3605 3256 3660 sint
3281 3602 3478 3660 urbem
3509 3603 3594 3659 in-

1948 3697 2292 3767 colentibus,
2322 3698 2421 3767 qui
2455 3703 2750 3766 propterea
2794 3709 2895 3766 pro
2925 3694 3119 3750 lubitu
3148 3699 3234 3750 tot
3257 3697 3596 3764 argumenta

1949 3786 2326 3842 adhibuimus
2355 3786 2414 3840 in
2445 3786 2658 3842 litteris
2682 3784 2994 3855 diligenter
3021 3780 3515 3854 recognoscendis,
3541 3786 3601 3836 et

1954 3875 2014 3930 in
2068 3875 2490 3944 comparatione
2537 3873 2672 3944 styli
2707 3873 2964 3943 picturae,
3015 3877 3072 3926 et
3116 3871 3436 3942 imaginum
3465 3883 3595 3924 cum

1954 3966 2176 4021 musivo
2210 3965 2266 4019 S.
2295 3964 2519 4033 Leonis,
2569 3963 2660 4017 usi
2707 3961 2881 4018 scalis
2905 3975 2970 4016 ac
3018 3958 3368 4030 telescOpiis,
3409 3963 3468 4013 et
3491 3957 3600 4013 de—

1953 4054 2105 4111 lectu
2160 4053 2355 4109 habito
2398 4052 2710 4108 clariorum
2753 4051 2980 4106 dierum
3028 4050 3099 4105 ad
3143 4047 3599 4117 observandum;

1955 4150 2152 4200 nostro
2173 4145 2304 4213 jure
2335 4143 2391 4197 id
2414 4153 2692 4210 usurpare
2719 4140 2958 4195 fidenter
2989 4151 3315 4208 possumus,
3347 4142 3412 4192 ut
3439 4148 3605 4192 asse—

1954 4247 2168 4302 ramus,
2197 4232 2267 4287 ad
2300 4232 2566 4301 quintum
2589 4229 2805 4284 Christi
2857 4227 3149 4295 saeculum,
3182 4226 3250 4282 ad
3281 4224 3433 4296 quod
3459 4225 3608 4279 Leo—

1956 4323 2049 4377 nis
2081 4319 2268 4391 Magni
2302 4319 2590 4374 musivum
2620 4317 2884 4386 pertinet,
2913 4321 3170 4386 spectare
3197 4315 3372 4369 etiam
3399 4311 3604 4367 seriem

1958 4408 2293 4479 pontificum
2355 4413 2412 4462 et
2459 4404 2889 4476 chronologiam
2949 4403 3233 4472 depictam
3281 4401 3340 4456 in
3392 4399 3610 4471 pariete

193 4495 419 4565 depicta
469 4497 663 4553 forent
708 4498 947 4568 antiqua
988 4498 1242 4566 exempla
1287 4497 1539 4566 ejusdem
1585 4495 1756 4552 seriei
1790 4501 1845 4550 et
1873 4498 1924 4558 D
1956 4497 2198 4552 australi
2247 4495 2470 4551 interno
2509 4494 2669 4549 navis
2702 4493 2902 4548 mediae
2948 4491 3205 4547 basilicae
3228 4490 3284 4545 S.
3325 4489 3510 4558 Pauli,
3551 4494 3608 4544 et

196 4585 586 4656 chronolocgia:
636 4585 826 4656 (quam
881 4587 1154 4642 Nicolaus
1216 4588 1286 4641 III
1342 4593 1471 4640 ante
1505 4599 1687 4640 annos
1742 4581 1843 4638 450

199 4671 463 4729 inferiori
493 4675 619 4730 loco
655 4675 712 4730 in
740 4675 997 4745 singulis
1024 4675 1337 4730 iterandam
1382 4672 1589 4743 duxit),
1620 4672 1845 4742 aliquot

199 4765 427 4819 numeri
500 4765 692 4820 minus
747 4764 1037 4820 evidentes
1103 4766 1161 4820 in
1211 4763 1596 4832 Lateranensi,
1647 4775 1844 4817 exem-

198 4850 285 4918 pli
329 4866 520 4920 causa,
571 4866 746 4923 quam
804 4854 860 4907 in
919 4855 1211 4923 Vaticana,
1263 4859 1361 4908 aut
1411 4853 1467 4906 in
1508 4853 1612 4906 hac
1652 4851 1845 4905 minus

199 4951 370 5007 quam
401 4941 457 4995 in
486 4941 745 5009 Paulina,
776 4942 825 4995 si
871 4955 904 4996 a
929 4941 1284 5010 descriptore
1314 4941 1485 4996 unica
1512 4944 1730 4994 tantum
1785 4938 1844 4992 in

197 5025 443 5083 basilica
473 5029 830 5097 observante,
877 5029 1051 5098 idque
1080 5029 1309 5098 raptim,
1347 5033 1411 5083 ut
1439 5029 1686 5083 viatores
1721 5026 1847 5094 ple-

201 5128 442 5186 rumque
481 5118 686 5184 solent,
721 5125 822 5173 aut
858 5118 982 5173 acie
1025 5117 1325 5173 oculOrum
1355 5116 1662 5171 infirmiori
1695 5129 1841 5183 prae—

195 5202 328 5257 dito
373 5205 792 5276 exciperentur,
836 5203 1235 5260 transformari
1286 5203 1455 5260 facile
1487 5208 1746 5273 poterant
1787 5201 1847 5255 in

200 5304 467 5348 numeros
494 5294 829 5348 differentes
854 5313 869 5364 ;
918 5294 1056 5349 dum
1083 5293 1238 5349 alius
1263 5293 1584 5362 descriptor
1609 5291 1850 5347 eviden—

199 5379 380 5435 tiores
423 5383 714 5439 nactusin
759 5383 876 5436 alia
902 5382 1166 5451 basilica,
1233 5395 1403 5452 quam
1436 5381 1689 5450 hospitio
1745 5391 1848 5434 suo

202 5470 606 5535 proximiorem
627 5471 925 5526 lubentius
945 5470 1186 5526 fortasse
1206 5470 1420 5539 adibat,
1449 5484 1713 5526 numeros
1729 5483 1854 5523 exa-

200 5561 304 5608 cte
322 5559 560 5615 reddidit
592 5561 653 5615 in
680 5575 787 5615 suo
809 5560 1088 5629 exemplo,
1110 5565 1408 5620 erraturus
1427 5565 1612 5613 tamen
1637 5559 1694 5612 in
1717 5557 1854 5612 aliis

205 5649 726 5718 numerisejusdem
745 5649 1024 5721 basilicae,
1040 5646 1850 5721 minusdistincteapparenti-

640 5748 871 5801 Parnm.
914 5747 1180 5802 CXXVII.

1959 4585 2370 4655 pertingentem
2390 4599 2422 4638 a
2442 4585 2493 4638 S.
2526 4584 2688 4637 Petro
2711 4583 2780 4636 ad
2807 4581 2862 4636 S.
2895 4581 3288 4636 Innocentium
3322 4579 3602 4648 primum:

1957 4672 2211 4741 idqueex
2240 4670 2533 4726 consimili
2561 4670 2709 4739 stylo
2743 4668 3025 4724 musiviet
3049 4666 3364 4738 imaginum
3383 4663 3604 4721 oculari

1955 4761 2344 4829 experimento
2390 4759 2534 4814 satis
2572 4756 2946 4826 deprehendi.

2024 4844 2078 4902 7.
2111 4847 2344 4903 Accedit
2372 4848 2440 4902 ad
2483 4845 2960 4916 comprobandam
3004 4845 3148 4899 hanc
3177 4842 3447 4912 epocham
3491 4853 3605 4894 sae—

1955 4937 2072 4993 culi
2128 4935 2424 5004 Leoniani,
2475 4947 2832 4989 communem
2884 4933 3106 4989 musivo
3147 4945 3317 4985 arcus
3345 4927 3600 4998 majoris,

1955 5033 2011 5080 et
2039 5024 2284 5094 picturis
2336 5021 2755 5078 adornantibus
2802 5022 3082 5076 internam
3118 5018 3320 5074 faciem
3369 5016 3606 5089 parietis

1956 5112 2231 5169 australis
2255 5125 2352 5181 per
2392 5109 2716 5166 universam
2757 5107 3178 5180 longitudinem
3220 5109 3386 5166 navis
3407 5106 3605 5164 media:

1957 5201 2212 5272 ejusdem
2241 5200 2514 5262 basilica},
2555 5204 2613 5254 et
2663 5197 2833 5254 seriei
2867 5195 3205 5267 pontificum
3255 5198 3362 5255 sub
3387 5195 3601 5253 eisdem

1958 5297 2167 5346 etcum
2201 5290 2415 5345 eisdem
2450 5289 2636 5358 pictae,
2663 5287 2904 5356 accedit,
2941 5287 3197 5358 inquam,
3229 5287 3297 5342 ad
3329 5282 3597 5355 epocham

1962 5379 2300 5434 Leonianam
2341 5377 2648 5446 utrobique
2699 5376 3060 5432 asserendam
3107 5374 3421 5431 auctoritas
3463 5381 3603 5441 gra-

1962 5468 2329 5522 vissimorum
2422 5475 2742 5535 auctorum,
2823 5465 3086 5522 tribuens
3157 5463 3326 5519 Leoni
3403 5459 3604 5530 Magno

1963 5571 2109 5626 opus
2157 5554 2553 5624 utrumquein
2583 5554 2826 5610 basilica
2876 5555 2929 5608 S.
2968 5552 3129 5609 Pauli
3179 5553 3602 5621 praeservatum,

1967 5657 2166 5714 nempe
2216 5643 2502 5700 musivum
2549 5655 2720 5700 arcus
2769 5640 3022 5711 majoris,
3071 5645 3131 5696 et
3184 5637 3369 5709 pictas
3413 5637 3609 5693 histo-
