4060 6176
509 366 616 424 267

1278 364 1371 419 ΑΙ)
1420 360 1851 417 ANASTASIUM
1902 353 2424 413 PROLEGOMENA
2475 356 2650 410 EDIT.
2704 354 3132 410 ROM.—VATIC.

3805 356 3913 415 268

510 493 629 549 rias
702 492 922 548 Veteris
983 490 1349 555 Testamenti,
1416 497 1588 560 atque
1652 489 1932 558 imagines
1998 499 2159 541 vene-
2180 490 2234 547 A
2269 485 2329 540 in
2361 486 2710 555 presbyterio
2735 500 2800 541 ac
2830 486 3153 556 porticibus
3180 487 3469 555 collocati,
3497 502 3606 544 non
3651 489 3914 545 omissu-

510 579 785 636 rabilium
829 580 1058 635 Patrum
1097 579 1337 647 ejusque
1378 579 1736 633 decessorum
1780 577 1837 632 in
1878 576 2009 633 sede
2037 577 2155 630 Ro-

509 682 695 725 mana.

580 758 661 814 Ac
692 758 941 828 primum
984 756 1150 812 Liber
1200 755 1321 824 ipse
1350 754 1706 810 Pontiﬁcalis
1733 754 1950 810 nemini
1976 753 2156 809 attri—

506 848 639 904 buit
666 846 1089 903 renovationem
1119 843 1375 899 basilicae
1400 844 1454 898 S.
1486 843 1671 912 Pauli,
1699 858 1825 912 quae
1847 844 2156 913 conﬂagra-

506 944 684 1001 verat,
730 940 1104 1004 praeterquam
1136 938 1334 988 sancto
1362 932 1537 988 Leoni
1574 932 1812 1002 Magno;
1857 932 1953 987 cui
1981 932 2153 987 etiam

510 1025 817 1094 inscriptio
845 1022 949 1078 :evi
978 1022 1274 1092 Leoniani,
1302 1021 1615 1090 conspicua
1649 1020 1709 1075 in
1744 1021 1996 1089 ejusdem
2037 1034 2155 1075 mu-

505 1113 650 1181 sivo,
683 1128 891 1167 omnem
934 1110 1350 1180 reparationem
1401 1114 1451 1163 et
1489 1115 1742 1164 ornatum
1784 1106 1958 1164 refert
1986 1121 2153 1164 acce—

507 1208 690 1274 ptum,
717 1201 855 1257 dum
880 1200 996 1255 ait:

627 1309 874 1359 Placidia;
891 1309 977 1371 pia
1000 1321 1148 1371 mens
1176 1305 1347 1371 operis
1380 1305 1534 1371 decus
1562 1276 1708 1371 omne
1739 1306 1937 1371 paterni

628 1372 830 1422 Gaudet
845 1365 1113 1435 pontiﬁcis
1147 1365 1316 1417 studio
1347 1365 1617 1430 splendore
1647 1365 1845 1416 Lednis.

504 1470 684 1539 Quale
754 1485 885 1528 vero
960 1474 1039 1528 sit
1103 1478 1494 1528 ornamentum
1559 1482 1592 1524 a
1663 1471 1844 1524 Leone
1890 1468 2150 1524 additum

507 1568 637 1633 post
680 1562 1116 1631 reparationem,
1164 1562 1451 1617 musivum
1502 1559 1645 1615 satis
1673 1557 1946 1628 ostendit,
1988 1559 2152 1628 ejus—

508 1665 618 1721 que
666 1651 814 1721 stylo
867 1650 1193 1720 persimiles
1222 1651 1463 1719 picturae
1502 1649 1616 1716 jam
1668 1648 1972 1711 indicata);
2004 1662 2149 1717 quas

508 1740 678 1811 paulo
735 1744 864 1809 post
909 1737 1232 1794 videbimus
1282 1737 1352 1791 ab
1398 1737 1652 1792 Adriano
1705 1737 1888 1805 primo
1945 1734 2144 1791 referri

2268 589 2367 630 rus
2395 583 2547 631 certe
2570 576 2827 645 picturas
2855 576 3108 644 additas,
3139 576 3190 631 si
3215 591 3341 647 quae
3361 578 3594 645 adjectae
3622 576 3873 633 fuissent
3897 597 3912 645 ;

2263 677 2394 718 cum
2449 665 2508 719 in
2559 665 2812 733 ejusdem
2859 665 3151 733 pontiﬁcis
3181 665 3327 734 Vita,
3381 672 3519 721 sect.
3547 664 3672 733 360,
3708 680 3918 723 recen-

2263 753 2449 808 suerit
2475 753 2779 824 imaginem
2805 753 3120 809 Salvatoris
3166 767 3295 808 cum
3319 753 3563 823 reliquis
3590 755 3651 808 in
3672 753 3913 819 fastigio

2264 841 2372 897 sub
2412 854 2551 897 arcu
2593 841 2794 910 majori
2835 840 3093 897 basilicae
3132 842 3417 897 Vaticanaa
3467 842 3676 910 pictam
3730 842 3913 899 fuisse

2262 932 2514 999 ejusdem
2565 932 2849 1001 mandato,
2881 930 2950 985 ad
2985 931 3167 985 instar
3207 945 3401 986 earum
3434 930 3756 1002 imaginum
3787 947 3913 1003 qua

2266 1024 2325 1078 in
2366 1019 2728 1077 Lateranensi
2771 1025 2826 1075 et
2878 1020 2938 1074 in
2990 1019 3226 1075 Paulina
3272 1021 3571 1090 dispositae
3602 1019 3832 1077 fuerant
3881 1036 3915 1076 a

2264 1118 2460 1167 sancto
2489 1110 2669 1164 Leone
2697 1109 2916 1178 Magno.
2955 1108 3114 1178 Quod
3147 1108 3354 1164 attinet
3382 1110 3451 1164 ad
3487 1108 3819 1181 Paulinum,
3854 1111 3913 1165 in

2262 1201 2517 1256 circuitu
2554 1199 2757 1254 altaris
2797 1198 3191 1253 tantummodo
3239 1210 3273 1252 a
3323 1199 3506 1253 Leone
3553 1199 3627 1253 III
3670 1198 3914 1266 pictura:

2261 1289 2534 1361 leguntur
2572 1287 2893 1343 elaboratae.
2929 1287 3073 1342 Sect.
3126 1284 3263 1343 “6:
3315 1306 3341 1338 α
3375 1287 3554 1355 Super
3589 1286 3910 1359 columnas,

2264 1379 2477 1450 inquit,
2526 1391 2888 1447 marmoreas,
2949 1390 3075 1448 qua:
3118 1383 3271 1433 stant
3311 1377 3371 1431 in
3409 1376 3662 1432 circuitu
3706 1378 3916 1434 altaris

2263 1469 2451 1539 ipsius
2477 1467 2733 1524 doctoris
2760 1465 2983 1536 mundi,
3011 1465 3110 1523 ubi
3157 1464 3346 1521 trabes
3388 1466 3672 1535 quondam
3706 1466 3915 1538 ligneae

2262 1557 2460 1628 positae
2488 1555 2736 1620 fuerant.
2769 1564 2826 1610 et
2849 1556 2964 1624 jam
2999 1554 3177 1610 nimia
3202 1560 3480 1610 vetustate
3526 1560 3911 1625 marcuerant,

2260 1647 2355 1702 hic
2381 1659 2538 1702 sacer
2561 1647 2804 1702 antistes
2830 1659 3002 1713 super
3047 1644 3201 1713 ipsas
3226 1642 3526 1698 columnas
3578 1644 3741 1699 lilios
3772 1647 3913 1714 poni

2258 1734 2413 1806 fecit,
2436 1742 2492 1790 et
2521 1749 2693 1804 super
2714 1735 2870 1790 lilios
2900 1748 2967 1790 ex
2996 1731 3243 1789 metallis
3262 1733 3596 1788 marmoreis
3627 1733 3915 1800 platonias

505 1806 574 1884 ad
663 1806 923 1884 eumdem
999 1833 1260 1882 sanctum
1335 1828 1594 1881 Leonem.
1661 1828 1922 1882 Meminit
1982 1826 2148 1882 Liber
2178 1806 2231 1866 Β
2260 1827 2424 1896 posui
2460 1867 2474 1893 ,
2498 1824 2857 1893 diversisque
2877 1824 3123 1893 picturis
3139 1838 3286 1893 opus
3305 1826 3461 1879 mirae
3484 1825 3915 1896 magnitudinis

502 1916 858 1973 Pontiﬁcalis
899 1917 1255 1986 picturarum
1289 1930 1322 1972 a
1360 1915 1692 1988 Symmacho
1735 1930 1877 1986 papa
1917 1918 2149 1973 addita—

503 2021 631 2062 rum
710 2014 834 2075 post
881 2004 1297 2062 confessionem
1350 2007 1408 2062 in
1484 2009 1676 2064 eadem
1747 2006 1990 2062 basilica
2057 2008 2150 2064 his

506 2094 698 2151 verbis
743 2101 881 2151 sect.
927 2093 1042 2151 79:
1092 2099 1287 2152 «Item
1333 2099 1483 2167 apud
1548 2099 1773 2154 beatum
1827 2097 2149 2167 apostolum

504 2186 744 2241 Paulum
805 2186 864 2240 in
913 2184 1154 2241 basilica
1217 2188 1511 2244 renovavit
1568 2187 1846 2257 absidam,
1903 2202 2027 2257 quae
2089 2188 2149 2241 in

506 2275 733 2330 ruinam
782 2274 1138 2347 imminebat,
1186 2284 1243 2331 et
1290 2285 1418 2347 post
1466 2278 1880 2335 confessionem
1924 2279 2151 2349 pictura

502 2364 748 2420 ornavit.
785 2381 812 2413 ι)
855 2363 991 2432 Quae
1037 2365 1086 2419 si
1143 2364 1517 2436 intelligenda
1549 2374 1685 2423 sunt
1725 2368 1797 2422 de
1840 2369 2090 2437 picturis
2117 2382 2150 2423 a

501 2452 841 2524 presbyterii
892 2452 1166 2524 gradibus
1190 2456 1259 2511 ad
1293 2454 1532 2511 frontem
1560 2456 1963 2512 occidentalem
2007 2457 2153 2512 colo-

500 2543 662 2613 ratis,
693 2555 790 2612 per
820 2547 993 2598 totam
1022 2543 1184 2598 navis
1207 2544 1650 2616 longitudinem,
1677 2558 1845 2615 quam
1867 2550 1991 2614 post
2014 2561 2151 2598 con-—

495 2633 785 2699 fessionem
814 2630 1086 2702 consequi
1119 2632 1366 2701 scriptor
1406 2646 1476 2688 ex
1510 2632 1860 2704 presbyterio
1886 2641 2147 2702 spectans

498 2717 867 2791 imaginetur,
904 2720 961 2775 id
996 2720 1186 2790 ipsum
1215 2727 1304 2776 est
1329 2722 1478 2793 quod
1507 2723 1926 2791 contendimus,
1955 2724 2021 2779 ad
2052 2737 2148 2779 saa-

498 2808 693 2864 culum
722 2808 992 2878 quintum
1019 2823 1145 2865 teras
1179 2810 1394 2867 Christi
1419 2818 1671 2881 spectare
1698 2812 1975 2881 picturas.
2005 2815 2143 2869 Nam

494 2903 554 2956 et
607 2898 981 2969 Symmachus
1024 2914 1186 2971 papa,
1239 2907 1439 2957 sextus
1485 2915 1518 2956 a
1546 2903 1726 2957 Leone
1772 2902 1974 2972 Magno
2005 2917 2144 2959 suc-

493 3001 704 3056 cessor,
743 2989 812 3045 ad
848 2991 996 3045 idem
1027 2990 1299 3046 saeculum
1350 2991 1697 3047 Leonianum
1736 2991 2002 3057 refertur,
2042 2999 2145 3048 ut—

493 3082 626 3147 pote
667 3078 886 3134 electus
914 3092 1065 3134 anno
1105 3078 1324 3134 Christi
1358 3076 1479 3134 498.
1530 3080 1629 3135 Sin
1676 3086 1864 3136 autem
1907 3082 2054 3136 absis
2084 3082 2139 3137 S.

492 3165 657 3222 Pauli
704 3167 1068 3239 intelligatur
1115 3181 1148 3223 a
1181 3168 1516 3239 Symmacho
1566 3176 1831 3226 renovata
1876 3166 1993 3238 (cui
2034 3174 2143 3228 Leo

494 3254 719 3324 primus
740 3255 958 3312 nullam
984 3257 1401 3327 reparationem
1428 3257 1719 3328 adhibuit,
1749 3274 1859 3330 qua
1887 3261 2142 3317 nondum

492 3343 808 3415 indigebat,
833 3344 972 3401 licet
998 3359 1280 3401 cameram
1310 3347 1429 3402 sive
1454 3345 1710 3404 absidem
1744 3350 2144 3406 Lateranensis

489 3438 546 3488 et
571 3433 859 3490 Vaticana:
885 3434 1142 3491 basilica:
1171 3436 1468 3491 ornavisse
1501 3441 1845 3492 memoretur
1877 3445 2014 3493 sect.
2048 3434 2138 3508 67,

491 3533 621 3578 cum
654 3520 803 3578 beati
834 3522 998 3579 Pauli
1028 3523 1351 3593 basilicam,
1388 3524 1518 3595 igne
1537 3524 1738 3580 divino
1763 3525 2140 3596 combustam,

493 3609 601 3666 hoc
628 3618 716 3667 est
743 3612 813 3667 de
836 3612 978 3668 caelo
1008 3617 1216 3668 tactam
1263 3626 1364 3669 seu
1409 3611 1640 3684 fulgure
1684 3614 1877 3683 ictam,
1908 3620 1964 3670 et
2010 3615 2144 3671 inde

491 3700 957 3770 conﬂagrantem,
980 3714 1079 3769 per
1109 3702 1271 3756 navis
1298 3702 1720 3773 longitudinem
1746 3702 1817 3758 ab
1852 3717 1990 3759 arcu
2032 3717 2144 3758 ma-

485 3782 602 3851 jori
634 3794 930 3843 renovaret
950 3793 1006 3843 et
1044 3790 1199 3845 omni
1250 3789 1412 3844 cultu
1446 3797 1770 3861 ornatuque
1798 3791 2138 3862 decoraret),

490 3880 545 3931 et
576 3875 824 3945 picturis
860 3883 1061 3931 ornata
1109 3876 1348 3931 ecclesia
1382 3876 1518 3932 hinc
1545 3879 1678 3934 inde
1708 3886 1833 3948 post
1862 3894 2140 3936 cameram

489 3975 590 4018 seu
616 3962 876 4018 absidam
928 3963 987 4017 in
1019 3965 1329 4031 senatorio,
1364 3970 1418 4020 et
1456 3970 1771 4035 matronam,
1819 3968 1970 4037 quod
1995 3980 2142 4023 con—

491 4051 709 4107 struxit
734 4051 890 4122 (sect.
919 4048 1041 4123 79);
1090 4053 1259 4124 picta:
1292 4054 1550 4109 historia:
1597 4062 1655 4110 et
1695 4055 1998 4127 imagines,
2027 4070 2141 4112 una

489 4153 618 4196 cum
667 4141 891 4196 musivo
926 4154 1102 4197 arcus
1149 4143 1407 4213 majoris,
1443 4149 1507 4199 ut
1552 4151 1704 4215 ante,
1755 4145 2042 4214 pertinent
2071 4148 2138 4203 ad

487 4229 748 4284 Leonem.
781 4229 1018 4285 Saeculis
1035 4231 1361 4286 consecutis
1392 4239 1701 4287 narrantur
1733 4232 1791 4287 in
1824 4234 1973 4289 Vitis
2011 4248 2142 4303 pon-

489 4316 711 4372 tificum
729 4317 1195 4389 satisdiligenter
1211 4319 1533 4389 complures
1556 4323 1947 4391 reparationes
1966 4322 2140 4393 hujus

490 4404 766 4476 basilicae,
802 4420 914 4476 qua
962 4406 1019 4460 in
1071 4407 1258 4476 tectis,
1296 4421 1407 4478 qua
1440 4409 1501 4464 in
1552 4411 1896 4482 pavimento,
1935 4426 2045 4481 qua
2078 4412 2137 4465 in

2255 1916 2564 1971 decoravit.
2594 1932 2620 1963 n
2672 1915 2773 1969 Sed
2807 1921 2965 1969 extra
2993 1914 3196 1969 altaris
3225 1914 3536 1969 circuitum
3579 1914 3732 1969 nihil
3786 1922 3914 1970 tum

2260 2011 2532 2061 memorat
2562 2005 2777 2075 pictum
2805 2003 3007 2059 fuisse.
3033 2004 3268 2059 Demum
3299 2002 3408 2059 sub
3432 2004 3628 2075 Sergio
3665 2005 3732 2071 II,
3766 2013 3908 2061 sect.

2260 2090 2396 2150 L95:
2448 2113 2473 2145 «
2504 2092 2771 2148 Ecclesia
2799 2091 3262 2147 beatissimorum
3296 2092 3623 2162 principum
3655 2093 3807 2147 Petri
3851 2101 3905 2149 et

2260 2182 2423 2238 Pauli
2474 2196 2506 2238 a
2545 2181 2843 2237 Saracenis
2872 2178 3140 2236 funditus
3164 2181 3498 2250 depraedataa
3540 2187 3694 2236 sunt.
3729 2199 3754 2230 υ
3800 2183 3913 2238 Be-

2262 2272 2527 2327 nedictus
2573 2271 2801 2337 tertius,
2844 2269 2990 2324 alter
3016 2268 3089 2323 ab
3116 2283 3182 2325 eo
3207 2282 3521 2335 successor,
3579 2276 3717 2325 sect.
3757 2269 3907 2327 568:

2263 2382 2289 2414 (ι
2333 2363 2395 2417 In
2444 2360 2686 2416 basilica
2729 2360 2984 2416 doctoris
3027 2359 3225 2414 mundi
3273 2359 3424 2414 beati
3456 2359 3619 2415 Pauli
3656 2362 3908 2429 apostoli

2259 2454 2620 2523 sepulcrum,
2674 2451 2823 2519 quod
2872 2464 2904 2505 a
2955 2454 3254 2509 Saracenis
3292 2452 3647 2507 destructum
3696 2446 3907 2521 fuerat,

2259 2545 2605 2615 perornavit.
2642 2562 2667 2593 »
2696 2546 2889 2615 Neque
2930 2543 3089 2600 ullus
3113 2543 3207 2598 hic
3233 2542 3302 2598 de
3337 2542 3584 2611 picturis
3609 2554 3824 2605 sermo,
3856 2542 3914 2596 in

2256 2635 2449 2692 eadem
2495 2634 2738 2690 basilica
2786 2632 3122 2689 constitutis
3168 2644 3350 2701 neque
3395 2632 3454 2685 in
3490 2631 3639 2687 Vitis
3668 2643 3918 2688 succes—

2254 2738 2466 2781 sorum.

2323 2813 2598 2870 Caeterum
2622 2813 3063 2871 consuetudinis
3079 2812 3194 2881 jam
3215 2814 3463 2869 inductae
3483 2819 3613 2869 ante
3628 2811 3914 2869 sarculum

2253 2902 2457 2959 Leonis
2504 2904 2684 2972 tertii,
2721 2903 3072 2973 proponendi
3128 2902 3405 2975 imagines
3446 2902 3915 2971 patriarcharum

2254 2991 2313 3046 in
2343 2992 2626 3064 ecclesiis,
2651 2994 2818 3049 testis
2846 2999 2933 3049 est
2948 2993 3203 3061 locuples
3229 2991 3396 3047 Liber
3417 2992 3526 3048 iste
3548 2991 3915 3047 Pontificalis

2256 3079 2313 3134 in
2333 3081 2625 3151 Agathone
2661 3082 2820 3153 (sect.
2851 3079 2992 3153 445),
3021 3080 3120 3136 ubi
3144 3087 3420 3136 memorat
3441 3079 3695 3137 sublatas
3716 3078 3913 3135 fuisse

2254 3168 2475 3225 similes
2491 3170 2771 3242 imagines
2787 3168 3242 3239 patriarcharum
3253 3168 3657 3238 Orientalium,
3673 3169 3917 3238 quando

2254 3256 2337 3324 hi,
2385 3264 2582 3314 sancta
2612 3260 2829 3329 synodo
2857 3259 3216 3326 decernente,
3248 3257 3638 3313 damnationis
3675 3261 3919 3312 sen’en—

2252 3346 2395 3400 tiam
2427 3346 2750 3402 subierunt.
2785 3366 2812 3399 «
2843 3344 3242 3412 Absfuterunt,
3270 3345 3487 3416 inquit,
3513 3346 3582 3400 de
3609 3343 3913 3414 diptycbis

2252 3435 2623 3491 ecclesiarum
2672 3436 2905 3491 nomina
2932 3433 3411 3505 patriarcharum,
3444 3433 3529 3489 vel
3560 3432 3630 3488 de
3658 3433 3916 3502 picturis

2251 3522 2506 3579 ecclesiae
2538 3522 2755 3596 ﬁguras
2783 3538 3001 3594 eorum,
3029 3532 3131 3580 aut
3165 3530 3225 3579 in
3250 3522 3495 3591 foribus,
3531 3523 3629 3578 ubi
3661 3536 3790 3580 esse
3825 3541 3914 3596 po-

2253 3616 2439 3667 terant
2465 3610 2811 3683 auferentes,
2839 3612 2896 3668 id
2923 3618 3010 3668 est
3037 3612 3190 3684 Cyri,
3224 3612 3431 3683 Sergii,
3460 3611 3646 3682 Pauli,
3674 3612 3908 3682 Pyrrhi,

2252 3699 2426 3770 Petri,
2463 3718 2489 3749 »
2530 3707 2638 3756 etc.

2327 3789 2388 3843 In
2410 3788 2650 3843 ecclesia
2692 3794 2881 3844 autem
2914 3788 3067 3845 beati
3102 3790 3255 3845 Petri
3293 3789 3350 3844 in
3378 3789 3654 3845 Vaticano
3686 3789 3915 3862 integro

2250 3877 2464 3933 saeculo
2495 3883 2624 3931 ante
2657 3879 2896 3933 Leonem
2929 3880 3000 3932 ΠΙ
3028 3878 3210 3947 pictas
3230 3876 3412 3933 fuisse
3439 3878 3721 3947 imagines
3752 3891 3916 3932 vene-

2250 3963 2522 4019 rabilium
2542 3965 2791 4034 Patrum,
2818 3965 2925 4020 hoc
2940 3969 3026 4020 est
3042 3979 3396 4021 summorum
3415 3964 3689 4034 pontiﬁcu
3702 3978 3775 4034 m,
3803 3964 3913 4020 sub

2248 4051 2462 4106 Joanne
2501 4053 2611 4121 VII,
2653 4052 2747 4107 hic
2791 4054 2939 4108 idem
2971 4052 3139 4109 Liber
3167 4053 3525 4110 Pontificalis
3557 4053 3615 4107 in
3648 4053 3913 4121 ejusdem

2248 4137 2377 4193 Vita
2432 4146 2704 4210 recenset,
2740 4145 2880 4196 sect.
2917 4138 3038 4197 467.

2318 4226 2371 4283 8.
2412 4229 2617 4284 Verum
2667 4230 2806 4300 quid
2850 4230 3117 4299 pluribus
3159 4245 3305 4299 opus
3333 4235 3419 4285 est
3448 4232 3515 4285 ad
3546 4230 3914 4300 probandum

2250 4316 2396 4372 hanc
2435 4316 2662 4385 seriem,
2692 4331 2805 4373 una
2837 4332 2965 4374 cum
3012 4318 3259 4389 picturis
3289 4319 3591 4374 historiam
3622 4320 3917 4376 Geneseos

2247 4415 2303 4463 et
2328 4407 2506 4462 Exodi
2534 4406 2966 4475 exhibentibus,
2984 4415 3183 4463 etcum
3214 4408 3438 4464 musivo
3453 4420 3623 4462 arcus
3648 4409 3913 4477 majoris,

490 4472 849 4563 parietibus;
897 4495 992 4551 sed
1027 4472 1253 4551 nullius
1281 4472 1520 4566 picturae
1552 4472 2028 4556 commemorat-io
2054 4500 2134 4571 tlt,
2171 4472 2224 4533 D
2248 4496 2608 4564 exprimente
2638 4496 2846 4568 viginti
2879 4472 3129 4566 quatuor
3171 4497 3428 4552 seniores
3456 4497 3610 4565 Apoc
3632 4472 3911 4565 elypseos,

492 4587 868 4652 praeterquam
909 4597 1129 4664 carum
1157 4598 1299 4655 quas
1346 4588 1454 4642 Leo
1483 4588 1552 4642 III
1586 4588 1780 4656 perﬁci
1829 4588 2133 4644 curavitin

493 4670 866 4742 presbyterio.
912 4673 1227 4729 Adrianum
1285 4675 1532 4744 primum
1582 4676 1641 4731 in
1691 4681 1841 4732 tecto
1894 4676 2142 4733 mutaSse

493 4760 703 4815 scribit
747 4757 904 4831 (sect.
964 4759 1088 4834 380)
1141 4762 1330 4819 trabes
1381 4766 1734 4835 quindecim.
1764 4768 1870 4821 Leo
1911 4769 2138 4836 tertius,

495 4848 724 4919 quando
754 4848 997 4906 basilica
1025 4852 1280 4908 doctoris
1306 4855 1563 4924 gentium
1586 4855 1640 4909 vi
1673 4860 2031 4911 terraamotus
2064 4856 2145 4911 ita

494 4951 771 4995 concussa
794 4946 899 5010 est,
932 4947 996 4995 ut
1037 4940 1230 4996 omnia
1256 4949 1410 4998 sarta
1441 4950 1585 4999 tecta
1614 4951 1947 5000 corruerent
1971 4943 2139 5014 (quod

497 5025 744 5098 legimus
784 5035 921 5084 sect.
953 5026 1078 5100 340)
1127 5029 1285 5086 illam
1336 5044 1606 5088 renovare
1635 5032 1829 5086 statim
1869 5031 2062 5103 cmpit,
2090 5041 2145 5087 et

502 5135 529 5168 α
569 5115 725 5171 sicut
752 5117 1082 5188 antiquitus
1107 5119 1412 5190 existebat,
1446 5120 1659 5189 inquit,
1696 5118 1885 5187 ampla
1928 5127 1986 5177 et
2018 5133 2143 5175 ma-

497 5203 653 5260 xima
704 5202 1049 5263 fortitudine
1077 5221 1292 5277 ponens
1323 5206 1379 5259 in
1416 5207 1706 5262 meliorem
1746 5207 1988 5263 deduxit
2018 5213 2143 5263 sta-

498 5298 641 5364 tum,
692 5300 747 5350 et
786 5294 847 5350 in
895 5295 1119 5351 meliori
1154 5293 1343 5363 specie
1384 5306 1505 5347 eam
1539 5293 1921 5351 marmoribus
1967 5297 2144 5352 deco-

500 5382 668 5455 ravit,
703 5390 933 5454 tamque
963 5382 1400 5454 presbyterium,
1442 5394 1727 5450 quamque
1752 5389 1922 5438 totam
1955 5384 2142 5439 eccle-

498 5473 641 5528 siam
666 5472 1050 5537 marmoravit,
1078 5477 1135 5524 et
1159 5470 1284 5537 ejus
1311 5469 1566 5536 porticus
1590 5473 1900 5527 renovavit.
1931 5491 1957 5521 ››
1980 5472 2141 5529 Nihil

497 5562 804 5617 admodum
829 5561 899 5615 de
925 5557 1173 5628 picturis
1223 5566 1494 5613 memorat
1524 5559 1629 5615 hac
1668 5560 1728 5614 in
1762 5563 2137 5633 reparatione,

502 5651 598 5706 sed
636 5646 941 5703 marmoris
972 5651 1193 5702 tantum
1229 5644 1490 5703 meminit
1530 5647 1588 5703 in
1623 5648 1946 5719 pavimento
1969 5657 2142 5722 atque

2248 4598 2589 4641 coronarum
2631 4585 2920 4642 oblatione
2962 4585 3308 4641 Salvatorem
3358 4591 3618 4641 nostrum
3649 4585 3918 4640 adoran-

2250 4680 2352 4741 tes,
2409 4689 2533 4739 esse
2583 4689 2730 4743 opus
2782 4674 3135 4730 elaboratum
3184 4676 3353 4744 jussu
3401 4679 3457 4730 et
3507 4687 3647 4729 cura
3698 4674 3916 4729 Leonis

2250 4765 2438 4834 Magni
2461 4761 2639 4818 ?Cum
2664 4769 2896 4819 sanctus
2920 4764 3211 4819 Adrianus
3232 4764 3459 4834 primus
3482 4764 3562 4819 ita
3585 4762 3917 4832 perscribat

2253 4853 2311 4908 in
2339 4853 2587 4923 epistola
2603 4853 2671 4908 ad
2688 4853 2954 4908 Carolum
2977 4856 3263 4925 Magnum,
3295 4853 3569 4923 producta
3594 4852 3655 4907 in
3684 4852 3917 4923 synodo

2251 4942 2480 4998 Nicaena
2509 4942 2776 5009 secunda,
2822 4946 2878 4997 et
2907 4954 3020 4998 una
3049 4957 3177 4997 cum
3217 4942 3378 4998 Actis
3412 4943 3667 5011 ejusdem
3694 4941 3915 5011 synodi

2254 5031 2491 5100 publici
2508 5031 2662 5100 ju‘ris
2692 5028 2839 5085 facta
2868 5043 2901 5085 a
2948 5029 3187 5096 Labbeo,
3218 5030 3435 5085 Concil.
3471 5030 3720 5102 general.
3754 5036 3921 5087 tomo

2251 5119 2364 5188 VII,
2397 5120 2509 5175 col.
2545 5117 2670 5190 955,
2698 5124 2752 5174 et
2801 5119 3076 5176 distincte
3119 5126 3379 5176 numeret
3406 5121 3556 5175 inter
3580 5132 3782 5175 sacras
3816 5121 3921 5190 pi-

2251 5215 2447 5264 cturas
2471 5223 2504 5264 a
2553 5210 2735 5264 Leone
2764 5211 2966 5281 Magno
3006 5209 3404 5265 muniﬁcenter
3430 5208 3659 5263 additas
3692 5207 3758 5262 in
3813 5222 3923 5264 ec-

2252 5297 2450 5352 clesiis
2470 5311 2501 5352 a
2528 5311 2589 5352 se
2609 5298 2978 5364 constructis,
3003 5298 3121 5353 sive
3152 5296 3402 5367 refectis,
3436 5295 3729 5365 triplicem
3770 5297 3926 5353 clas-

2253 5398 2388 5455 sem,
2433 5400 2601 5454 quam
2635 5385 2874 5440 basilica
2913 5386 2969 5439 B.
3002 5386 3164 5442 Pauli
3196 5388 3385 5443 adhuc
3417 5385 3643 5455 retinet,
3673 5384 3924 5442 scilicet

2250 5476 2521 5528 musicum
2555 5490 2706 5543 opus,
2757 5474 3091 5528 Salvatorem
3112 5475 3306 5529 mundi
3350 5476 3590 5541 referens
3622 5478 3671 5526 et
3700 5475 3925 5541 viginti

2250 5568 2486 5632 quatuor
2520 5563 2776 5632 seniores,
2830 5568 2886 5617 et
2937 5560 3231 5618 coloribus
3275 5559 3600 5617 efformatas
3638 5560 3925 5616 historias

2250 5652 2491 5723 (Veteris
2513 5650 2897 5721 Testamenti),
2939 5664 3157 5709 necnon
3185 5651 3470 5720 imagines,
3512 5647 3747 5705 scilicet
3783 5651 3926 5721 cly—
