4060 6176
183 350 287 406 269

959 350 1324 406 BLANCHINI
1375 350 1674 404 DISSERT.
1727 351 1818 404 DE
1867 350 2023 405 ΑΝΤ.
2079 351 2196 405 RR.
2247 352 2444 407 PONT.
2501 353 2839 410 CATALOG.

3485 355 3592 414 270

186 489 379 552 peatas
406 480 558 548 illas,
587 494 715 550 qua:
737 479 943 534 seriem
975 479 1308 548 pontiﬁcum
1335 481 1714 534 Romanorum
1745 489 1842 530 re—
1866 479 1918 537 Α
2021 475 2074 530 9.
2104 479 2311 534 Praeter
2342 479 2458 534 haac
2489 481 2817 537 testimonia
2844 482 3084 539 Adriani
3117 487 3227 539 Iac
3258 486 3413 542 Libri
3445 489 3600 544 Pon—

185 576 533 643 prazsentant
553 569 664 625 sub
689 569 954 624 historiis
976 569 1342 638 Biblicisjam
1370 568 1661 622 indicatis.
1688 567 1840 620 Red—

181 661 310 716 dam
329 659 591 728 epistolae
608 658 802 728 verba,
825 658 1121 728 praemisso
1141 658 1463 713 litterarum
1483 661 1839 727 argumento.

179 747 682 818 Comprobandum
716 754 1046 816 susceperat
1066 747 1354 801 Adrianus
1384 746 1442 800 in
1475 744 1576 799 illa
1597 743 1839 813 epistola

181 837 406 892 cultum
435 849 734 891 sacrarum
770 835 1087 906 imaginum
1114 849 1182 890 ex
1215 835 1526 890 traditione
1561 834 1840 902 majorum

179 932 501 995 acceptum,
536 932 590 979 et
622 940 656 980 a
686 923 1087 980 decessoribus
1121 923 1246 980 suis
1287 928 1612 979 constanter
1647 934 1844 976 asser-

179 1023 326 1082 tum,
365 1013 657 1083 praecipue
684 1013 741 1068 in
774 1027 871 1068 sex
904 1013 1269 1084 generalibus
1299 1013 1591 1082 conciliis,
1625 1011 1840 1082 quibus

180 1103 298 1173 ipsi
336 1116 436 1172 per
472 1117 535 1157 se
566 1101 651 1156 vel
700 1116 796 1170 per
829 1102 1040 1173 legatos
1081 1116 1219 1157 suos
1247 1102 1318 1156 de
1365 1115 1518 1157 more
1557 1100 1842 1170 przesede-

182 1200 334 1249 rant.
359 1195 672 1249 Enumerat
701 1192 895 1262 itaque
924 1192 1163 1250 musiva.
1195 1191 1469 1262 picturas,
1495 1197 1550 1246 et
1581 1191 1637 1246 id
1662 1204 1840 1262 genus

177 1297 355 1354 Opera
405 1298 533 1354 quae
580 1283 638 1337 in
696 1281 962 1336 basilicis
1012 1281 1283 1337 Romanis
1328 1283 1441 1336 Deo
1489 1281 1838 1349 dicaverant,

178 1371 512 1428 haeresibus
549 1372 894 1441 proﬂigatis,
925 1384 956 1424 a
981 1371 1228 1425 concilio
1266 1370 1518 1434 Nicaano,
1551 1369 1838 1438 Silvester,

175 1466 419 1518 Marcus
449 1469 506 1516 et
533 1463 724 1518 Julius
754 1479 768 1529 ;
797 1462 1073 1517 Damasus
1103 1476 1135 1516 a
1163 1461 1644 1517 Constantiniano
1673 1479 1688 1526 ;
1718 1463 1844 1528 post

177 1551 538 1621 Ephesinam
578 1551 859 1621 synodum
905 1551 1118 1619 Xystus
1159 1549 1366 1604 tertius
1399 1568 1414 1617 ;
1450 1554 1576 1618 post
1602 1546 1844 1602 Chalce-

177 1641 500 1696 donensem
530 1641 634 1694 Leo
657 1640 912 1708 Magnus.
938 1637 1157 1707 Ubique
1181 1645 1430 1693 recenset
1456 1635 1666 1706 triplex
1697 1635 1840 1689 illud

179 1743 371 1801 genus
393 1734 860 1784 ornamentorum
887 1727 943 1781 in
970 1729 1216 1788 musicis,
1244 1727 1303 1782 in
1324 1727 1586 1788 historiis,
1614 1725 1672 1780 in
1694 1725 1843 1778 ima-

1952 565 2206 635 tiﬁcalis,
2249 575 2304 622 et
2341 583 2373 623 a
2416 569 2687 640 pingendi
2732 571 2880 642 stylo
2925 571 3188 644 deducta,
3237 579 3409 645 atque
3446 577 3599 632 aetati

1952 654 2158 709 Leonis
2183 657 2369 726 Magni
2402 657 2720 713 tribuentia
2751 665 2864 714 tam
2895 662 3170 714 musicum
3201 675 3366 730 quam
3402 663 3600 732 pictu-

1954 755 2046 798 ras
2082 744 2322 798 historiae
2359 747 2575 801 Biblicae
2613 753 2668 802 et
2702 750 2964 816 imagines
3006 763 3361 807 summorum
3403 753 3602 820 ponti-

1953 831 2143 902 ﬁcum,
2187 833 2566 894 loculamenta
2611 837 2754 907 ipsa.
2789 839 2908 894 sive
2936 851 3080 894 area:
3111 839 3467 896 orbiculares
3494 841 3602 897 de-

1953 927 2271 977 monstrant
2309 924 2514 979 seriem
2548 924 2706 981 illam
2739 927 3129 997 vetustiorem,
3162 935 3218 984 et
3250 929 3452 986 ordine
3483 944 3596 987 non

1954 1010 2276 1082 interrupto
2309 1013 2722 1084 procedentem,
2769 1030 2879 1072 non
2910 1015 3094 1073 fuisse
3123 1023 3414 1074 extensam
3448 1019 3599 1076 ultra

1953 1101 2224 1156 sazculum
2267 1103 2326 1157 S.
2365 1105 2568 1159 Leonis
2611 1110 2666 1160 et
2703 1105 3046 1174 Symmachi,
3091 1121 3218 1162 terat
3259 1107 3603 1164 Christiana:

1953 1189 2239 1260 quintum.
2271 1191 2464 1261 Spatia
2489 1193 2642 1248 enim
2666 1194 3036 1265 orbicularia,
3063 1211 3190 1266 qua:
3209 1198 3442 1253 adversa
3465 1204 3602 1256 sunt

1956 1279 2193 1350 imagini
2237 1281 2290 1335 S.
2325 1282 2646 1337 Innocentii
2695 1283 2890 1353 primi,
2937 1290 2992 1340 et
3025 1285 3082 1340 in
3124 1287 3340 1355 pariete
3380 1287 3600 1344 boreali

1951 1368 2390 1425 destinabantur
2411 1371 2580 1426 seriei
2615 1372 2946 1440 pontiﬁcum
2983 1381 3110 1444 post
3137 1375 3280 1432 illud
3305 1377 3597 1445 saeculum,

1954 1459 2356 1515 continuandae
2372 1461 2537 1529 juxta
2561 1462 2820 1518 ordinem
2847 1466 3252 1533 successionis,
3274 1474 3602 1525 constanter

1953 1546 2309 1603 observatum
2340 1549 2397 1604 in
2446 1551 2660 1620 pariete
2697 1553 2940 1608 australi
2967 1567 2998 1608 a
3027 1554 3082 1609 S.
3114 1556 3275 1610 Petro
3303 1557 3372 1612 ad
3403 1557 3458 1612 S.
3502 1559 3602 1612 In-

1954 1638 2280 1693 nocentium
2308 1640 2328 1692 l
2355 1639 2412 1694 in
2441 1641 2594 1711 orbe,
2619 1655 2718 1696 seu
2739 1643 2954 1712 clypeo,
2980 1644 3079 1714 qui
3103 1647 3358 1701 occurrit
3379 1647 3602 1716 primus

1952 1739 1983 1780 a
2016 1725 2202 1782 fronte
2232 1728 2485 1784 ecclesia:
2515 1731 2857 1786 occidentali
2892 1733 3334 1801 pracedentibus
3361 1737 3430 1792 ad
3467 1752 3604 1806 pre-

178 1821 416 1886 gim'ous
441 1817 778 1872 coloratum.
807 1818 888 1870 Ita
910 1822 1139 1871 ornatas
1159 1815 1392 1871 exhibet
1414 1817 1842 1870 Lateranensem
1868 1801 1922 1862 Β
1955 1814 2290 1885 sbyterium,
2318 1819 2570 1887 proferre
2589 1818 2904 1876 debuerant
2928 1822 3230 1894 imaginem
3252 1801 3598 1896 Symmachi,

181 1922 251 1962 ac
287 1909 618 1962 Vaticanam
653 1905 950 1961 basilicam
983 1905 1091 1961 sub
1117 1905 1415 1973 Silvestro,
1448 1905 1633 1958 Marco
1663 1903 1844 1957 etJu—

184 1996 291 2052 lio.
345 1998 419 2049 Et
455 2013 490 2048 a
539 2001 686 2057 tunc,
739 1996 952 2065 inquit,
1000 2011 1170 2062 usque
1216 1995 1474 2048 hactenus
1517 2006 1847 2046 summorum

181 2089 536 2155 pontiﬁcum,
589 2086 839 2139 videlicet
887 2085 1156 2146 Silvestri,
1204 2085 1380 2139 Marci
1421 2087 1472 2136 et
1515 2083 1652 2136 Julii
1697 2083 1849 2134 mira

188 2175 600 2242 magnitudinis
639 2179 840 2228 sanctae
881 2189 1064 2227 eorum
1094 2173 1325 2227 ecclesiae
1351 2170 1768 2242 (Lateranensis
1793 2175 1850 2225 et

191 2264 491 2334 Vaticana)
522 2264 675 2333 apud
706 2279 802 2318 nos
833 2268 960 2317 sunt
995 2263 1218 2332 depicta:
1260 2268 1372 2316 tam
1408 2263 1467 2314 in
1491 2262 1698 2314 musivo
1722 2259 1850 2329 (ab—

191 2354 343 2408 sidis
373 2360 434 2408 et
465 2367 636 2408 arcus
678 2352 930 2424 majoris)
972 2367 1245 2420 quamque
1274 2353 1333 2404 in
1363 2351 1567 2403 caeteris
1606 2349 1849 2402 historiis

189 2442 530 2512 (utriusque
559 2441 904 2495 Testamenti
942 2439 1213 2495 coloratis
1247 2440 1304 2493 in
1339 2437 1658 2508 parietibus
1691 2436 1852 2491 navis

196 2531 422 2597 mediae,
459 2530 546 2585 uti
577 2530 809 2585 exhibet
848 2529 1042 2585 tabula
1084 2528 1484 2598 Ciampiniana
1518 2540 1551 2580 x
1585 2525 1854 2595 superius

200 2620 482 2688 impressa
527 2636 648 2673 cum
689 2621 860 2673 sacris
899 2618 1230 2686 imaginibus
1268 2615 1702 2687 (venerabilium
1747 2616 1856 2670 Pa—

198 2716 352 2764 trum
407 2709 531 2764 sive
576 2708 909 2778 pontiﬁcum
954 2707 1334 2776 decessorum)
1377 2706 1606 2758 ornatis.
1652 2705 1858 2758 Prose—

199 2801 408 2872 quitur
440 2813 543 2868 per
570 2797 828 2868 proxima
859 2797 1105 2853 concilia
1136 2795 1528 2852 inductionem
1556 2805 1739 2848 suam.
1772 2791 1856 2846 Ad

200 2895 467 2958 quartam
493 2900 629 2943 vero
649 2886 927 2958 synodum
951 2887 1360 2942 mcumenicam
1389 2883 1718 2948 deveniens,
1747 2879 1856 2936 sub

203 2979 390 3032 leone
417 2978 626 3046 Magno
652 2975 1002 3030 Chalcedone
1032 2973 1393 3041 celebratam,
1425 2971 1704 3026 distincte
1736 2982 1862 3023 me-

206 3071 389 3121 morat
420 3066 715 3125 musivum,
748 3064 1003 3117 historias
1027 3066 1084 3118 et
1111 3063 1374 3130 imagines
1401 3061 1566 3130 juxta
1591 3059 1861 3114 decesso-

207 3168 324 3209 rum
353 3153 683 3222 exemplum
715 3151 785 3207 ab
817 3165 883 3212 eo
920 3151 1185 3221 pontiﬁce
1217 3129 1566 3207 constitutas
1602 3150 1661 3204 in
1700 3147 1863 3203 basi—
1887 3129 1934 3190 Ο

205 3241 308 3298 lica
339 3241 537 3297 sancti
570 3240 754 3306 Pauli,
788 3254 930 3310 quas
962 3239 1132 3295 hodie
1161 3239 1502 3309 superstites
1545 3239 1858 3293 intuemur.

208 3349 231 3380 α
262 3333 545 3398 itemque,
587 3329 691 3388 ait.
725 3329 796 3385 de
824 3334 1020 3384 sancto
1061 3335 1267 3399 quarto
1305 3327 1558 3384 concilio
1595 3326 1861 3398 egregius

205 3424 370 3489 atque
405 3418 721 3474 muniﬁcus
752 3417 1093 3488 praedicator
1123 3417 1176 3472 S.
1207 3419 1312 3473 Leo
1341 3429 1484 3486 papa
1503 3421 1558 3471 et
1582 3416 1704 3484 ipse
1728 3413 1862 3469 fecit

206 3508 500 3573 ecclesias,
552 3520 695 3578 quas
727 3506 786 3562 in
832 3519 1032 3562 nuswo
1067 3513 1123 3562 et
1149 3505 1392 3561 diversis
1437 3517 1732 3573 HlSTORllS,
1759 3515 1862 3560 seu

211 3609 536 3652 llAGlNlBUS
566 3595 806 3667 pingens
835 3595 1144 3651 decoravit.
1176 3594 1358 3660 Magis
1388 3599 1578 3648 autem
1612 3592 1669 3646 in
1702 3604 1862 3646 BASI-

211 3698 319 3740 LlCA
360 3698 551 3740 sum
594 3686 760 3740 PAULI
805 3698 1056 3740 APOSTOLl
1093 3696 1291 3738 arcum
1339 3682 1549 3738 ibidem
1593 3681 1861 3749 majorem

211 3770 442 3839 faciens,
476 3778 534 3828 et
569 3773 790 3828 musivo
820 3773 1137 3843 depingens
1176 3771 1523 3826 Salvatorem
1555 3770 1860 3826 Dominum

213 3869 467 3917 nostrum
499 3862 692 3916 Jesum
724 3861 1037 3929 Christum,
1084 3875 1186 3916 seu
1231 3859 1442 3932 viginti
1478 3862 1726 3932 quatuor
1766 3870 1866 3912 se-

213 3952 398 4006 niores
452 3949 688 4006 nomine
738 3964 846 4006 suo
890 3949 1149 4005 versibus
1191 3949 1502 4018 decoravit,
1555 3953 1610 4002 et
1650 3963 1683 4002 a
1729 3952 1865 4002 tunc

215 4055 386 4111 usque
421 4041 701 4095 hactenus
741 4039 986 4094 ﬁdeliter
1015 4053 1047 4094 a
1074 4039 1241 4094 nobis
1282 4044 1648 4094 venerantur.
1685 4056 1712 4087 ››
1741 4038 1864 4092 Duo

215 4129 297 4184 hic
322 4129 681 4185 observanda
713 4136 852 4183 sunt
878 4127 936 4182 in
961 4128 1292 4183 testimonio
1319 4125 1580 4194 Adriani,
1613 4125 1860 4194 scilicet,

212 4218 478 4273 ecclesias
509 4231 543 4272 a
572 4218 626 4272 S.
667 4218 845 4272 Leone
878 4222 1108 4272 ornatas
1147 4214 1328 4272 fuisse
1357 4217 1588 4276 musivo,
1622 4215 1865 4268 historiis

215 4313 266 4358 et
285 4306 648 4373 imaginibus,
681 4305 968 4374 praecipue
999 4303 1320 4369 Paulinam,
1351 4303 1520 4372 cujus
1551 4303 1608 4358 in
1643 4303 1865 4358 musivo

217 4410 403 4448 nomen
435 4410 600 4448 suum
629 4407 695 4448 ac
724 4409 913 4448 versus
945 4394 1213 4463 apposuit
1265 4391 1524 4447 Alterum
1558 4399 1644 4446 est
1677 4390 1867 4460 parti—

1955 1905 2227 1960 szeculum
2258 1907 2522 1976 quintum
2550 1908 2874 1965 claudentis
2897 1915 2954 1965 et
2995 1920 3216 1966 sextum
3255 1913 3603 1984 aperientis;

1957 2007 2085 2049 cum
2124 1996 2272 2051 inter
2297 1997 2689 2054 Innocentium
2723 2005 2779 2054 et
2802 2000 3200 2070 Symmachum
3231 2002 3422 2058 decem
3452 2017 3600 2072 pon-

1960 2085 2144 2141 tiﬁces
2174 2096 2564 2157 numerentur,
2598 2101 2662 2142 ac
2694 2089 2930 2145 totidem
2961 2090 3128 2145 orbes
3156 2104 3256 2147 seu
3287 2092 3468 2162 clypei
3505 2093 3602 2147 in-

1960 2175 2169 2231 tersint
2197 2176 2254 2230 in
2301 2177 2515 2246 pariete
2549 2177 2874 2232 occidentali
2913 2177 3065 2234 inter
3096 2181 3394 2234 australem
3421 2186 3477 2237 et
3503 2182 3604 2235 bo-

1958 2264 2158 2317 realem
2206 2265 2560 2335 intercepto:
2600 2267 2747 2322 unde
2787 2267 3089 2322 crustatim
3133 2268 3260 2323 calx
3298 2274 3354 2324 et
3393 2283 3606 2340 gypsus

1961 2359 2017 2407 et
2043 2353 2100 2407 in
2123 2353 2198 2407 iis
2217 2354 2482 2408 coloratas
2507 2354 2785 2423 imagines
2806 2361 2862 2410 et
2881 2354 3223 2426 epigraphes
3242 2356 3601 2413 deciderunt.

1962 2442 2024 2495 In
2066 2442 2315 2498 secundo
2345 2448 2533 2497 autem
2565 2442 2701 2498 orbe
2729 2456 2831 2498 seu
2874 2443 3070 2514 clypeo
3100 2443 3299 2500 lateris
3336 2444 3604 2517 borealis,

1965 2529 2344 2586 subsecutura
2390 2537 2512 2586 erat
2557 2532 2742 2602 imago
2790 2532 3124 2600 Hormisdas,
3183 2541 3310 2602 post
3348 2534 3612 2605 Symma—

1965 2619 2135 2674 chum
2180 2619 2368 2674 electi.
2415 2621 2472 2675 In
2519 2621 2691 2676 tertio
2731 2622 2974 2677 Joannes
3015 2621 3254 2691 primus,
3299 2625 3358 2680 in
3406 2630 3612 2695 quarto

1966 2707 2125 2762 Felix
2154 2708 2328 2777 hujus
2354 2709 2609 2765 nominis
2637 2715 2898 2780 quartus,
2928 2716 2986 2765 et
3009 2710 3090 2766 ita
3124 2711 3182 2766 in
3215 2712 3495 2781 proximis
3517 2727 3617 2770 se-

1969 2795 2110 2851 riem
2152 2797 2483 2866 pontiﬁcum
2525 2797 2974 2854 continuaturis.
3012 2799 3084 2854 At
3127 2800 3330 2856 seriem
3378 2801 3472 2856 hic
3508 2801 3618 2858 de-

1968 2883 2140 2939 siisse
2164 2885 2299 2940 dum
2325 2885 2675 2956 pingeretur,
2701 2899 2792 2941 res
2811 2885 3039 2942 clamat.
3068 2889 3204 2943 Nam
3232 2889 3617 2958 prietermisso

1973 2975 2158 3044 primo
2185 2987 2252 3029 ac
2291 2975 2538 3030 secundo
2577 2974 2860 3044 orbiculo,
2892 2990 2996 3032 seu
3023 2975 3239 3047 clypeo,
3281 2985 3340 3034 et
3382 2979 3620 3051 epigra-

1974 3062 2099 3132 phe,
2136 3062 2234 3118 ubi
2271 3064 2528 3120 deciduae
2553 3064 2731 3120 calcis
2764 3065 2926 3136 gypsi
2953 3071 3009 3122 et
3039 3065 3194 3122 labes
3217 3066 3480 3124 divinare
3506 3081 3619 3125 non

1973 3150 2117 3206 sinit
2137 3165 2438 3221 quemnam
2462 3167 2532 3208 ex
2556 3153 2925 3220 pontiﬁcibus
2949 3155 3135 3223 pictor
3163 3155 3493 3226 colorasset,
3517 3162 3625 3212 ter-

1973 3239 2094 3294 tius
2123 3246 2179 3294 et
2210 3246 2452 3310 quartus
2480 3239 2781 3296 orbiculus
2822 3241 3062 3310 illisque
3098 3244 3374 3312 appositae
3406 3243 3625 3299 inscri-

1978 3329 2203 3398 ptiones
2238 3342 2340 3385 nos
2370 3329 2578 3385 docent
2616 3330 2940 3386 ordinatam
2980 3330 3186 3386 seriem
3222 3331 3304 3386 ibi
3337 3345 3448 3388 non
3478 3345 3627 3387 con-

1975 3417 2168 3473 tineri.
2198 3417 2496 3487 Repetitur
2515 3418 2668 3474 enim
2693 3419 2862 3474 tertio
2886 3418 2945 3472 in
2969 3417 3252 3484 orbiculo,
3277 3432 3380 3474 seu
3405 3419 3623 3490 clypeo,

1972 3507 2029 3561 S.
2065 3505 2367 3568 Eusebius,
2415 3506 2648 3574 perinde
2672 3519 2738 3561 ac
2768 3505 2818 3561 si
2855 3504 3150 3560 habendus
3191 3512 3340 3560 esset
3369 3504 3626 3575 pontifex

1972 3607 2006 3650 a
2035 3594 2088 3648 S.
2122 3595 2284 3648 Petro
2326 3593 2566 3664 quintus
2600 3598 2656 3649 et
2699 3592 3240 3662 quinquagesimus,
3269 3607 3399 3649 cum
3432 3593 3492 3648 in
3515 3595 3628 3650 ad—

1973 3695 2136 3737 verso
2181 3681 2395 3750 pariete
2433 3680 2676 3735 australi
2722 3679 2781 3734 in
2828 3685 3050 3735 vetusta
3092 3687 3148 3736 et
3182 3681 3446 3736 ordinata
3481 3681 3631 3738 serie

1973 3784 2080 3826 suo
2107 3770 2231 3826 loco
2252 3783 2575 3838 expressus,
2599 3767 2787 3823 sedem
2811 3766 3067 3824 obtineat
3087 3768 3203 3824 sibi
3225 3776 3630 3842 congruentem

1978 3859 2129 3914 inter
2171 3855 2498 3912 Marcellum
2528 3862 2584 3910 et
2620 3854 3013 3925 Melchiadem,
3049 3870 3175 3926 quae
3205 3869 3237 3911 a
3265 3856 3317 3911 S.
3354 3858 3517 3912 Petro
3545 3863 3633 3913 est

1977 3947 2275 4020 trigesima
2307 3945 2574 4001 secunda.
2605 3941 2854 4011 Quartus
2876 3943 2948 3998 ab
2977 3943 3082 4000 hoc
3115 3945 3355 4015 repetito
3385 3945 3630 4002 Eusebio

1977 4045 2126 4107 (nam
2156 4042 2272 4090 tres
2312 4033 2558 4104 proximi
2589 4032 2996 4087 desiderantur
3019 4046 3148 4088 cum
3187 4033 3505 4103 deperditis
3535 4034 3632 4088 in—

1979 4121 2418 4194 scriptionibus)
2449 4127 2536 4176 est
2568 4120 2928 4186 Anastasius,
2964 4121 3065 4191 qui
3111 4121 3169 4176 in
3201 4122 3352 4177 serie
3389 4123 3631 4193 antiqua

1977 4219 2032 4268 et
2063 4212 2330 4268 ordinata
2359 4209 2598 4278 parietis
2628 4209 2904 4264 australis
2929 4214 3016 4266 est
3043 4208 3112 4264 ab
3145 4209 3390 4266 Eusebio
3423 4223 3627 4266 nonus.

1975 4300 2343 4356 Anastasium
2379 4297 2598 4368 excipit
2630 4297 2956 4367 Marcellus,
2995 4297 3132 4353 licet
3172 4298 3419 4355 Eusebio
3461 4305 3632 4354 ante—

1979 4391 2098 4446 rior
2123 4391 2287 4459 juxta
2331 4389 2533 4444 seriem
2580 4401 2793 4458 veram,
2827 4388 2887 4442 in
2926 4388 3164 4443 adverso
3198 4389 3412 4458 pariete
3440 4387 3628 4444 adhuc

219 4483 394 4536 culam
441 4499 537 4536 seu
575 4483 1006 4550 conjunctionis
1043 4488 1091 4536 et
1135 4483 1245 4536 vim
1285 4480 1491 4535 habere
1528 4480 1612 4551 (ut
1653 4478 1866 4534 ferebat
1894 4473 1948 4534 D
1974 4479 2364 4548 conspicuam.
2419 4475 2682 4531 Marcello
2736 4476 3049 4546 apponitur
3096 4477 3405 4547 Adrianus,
3456 4476 3627 4533 annis

223 4584 351 4626 usus
375 4572 567 4626 relatis
596 4570 784 4638 illius,
821 4572 880 4626 in
916 4571 1082 4626 Libro
1115 4569 1434 4625 Pontiﬁcali
1468 4583 1615 4638 saepe
1646 4567 1865 4638 repeti-

222 4661 344 4726 tus),
374 4660 524 4730 quod
549 4660 785 4714 evidens
806 4664 894 4714 est
921 4660 976 4714 in
999 4659 1387 4728 descriptione
1414 4657 1624 4712 musivi
1651 4656 1862 4725 operis,

219 4760 250 4801 a
272 4749 448 4803 Leone
474 4751 678 4820 Magno
704 4749 954 4804 dedicati
986 4749 1042 4803 in
1072 4748 1313 4803 basilica
1344 4749 1400 4802 S.
1430 4745 1608 4802 Pauli.
1645 4745 1867 4800 Asserit

223 4834 298 4889 ibi
322 4837 612 4906 depictum
647 4851 770 4894 esse
802 4836 1156 4893 Salvatorum
1187 4837 1384 4892 mundi
1413 4835 1716 4890 Dominum
1759 4846 1863 4887 no-

222 4931 396 4980 strum
417 4927 604 4981 Jesum
627 4927 944 4993 Christum,
967 4941 1061 4980 seu
1083 4925 1291 4998 viginti
1317 4929 1565 4995 quatuor
1586 4923 1860 4991 seniores,

225 5029 348 5070 cum
376 5021 432 5070 et
462 5015 659 5072 vultus
697 5015 1090 5084 Redemptoris
1132 5015 1313 5070 nostri
1344 5019 1401 5069 et
1431 5014 1626 5083 ﬁgurae
1655 5011 1862 5082 viginti

225 5108 462 5171 quatuor
493 5105 789 5160 seniorum
825 5104 960 5159 hinc
994 5103 1125 5159 inde
1155 5103 1456 5172 disposita:
1485 5101 1662 5157 simul
1693 5100 1867 5155 exhi—

224 5187 472 5248 beantur.

295 5280 515 5337 Constat
551 5281 737 5352 igitur
765 5280 936 5336 etiam
969 5294 1037 5336 ex
1066 5280 1308 5336 Adriani
1335 5281 1356 5335 ι
1387 5278 1718 5335 testimonio
1750 5284 1861 5333 tam

225 5372 480 5423 musicum
523 5384 693 5441 quam
730 5369 986 5438 picturas
1026 5370 1380 5423 historiarum
1417 5368 1636 5424 Veteris
1665 5368 1866 5422 Testa-

230 5459 391 5512 menti
421 5466 473 5514 et
504 5461 776 5525 imagines
809 5458 1143 5528 pontiﬁcum
1176 5460 1561 5513 Romanorum
1592 5456 1774 5511 fuisse
1806 5456 1863 5510 in

232 5542 453 5602 basilica
483 5548 672 5603 sancti
709 5547 872 5603 Pauli
909 5561 940 5602 a
973 5554 1166 5603 sancto
1199 5549 1380 5602 Leone
1410 5549 1613 5617 Magno
1643 5545 1868 5601 consti—

232 5638 388 5691 tutas.

1977 4567 2150 4624 ferme
2172 4565 2508 4638 quingentis
2526 4564 2597 4619 ab
2622 4564 2723 4620 illo
2743 4563 2990 4620 dissitus
3009 4581 3024 4634 ;
3041 4564 3248 4620 deinde
3268 4565 3505 4636 Agatho,
3526 4566 3628 4636 qui

1975 4656 2288 4712 Adrianum
2338 4653 2627 4724 praecessit
2655 4657 2712 4708 et
2739 4652 2887 4708 alios
2931 4651 3174 4708 sedecim
3220 4652 3474 4722 ejusdem
3517 4653 3626 4708 de.-

1976 4758 2248 4800 cessores.
2303 4741 2470 4796 Plane
2522 4741 2716 4811 itaque
2757 4745 2982 4796 constat
3027 4753 3096 4795 ex
3137 4739 3400 4796 orbiculo
3451 4740 3620 4796 tertio

1979 4831 2176 4887 lateris
2220 4829 2469 4885 borealis
2515 4829 2722 4884 seriem
2769 4841 2877 4884 non
2924 4828 3339 4895 continuatam,
3379 4827 3473 4882 sed
3522 4841 3622 4895 pro

1976 4919 2220 4976 arbitrio
2250 4918 2513 4987 pictoris,
2539 4923 2702 4972 aetate
2730 4917 2943 4971 incerta
2970 4915 3237 4971 conducti
3268 4915 3336 4968 ad
3368 4913 3620 4984 implen-

1974 5011 2078 5065 das
2111 5005 2462 5079 imaginibus
2499 5017 2660 5058 areas
2697 5003 3052 5058 orbiculares
3090 5009 3146 5058 et
3179 5004 3366 5073 spatia
3399 5002 3619 5060 inscri-

1977 5099 2238 5169 ptionum
2277 5094 2424 5166 (qua:
2455 5091 2714 5148 vacantia
2748 5090 2948 5146 relicta
2980 5089 3206 5146 fuerant
3234 5092 3444 5149 saeculo
3474 5094 3620 5149 Leo-

1976 5188 2150 5242 niano
2201 5186 2271 5241 ad
2322 5194 2679 5240 successores
2721 5181 2820 5252 qui
2867 5179 3220 5249 inposterum
3267 5181 3619 5256 eligerentur

1975 5290 2081 5333 suo
2103 5275 2304 5331 ordine
2331 5273 2414 5329 ibi
2443 5271 2781 5328 colorandos
2799 5275 2856 5325 et
2877 5271 3164 5327 ornandos
3187 5271 3614 5342 chronologicis
3677 5289 3688 5308 ·-

1975 5365 2130 5421 notis
2158 5377 2458 5429 annorum,
2494 5361 2775 5417 mensium
2801 5373 2866 5415 ac
2889 5358 3114 5416 dierum
3145 5360 3237 5416 sui
3264 5359 3613 5434 sacerdotii),

1975 5455 2169 5510 eadem
2209 5451 2387 5523 spatla
2423 5457 2631 5506 temere
2671 5450 2905 5519 impleta
2947 5449 3145 5519 fuisse,
3186 5449 3388 5518 ﬁguris
3415 5450 3615 5518 ponti-

1978 5544 2168 5612 ﬁcum,
2200 5542 2342 5597 forte
2373 5539 2600 5595 fortuna
2631 5537 2892 5596 collectis
2916 5551 2948 5592 a
2985 5539 3198 5606 pictore
3237 5537 3616 5608 undecunque

1977 5633 2029 5689 ei
2063 5631 2352 5697 libuisset,
2390 5628 2553 5685 modo
2585 5628 2847 5698 repetitis
2881 5639 2948 5682 ex
2975 5627 3151 5682 veteri
3188 5625 3352 5683 modo
3385 5625 3618 5684 infartis
