4060 6176
460 331 558 394 274

1231 339 1323 395 AD
1370 339 1800 397 ANASTASIUM
1850 340 2361 402 PROLEGOMENA
2409 349 2584 405 EDIT.
2639 350 3065 409 ROM.—-VATIC.

3754 356 3870 415 272

461 488 528 529 ex
555 472 811 542 catalogo
841 483 1253 528 successorum.
1286 470 1640 540 postpositis,
1676 469 1986 539 permistis,
2011 469 2097 524 ad-
2131 470 2188 528 A
2214 485 2516 545 annorum,
2548 479 2826 534 mensium
2857 493 2923 535 ac
2949 480 3174 536 dierum
3210 481 3536 537 eorumdem
3572 483 3728 539 sedis
3758 496 3875 539 non

461 561 607 617 ditis
645 560 814 614 etiam
859 558 1338 627 inscriptionibus
1377 565 1715 627 temporum,
1755 572 1881 628 qua
1917 559 2104 614 nihilo

461 655 651 705 essent
715 648 1130 703 emendatiores
1186 660 1356 717 quam
1418 648 1725 717 rhapsodia
1790 648 2103 719 imaginum

464 751 634 808 quam
680 736 942 806 elegerat.

537 823 623 881 40.
657 825 882 880 Asserta
930 824 1123 895 itaque
1148 840 1275 881 cum
1305 826 1385 880 sit
1409 827 1561 881 atati
1605 826 1901 882 Leoniana
1928 825 2105 880 series

467 913 568 968 illa
611 914 890 969 vetustior
927 919 984 968 et
1024 914 1270 983 genuina
1309 914 1680 980 chronologia
1721 914 1959 984 parietis
1996 928 2105 968 au-

464 1001 680 1069 stralis,
712 1008 832 1056 tum
861 1002 1213 1057 indicatione
1241 1001 1538 1056 manifesta
1567 1002 1922 1071 picturarum
1944 1002 2101 1072 styli,

466 1089 717 1145 eamdem
749 1095 968 1145 atatem
993 1105 1122 1146 cum
1155 1091 1379 1146 musivo
1408 1089 1726 1159 referentis,
1759 1097 1877 1146 tum
1913 1091 2107 1160 pluri—

464 1176 573 1233 bus
598 1178 949 1234 testimoniis
974 1179 1214 1234 Adriani
1248 1192 1403 1249 papa
1435 1180 1607 1248 primi
1639 1186 1691 1234 et
1718 1179 1875 1234 Libri
1903 1180 2109 1234 Ponti—

464 1266 668 1337 ﬁcalis,
710 1267 840 1336 jure
878 1267 1158 1323 aﬁirmare
1201 1281 1505 1337 possumus
1552 1268 1834 1338 originem
1876 1267 2110 1322 Catalo—

464 1370 663 1428 gorum
700 1358 1078 1413 vetustiorum
1117 1362 1288 1425 atque
1325 1356 1775 1411 emendatiorum
1812 1356 1947 1411 hinc
1985 1369 2108 1411 esse

465 1448 822 1517 repetendam
855 1466 866 1501 :
902 1446 1119 1501 Italicis
1146 1459 1299 1514 vero,
1322 1458 1387 1500 ac
1417 1446 1731 1515 prasertim
1757 1444 2108 1500 suburbica—

464 1537 593 1606 riis,
638 1536 697 1591 in
731 1536 984 1591 archivis
1022 1542 1078 1590 et
1114 1534 1433 1603 codicibus,
1473 1534 1682 1604 sapius
1719 1534 1947 1589 collatis
1975 1547 2104 1589 cum

464 1627 576 1682 isto
612 1627 939 1695 archetypo,
982 1624 1150 1679 talem
1190 1624 1472 1693 originem
1512 1625 1961 1678 demonstratum
2006 1622 2101 1691 iri,

462 1714 563 1769 ubi
595 1727 909 1769 consensus
946 1710 1343 1766 manifestetur
1379 1712 1840 1780 prastantiorum
1874 1710 2107 1765 Catalo-

2217 559 2383 616 modo
2407 562 2700 634 exhibere,
2729 567 2822 620 sed
2852 567 3024 622 etiam
3073 568 3408 624 nominibus
3439 571 3743 625 consulum
3775 585 3878 628 eos

2214 659 2393 703 annos
2441 650 2800 724 distinguere
2845 655 2904 710 in
2951 655 3029 710 iis
3071 657 3172 725 qui
3218 656 3527 712 Ecclesiam
3578 665 3878 730 rexerant,

2214 743 2510 794 constante
2557 741 2858 797 consulum
2916 743 3278 815 magistratu.
3327 742 3687 815 Scriptdrum
3739 761 3878 804 vero

2213 824 2475 880 codicum
2519 832 2654 883 atas
2695 830 2995 901 colligitur
3028 837 3149 887 tum
3188 845 3256 887 ex
3300 833 3614 903 specimine
3658 834 3881 891 chara—

2214 912 2410 982 cteris,
2446 920 2564 970 tum
2597 930 2665 972 ex
2705 919 2973 987 periocha
3004 919 3060 974 in
3095 934 3209 975 uno
3251 926 3493 991 reperta,
3530 927 3763 978 extensa
3798 924 3875 979 ad

2216 1001 2488 1057 saculum
2539 1005 2825 1060 decimum
2868 1009 3105 1062 tertium
3137 1023 3262 1063 ara
3305 1010 3649 1065 communis.
3682 1011 3880 1081 Quare

2215 1090 2688 1148 communicanda
2722 1093 2839 1149 hac
2868 1096 3063 1151 omnia
3092 1109 3215 1151 esse
3240 1096 3469 1152 censuit
3491 1116 3506 1167 ς
3528 1097 3706 1168 idque
3733 1113 3880 1168 per-

2216 1182 2554 1245 Opportune,
2604 1180 2759 1249 prelo
2802 1183 3056 1238 nondum
3098 1184 3352 1253 subjecta
3390 1199 3520 1240 cum
3566 1184 3710 1242 foret
3753 1188 3881 1244 hac

2215 1263 2566 1322 dissertatio.
2621 1269 3020 1340 Transcriptas
3061 1272 3258 1342 itaque
3300 1271 3579 1330 lectiones
3625 1281 3747 1331 tum
3802 1291 3878 1333 ex

2218 1353 2664 1413 membranaceis
2692 1359 2991 1416 codicibus
3024 1374 3182 1431 mss.,
3218 1367 3338 1416 tum
3370 1375 3437 1417 ex
3470 1363 3773 1433 impressis
3799 1367 3875 1422 ad

2218 1453 2305 1496 me
2344 1443 2523 1511 misit,
2559 1459 2702 1515 quas
2736 1460 2838 1518 ego
2884 1446 3181 1504 conferens
3223 1464 3353 1505 cum
3395 1450 3664 1523 Catalogo
3695 1453 3879 1510 Libe-

2215 1529 2381 1586 riano
2400 1532 2649 1603 aliisque
2670 1535 2911 1607 collegia
2933 1536 3237 1592 consulum
3268 1539 3702 1610 assignautibus
3723 1542 3879 1598 Vita

2217 1620 2573 1690 pontiﬁcum,
2607 1628 2663 1677 et
2691 1638 2819 1678 cum
2855 1625 3112 1679 numeris
3151 1625 3577 1698 chron010gicis
3608 1629 3668 1683 in
3699 1628 3879 1687 basi—

2216 1707 2328 1763 lica
2365 1710 2420 1764 S.
2468 1710 2629 1766 Pauli
2670 1711 2897 1780 pictura
2939 1714 3246 1783 expressis,
3291 1715 3497 1770 mirum
3537 1716 3597 1770 in
3633 1718 3874 1774 modum

458 1814 659 1872 gorum
697 1801 779 1856 ibi
816 1806 1187 1870 repertorum,
1235 1813 1364 1854 cum
1405 1798 1818 1869 superstitibus
1860 1799 2105 1868 picturis
2135 1786 2184 1846 Β
2213 1796 2448 1866 afﬁcior,
2467 1812 2805 1855 consensum
2820 1801 3638 1874 colligensplaneconstantem
3658 1805 3872 1863 horum

459 1903 493 1945 a
538 1890 592 1945 S.
652 1891 833 1945 Leone
897 1890 1117 1945 curatis
1172 1889 1230 1943 in
1280 1888 1520 1945 basilica
1577 1889 1631 1943 S.
1683 1888 1871 1944 Pauli.
1927 1890 2103 1943 Porro

460 1981 629 2035 talem
686 1992 1027 2034 consensum
1079 1978 1231 2032 inter
1282 1977 1713 2033 vetustissimos
1769 1976 1948 2032 Italia
1998 1990 2105 2032 co-

455 2068 616 2123 dices
655 2075 707 2123 et
751 2068 1006 2137 picturas
1043 2066 1220 2135 hujus
1258 2067 1429 2121 seriei
1476 2067 1792 2138 Leoniana,
1836 2080 1935 2137 per
1972 2067 2105 2121 sin—

457 2156 626 2227 gulos
665 2155 962 2225 pontiﬁces
1000 2154 1356 2224 exploratum
1398 2168 1706 2226 pr0ponam
1746 2155 1933 2225 capite
1973 2153 2103 2211 sub-

456 2246 740 2314 sequenti.

528 2330 614 2388 Η.
669 2333 886 2389 Addam
945 2340 1230 2403 postremo
1298 2334 1421 2389 loco
1482 2347 1550 2388 ex
1599 2335 1817 2403 regulis
1872 2332 2094 2389 criterii

452 2424 845 2494 chronolOgici
892 2422 1132 2492 prolatis
1170 2428 1226 2477 et
1266 2422 1522 2491 probatis
1560 2424 1746 2491 capite
1786 2422 2092 2492 superiori,

454 2512 878 2583 ehronologiam
906 2511 1050 2566 hanc
1081 2510 1456 2580 pontiﬁciam,
1484 2525 1551 2565 ex
1579 2511 1963 2567 monumentis
1995 2523 2098 2580 ge-

451 2601 655 2656 nuinis
687 2614 752 2655 ac
796 2599 1046 2670 publicis
1085 2601 1349 2654 Romana
1388 2598 1654 2653 Ecclesia
1691 2598 2006 2669 collectam,
2040 2605 2096 2653 et

450 2689 512 2744 in
536 2689 845 2759 pracipuis
863 2688 1115 2757 ejusdem
1142 2686 1406 2742 basilicis
1430 2700 1527 2756 per
1546 2688 1770 2742 eosdem
1795 2686 2093 2756 pontiﬁces

448 2776 715 2855 positam,
748 2781 1133 2831 conservatam
1167 2780 1223 2831 et
1253 2775 1573 2844 repetitam,
1606 2779 1779 2844 atque
1809 2787 2091 2830 consensu

447 2865 910 2934 prastantiorum
948 2864 1211 2919 codicum
1256 2863 1669 2931 conﬁrmatam,
1703 2863 1942 2918 solidari
1980 2864 2096 2917 ite—

445 2966 573 3008 rum
607 2966 773 3022 posse
802 2953 1088 3008 constanti
1130 2951 1407 3022 suﬁ‘ragio
1436 2958 1492 3007 et
1521 2952 1932 3021 approbatione
1961 2965 2086 3006 om-

445 3043 605 3097 nium
642 3047 894 3111 atatum,
931 3055 963 3095 a
1000 3042 1204 3096 Leonis
1248 3041 1457 3095 saculo
1501 3040 1567 3095 ad
1617 3044 1874 3095 nostrum
1922 3040 2092 3095 inter-

2211 1886 2682 1944 documentorum
2716 1904 2841 1959 qua
2874 1890 3281 1947 ministrantur
3310 1891 3381 1947 ab
3414 1892 3553 1948 urbe
3584 1896 3778 1963 Roma,
3811 1904 3873 1952 et

2211 1986 2244 2027 a
2274 1974 2611 2045 regionibus
2642 1976 3092 2049 suburbicariis,
3124 1985 3180 2034 et
3208 1980 3279 2035 ab
3309 1980 3447 2035 aliis
3478 1981 3736 2038 archivis
3764 1996 3871 2039 ec-

2211 2062 2516 2120 clesiarum
2542 2065 2720 2120 Italia
2746 2079 2844 2136 per
2864 2067 3073 2123 sacula
3095 2066 3271 2123 ferme
3290 2069 3521 2139 singula
3542 2084 3668 2125 ara
3687 2071 3870 2126 Chri-

2211 2150 2430 2207 stiana.
2459 2152 2847 2224 Consequitur
2876 2155 3031 2210 enim
3063 2155 3199 2210 Acta
3231 2162 3565 2227 martyrum,
3598 2158 3867 2231 collegiis

2207 2239 2509 2295 consulum
2530 2241 2863 2311 plerumque
2883 2243 3107 2313 signata
3123 2249 3417 2300 constante
3443 2247 3863 2315 persecutione,

2205 2327 2529 2400 Catalogus,
2562 2334 2726 2385 atate
2749 2330 2962 2386 Liberii
2994 2332 3292 2404 collectus,
3319 2334 3415 2389 cui
3448 2334 3688 2403 pictura
3712 2337 3866 2391 Vati-

2207 2429 2360 2471 cana
2417 2418 2577 2485 paria
2635 2418 2874 2487 faciunt,
2942 2419 3249 2491 imaginem
3318 2421 3533 2478 Liberii
3591 2432 3861 2479 ornantes

2205 2504 2451 2559 viventis
2498 2505 2738 2561 indicio.
2787 2508 2947 2563 Hunc
2991 2508 3208 2578 excipit
3256 2510 3578 2566 Leonianus
3623 2511 3755 2579 iste,
3803 2512 3865 2566 in

2204 2591 2447 2648 basilica
2492 2594 2546 2648 S.
2596 2594 2757 2649 Pauli
2810 2596 3074 2665 depictus
3121 2602 3179 2651 et
3223 2598 3573 2670 custoditus,
3621 2599 3745 2655 sive
3802 2600 3868 2656 in

2205 2681 2386 2736 Leone
2416 2682 2605 2752 sistat,
2636 2683 2755 2738 sive
2790 2685 3077 2755 pertingat
3104 2686 3175 2741 ad
3206 2687 3627 2757 Symmachum,
3656 2689 3867 2757 ponti—

2204 2768 2363 2824 ﬁcem
2387 2770 2579 2840 quinti
2611 2771 2808 2827 saculi
2841 2780 2896 2827 et
2920 2773 3067 2828 sexti
3094 2790 3107 2828 :
3142 2774 3235 2829 cui
3267 2781 3562 2844 propterea
3594 2774 3711 2831 fere
3734 2789 3869 2847 syn-

2202 2857 2458 2913 chronus
2500 2864 2587 2913 est
2631 2859 2936 2932 Catalogus
2974 2863 3263 2918 secundus
3310 2862 3419 2918 sub
3461 2863 3648 2919 Felice
3691 2865 3762 2919 IV
3802 2872 3865 2921 et

2199 2946 2549 3013 Iustiniano,
2578 2948 2723 3002 tanti
2759 2947 2991 3005 habitus
3030 2949 3101 3005 ab
3141 2950 3519 3017 Henschenio,
3566 2952 3865 3022 Papebro—

2202 3031 2354 3102 chio,
2412 3034 2727 3105 Holstenio,
2788 3036 3213 3108 Schelestratio,
3273 3038 3375 3109 qui
3430 3053 3501 3095 ex
3557 3047 3863 3112 prototypo

441 3138 755 3201 ceptarum,
791 3110 889 3199 per
916 3130 1254 3185 documenta
1282 3142 1442 3197 aque
1474 3127 1724 3198 publica,
1767 3128 1868 3183 hos
1900 3142 2090 3184 nume-
2117 3110 2166 3174 C
2200 3122 2542 3192 emendavit,
2577 3129 2634 3179 et
2667 3124 2737 3180 ab
2766 3124 3039 3181 omnibus
3075 3127 3345 3183 eruditis.
3388 3128 3712 3184 Succedunt
3740 3110 3867 3185 sa-

443 3234 541 3276 ros
560 3218 995 3290 chron010gicos
1015 3218 1095 3272 ita
1117 3216 1474 3286 praferentia
1494 3218 1718 3272 cateris
1740 3216 2086 3288 rationibus,

439 3314 506 3365 ut
534 3308 757 3364 eosdem
790 3308 1098 3363 servandos
1125 3319 1191 3362 ac
1223 3307 1605 3376 pralegendos
1637 3308 1696 3361 in
1726 3307 1945 3362 divinis
1976 3305 2090 3361 oﬂi-

437 3397 551 3453 ciis
580 3396 996 3467 prascripserit
1025 3396 1178 3451 clero
1209 3395 1478 3451 universo
1508 3409 1692 3465 usque
1716 3397 1785 3451 ad
1813 3396 2086 3452 saculum

434 3485 653 3541 Christi
685 3485 971 3540 decimum
1003 3484 1272 3554 quintum
1304 3484 1669 3553 completum.

504 3574 688 3629 Debeo
735 3572 1069 3642 prasidium
1115 3571 1318 3627 invicti
1365 3572 1540 3641 hujus
1579 3574 1901 3644 argumenti
1933 3574 2085 3630 dili—

435 3663 661 3733 gentia,
703 3660 1021 3716 eruditioni
1062 3673 1126 3714 ac
1170 3661 1576 3717 benevolentia
1619 3663 1924 3719 admodum
1966 3678 2078 3719 rev.

431 3752 621 3807 Patris
649 3751 714 3804 D.
746 3749 981 3805 Joannis
1007 3749 1379 3819 Marangonii,
1404 3752 1503 3820 qui
1527 3753 1710 3806 sacris
1738 3753 2082 3808 coemeteriis

436 3844 749 3908 martyrum
789 3836 1063 3893 curandis
1091 3842 1146 3890 et
1191 3836 1450 3892 historia
1492 3839 1893 3897 ecclesiastica
1935 3842 2079 3898 illu—

431 3928 680 3984 stranda
708 3939 896 3980 comes
932 3924 1166 3980 additus
1207 3925 1404 3993 pietati
1436 3940 1501 3980 ac
1536 3927 1755 3994 peritia
1802 3929 1911 3983 viri
1954 3931 2082 3986 cla—

430 4015 651 4070 rissimi
683 4013 857 4068 Marci
898 4012 1134 4067 Antonii
1165 4013 1408 4068 Boldetti
1449 4013 1706 4069 basilica
1742 4017 2079 4073 Transtibe-

428 4106 571 4160 rina
593 4103 879 4170 canonici,
904 4116 1053 4157 anno
1073 4103 1359 4171 superiori
1385 4099 1541 4173 4720,
1568 4118 1785 4160 mecum
1811 4105 2078 4163 incubuit

428 4207 529 4264 per
572 4193 767 4262 plures
821 4191 944 4246 dies
993 4189 1241 4245 ﬁdeliter
1287 4191 1664 4248 describendo
1715 4193 1973 4265 catalogo
2020 4200 2077 4250 et

428 4280 815 4351 chronologia
863 4278 1198 4348 pontiﬁcum
1243 4291 1310 4334 ex
1349 4293 1433 4346 eo,
1476 4280 1545 4335 de
1598 4296 1711 4350 quo
1755 4282 2072 4354 loquimur,

424 4368 724 4424 Leoniana
757 4367 944 4422 atatis
980 4372 1277 4437 prototypo
1305 4368 1363 4422 in
1396 4367 1634 4423 basilica
1665 4372 1720 4425 S.
1756 4371 1937 4426 Pauli.
1964 4373 2075 4428 La—

2199 3210 2350 3266 culis
2380 3212 2643 3283 septimo,
2676 3219 2895 3282 octavo,
2932 3228 3081 3271 nono
3119 3230 3187 3271 ac
3213 3216 3437 3272 decimo
3464 3217 3721 3290 Catalogi
3766 3234 3857 3274 ar-

2197 3298 2496 3354 chivorum
2522 3302 2702 3357 Italia
2723 3306 3065 3360 vetustiores
3085 3318 3150 3360 ac
3178 3305 3623 3376 prastantiores,
3651 3319 3856 3378 nempe

2195 3385 2608 3458 Bergomensis,
2651 3390 2920 3446 Cavensis
2957 3399 3014 3448 et
3054 3390 3364 3462 Farfensis,
3404 3392 3559 3450 eirea
3603 3396 3859 3451 undeci~

2196 3487 2348 3530 mum
2404 3478 2794 3549 transcriptus
2835 3493 2902 3535 ex
2946 3481 3292 3551 antiquiori.
3345 3483 3506 3538 Hunc
3545 3483 3855 3553 excipiunt

2194 3563 2450 3631 proxime
2471 3567 2697 3623 codices
2718 3568 3131 3624 membranacei
3148 3570 3480 3626 divinorum
3503 3568 3849 3639 oﬁiciorum,

2193 3653 2402 3720 reperti
2459 3654 2518 3709 in
2561 3656 2796 3711 archivo
2839 3656 3094 3713 ecclesia
3132 3657 3526 3714 Ocriculensis
3557 3678 3570 3714 :
3603 3664 3661 3715 et
3695 3673 3852 3730 repe'

2192 3741 2427 3798 titiones
2464 3746 2672 3801 veteris
2714 3745 2885 3801 seriei
2924 3752 2983 3802 et
3019 3746 3406 3818 chronologia
3452 3748 3782 3817 pontiﬁcia,
3817 3765 3851 3806 a

2189 3828 2422 3886 Nicolao
2451 3833 2621 3889 tertio
2650 3841 2860 3890 curata
2887 3834 3076 3890 tribus
3104 3834 3163 3889 in
3201 3834 3466 3890 basilicis
3496 3836 3852 3905 patriarcha-

2189 3916 2344 3973 libus
2389 3919 2541 3974 intra
2579 3926 2635 3975 et
2662 3928 2825 3977 extra
2864 3921 3089 3992 Urbem,
3133 3923 3343 3979 saeculo
3381 3925 3603 3981 decimo
3649 3926 3845 3993 tertio,

2186 4005 2366 4062 donec
2414 4008 2473 4062 in
2530 4009 2641 4065 ﬁne
2691 4011 2903 4068 decimi
2962 4012 3155 4083 quinti
3210 4013 3408 4069 saculi
3463 4016 3848 4086 typographia

2186 4108 2382 4150 recens
2428 4096 2655 4153 inventa
2698 4099 3028 4157 divinarum
3075 4115 3307 4172 precum
3351 4102 3411 4157 in
3453 4101 3643 4174 libris,
3689 4103 3847 4160 clero

2184 4183 2254 4238 ad
2306 4184 2665 4241 recitandum
2721 4190 3055 4258 propositis,
3106 4190 3360 4246 eamdem
3414 4196 3629 4260 repetat
3682 4191 3848 4249 chro-

2184 4272 2495 4343 nologiam,
2544 4288 2578 4329 a
2628 4276 2912 4333 Leoniana
2967 4285 3152 4350 atate,
3202 4280 3319 4335 imo
3358 4285 3414 4335 et
3455 4293 3487 4335 a
3536 4280 3847 4339 Liberiana

2182 4359 2413 4429 publice
2435 4363 2754 4421 dedicatam
2787 4366 2846 4422 in
2873 4369 3135 4425 ecclesiis
3166 4372 3223 4425 et
3254 4369 3314 4424 in
3348 4370 3704 4440 patriarchio
3736 4371 3847 4428 Ro-

424 4457 592 4513 bente
617 4464 802 4512 autem
826 4469 976 4511 anno
1007 4453 1162 4516 4721,
1198 4471 1326 4512 cum
1359 4456 1527 4513 verbo
1556 4459 1654 4513 Dei
1690 4460 2073 4519 ministrando
2106 4451 2159 4512 D
2186 4461 2374 4505 1113110-

419 4547 728 4617 deputatus
745 4544 951 4601 fuisset
970 4559 1066 4615 per
1080 4559 1304 4601 sacrum
1312 4546 1387 4615 jej
1403 4547 1597 4602 unium
1617 4547 2073 4621 Quadragesima

421 4635 479 4691 in
512 4634 812 4705 collegiata
838 4634 1100 4706 ecclesia,
1134 4634 1272 4690 olim
1305 4635 1641 4704 cathedrali,
1676 4638 1874 4707 oppidi
1901 4640 2074 4696 Ocri—

422 4724 641 4789 culani,
693 4725 787 4779 vix
842 4738 908 4779 eo
962 4731 1290 4794 pervenerat
1341 4732 1396 4780 et
1452 4727 1755 4795 apostolici
1816 4732 2072 4787 muneris

419 4812 669 4871 oﬁlcium
709 4826 970 4869 exercere
1008 4819 1271 4883 caperat,
1314 4828 1443 4869 cum
1486 4815 1545 4870 in
1586 4816 1883 4873 archivum
1924 4819 2071 4875 sub-

420 4905 638 4960 secivas
670 4904 839 4959 horas
869 4902 1096 4958 utiliter
1128 4903 1494 4972 impensurus
1524 4905 1854 4976 deducitur,
1882 4913 1939 4962 et
1967 4922 2072 4964 co—

422 4990 573 5059 piam
613 4999 864 5046 veterum
904 4992 1167 5048 codicum
1209 4992 1268 5048 in
1308 4994 1654 5050 membranis
1695 4996 2064 5066 scriptorum,

422 5089 639 5131 necnon
673 5078 824 5133 haud
856 5081 1121 5151 exiguam
1157 5081 1561 5150 impressorum
1595 5088 1727 5137 ante
1758 5083 1925 5139 ﬁnem
1956 5099 2069 5140 sa-—

420 5164 539 5219 culi
572 5176 645 5218 xv
690 5168 919 5231 reperit,
961 5169 1030 5222 ad
1062 5168 1245 5222 oﬁlcia
1276 5169 1473 5222 divina
1504 5169 1840 5226 celebranda
1875 5173 1932 5227 in
1966 5188 2071 5229 ve—

419 5253 527 5307 teri
555 5251 872 5307 cathedrali
904 5252 1217 5318 collectam,
1251 5254 1526 5309 Observat
1556 5256 1614 5310 in
1647 5259 1881 5328 scriptis
1910 5276 1974 5316 ac
2007 5263 2067 5317 in

421 5339 743 5409 impressis,
773 5340 1085 5407 prasertim
1116 5341 1367 5396 Venetiis
1397 5358 1541 5395 anno
1573 5342 1728 5412 4594,
1758 5350 1910 5416 apud
1937 5351 2068 5404 An-

423 5429 608 5481 dream
637 5430 702 5482 de
731 5429 1045 5482 Torresanis
1072 5428 1137 5481 de
1168 5430 1347 5482 Asula
1370 5431 1458 5485 die
1489 5445 1563 5487 xx
1594 5435 1767 5498 Junii,
1794 5437 2066 5496 lectiones

423 5517 746 5586 propositas
766 5518 832 5572 ad
869 5516 1223 5572 recitandum
1254 5518 1312 5571 in
1341 5517 1503 5576 festis
1533 5537 1881 5582 summorum
1918 5541 2068 5597 pon-

420 5604 641 5660 tiﬁcum
693 5608 909 5662 sanctis
961 5606 1365 5677 ascriptorum,
1417 5610 1851 5682 chronologicas
1900 5621 2063 5672 notas

2254 4537 2378 4593 Nisi
2428 4539 2545 4596 hac
2581 4544 2761 4600 series
2809 4558 2921 4600 non
2966 4545 3291 4618 interrupta
3335 4547 3743 4618 probationum
3782 4556 3841 4606 et

2181 4624 2653 4687 documentorum
2688 4634 2945 4691 habenda
2988 4635 3068 4691 sit
3097 4638 3515 4693 demonstratio
3542 4637 3840 4694 historica

2182 4719 2237 4767 et
2275 4716 2692 4790 cbronologica
2730 4724 3012 4791 veritatis,
3049 4726 3214 4794 juxta
3254 4726 3510 4797 regulam
3560 4727 3838 4795 superius

2181 4804 2552 4861 constitutam
2593 4810 2780 4877 capite
2817 4815 3086 4886 secundo,
3131 4826 3369 4869 numero
3399 4820 3618 4883 octavo,
3650 4813 3839 4871 fateor

2184 4904 2269 4945 me
2295 4907 2529 4961 prorsus
2553 4896 2816 4968 ignorare
2837 4903 2975 4971 quid
3003 4902 3316 4974 aliquando
3338 4910 3555 4958 certum
3582 4904 3839 4960 humana

2182 4978 2291 5036 ﬁde
2319 4984 2380 5036 in
2411 4982 2690 5042 historico
2719 4992 2775 5043 et
2805 4990 3212 5062 chronologico
3245 5004 3449 5063 genere
3476 4991 3597 5047 dici
3626 4994 3833 5062 possit.

2781 5113 3054 5185 CAPUT
3115 5117 3174 5190 V
3189 5163 3209 5181 .

2176 5211 2548 5303 Pro/batur
2599 5218 2810 5281 series
2854 5224 2921 5283 et
2951 5221 3381 5303 ckronologia
3419 5222 3838 5303 pontiﬁcum

2253 5295 2727 5383 Romalzorztm,
2770 5318 2911 5379 quae
2950 5295 3289 5383 superest;
3320 5295 3559 5383 seculo
3588 5295 3836 5383 q'zointo

2254 5388 2395 5461 eam
2422 5375 2864 5461 “Cleistz'mae
2902 5375 3092 5461 picia
3138 5383 3219 5445 in
3260 5375 3551 5446 basilica
3588 5375 3839 5445 “sancti

2252 5452 2473 5542 Ραιιζί
2483 5456 2797 5542 ,ὊῙζιεῳις
2809 5477 2876 5521 co
2886 5452 3161 5524 icordz‘a
3183 5464 3363 5524 demo
3372 5466 3696 5524 natantur
3704 5480 3837 5542 per

2253 5532 2531 5623 epoc/ms
2548 5532 3003 5623 angelorum
3016 5542 3383 5623 distinctas
3400 5545 3465 5623 et
3483 5532 3837 5623 compara.-

2252 5615 2362 5676 ιιιε
2406 5630 2556 5679 cum
2595 5615 3099 5697 mammam
3135 5621 3491 5702 Catalogis
3526 5615 3835 5687 omnium
