4060 6176
254 161 359 221 2'73

1066 172 1431 230 BLANCHINI
1478 173 1775 232 DISSERT.
1827 179 1917 234 DE
1960 178 2113 237 ANT.
2147 183 2257 237 RR.
2308 184 2503 242 PONT.
2554 189 2886 246 CATALOG.

3555 195 3663 254 274

330 293 637 367 militum,
666 292 1057 389 ordinatim.
1086 297 1464 389 dispositis,
1485 306 1584 389 ut
1626 302 1908 389 illorum
1934 307 1992 367 A
2026 313 2239 366 ractere
2271 314 2518 370 rotundo
2546 334 2561 386 ;
2593 321 2714 373 tum
2747 333 2872 388 qua
2903 332 3104 375 nomen
3138 323 3429 389 pontificis
3449 325 3661 381 consti-

332 379 1059 465 cons‘ensusﬁapgareat
1080 380 1907 465 cumjaudatapfototypo

334 450 629 513 basilicae
665 450 989 516 Paulinae
1017 471 1061 518 α
1099 457 1174 520 S.
1199 461 1402 522 Petro
1451 450 1643 523 ad'S.
1688 450 1908 523 Inno—

331 531 631 592 centium
655 534 716 594 Ῑ.

756 630 1081 690 SYNOPSIS
1127 635 1409 693 CAPITIS.

262 705 309 755 Ι.
343 706 627 780 Methodus
663 707 748 757 hic
768 716 1012 780 servanda
1042 714 1095 761 in
1122 717 1441 777 exponendis
1465 720 1516 766 et
1544 720 1903 780 comparandis

319 769 619 841 singillatim
646 769 1213 841 epocbis_summorum
1237 780 1554 838 pontificum,
1582 769 1902 841 prascrvatis

319 785 619 878 singulatim
646 785 863 881 egocnis
893 788 1213 823 summorum
1237 785 1554 838 pontificum,
1582 785 1902 841 praescrvatis

318 832 370 878 in
398 892 410 903 .
440 832 619 903 asilica
691 867 723 903 ἐ
761 834 928 903 Bauli,
960 841 1414 903 cum‘eorumdem
1445 840 1785 903 chronologia
1817 845 1902 892 de-

310 894 509 958 scripta
532 894 583 941 in
606 894 878 942 codicibus
911 898 1287 958 probatissimis
1324 904 1553 950 omnium
1578 894 1807 953 uitatum.
1840 932 1900 940 —

314 953 381 1028 Il.
419 953 662 1028 Primnum
696 953 975 1028 reddentur
1005 959 1221 1028 ﬁdeliter
1249 975 1311 1011 ex
1339 965 1611 1025 archetypo
1641 966 1777 1013 illius
1821 968 1899 1028 pi-

308 1019 481 1088 ctura
500 1017 1006 1088 litteransuperstitcs
1020 1025 1072 1088 et
1090 1021 1291 1088 lacuna
1314 1017 1531 1088 quarum
1548 1017 1900 1088 supplementa

305 1080 640 1147 petenturex
675 1080 955 1147 Catalogis,
988 1082 1111 1147 olim
1131 1080 1402 1147 descriptis
1431 1087 1493 1134 ab
1516 1080 1695 1136 iisd'e'm
1722 1090 1899 1139 arche-

307 1141 445 1211 typi};
466 1139 993 1211 basilicarum‘Urbis.
1017 1172 1079 1180 —
1098 1146 1189 1194 Ill.
1215 1139 1464 1211 Catalogi,
1498 1162 1558 1196 ex
1576 1151 1829 1211 diptychis
1850 1155 1899 1199 et

306 1202 461 1272 Actis
484 1207 770 1272 martyrum
802 1204 1153 1272 Romanorum
1188 1202 1545 1272 similibusque
1576 1202 1899 1260 documentis

306 1263 515 1328 collecti
537 1263 738 1328 quarto,
766 1267 946 1328 quinto
967 1271 1016 1314 et
1037 1272 1179 1316 sexto
1205 1270 1392 1319 Christi
1416 1263 1627 1323 saeculo.
1653 1288 1770 1320 cum
1793 1274 1899 1322 ela-

305 1323 478 1390 borati
504 1323 606 1373 sint
636 1323 937 1390 florentibus
957 1342 1049 1390 per
1076 1345 1162 1378 eas
1182 1336 1355 1379 atates
1379 1334 1497 1381 viris
1522 1335 1572 1381 in
1604 1349 1656 1382 re
1699 1335 1897 1383 chono-

303 1385 484 1458 lpgica
505 1389 890 1458 prastantibus,
916 1385 1032 1438 sunt
1059 1394 1260 1458 caeteris
1290 1395 1606 1458 praeferendi,
1632 1400 1681 1444 et
1702 1411 1804 1458 pra
1822 1412 1899 1446 re-

301 1447 467 1513 liquis
483 1447 762 1513 adhibendi
780 1451 848 1513 ad
873 1447 1327 1513 comparationem.
1355 1457 1470 1504 Duo
1498 1447 1630 1505 inter
1646 1447 1742 1504 hds
1767 1460 1898 1507 cele-

303 1509 522 1579 berrimi
554 1515 690 1579 sunt,
716 1509 1019 1579 Liberianus
1041 1528 1070 1562 a
1100 1516 1357 1579 Eucherio
1390 1519 1608 1579 primum
1640 1521 1826 1578 editus,
1846 1524 1897 1569 et

304 1570 440 1619 alter
469 1574 754 1637 productus
782 1575 845 1621 ad
871 1579 1071 1624 aetatem
1104 1577 1290 1625 Felicis
1316 1570 1462 1627 IV'et
1489 1580 1781 1637 Justiniani,
1808 1570 1896 1637 qui

301 1646 477 1699 annos
510 1634 826 1699 epocharum
854 1638 1005 1699 etiam
1034 1651 1125 1698 per
1154 1641 1393 1688 consules
1414 1642 1681 1699 illustrant,
1718 1634 1895 1692 conie-

297 1695 456 1764 reudi
481 1708 599 1743 cum
618 1697 751 1764 serie
771 1695 1156 1764 chronological,
1177 1702 1227 1748 in
1252 1702 1331 1749 his
1347 1705 1558 1764 picturis
1575 1695 1895 1754 basilicarum

306 1755 760 1825 Ur‘bis‘proposita
782 1772 878 1820 per
908 1755 1085 1825 eadem
1110 1766 1299 1811 swcula
1331 1755 1538 1825 Liberii,
1576 1767 1763 1815 Leonis
1789 1769 1895 1816 Ma-

302 1818 417 1877 gni,
447 1822 497 1865 et
521 1818 754 1880 proxime
784 1818 1174 1871 succedentium
1209 1828 1503 1880 apostolica
1526 1818 1667 1875 sedis
1700 1831 1895 1876 antisti-

301 1883 446 1950 tum:
486 1908 545 1950 _-
580 1880 675 1950 IV.
719 1882 814 1950 I-lis
846 1884 1037 1950 deinde
1061 1880 1339 1950 succedent
1364 1890 1617 1948 (latalogi,
1649 1892 1787 1950 petiti
1834 1905 1894 1939 ex

301 1942 531 2011 archivis
565 1944 1217 2011 regionissuburbicarite,
1247 1948 1463 2011 aliisque
1504 1942 1885 2001 in‘ira‘ltaliam.

301 2003 540 2087 Quatuor
567 2018 670 2077 pra
723 2008 922 2087 caeteris
965 2003 1243 2087 eliguntur,
1299 2003 1571 2085 Faiffensis,
1625 2012 1893 2087 ‘Cavc‘nsis,

307 2064 683 2134 Bergomeusis
717 2072 767 2134 et
800 2064 1069 2127 Lucensis,
1104 2064 1278 2132 utpote
1309 2074 1394 2134 qui
1421 2088 1450 2121 a
1482 2064 1671 2122 sacqu
1703 2064 1893 2125 Christi

302 2130 453 2193 sexto
485 2128 552 2193 ad
576 2129 909 2193 undecimum
944 2145 1048 2178 non
1078 2128 1234 2181 modo
1279 2128 1451 2183 collati
1485 2135 1767 2193 videantur,
1801 2139 1893 2186 sed

302 2189 460 2257 etiam
486 2190 731 2257 descripti
759 2205 818 2239 ex
836 2192 1339 2257 iisdemgarchetypis
1361 2196 1687 2246 basilicarum
1722 2189 1891 2248 Urbis.

298 2250 458 2315 _—_Y.
485 2251 564 2299 Ne
585 2253 885 2315 omittantur
901 2252 1129 2315 Catalogi
1158 2250 1398 2306 asservatt
1428 2260 1478 2306 in
1516 2259 1736 2307 archivis
1755 2265 1894 2309 extra

299 2311 541 2383 ltaliam,_
556 2314 598 2360 si
626 2311 1140 2383 qui‘atateproiimi
1165 2322 1216 2383 et
1249 2321 1625 2383 emendatiores
1655 2328 1892 2383 reputen-

296 2380 399 2439 tur,
419 2373 604 2439 quales
623 2373 741 2422 sunt
765 2373 1006 2436 Belgicus
1020 2378 1365 2439 Papebrochii
1388 2397 1448 2429 ex
1464 2373 1777 2431 membranis
1799 2398 1896 2433 sa-

294 2436 501 2507 guli}:
554 2437 961 2507 descriptus_ex__
994 2436 1387 2507 antiquioribus,
1427 2449 1475 2507 et
1543 2446 1835 2507 complures
1866 2460 1896 2494 a

298 2496 468 2557 Pagio
490 2499 659 2569 .edili_
673 2496 743 2546 ex'
766 2500 1078 2569 bibliotheca
1113 2496 1427 2569 L‘olbcrtina,
1461 2506 1645 2569 horum
1662 2496 1893 2569 .quoque

296 2560 510 2631 numeri
520 2559 874 2631 conferuntur
894 2563 980 2631 qui
997 2577 1117 2631 cum
1143 2567 1492 2631 superioribus
1523 2567 1681 2616 ferme
1700 2559 1893 2631 ubique

291 2621 757 2692 consenti‘n_int.‘_—
786 2623 886 2692 Vl.
910 2621 1292 2692 't.‘_atalogi_s'ita
1320 2642 1375 2675 se
1405 2621 1844 2692 consequentibus
1864 2645 1893 2678 a

291 2687 482 2743 quarto
505 2681 695 2732 Christi
711 2685 900 2732 saculo
922 2687 982 2733 ad
996 2681 1323 2736 undecimum
1338 2681 1893 2740 succedet'earumdem

292 2745 630 2811 epocharum
654 2746 858 2794 collatio
877 2761 1003 2811 cum
1028 2749 1241 2809 epochis
1270 2752 1589 2811 pontiﬁcum,
1636 2753 1807 2801 relatis
1839 2755 1891 2801 in

297 2807 513 2876 gpdices
530 2807 1126 2876 divinorumofticiorum
1136 2812 1197 2857 ad
1212 2807 1358 2859 usum
1370 2807 1704 2876 ecclesiarum
1730 2829 1890 2876 prope

298 2867 519 2933 Urbem,
545 2872 655 2933 tam
687 2870 916 2933 scriptos
938 2883 1092 2933 quam
1113 2871 1395 2933 impressos
1420 2888 1449 2921 a
1478 2875 1669 2923 saeculo
1700 2867 1892 2925 duode-

293 2929 513 2993 cimoad
538 2929 693 2993 finem
734 2929 923 2993 decimi
940 2929 1117 2993 quinti.
1145 2929 1614 2985 Producenturtres
1657 2937 1707 2984 in
1732 2951 1889 2986 mem-

288 2989 467 3064 branis
491 2991 670 3064 scripti
687 2992 749 3039 ad
773 3006 918 3040 usum
945 2989 1166 3064 antiqua
1191 2997 1496 3064 cathedralis
1520 2997 1886 3064 Ocriculensis,

286 3054 338 3122 et
362 3065 541 3122 _uuus_
557 3054 1077 3122 _impr_essus__paulo
1107 3061 1225 3117 post
1259 3059 1466 3122 exordia
1499 3061 1618 3108 artis
1648 3054 1886 3122 typogra;

282 3113 483 3183 phica,
521 3112 763 3163 Menétiis
798 3112 1015 3183 scilicet,
1052 3112 1188 3166 an'no
1225 3121 1367 3175 1492,
1400 3122 1487 3183 qui
1523 3112 1715 3170 omnes.
1763 3112 1884 3171 satis

280 3180 466 3224 exacte
493 3189 613 3223 cum
650 3178 1060 3232 praecedentibus
1086 3178 1431 3230 concordant:
1450 3209 1513 3219 —
1534 3183 1657 3231 VII.
1698 3184 1881 3232 Manu-

282 3237 506 3310 scriptis
542 3235 1273 3310 chculen_sibus_a'uctoritas
1316 3245 1532 3310 accedit,
1560 3245 1785 3310 derivata
1820 3260 1881 3294 ex

281 3298 497 3367 origine
520 3298 583 3345 ab
610 3299 1103 3367 Romanistf-VIII.
1128 3303 1361 3367 Methodi
1387 3298 1584 3354 ratione
1596 3308 1879 3367 pramisss,

284 3373 445 3435 quam
477 3360 537 3435 in
567 3362 934 3435 comparandis
956 3364 1177 3435 epochis
1197 3379 1400 3435 servare
1417 3360 1813 3435 conati-luimus,
1833 3360 1883 3416 et

286 3422 878 3490 notiopibus_codic_um_
911 3422 1001 3485 qui
1032 3424 1190 3490 electi;
1216 3430 1336 3475 sunt
1370 3428 1431 3490 ad
1469 3422 1879 3490 comparandum

285 3484 537 3544 scriptam
574 3483 967 3544 chronologiain
994 3498 1111 3533 cum
1142 3488 1277 3548 picta
1301 3491 1352 3535 in
1376 3483 1677 3538 basilica-8.
1710 3491 1878 3563 Pauli,

287 3543 654 3611 hanc__ipsam
689 3546 889 3611 damus,
940 3548 991 3594 et
1016 3561 1136 3611 cum
1165 3563 1226 3598 ea
1255 3548 1478 3611 reliquas
1525 3566 1586 3599 ex
1642 3552 1880 3600 indicatis

285 3605 565 3715 cogitans
624 3606 889 3669 collectas,
948 3611 1003 3656 ut
1056 3610 1161 3658 ictu
1214 3605 1626 3662 oculi-conferri
1659 3614 1880 3663 invicem

285 3681 352 3715 no
434 3682 464 3714 n
496 3701 509 3715 .

284 3671 509 3729 possint.

291 3764 346 3821 9.
376 3763 750 3836 Quacunque
789 3766 1066 3824 hactenus
1098 3770 1390 3839 pramissa
1423 3776 1579 3839 sunt,
1613 3772 1882 3830 referun-

224 3859 320 3910 tur
339 3854 412 3909 ad
445 3853 871 3909 ﬁrmamentum
907 3867 972 3909 ac
996 3856 1540 3915 demonstrationem
1574 3860 1749 3916 istius
1776 3874 1881 3917 ca-

224 3942 364 4011 pitis
393 3942 612 4012 quinti,
638 3943 698 3997 in
726 3955 840 4012 quo
866 3942 1095 3999 utilitas
1116 3952 1325 4000 nostra
1350 3947 1782 4003 dissertationis
1822 3954 1878 4004 et

224 4030 640 4100 inquisitionis
665 4034 782 4086 tota
826 4036 1102 4087 versatur.
1133 4034 1751 4091 Demonstratioautem
1776 4050 1877 4091 ar—

222 4118 482 4188 gumenti
537 4118 709 4174 hocce
751 4119 937 4190 capite
994 4122 1378 4189 pertractandi
1430 4123 1590 4179 nulla
1648 4138 1708 4179 re
1759 4124 1875 4180 alia

224 4220 464 4274 promus
512 4206 735 4278 indiget
784 4220 954 4278 quam
1013 4212 1344 4278 eapositione
1394 4217 1451 4266 et
1493 4213 1863 4266 ordinatione.

2020 401 2210 464 tuunt,
2246 405 2363 454 tum
2400 418 2524 471 qua
2571 404 3000 476 chronologiam
3049 410 3203 464 sedis
3246 410 3430 474 illius,
3483 413 3654 469 annis

2017 486 2309 543 mensibus
2328 492 2614 548 acdiebus
2643 502 3016 565 constantem,
3046 496 3286 554 eﬁ'erunt
3318 500 3530 568 pariter
3557 516 3655 572 per

2016 570 2239 628 litteras
2263 577 2536 646 capitales
2578 583 2846 635 Romanas
2900 585 2956 638 in
3001 586 3301 640 v‘etustiori
3342 586 3443 642 illa
3482 570 3649 658 serie,

2015 660 2307 718 coloribus
2331 679 2595 735 expressa
2625 670 2681 724 in
2710 671 2935 724 basilica
2953 672 3009 727 S.
3032 674 3233 727 Pauli:
3257 688 3425 744 quam
3445 677 3650 731 seriem

2013 748 2295 818 depictam
2321 753 2572 811 dicimus
2602 759 2809 814 sacqu
2835 761 3061 829 quinto,
3084 762 3236 817 circa
3258 768 3477 818 atatem
3510 765 3655 820 Leo—

2012 835 2104 889 nis
2165 840 2372 910 Magni,
2430 845 2655 913 quando
2702 856 2787 919 et,
2823 848 3108 903 musivum
3181 851 3647 921 componebatur,

2008 929 2258 996 ejusdem
2293 933 2511 1001 opiﬁcii
2544 948 2608 989 ac
2635 937 2842 991 schola
2872 939 3084 1008 stylum
3116 941 3439 996 ostendens.
3478 938 3654 1008 Qua—

2007 1030 2235 1088 cunque
2268 1020 2448 1091 igitur
2474 1022 2680 1078 littera
2713 1024 2769 1079 in
2798 1027 3104 1096 archetypo
3156 1032 3292 1082 sunt
3333 1030 3647 1085 etiamnum

2007 1107 2351 1178 conspicua,
2376 1109 2495 1164 illa
2518 1124 2550 1165 a
2585 1111 2750 1167 nobis
2790 1113 3196 1183 imprimentur
3249 1117 3650 1171 characteribus

2007 1196 2335 1262 capitalibus
2358 1200 2629 1267 rotundis,
2662 1209 2885 1258 servato
2915 1203 3117 1258 ordine
3154 1210 3209 1258 et
3235 1218 3470 1260 numero
3515 1220 3648 1261 ver-

2006 1298 2197 1353 suum,
2231 1300 2331 1341 seu
2368 1287 2668 1353 linearum,
2704 1305 2817 1360 quo
2866 1292 3051 1362 pictor
3078 1293 3371 1362 disposuit
3412 1294 3649 1365 epigra—

2009 1373 2155 1442 phen
2206 1376 2444 1447 imagini
2505 1380 2820 1447 proximam
2855 1382 2979 1449 ejus
3028 1381 3322 1450 pontiﬁcis
3357 1382 3427 1436 ad
3479 1397 3646 1452 quem

2007 1461 2269 1520 refertur.
2322 1468 2555 1523 Lacuna
2602 1482 2734 1524 vero
2785 1471 3047 1527 versibus
3077 1484 3141 1525 ac
3186 1472 3399 1527 litteris
3430 1472 3649 1541 injuria

2005 1557 2323 1622 temporum
2366 1542 2558 1623 illata,
2615 1558 2664 1613 si
2701 1574 2823 1625 qua
2862 1559 3097 1629 fuerint,
3156 1561 3531 1615 ostendentur
3581 1574 3649 1615 ex

1928 1624 1978 1683 Β
2004 1641 2231 1697 diverso
2258 1644 2581 1700 charactere
2610 1624 3107 1715 supplementorwn
3156 1648 3369 1701 ibidem
3421 1661 3454 1702 a
3482 1647 3649 1703 nobis

2004 1730 2350 1786 adhibendo.
2414 1735 2583 1789 Porro
2636 1736 3027 1803 supplementa
3087 1736 3255 1791 seriei
3308 1738 3640 1792 vetustioris

2004 1820 2190 1873 atatis
2219 1820 2512 1875 Leoniana
2531 1821 2627 1877 ubi
2653 1829 2921 1893 poterunt
2944 1825 2999 1879 in
3027 1826 3220 1880 eadem
3235 1824 3473 1881 basilica
3496 1839 3651 1895 repe-

2006 1908 2136 1976 riri,
2179 1914 2234 1964 et
2288 1911 2540 1966 mutuari
2572 1926 2639 1967 ex
2690 1914 2993 1968 recentiori
3045 1913 3210 1983 serie,
3253 1914 3360 1970 sub
3412 1915 3647 1972 Nicolao

2004 1997 2175 2052 tertio
2205 1997 2414 2053 ibidem
2441 2002 2699 2070 repetita,
2721 2001 2805 2056 uti
2839 2002 3116 2068 diximus,
3140 2003 3461 2058 imitatione
3483 2016 3645 2072 supe-

2004 2085 2199 2155 rioris,
2227 2100 2291 2142 ea
2322 2088 2820 2158 consignabuntur
2849 2091 3250 2143 characteribus
3295 2091 3644 2161 capitalibus,

2004 2187 2114 2229 non
2149 2180 2331 2231 tamen
2366 2178 2649 2244 rotundis,
2684 2180 2780 2231 sed
2808 2180 3106 2245 inclinatis,
3141 2180 3278 2245 sive,
3310 2181 3395 2235 uti
3424 2186 3645 2245 vocant,

1999 2266 2227 2318 Italicis.
2262 2265 2361 2319 Sin
2384 2278 2443 2319 ea
2476 2266 2795 2320 litterarum
2818 2274 2874 2321 et
2897 2267 3228 2322 lacunarum
3250 2266 3643 2337 Supplementa

2002 2351 2322 2406 exciderint
2363 2353 2534 2406 etiam
2588 2367 2656 2407 ex
2708 2354 2929 2409 Nicolai
2986 2356 3142 2409 tertii
3205 2355 3453 2424 picturis
3499 2356 3646 2427 (qua

2002 2445 2154 2493 certe
2187 2440 2454 2508 majorem
2496 2440 2674 2495 labem
2711 2448 3139 2509 contraxerunt,
3175 2442 3369 2498 minus
3400 2444 3642 2499 ﬁrmiter

2002 2526 2326 2582 adharente
2343 2527 2631 2583 veteribus
2673 2528 2975 2597 parietinis
3000 2530 3171 2598 calce,
3203 2544 3397 2601 gypso,
3430 2531 3641 2600 colore,

2004 2619 2086 2668 tot
2104 2615 2333 2691 saculis
2353 2629 2384 2669 a
2406 2617 2835 2671 constructione
2864 2616 3184 2685 parietibus
3209 2619 3481 2687 superind
3493 2619 3642 2691 ueto)

2003 2702 2335 2770 supplenda
2357 2709 2491 2757 sunt
2523 2710 2786 2760 vacantes
2809 2704 3014 2759 littera
3038 2710 3094 2760 et
3121 2705 3410 2762 dictiones
3431 2720 3501 2762 ex
3529 2708 3643 2763 Ca-

2001 2789 2212 2859 talogis
2240 2790 2655 2847 vetustioribus
2680 2797 2736 2846 et
2773 2793 3281 2859 emendatioribus,
3328 2795 3644 2863 prasertim

1998 2876 2281 2945 depositis
2314 2878 2372 2933 in
2394 2879 2655 2935 archivis
2685 2879 2939 2949 regionis
2970 2879 3407 2951 suburbicaria,
3441 2887 3640 2951 utpote

1917 2956 1964 3016 C
1996 2965 2303 3035 archetypo
2353 2967 2807 3035 proximioribus
2856 2967 2980 3023 loco
3038 2982 3105 3022 ac
3154 2975 3423 3041 tempore,
3475 2971 3641 3040 juxta

1996 3053 2221 3123 regulas
2265 3054 2487 3109 criterii
2531 3057 2875 3111 constitutas
2905 3057 3091 3127 capite
3116 3059 3383 3128 secundo,
3426 3059 3483 3113 in
3530 3059 3642 3115 ﬁne

1993 3142 2219 3196 numeri
2267 3139 2318 3212 4,
2366 3156 2495 3197 cum
2540 3145 2695 3199 credi
2732 3145 2954 3213 possint
2995 3158 3061 3199 ac
3102 3136 3346 3201 debeant
3382 3146 3469 3201 vel
3505 3147 3641 3202 hinc

1991 3229 2302 3300 desumpti,
2334 3231 2421 3285 vel
2460 3232 2789 3300 antiquitus
2818 3233 3014 3287 collati
3044 3246 3175 3288 cum
3210 3234 3287 3287 iis
3317 3234 3637 3303 prototypis

1994 3330 2092 3384 per
2119 3318 2391 3374 ecclesias
2416 3320 2824 3388 patriarchales
2844 3320 3028 3376 Roma
3044 3321 3392 3389 spectandis.
3418 3321 3639 3376 Indicia

1989 3417 2120 3459 vero
2139 3405 2406 3461 lectionis
2440 3407 2708 3477 legitima
2733 3408 2824 3461 bis
2843 3408 2901 3461 in
2925 3407 3151 3461 lacunis
3171 3408 3247 3461 ita
3267 3407 3638 3462 restituenda

1988 3505 2057 3547 ex
2099 3493 2388 3565 Catalogis
2418 3502 2589 3550 erunt
2637 3496 2697 3549 in
2732 3496 2835 3549 hac
2883 3500 3079 3548 nostra
3124 3495 3383 3549 editione
3421 3493 3632 3549 littera

1988 3580 2268 3649 alphabeti
2312 3584 2607 3635 minusculi
2640 3583 2908 3643 rotunda,
2944 3588 3007 3636 ut
3034 3581 3205 3653 vulgo
3237 3581 3477 3650 dicitur,
3517 3595 3631 3637 non

1988 3675 2174 3726 tamen
2206 3672 2502 3741 capitales,
2531 3684 2659 3742 qua
2675 3670 2809 3726 sola
2833 3671 3183 3727 adhibentur
3214 3671 3272 3725 in
3298 3670 3511 3726 litteris
3540 3685 3633 3728 su-

1992 3758 2332 3826 perstitibus
2376 3759 2669 3829 archetypi
2709 3759 3004 3813 Leoniani.
3053 3761 3132 3814 Ita
3161 3760 3390 3815 demum
3443 3759 3539 3815 ﬁet
3567 3764 3632 3816 ut

1988 3848 2165 3903 lector
2211 3848 2400 3918 ipsum
2447 3846 2563 3903 fere
2598 3855 2961 3918 protmypum
2992 3847 3249 3903 basilica
3278 3849 3331 3903 S.
3371 3848 3531 3904 Pauli
3576 3854 3634 3903 et

1988 3938 2329 4007 epigraphes
2346 3937 2427 3991 ibi
2453 3938 2635 4008 pictas
2652 3938 2859 4007 quinto
2880 3938 3096 3992 Christi
3124 3937 3334 3992 saculo
3353 3951 3467 4006 pra
3483 3950 3629 3993 ocu-

1988 4024 2062 4079 lis
2094 4025 2314 4096 habeat,
2349 4032 2570 4081 servato
2609 4038 2846 4081 numero
2875 4038 3142 4080 versuum
3168 4038 3234 4080 ac
3264 4024 3588 4080 litterarum
3613 4043 3631 4094 ς

1984 4119 2041 4168 et
2080 4113 2315 4168 lacunas
2350 4120 2407 4168 et
2436 4114 2851 4183 supplementa,
2881 4120 3002 4168 tum
3035 4126 3068 4168 a
3098 4114 3245 4169 serie
3275 4116 3498 4171 Nicolai
3533 4117 3623 4185 III,

1985 4207 2107 4256 tum
2157 4214 2189 4255 a
2237 4202 2475 4270 scriptis
2513 4202 2801 4277 CataIOgis
2862 4205 3060 4275 petita,
3110 4202 3215 4259 hoc
3266 4203 3327 4258 in
3368 4206 3627 4274 exemplo

219 4294 620 4363 Empandemus
648 4296 842 4365 itaque
867 4296 1127 4367 singulas
1151 4298 1396 4367 epochas
1428 4299 1486 4353 in
1508 4301 1749 4355 australi
1784 4314 1875 4370 pa-
1897 4298 1951 4359 D
1982 4293 2259 4347 distincte
2288 4298 2499 4347 cernat-

222 4381 366 4437 riete
391 4381 651 4438 basilica
680 4383 737 4436 Β.
772 4383 932 4438 Pauli
965 4384 1167 4453 pictas,
1211 4393 1266 4440 et.
1300 4387 1675 4442 ordinabimus
1707 4402 1871 4453 com-

221 4470 553 4538 parationes
571 4470 739 4525 illius
762 4471 1055 4541 archetypi
1081 4487 1208 4527 cum
1233 4474 1501 4529 omnibus
1527 4475 1875 4546 subsequen-

221 4558 370 4612 tium
399 4564 635 4613 aetatum
665 4558 1047 4623 documentis,
1093 4560 1142 4615 si
1184 4560 1302 4616 hac
1336 4561 1698 4630 perﬁciamus
1745 4579 1871 4634 qua

218 4646 531 4701 methodum
554 4647 923 4703 constituunt
949 4653 1156 4704 nostra
1180 4650 1547 4718 eapantionis,
1581 4651 1790 4706 ordinis
1816 4658 1873 4708 et

219 4736 672 4803 commixtionis.
1330 4752 1335 4759 ‘

287 4819 345 4877 2.
380 4822 636 4879 Primum
666 4823 943 4894 deputare
978 4825 1257 4882 constitui
1289 4826 1349 4881 in
1382 4839 1725 4897 unaquaque
1763 4842 1871 4898 pa-

219 4909 356 4980 gina
372 4911 699 4968 columnam
716 4926 886 4969 unam
904 4914 1252 4985 singillatim
1271 4915 1592 4984 unicuique
1612 4917 1869 4984 pontiﬁci

218 5011 252 5053 a
277 4999 335 5053 S.
379 5001 543 5056 Petro
566 5001 635 5055 ad
691 5002 1087 5058 Innocentium
1117 5003 1246 5071 ejus
1276 5004 1534 5059 nominis
1595 5004 1866 5076 primum,

221 5085 321 5141 ubi
354 5088 534 5143 series
558 5089 805 5144 Paulina
833 5090 1221 5159 abrumpitur.
1248 5093 1306 5146 In
1328 5093 1456 5161 ejus
1481 5092 1759 5148 columna
1780 5108 1871 5148 su-

220 5188 411 5243 prema
454 5182 615 5245 parte
642 5178 870 5233 reddam
920 5177 1168 5235 ﬁdeliter
1196 5180 1468 5249 epocham
1503 5180 1583 5235 ibi
1612 5180 1871 5236 attribu—

218 5267 334 5318 tam
358 5264 456 5319 uni
480 5277 549 5319 ex
583 5264 959 5334 pontiﬁcibus
984 5267 1455 5337 Romanis,juxta
1477 5269 1734 5324 ordinem
1757 5282 1869 5339 quo

219 5352 386 5420 picta
409 5359 546 5409 sunt
576 5358 635 5408 et
658 5354 937 5423 apposita
965 5355 1241 5426 clypeatis
1265 5357 1615 5427 imaginibus
1635 5370 1872 5412 eorum-

218 5439 347 5493 dem
391 5440 732 5508 pontiﬁcum
784 5442 1190 5498 Romanorum.
1238 5444 1466 5499 Littera
1514 5444 1777 5499 Romana
1810 5446 1868 5499 in

222 5533 519 5599 prototypo
551 5529 903 5599 superstites
930 5543 963 5585 a
996 5544 1085 5586 me
1113 5532 1445 5587 indicantur
1478 5532 1694 5588 initiati
1726 5531 1871 5587 cha-

2051 4379 2103 4435 3.
2143 4383 2258 4436 Pra
2288 4384 2510 4437 cateris
2543 4382 2725 4453 igitur
2743 4383 3029 4455 Catalogis
3058 4388 3115 4438 et
3146 4383 3427 4440 indiculis
3456 4385 3615 4441 chro-

1983 4470 2226 4541 nologia
2247 4470 2573 4540 pontiﬁcia.
2597 4470 2872 4526 afﬁnitate
2901 4472 3089 4526 atatis
3105 4486 3171 4527 ac
3192 4473 3307 4528 loci
3336 4474 3623 4530 Leoniano

1982 4559 2287 4629 archetypo
2306 4559 2777 4629 proximioribus,
2794 4561 3128 4614 contendam
3150 4560 3283 4615 illos
3294 4574 3418 4615 esse
3437 4560 3625 4617 obser-

1980 4646 2195 4701 vandos
2243 4649 2486 4702 maxime
2514 4653 2571 4702 et
2612 4646 3008 4717 conferendos,
3039 4649 3141 4717 qui
3191 4662 3292 4717 per
3319 4662 3383 4704 ea
3413 4650 3623 4706 sacula

1981 4736 2338 4804 prodierunt,
2359 4751 2484 4805 qua
2506 4736 2883 4806 peritioribus
2903 4745 3216 4807 temporum
3239 4738 3623 4807 scriptoribus

1979 4824 2396 4879 abundabant:
2449 4826 2529 4880 ita
2574 4825 3016 4881 decernentibus
3064 4825 3281 4896 regulis
3328 4827 3510 4894 prima
3555 4838 3619 4880 ac

1980 4913 2171 4982 tertia,
2222 4925 2395 4981 supra
2439 4910 2794 4967 conﬁrmatis
2824 4914 3010 4981 capite
3051 4911 3105 4979 2,
3157 4926 3214 4965 n.
3254 4910 3291 4965 2
3317 4916 3373 4966 et
3411 4909 3465 4978 7,
3521 4912 3621 4969 ubi

1982 5007 2167 5057 ratum
2193 5000 2249 5055 id
2286 4999 2605 5054 habendum
2629 5012 2751 5053 esse
2778 5000 3036 5055 diximus
3067 5019 3079 5053 :
3105 5002 3257 5054 Inter
3300 5000 3620 5057 documenta

1980 5096 2277 5159 temporum
2300 5088 2545 5158 publica,
2579 5087 2627 5139 si
2674 5102 2793 5155 qua
2819 5092 2965 5166 sunt,
3015 5103 3080 5140 ea
3121 5102 3232 5141 esse
3271 5090 3621 5159 praferenda

1980 5192 2099 5247 qua
2137 5192 2234 5246 per
2262 5178 2407 5229 viros
2436 5174 2654 5227 idoneos
2688 5174 2871 5242 posita
2913 5174 3024 5227 sint
3062 5177 3319 5243 proxima
3357 5178 3507 5230 atati
3553 5176 3620 5229 de

1979 5282 2090 5336 qua
2140 5281 2259 5318 cum
2300 5266 2533 5317 maxime
2584 5264 2868 5331 quaeritur.
2943 5263 3031 5315 Ecc
3107 5264 3437 5318 documentis
3495 5278 3619 5317 vero

1978 5353 2205 5407 aliunde
2226 5354 2554 5426 ministrantis
2592 5368 2753 5420 quam
2776 5367 2843 5404 ea
2873 5351 2982 5404 loco
3012 5352 3107 5405 ubi
3131 5368 3213 5405 res
3237 5353 3486 5420 proxime
3517 5368 3620 5419 ge—

1978 5443 2261 5508 rebantur,
2292 5443 2548 5509 suffragii
2555 5443 2976 5511 praerogativam
2986 5444 3268 5509 forepenes
3288 5440 3429 5493 illud
3460 5442 3619 5510 cujus

1978 5531 2190 5585 auctori
2210 5545 2376 5583 causa
2400 5532 2659 5593 scientia,
2675 5531 2881 5599 peritia
2927 5529 3248 5597 disciplina,
3280 5542 3344 5580 ae
3372 5529 3617 5585 studium
