4048 6168
431 239 538 297 975

1217 237 1309 294 AD
1355 238 1788 294 ANASTASIUM
1843 236 2358 295 PROLEGOMENA
2398 240 2572 295 EDIT.
2629 237 3055 294 ROMI‘VATIC.

3722 238 3828 297 276

433 364 681 418 veritatis
724 363 1042 431 facultatem
1087 363 1294 418 dederit
1341 364 1656 433 ampliorem
1706 363 1958 433 temporis
2006 376 2070 414 ac
2101 365 2156 423 A
2183 376 2310 418 cum
2342 363 2769 419 characteribus
2795 364 2967 418 certis
3010 377 3290 419 annorum
3338 377 3511 433 supra
3552 365 3826 427 indicato.

435 466 618 506 rerum
624 452 1144 521 perquirendarum.

507 576 952 633 Attendentibus
987 577 1180 647 itaque
1206 576 1373 632 nobis
1411 577 1469 631 in
1502 576 1724 632 delectu
1772 574 2079 645 Catalogo—

437 679 565 721 rum
596 670 714 720 tum
769 666 1187 736 proximitatem
1218 666 1329 722 loci
1371 680 1436 721 ac
1466 665 1759 734 temporis,
1794 663 1966 719 rebus
2013 674 2078 716 ac

435 753 603 824 viris,
632 767 776 823 quos
806 760 1230 823 repraesentant,
1265 759 1383 809 tum
1421 754 1682 822 peritiam
1726 752 2074 821 disciplinae,

437 847 497 898 et
519 856 748 899 causam
781 843 1038 898 scientiae
1076 844 1133 897 in
1159 842 1498 899 auctoribus
1520 843 1617 913 qui
1653 843 1878 897 eosdem
1907 842 2081 896 Cata-

437 930 565 1002 logo
583 937 1017 998 contexuerunt,
1052 931 1113 986 ﬁt
1141 930 1504 986 manifestum
1531 931 1638 986 hoc
1653 931 1823 986 etiam
1850 929 2080 984 nomine

438 1033 563 1076 esse
587 1019 808 1075 caateris
841 1018 1244 1088 praeferendam
1282 1019 1712 1090 chronologiam
1739 1019 1814 1072 iis
1841 1018 1900 1072 in
1926 1017 2084 1072 Cata-

440 1108 588 1179 lOgis
608 1115 971 1178 apparentem
997 1109 1097 1180 qui
1121 1108 1574 1164 contexebantur
1598 1114 1654 1164 et
1681 1104 2084 1176 proponeban-

437 1201 535 1252 tur
561 1197 790 1268 publice
813 1198 868 1252 in
900 1197 1164 1253 basilicis
1193 1197 1464 1253 Romanis
1488 1211 1586 1267 per
1602 1203 1821 1252 aetatem
1842 1194 2078 1261 Liberii,

434 1287 647 1344 saculo
702 1288 920 1344 Christi
977 1293 1201 1358 quarto,
1263 1293 1319 1342 et
1367 1287 1571 1342 Leonis
1625 1286 1812 1356 Magni
1873 1282 2082 1339 saeculo

435 1377 662 1447 quinto,
693 1384 748 1433 et
778 1377 1118 1447 Symmachi,
1175 1377 1383 1432 Felicis
1415 1376 1629 1448 quarti,
1672 1389 1739 1430 ac
1780 1373 1997 1430 Justini
2029 1376 2085 1426 et

433 1467 751 1525 Justiniani
773 1467 1123 1537 principum,
1159 1467 1371 1523 saeculo
1391 1471 1550 1522 sexto
1568 1479 1692 1520 atrae
1712 1463 2076 1518 Christianae.

433 1558 573 1612 Nam
603 1561 798 1612 aetates
830 1556 944 1612 illae
973 1570 1038 1612 ac
1067 1556 1275 1611 saecula
1318 1570 1430 1625 prae
1458 1554 1681 1609 caeteris
1711 1552 2081 1606 ahundarunt

435 1646 638 1715 peritis
666 1645 724 1700 in
749 1659 808 1700 re
828 1645 1232 1717 chronologica
1255 1644 1660 1715 scriptoribus,
1699 1641 1889 1711 iisque
1919 1636 2080 1694 adhi-
2108 1667 2158 1727 Β

435 1733 577 1790 bitis
605 1749 702 1804 per
749 1735 1032 1790 Romanos
1077 1734 1376 1805 pontiﬁces
1415 1735 1485 1789 ad
1512 1731 1880 1802 supputanda
1906 1734 2079 1798 atque

435 1824 752 1880 ordinanda
777 1829 1050 1893 tempora,
1085 1824 1383 1880 occasione
1423 1824 1912 1891 disceptationum
1939 1823 2078 1871 tunc

433 1913 750 1984 vigentium
772 1915 842 1970 de
859 1914 1242 1970 celebratione
1258 1912 1392 1969 festi
1416 1911 1734 1968 Paschalis.
1768 1909 2077 1964 Constante

435 2003 550 2058 vita
576 2004 811 2073 Liberii,
839 2003 1106 2060 manibus
1139 2004 1498 2060 eruditorum
1525 2000 1814 2056 terebatur
1841 1993 2074 2051 Eusebii

434 2092 778 2159 Chronicon,
806 2098 862 2148 et
885 2107 917 2148 a
947 2095 1308 2164 Hieronymo,
1334 2093 1434 2163 qui
1459 2093 1621 2146 beato
1642 2093 1880 2145 Damaso
1907 2084 2076 2140 Libe-

437 2181 512 2236 rii
536 2182 855 2237 successori
885 2179 1000 2236 fuit
1020 2182 1089 2237 ab
1105 2183 1390 2252 epistolis,
1415 2195 1526 2237 non
1545 2181 1712 2236 modo
1737 2178 1932 2234 Latine
1958 2174 2081 2228 red-

435 2270 696 2338 debatur,
730 2277 792 2326 ut
811 2271 1067 2339 ejusdem
1101 2286 1242 2326 usus
1269 2271 1592 2326 communis
1624 2270 1784 2325 ﬁeret
1807 2266 2078 2322 universo

435 2359 755 2428 Occ1denti,
782 2373 973 2414 verum
998 2359 1169 2414 etiam
1205 2359 1626 2428 producebatur
1657 2369 1842 2426 usque
1871 2354 1940 2407 ad
1975 2363 2078 2406 sua

437 2453 712 2518 tempora.
751 2447 799 2502 Α
829 2448 1049 2502 Latinis
1099 2448 1271 2501 etiam
1304 2446 1674 2515 chronologis
1703 2445 1812 2498 hoc
1865 2437 2076 2494 saeculo

437 2537 880 2609 perﬁciebantur
935 2541 991 2592 et
1059 2535 1502 2591 illustrabantur
1543 2533 1687 2604 cycli
1738 2529 2075 2601 paschales:

439 2625 684 2683 indiculi
709 2626 1010 2682 consulum
1036 2623 1456 2680 emendatiores
1480 2621 1682 2678 iisdem
1707 2617 2082 2690 apponeban—

437 2721 552 2781 tur,
580 2716 666 2770 uti
697 2715 1090 2770 demonstrant
1113 2714 1353 2783 hujusce
1379 2711 1604 2783 generis
1629 2709 1907 2779 opuscula
1939 2703 2083 2758 cele-

441 2803 693 2860 berrima
725 2816 756 2858 a
790 2803 1067 2858 Bucherio
1098 2803 1326 2873 vulgata
1360 2808 1486 2872 post
1519 2800 1742 2870 cyclum
1787 2793 2032 2850 Victorii
2065 2809 2081 2861 ;

445 2892 506 2947 in
532 2891 747 2960 quibus
771 2890 1034 2946 laterculi
1065 2890 1400 2946 consulares
1428 2897 1484 2944 et
1517 2886 1912 2958 praefectorum
1944 2878 2082 2935 Urbi

438 2979 703 3035 collectio
747 2977 816 3033 ad
860 2985 1127 3048 quartum
1170 2978 1388 3032 Christi
1447 2976 1717 3032 szeculum
1768 2972 2080 3044 pertinens,
2113 2999 2162 3060 C

439 3067 750 3138 eodemque
769 3067 1083 3136 perscripta
1103 3072 1158 3121 et
1180 3066 1413 3122 nomina
1438 3079 1503 3120 ac
1530 3063 1924 3134 depositiones
1948 3069 2084 3127 pon-

442 3155 663 3213 tiﬁcum
696 3156 1097 3225 Romanorum,
1129 3155 1384 3225 ejusdem
1411 3157 1599 3210 aetatis
1623 3155 1680 3209 in
1711 3147 2090 3216 membranis,

445 3257 689 3315 quarum
719 3243 928 3314 aliqua:
957 3244 1048 3300 his
1074 3245 1248 3300 etiam
1283 3243 1708 3313 Prolegomenis
1749 3241 2087 3295 inseruntur

445 3332 733 3402 superius.
760 3331 917 3387 JEtas
936 3333 1130 3403 itaque
1157 3331 1370 3387 Liberii
1404 3345 1560 3400 papa;
1591 3328 1749 3384 ferax
1777 3326 2084 3382 admodum

446 3420 560 3477 fuit
587 3419 959 3492 diligentium
990 3434 1056 3476 ac
1106 3421 1419 3491 peritorum
1466 3421 1536 3475 de
1581 3433 1641 3473 re
1681 3415 2087 3486 chronologica

444 3509 807 3579 scriptorum.
837 3509 1088 3564 Indicavi
1111 3510 1283 3564 etiam
1302 3507 1770 3578 pauloante(cap.
1801 3503 2020 3573 3,num.
2054 3499 2091 3556 8

444 3597 650 3652 seriem
681 3598 1051 3652 vetustiorem
1074 3597 1411 3666 pontiﬁcum
1432 3599 1834 3659 Romanorum,
1862 3594 1921 3647 in
1944 3591 2093 3646 basi-

449 3685 562 3739 lica
584 3686 849 3740 Vaticana
871 3686 1155 3754 depictam
1179 3685 1500 3740 ostendisse
1525 3683 1775 3738 viventis
1806 3681 2090 3736 indicium

453 3771 576 3828 sola
602 3772 660 3826 in
690 3773 938 3844 imagine
972 3774 1184 3828 Liberii
1219 3787 1316 3842 per
1337 3773 1563 3843 insigne
1603 3771 1944 3841 quadratum
1969 3770 2092 3838 ejus

455 3861 897 3930 capitiaptatum
921 3863 1103 3931 ;unde
1119 3861 1418 3932 colligitur
1450 3861 1536 3916 vel
1565 3861 1722 3916 illam
1754 3860 1924 3915 seriei
1949 3857 2097 3912 Vati-

457 3962 610 4005 canaa
635 3955 846 4019 partem
873 3949 1181 4006 coloratam
1201 3949 1382 4006 fuisse
1398 3955 1694 4006 constante
1713 3950 1829 4005 vita
1859 3947 2092 4015 Liberii,

459 4049 513 4098 et
540 4044 728 4098 serius
777 4043 1108 4112 productam
1157 4048 1349 4112 postea
1376 4040 1559 4098 fuisse
1583 4042 1650 4097 ad
1689 4039 2047 4096 Hormisdam
2079 4053 2095 4100 ς

458 4130 545 4186 vel
597 4129 667 4186 ab
714 4131 1034 4203 antiquiori
1085 4131 1233 4187 serie
1273 4130 1588 4186 Liberiana;
1627 4129 1814 4184 aetatis
1857 4127 2098 4196 petitum

456 4221 764 4291 exemplar,
789 4220 936 4291 quod
972 4220 1030 4274 in
1061 4219 1333 4275 Vaticana
1361 4220 1460 4275 tali
1491 4219 1826 4274 emblemata
1867 4216 2103 4271 adorna-

2183 465 2249 506 ac
2287 452 2508 507 caeteris
2555 451 2902 522 prmferendo
2936 466 3003 507 ex
3028 453 3440 508 demonstratis
3478 467 3510 507 a
3556 466 3641 508 me
3681 453 3831 508 inter

2188 541 2304 596 hate
2350 541 2742 612 prolegomena
2795 555 2918 620 pag.
2965 555 3045 596 xu
3101 541 3290 609 (supra
3349 542 3445 595 col.
3502 538 3638 611 429).
3715 542 3831 598 Suo

2189 630 2383 698 itaque
2435 631 2564 698 jure
2635 632 2740 684 Leo
2789 631 3026 701 Magnus
3083 631 3316 701 pingere
3373 635 3592 700 poterat
3659 636 3834 700 atque

2188 731 2519 786 proponere,
2568 721 2836 787 tanquam
2879 719 3136 774 numeris
3173 717 3442 773 omnibus
3485 717 3830 784 absolutam,

2189 807 2393 861 seriem
2432 812 2488 861 et
2527 806 2952 877 chronol0giam
2989 808 3045 861 in
3101 806 3342 861 basilica
3397 807 3452 861 S.
3500 806 3684 875 Pauli,
3734 806 3832 861 cui

2191 910 2295 951 nos
2335 903 2627 964 acceptum
2678 895 2979 951 referimus
3029 896 3314 966 quidquid
3364 896 3419 950 in
3470 895 3832 965 chronogra—

2191 983 2326 1052 phia
2359 984 2651 1052 pontiﬁcis
2695 997 2792 1053 per
2819 984 3114 1054 Catalogos
3147 985 3278 1039 inde
3309 983 3688 1052 transcriptos
3714 982 3838 1036 Ro-

2193 1084 2356 1125 mana
2403 1073 2744 1127 documenta
2800 1077 3127 1128 constanter
3167 1086 3232 1126 ac
3291 1071 3538 1126 ﬁdeliter
3585 1071 3838 1140 posteris

2193 1159 2314 1214 trad
2327 1160 2572 1214 iderunt.

2262 1267 2480 1323 Saecula
2559 1269 2782 1323 tandem
2862 1268 3141 1338 proximo,
3218 1280 3417 1337 nempe
3481 1266 3587 1322 sub
3651 1267 3841 1323 Felice

2194 1363 2420 1427 quarto,
2476 1365 2532 1412 et
2580 1357 2908 1412 Justiniano
2959 1357 3241 1428 principe,
3276 1357 3343 1411 ad
3395 1369 3566 1426 quam
3614 1360 3841 1411 aetatem

2194 1448 2443 1517 pertinet
2469 1447 2771 1517 Catalogus
2801 1447 3124 1517 appellatus
3153 1460 3184 1501 a
3207 1446 3612 1502 Schelestratio
3635 1461 3843 1499 secun-

2193 1537 2316 1599 dus,
2370 1535 2852 1607 chronologorum
2921 1536 3114 1591 studia
3176 1535 3427 1591 nondum
3490 1533 3840 1603 defecerant,

2192 1625 2530 1682 ﬂorentibus
2577 1625 2878 1680 Ammiano
2937 1625 3268 1680 Marcellino
3324 1625 3475 1679 inter
3521 1623 3842 1679 Orientalis

2192 1715 2421 1785 imperii
2473 1715 2801 1785 scriptores,
2858 1721 2914 1770 et
2970 1714 3028 1768 in
3073 1714 3381 1769 Occidente
3450 1713 3844 1769 recolentibus

2188 1806 2379 1860 eadem
2433 1805 2626 1860 studia
2689 1805 2963 1873 Prospero
3026 1809 3082 1859 et
3121 1803 3460 1859 Cassiodoro
3497 1815 3569 1857 :a
3623 1801 3846 1872 quibus

2187 1894 2412 1949 abunde
2429 1894 2752 1950 consultum
2773 1892 3362 1950 fuitordinandistem
3374 1892 3609 1962 poribus
3631 1892 3840 1961 ponti—

2188 1983 2354 2039 ﬁcum
2413 1988 2469 2038 et
2513 1983 2924 2053 consignandis
2971 1996 3067 2050 per
3126 1982 3431 2036 laterculos
3475 1981 3835 2035 consulares.

2185 2074 2399 2128 Incidit
2428 2074 2483 2127 in
2517 2073 2806 2141 proximos
2831 2086 3010 2127 annos
3031 2071 3340 2141 Dionysius
3359 2070 3613 2141 Exiguus
3627 2071 3849 2125 Roma—

2189 2177 2298 2219 nus
2319 2162 2512 2232 abbas,
2543 2169 2663 2217 tum
2691 2162 2772 2216 rei
2806 2161 3114 2227 Paschalis,
3137 2168 3258 2216 tum
3275 2161 3628 2215 mraeChristi
3647 2160 3846 2215 cultor

2188 2253 2484 2315 emeritus,
2512 2252 2682 2319 cujus
2703 2251 2899 2320 cyclus
2924 2251 3002 2304 ita
3037 2249 3254 2318 placuit
3276 2249 3519 2304 summis
3540 2249 3844 2317 pontiﬁci-—

2187 2339 2317 2409 bus,
2353 2345 2416 2394 nt
2442 2353 2569 2394 eum
2614 2338 2962 2411 vulgandum
3003 2353 3127 2394 esse
3168 2338 3518 2392 crediderint
3559 2337 3630 2391 ad
3670 2351 3845 2392 usum

2189 2429 2454 2484 Ecclesiae
2483 2429 2780 2496 universae,
2811 2435 2865 2482 et
2884 2427 3253 2498 chronologia
3285 2429 3367 2482 ita
3396 2426 3687 2481 commoda
3719 2427 3848 2480 visa

2191 2523 2277 2574 est
2328 2519 2591 2587 posteris,
2642 2522 2705 2572 ut
2750 2532 2848 2586 per
2881 2532 2999 2572 eam
3051 2517 3345 2572 enuntiari
3394 2530 3573 2572 annos
3621 2515 3848 2569 Christi

2191 2607 2479 2662 voluerint
2508 2605 2578 2660 ab
2605 2611 2767 2660 aetate
2798 2606 2981 2660 Caroli
3022 2606 3230 2677 Magni,
3265 2612 3321 2660 et
3349 2604 3674 2660 consecutis
3701 2604 3856 2673 qui—

2194 2695 2416 2765 busque
2441 2695 2673 2749 saeculis
2718 2702 2837 2750 tum
2873 2695 2931 2748 in
2975 2695 3193 2764 privata
3247 2708 3306 2748 re
3358 2693 3848 2761 administranda,

2195 2790 2315 2839 tum
2336 2785 2392 2838 in
2415 2783 2903 2852 publicisactibus
2916 2783 3346 2854 consignandis,
3365 2781 3852 2852 quemadmodum

2195 2872 2366 2928 hodie
2393 2872 2721 2927 adhibetur.

2271 2976 2322 3033 4.
2355 2980 2565 3033 Harum
2613 2977 2795 3049 igitur
2823 2981 3052 3033 aetatum
3101 2977 3400 3047 Catalogos
3434 2981 3490 3030 et
3533 2975 3858 3031 chronolo—

2201 3067 2353 3139 giam
2383 3067 2758 3136 pontiﬁciam,
2779 3079 2948 3136 quam
2968 3066 3282 3133 continent,
3317 3078 3347 3119 a
3367 3064 3638 3120 Romanis
3657 3063 3863 3119 docu—

2203 3155 2410 3210 mentis
2455 3159 2762 3223 acceptam,
2814 3166 2938 3208 esse
2967 3153 3212 3224 reliquis
3266 3151 3668 3222 praeferendam
3719 3164 3857 3205 cum

2200 3243 2722 3311 demenstraverim,
2761 3255 3113 3312 consequens
3173 3246 3260 3296 est
3316 3249 3380 3296 ut
3443 3239 3690 3295 eamdem
3759 3239 3864 3294 hic

2199 3343 2539 3400 apponerem
2623 3329 2692 3383 ad
2733 3328 3138 3384 conferendum
3211 3334 3269 3384 et
3332 3329 3400 3383 ad
3475 3325 3864 3382 indicandum

2200 3419 2325 3487 ejus
2366 3430 2705 3472 consensum
2731 3430 2860 3471 cum
2901 3418 3206 3486 archetypo
3235 3416 3287 3471 S.
3325 3415 3508 3471 Pauli.
3533 3413 3865 3484 Diligenter

2203 3507 2384 3576 igitur
2417 3505 2739 3575 indagando
2770 3505 3022 3576 genuina
3043 3505 3205 3559 illius
3230 3503 3580 3572 exemplaria
3605 3503 3661 3555 in
3687 3503 3863 3556 anti—

2205 3594 2508 3664 quioribus
2537 3594 2837 3648 codicibus
2877 3594 3203 3648 etarchivis
3260 3593 3514 3663 regionis
3569 3589 3864 3646 suburbi—

2201 3681 2395 3750 caries,
2454 3687 2554 3736 aut
2608 3681 3022 3750 proximiorum
3075 3679 3207 3734 Urbi
3266 3679 3659 3745 ecclesiarum,
3726 3691 3865 3746 quae

2204 3769 2402 3824 saltem
2434 3777 2624 3825 essent
2651 3771 2801 3824 intra
2829 3770 3050 3824 Italiam
3083 3769 3419 3834 constituta,
3452 3771 3509 3822 et
3557 3770 3864 3835 propterea

2206 3859 2500 3928 potuerint
2527 3859 2740 3927 saepius
2787 3856 3033 3913 conferri
3065 3871 3096 3911 a
3125 3855 3440 3925 majoribus
3483 3853 3696 3909 nostris
3722 3867 3864 3908 cum

2209 3949 2467 4017 protypis
2515 3949 2805 4014 Romanis,
2866 3947 3170 4018 Farfensis,
3222 3947 3490 4002 Cavensis
3540 3950 3596 4000 et
3643 3946 3868 4014 Berga—

2214 4038 2426 4093 mensis
2455 4039 2698 4108 exempli
2740 4051 3006 4092 numeros
3046 4037 3448 4106 exprimendos
3485 4034 3678 4090 curavi
3715 4048 3872 4104 pro—

2211 4133 2362 4187 xime
2392 4134 2516 4198 post
2534 4128 2832 4196 Catalogos
2858 4125 3089 4194 Liberii,
3122 4128 3322 4180 Leonis
3345 4133 3399 4180 et
3431 4125 3636 4180 Felicis
3659 4125 3867 4192 quarti

2215 4218 2423 4275 saeculo
2453 4221 2713 4272 exaratos
2741 4217 2798 4270 in
2839 4216 3100 4286 antiquis
3128 4215 3492 4280 membranis,
3533 4219 3633 4268 aut
3669 4212 3871 4280 pictos

459 4309 648 4366 batur.
717 4309 1065 4365 Utrumlibet
1112 4323 1241 4364 vero
1293 4310 1686 4376 admittamus,
1736 4313 1952 4363 certum
2019 4313 2184 4401 estD
2215 4309 2275 4362 in
2325 4305 2645 4376 parietibus
2715 4306 3183 4376 patriarchalium
3238 4304 3405 4359 Urbis
3461 4301 3866 4358 ecclesiarum.

460 4399 652 4454 eadem
705 4404 868 4454 aetate
923 4397 1157 4466 Liberii,
1209 4411 1320 4466 qua
1369 4397 1649 4452 vetustior
1694 4410 1761 4452 ex
1816 4395 2104 4466 Catalogis
2138 4393 2178 4401 ”
2212 4397 2486 4465 Quartum
2547 4395 2712 4463 addo,
2753 4408 2920 4466 quem
2995 4393 3217 4463 appello
3275 4394 3601 4452 Lucensem,
3659 4395 3871 4457 utpote

459 4487 719 4558 scriptis,
745 4493 802 4543 et
817 4486 1097 4543 vetustior
1125 4501 1192 4542 ex
1207 4485 1455 4555 depictis
1483 4485 1542 4540 in
1566 4485 1885 4554 parietibus
1909 4483 2105 4539 basili-

464 4589 659 4631 carum
693 4576 862 4631 Urbis
893 4575 1069 4632 simul
1103 4574 1586 4645 producebantur,
1619 4573 2101 4644 chronologorum

464 4665 926 4733 praestantiorum
955 4667 1177 4735 copiam
1209 4663 1394 4720 fuisse
1424 4669 1813 4734 conspectant.

536 4788 740 4844 Leonis
765 4789 951 4860 Magni
980 4794 1234 4859 tempora
1253 4803 1364 4845 non
1395 4790 1587 4846 minus
1606 4803 1775 4860 quam
1801 4789 2102 4845 Liberiana

461 4876 830 4934 abundabant
879 4879 1066 4933 doctis
1091 4879 1481 4950 chronologis,
1516 4893 1658 4948 quos
1704 4880 1773 4934 ad
1807 4893 1870 4934 ea
1903 4879 2102 4935 studia

464 4965 802 5022 incitaverat
852 4967 934 5022 rei
991 4966 1277 5037 paschalis
1325 4968 1653 5038 inquisitio,
1700 4974 1756 5023 et
1799 4981 1866 5023 ex
1909 4967 2104 5023 admi—

461 5051 666 5106 nistris
696 5055 850 5109 sedis
870 5055 1198 5125 apostolicae
1220 5057 1570 5113 contituerat
1593 5055 1846 5124 ejusdem
1879 5055 2106 5125 pontiﬁ-

459 5151 572 5208 ces,
608 5139 693 5193 uti
737 5141 1131 5200 demonstrant
1162 5145 1368 5201 littera:
1421 5145 1663 5200 Victorii
1717 5145 2014 5215 Aquitani,
2046 5152 2103 5200 et

457 5225 653 5298 cyclus
699 5226 992 5284 Paschalis
1045 5231 1116 5285 ab
1162 5245 1228 5288 eo
1273 5232 1656 5286 transmissus
1695 5231 1763 5285 ad
1817 5233 2098 5301 Hilarum,

459 5316 664 5371 Leonis
697 5328 852 5384 papa:
900 5322 1038 5373 tunc
1065 5321 1559 5386 archidiaconum,
1585 5319 1793 5375 deinde
1818 5331 2107 5378 succeSso-

463 5415 600 5458 rem.
633 5404 816 5474 Hujus
846 5405 1053 5474 peritia
1082 5411 1400 5476 temporum
1429 5414 1642 5477 quanta
1673 5407 1849 5464 fuerit
1877 5408 2102 5464 abunde

463 5489 660 5562 colligi
728 5506 892 5563 posse
943 5493 1166 5548 credam
1231 5495 1594 5550 exactissimo
1649 5509 1717 5550 ex
1772 5510 2101 5554 commensu

460 5579 717 5649 ejusdem
773 5581 1158 5655 chronologim
1185 5583 1256 5639 de
1283 5583 1500 5639 Christi
1549 5586 1778 5641 Domini
1840 5591 2102 5655 passione

2213 4498 2494 4540 annexum
2522 4485 2849 4541 collectioni
2871 4486 3183 4552 Canonum,
3207 4483 3329 4538 sive
3345 4483 3576 4536 Decreto
3600 4478 3869 4533 Anselmi

2214 4573 2469 4644 episcopi
2506 4575 2793 4630 Lucensis.

2285 4680 2338 4738 5.
2391 4683 2469 4738 Ne
2512 4690 2698 4738 tamen
2742 4682 3136 4737 omitteremus
3192 4693 3530 4736 consensum
3585 4680 3873 4750 indagare

2214 4777 2534 4825 exterorum
2568 4783 2794 4840 quoque
2820 4769 3239 4839 Catalogorum,
3287 4769 3333 4823 si
3379 4769 3481 4838 qui
3512 4767 3874 4822 haberentur

2212 4860 2646 4924 emendatiores,
2690 4860 2875 4913 visum
2937 4867 3022 4914 est
3069 4864 3193 4927 post
3244 4858 3474 4914 Italicos
3519 4862 3874 4911 memoratos

2215 4947 2380 5003 illius
2427 4949 2596 5003 etiam
2641 4953 2833 5016 typum
2880 4946 3230 5014 subnectere,
3297 4960 3464 5016 quem
3513 4946 3697 5001 edidit
3739 4959 3864 4999 rev.

2213 5037 2274 5090 P.
2305 5037 2503 5091 Daniel
2536 5035 2956 5104 Papebrochius
2990 5037 3047 5090 in
3096 5050 3200 5091 suo
3230 5035 3448 5090 Conatu
3476 5033 3874 5090 chronhisto—

2215 5125 2336 5180 rico
2373 5126 2440 5181 ad
2481 5125 2775 5195 Catalogos
2808 5126 3141 5194 pontiﬁcum
3185 5125 3586 5190 Romanorum,
3622 5136 3754 5194 pag.
3789 5119 3880 5179 75

2214 5213 2545 5284 huiusmodi
2579 5214 2785 5268 notitia
2819 5215 3048 5284 praeﬁxa

2287 5340 2314 5372 α
2340 5321 2419 5374 Ne
2440 5319 2578 5388 quid
2622 5333 2790 5388 porro
2819 5318 3150 5375 subtraham
3196 5318 3617 5389 suppellectilis
3649 5324 3882 5374 nostra:

2213 5407 2599 5478 antiquiarite,
2621 5407 2770 5462 unde
2794 5407 3076 5462 illustrari
3102 5408 3434 5477 pontiﬁcum
3455 5408 3700 5462 historia
3724 5422 3888 5477 pos-—

2215 5499 2314 5565 sit,
2364 5497 2510 5553 addo
2565 5496 2962 5566 membranam,
3017 5504 3147 5553 ante
3207 5511 3406 5566 annos,
3459 5504 3522 5552 ut
3599 5504 3878 5567 apparet,

2213 5592 2508 5642 sexcentos
2536 5586 2883 5655 descriptam
2920 5599 2989 5642 ex
3018 5586 3133 5642 alia
3172 5586 3498 5655 vetustiori,
3529 5585 3698 5642 ﬁnem
3730 5601 3882 5643 cum
