4060 6176
219 170 319 229 ΞΠ

992 169 1356 225 BLANCHINI
1398 168 1695 224 DISSERT.
1753 170 1843 225 DE
1889 169 2046 225 ANT.
2101 171 2212 225 RR.
2262 168 2460 224 PONT.
2491 168 2833 225 CATALOG.

3497 167 3605 227 278

220 293 423 364 Vigilio
453 304 597 361 papa
635 290 949 361 obtinente,
993 291 1093 347 ubi
1125 293 1295 348 etiam
1336 293 1502 348 ﬁnem
1554 292 1857 363 accipiunt
1886 296 1946 358 A
1971 294 2203 349 dicibus
2231 307 2329 363 per
2352 291 2660 349 Gruterum
2690 294 2747 347 in
2784 293 3093 360 Thesauro,
3125 298 3183 348 et
3206 293 3606 350 Mabillonium

217 396 417 438 nonum
437 392 881 435 xposroucoauu
898 381 1047 435 inter
1071 381 1339 437 Analecta
1353 381 1673 436 Mabillonii
1704 387 1856 437 tomo

218 474 298 531 ΙΙΙ,
328 484 454 540 pag.
505 466 631 535 626,
683 469 971 537 descripta
998 476 1056 524 et
1104 469 1330 525 inventa
1384 475 1508 538 post
1556 470 1859 526 collectio-

215 572 335 615 nem
349 558 654 628 quamdam
666 557 1040 612 decretalium
1059 571 1454 627 canonumque
1472 558 1623 612 ultra
1642 572 1854 614 annum

208 645 306 705 571
356 659 469 700 non
514 655 828 701 extensam.
888 645 991 701 Sed
1034 650 1098 701 ut
1145 646 1321 701 multa
1369 645 1601 701 nomina
1644 646 1857 702 “vitiose

211 737 383 792 isthic
406 736 646 805 scripta,
685 735 773 790 sic
809 740 866 789 et
897 734 1119 789 numeri
1152 734 1312 789 valde
1331 735 1545 789 diversi
1575 735 1859 791 habentur

208 838 239 879 a
277 830 486 878 nostra:
520 822 860 878 membranae
884 822 1159 878 numeris.
1188 824 1299 877 Nec
1331 822 1520 878 minor
1549 822 1856 879 diversitas

207 913 461 969 occurrit
512 912 570 966 in
621 911 801 966 altera
855 911 1185 967 Corbeiensi
1235 910 1581 979 membrana,
1624 926 1750 981 qua:
1796 913 1855 966 in

209 1002 397 1057 eodem
427 1000 831 1056 Analectorum
862 1006 1015 1056 tomo
1054 1014 1178 1071 pag.
1237 997 1343 1054 429
1370 1000 1578 1069 incipit
1615 1002 1691 1053 De
1735 1002 1857 1069 epi—

208 1092 373 1160 scopis
423 1092 679 1144 Romana:
735 1092 1005 1155 Ecclesiae,
1056 1094 1111 1144 et
1160 1090 1520 1157 protrahitur
1566 1103 1748 1158 usque
1784 1090 1853 1144 ad

205 1180 473 1235 Joannem
508 1180 592 1243 Vl,
628 1179 687 1232 in
732 1191 801 1233 eo
829 1179 914 1233 sic
936 1178 1161 1246 ﬁniens,
1190 1184 1251 1232 ut
1274 1178 1399 1247 ejus
1424 1178 1857 1246 decessorisque

202 1268 385 1339 Sergii
424 1270 445 1322 l
475 1280 659 1322 annos
689 1268 930 1337 diesque
979 1267 1241 1321 omiserit
1287 1267 1577 1321 adnotare.
1612 1284 1637 1314 υ

267 1358 452 1412 Porro
494 1356 803 1425 utriusque
855 1355 1216 1410 Corbeiensis
1269 1368 1445 1423 supra
1505 1354 1741 1409 memini
1790 1368 1855 1408 ac

200 1446 494 1516 specimen
523 1444 656 1499 dedi
684 1457 859 1513 supra
909 1444 969 1498 in
1008 1444 1474 1496 Adnotationibus
1527 1443 1602 1495 ad
1632 1442 1858 1496 Catala—

1972 384 2029 438 in
2062 382 2373 450 Analectis,
2423 387 2555 437 tom.
2588 384 2674 451 IV,
2720 396 2773 450 p.
2826 378 2949 447 483,
2977 381 3180 449 editis;
3226 386 3468 437 attexam
3500 394 3608 438 suo

1968 471 2091 526 loco
2106 472 2175 526 ad
2204 469 2765 541 notas,singulorum
2791 469 3125 539 pontiﬁcum
3153 469 3301 524 Vitis
3319 468 3608 539 colligen-

1965 561 2087 627 das,
2116 560 2340 630 aliquot
2366 560 2664 631 Catalogos
2691 572 2721 614 e
2769 557 3269 629 prxestantioribus
3302 561 3462 613 extra
3488 559 3608 612 Ita—

1968 649 2103 703 liam
2157 646 2321 718 (quos
2351 649 2503 703 inter
2547 647 2816 703 censendi
2850 651 2987 702 sunt
3036 646 3093 700 in
3142 646 3348 715 primis
3379 645 3421 699 ii
3462 659 3609 715 quos

1969 738 2470 808 produxitPagius
2512 738 2568 792 in
2601 737 2849 792 secunda
2900 736 3154 790 editione
3174 734 3405 790 Critica:
3430 734 3611 797 Baro-

1967 826 2153 880 niana:
2188 830 2340 880 tomo
2386 828 2429 892 l,
2465 824 2724 894 plerique
2769 837 2837 878 ex
2890 822 3240 878 bibliotheca
3281 821 3611 878 Colbertina

1964 914 2299 984 desumpti),
2334 928 2579 984 quorum
2610 926 2925 969 consensus
2947 926 3077 968 cum
3104 911 3252 967 serie
3276 916 3333 967 et
3355 912 3612 967 chrono-
3638 916 3643 921 ‘

1966 1002 2116 1073 lcgia
2165 1003 2419 1060 basilica:
2465 1004 2649 1058 sancti
2703 1002 2887 1069 Pauli,
2929 1001 3147 1056 Italicis
3188 998 3613 1069 exemplaribus

1964 1093 2315 1161 conﬁrmata,
2348 1093 2429 1147 ita
2468 1092 2723 1161 proxime
2756 1092 2873 1146 haec
2903 1095 3098 1145 nostra
3127 1090 3467 1145 documenta
3492 1089 3613 1144 Bo-

1967 1195 2131 1236 mana
2155 1187 2210 1235 et
2239 1181 2431 1236 halica
2456 1180 2850 1250 consequitur,
2882 1183 2945 1235 ut
2974 1193 3173 1248 parum
3201 1177 3508 1234 admodum
3536 1176 3610 1232 ab

1968 1270 2060 1326 his
2089 1272 2332 1327 recedat.

2034 1360 2087 1415 6.
2154 1361 2386 1416 Eosdem
2464 1373 2690 1430 quoque
2744 1359 3042 1430 Catalogos
3128 1356 3608 1414 bibliothecarum

1966 1451 2410 1521 provincialium
2450 1450 2735 1506 advocabo
2768 1452 2827 1506 in
2856 1449 3316 1520 supplementum
3366 1459 3613 1503 concor-

198 1552 285 1603 903
306 1536 647 1604 Pontiﬁcum
677 1547 747 1588 ex
786 1547 1023 1589 numero
1054 1530 1090 1587 5
1112 1532 1180 1587 ad
1224 1530 1277 1599 9,
1308 1531 1404 1587 Ubi
1449 1532 1619 1587 etiam
1654 1532 1858 1587 Obsef-
1886 1606 1931 1611 _
1965 1541 2058 1595 dis
2086 1541 2407 1596 testimonii
2443 1541 2592 1611 quod
2625 1540 2974 1596 eliciendum
2995 1539 3191 1594 curavi
3211 1552 3281 1593 ex
3313 1536 3483 1592 libris
3504 1536 3615 1590 Le—

202 1629 322 1681 vata
388 1621 510 1679 fuit
574 1623 962 1691 discrepantia
1014 1620 1189 1677 ferme
1244 1620 1610 1676 incredibilis
1655 1606 2291 1700 ambo—Bittionariis,
2356 1636 2421 1685 ut
2460 1606 2674 1685 vocant
2742 1630 3074 1685 divinorum
3118 1625 3456 1695 ciliciorum,
3514 1639 3615 1681 re—

202 1728 321 1770 rum
400 1713 813 1783 chronologiae,
885 1716 1005 1765 tum
1080 1711 1230 1765 inter
1284 1724 1363 1778 se,
1428 1715 1550 1766 tum
1612 1710 1857 1780 reliquis

198 1803 493 1874 Catalogis
545 1807 927 1870 comparatae;
976 1801 1056 1855 ita
1088 1804 1151 1855 ut
1206 1799 1265 1853 in
1303 1804 1516 1869 septem
1562 1798 1856 1869 prioribus

203 1890 583 1963 pontiﬁcibus
608 1906 641 1944 a
668 1894 865 1944 sancto
895 1891 1056 1943 Petro
1094 1889 1429 1957 numeratis,
1462 1887 1620 1943 nulla
1666 1901 1856 1943 anno-

202 1995 345 2049 rum,
370 1986 434 2035 et
466 1979 648 2034 unius
674 1985 894 2033 tantum
920 1990 988 2031 ex
1017 1976 1139 2031 illis
1165 1976 1447 2031 mensium
1474 1989 1699 2031 summa
1727 1987 1855 2030 con-

203 2070 416 2126 cordet.
452 2069 656 2123 Verum
670 2067 1152 2122 cumattenderem
1170 2065 1495 2134 pontiﬁcem
1519 2064 1853 2120 Anacletum

210 2159 259 2213 in
302 2162 565 2226 utroque
602 2155 870 2225 Catalogo
917 2153 1244 2209 Corbeiensi
1298 2153 1639 2219 desiderari,
1694 2152 1854 2208 visus

206 2260 317 2301 sum
382 2258 624 2300 causam
686 2242 913 2313 assequi
945 2250 1046 2298 aut
1087 2242 1373 2310 suspicari
1414 2254 1578 2310 posse
1604 2256 1710 2296 cur
1739 2246 1853 2296 tam

205 2332 535 2404 frequenter
562 2332 717 2387 inter
745 2344 804 2387 se
831 2335 889 2386 et
911 2329 983 2385 ab
1005 2330 1144 2385 aliis
1171 2329 1260 2385 illi
1285 2330 1655 2385 dissentiant.
1683 2327 1858 2385 Defe—

204 2429 318 2478 ctus
348 2422 516 2477 enim
543 2422 672 2489 ejus
698 2419 951 2476 nominis
982 2420 1132 2473 inter
1155 2418 1304 2473 alios
1334 2418 1630 2488 pontiﬁces
1658 2419 1855 2473 Roma-

210 2526 295 2567 nos
337 2509 685 2566 manifestat
721 2516 986 2564 neutrum
1040 2522 1109 2564 ex
1154 2508 1230 2563 iis
1258 2508 1545 2579 Catalogis
1574 2506 1756 2564 fuisse
1784 2520 1853 2563 ex

206 2600 475 2656 Romanis
492 2599 872 2668 descriptum,
917 2604 970 2652 et
994 2610 1041 2653 .a
1063 2594 1217 2652 fonte
1245 2610 1311 2651 ac
1345 2603 1661 2667 prototypo,
1685 2609 1853 2666 quem

207 2691 257 2744 in
284 2688 562 2744 basilicis
594 2684 1081 2755 patriarchalibus
1111 2685 1280 2740 Urbis
1314 2684 1523 2740 summi
1557 2685 1855 2753 pontiﬁces

204 2778 652 2833 constituerunt.
707 2775 840 2844 Quae
904 2787 994 2829 res
1048 2772 1350 2829 conﬁrmat
1407 2773 1633 2828 axioma
1678 2784 1853 2841 supra

204 2866 568 2922 enuntiatum
608 2864 794 2933 capite
820 2861 876 2933 2,
905 2876 1061 2919 num.
1111 2859 1134 2915 4
1180 2869 1234 2917 et
1255 2859 1310 2930 2,
1339 2874 1404 2916 ac
1435 2861 1605 2916 toties
1635 2861 1853 2930 repeti-

1968 1722 2145 1790 pertis
2180 1722 2237 1775 in
2287 1723 2518 1792 regione
2565 1719 2991 1786 suburbicaria,
3047 1716 3145 1771 ubi
3186 1715 3613 1772 adhibebantur

1969 1812 2180 1879 passim
2236 1825 2267 1865 a
2308 1810 2461 1865 clero
2496 1809 2870 1864 ecclesiarum
2923 1806 2990 1861 ad
3029 1818 3172 1876 quas
3225 1802 3604 1873 pertinebant.

1963 1900 2042 1954 De
2075 1900 2168 1954 his
2204 1899 2470 1955 notitiam
2519 1903 2787 1965 attexam,
2824 1900 2888 1952 ut
2933 1900 3202 1965 appareat
3241 1906 3364 1948 eam
3408 1904 3612 1947 recen-

1965 1990 2183 2045 sionem
2213 1995 2270 2043 et
2300 1987 2660 2043 collationem
2696 1986 2827 2054 jure
2867 1998 2965 2053 per
2993 1998 3078 2039 me
3110 1981 3338 2050 factam,
3365 1985 3424 2035 et
3448 1980 3617 2048 adje-

1963 2083 2111 2134 ctam
2152 2078 2409 2147 proxime
2440 2082 2566 2146 post
2612 2075 2975 2131 concordiam
3023 2070 3351 2127 Italicorum
3379 2067 3615 2123 Catalo-

1964 2182 2163 2240 gorum
2181 2181 2311 2222 cum
2330 2167 2480 2222 serie
2498 2172 2553 2220 et
2565 2163 2939 2234 chronologia
2953 2160 3208 2216 basilicae
3222 2157 3406 2213 sancti
3426 2154 3609 2224 Pauli,

1967 2258 2072 2312 hoc
2121 2257 2409 2327 praecipuo
2457 2253 2704 2310 consilio
2757 2253 3019 2320 ductum,
3076 2254 3141 2305 ut
3187 2245 3610 2316 comprobarem

1964 2345 2045 2400 ita
2096 2349 2426 2399 constanter
2476 2341 2657 2397 fuisse
2685 2344 2934 2395 retentos
2983 2337 3209 2393 eosdem
3241 2346 3511 2391 numeros
3554 2336 3612 2387 et

1963 2432 2216 2503 publicis
2245 2430 2607 2487 documentis
2628 2429 2707 2484 ita
2728 2433 2884 2483 ratos
2906 2426 3135 2482 habitos
3157 2426 3331 2480 etiam
3354 2427 3482 2493 post
3507 2421 3611 2477 illa

1963 2520 2171 2577 saecula
2234 2519 2714 2589 chronol0gorum
2764 2516 3249 2587 praestandorum.
3295 2526 3329 2568 a
3398 2509 3607 2567 saeculo

1962 2610 2185 2665 decimo
2214 2609 2281 2663 ad
2336 2607 2623 2663 decimum
2655 2606 2945 2676 quintum,
2977 2610 3042 2659 ut
3084 2604 3143 2658 in
3192 2601 3375 2657 sacris
3402 2597 3610 2656 oﬁlciis

1963 2697 2279 2753 recitandis
2323 2709 2421 2766 per
2464 2694 2608 2750 festa
2663 2706 3016 2749 summorum
3045 2689 3379 2761 pontiﬁcum
3409 2689 3470 2743 in
3516 2700 3614 2743 re—

1962 2788 2131 2857 gione
2178 2785 2312 2840 Urbi
2358 2785 2619 2854 proxima
2676 2781 3109 2838 adhiberentur.
3164 2778 3426 2835 Aliorum
3479 2788 3613 2832 vero

1964 2873 2320 2943 pontiﬁcum,
2365 2886 2608 2943 quorum
2673 2869 2815 2925 festa
2869 2882 2980 2924 non
3037 2865 3493 2934 celebrabantur,
3541 2877 3611 2919 ex

206 2962 313 3010 tum
350 2956 417 3009 in
446 2954 556 3008 hac
587 2959 783 3008 nostra
825 2951 1252 3018 dissertatione,
1288 2963 1517 3019 nempe:
1560 2949 1853 3005 δῑυάίοείδ
1882 2948 1932 3011 C
1964 2962 2122 3017 hisce
2152 2961 2323 3016 libris
2351 2961 2690 3016 documenta
2741 2955 3128 3028 chronologize
3172 2960 3229 3010 et
3272 2952 3611 3009 collationes

205 3056 334 3098 vera:
359 3041 760 3112 chronologia:
781 3053 847 3096 ac
876 3040 1050 3095 seriei
1083 3041 1466 3094 Romanorum
1491 3037 1848 3107 pontiﬁcum,

210 3137 263 3185 nt
301 3144 432 3187 eam
452 3136 860 3200 assequantur,
889 3127 1240 3184 consulenda
1258 3139 1382 3182 esse
1407 3127 1655 3197 genuina
1678 3132 1736 3180 et
1755 3139 1855 3194 pu-

208 3219 345 3276 blica
364 3220 717 3276 documenta
744 3217 917 3287 hujus
946 3216 1234 3286 Ecclesiae,
1268 3216 1328 3270 in
1382 3228 1495 3285 qua
1535 3216 1683 3270 Petri
1711 3227 1853 3269 suc-

208 3321 453 3365 cessores
482 3322 597 3363 non
624 3308 792 3363 modo
832 3307 1123 3375 sederunt,
1169 3305 1265 3360 sed
1297 3305 1469 3360 etiam
1497 3303 1852 3373 apostolatus

210 3398 291 3451 sui
324 3411 393 3451 ac
425 3398 798 3453 decessurum
832 3395 1161 3450 memoriam
1213 3392 1563 3449 luculentam
1608 3393 1854 3462 posteris

211 3486 583 3556 reliquerunt.

274 3576 349 3630 Ex
412 3574 554 3629 aliis
607 3580 795 3629 autem
846 3573 1155 3643 CataIOgis,
1206 3585 1349 3643 quos
1405 3570 1707 3641 proferunt
1754 3570 1855 3625 bi-

214 3662 507 3719 bliotheca:
524 3670 587 3717 et
613 3663 845 3717 archiva
864 3670 1023 3716 extra
1045 3660 1288 3729 italiam,
1310 3661 1497 3715 satius
1515 3660 1656 3714 duxi
1700 3659 1854 3714 hunc

214 3750 491 3822 insignem
555 3765 589 3805 a
637 3750 1023 3820 Papebrochio
1080 3752 1296 3805 merito
1347 3749 1741 3804 existimatum
1796 3754 1854 3802 et

210 3842 476 3895 collatum
506 3854 639 3895 cum
669 3839 1087 3895 vetustioribus
1109 3838 1572 3915 Corbeiensibus,
1603 3838 1662 3892 in
1693 3837 1853 3892 chro-

212 3927 432 3999 nologia
458 3929 576 3984 sibi
611 3929 854 3984 invicem
883 3928 1339 3994 adversantibus,
1378 3929 1563 3997 edere,
1596 3933 1661 3982 ut
1687 3940 1856 3996 appa-

214 4026 323 4072 reat
353 4027 636 4089 quantum
663 4018 757 4073 hic
786 4019 1003 4074 recedit
1028 4019 1102 4074 ab
1143 4019 1376 4074 illorum
1405 4020 1663 4075 numeris
1693 4018 1852 4073 nulla

214 4108 494 4177 probabili
525 4110 870 4164 auctoritate
901 4107 1164 4178 ﬁrmatis,
1200 4109 1315 4163 imo
1346 4122 1404 4164 se
1436 4116 1634 4166 mutuo
1660 4123 1852 4179 appu-

213 4202 540 4272 gnantibus,
574 4210 795 4260 tantum
813 4218 941 4260 eum
960 4206 1223 4261 accedere
1246 4206 1315 4261 ad
1337 4206 1700 4262 concordiam
1722 4221 1850 4262 cum

1961 3063 2090 3105 cum
2138 3050 2251 3119 peti
2303 3054 2605 3119 nequeant,
2638 3046 3032 3117 supplementa
3064 3041 3458 3113 conquirenda
3486 3051 3612 3095 esse

1956 3138 2213 3208 judicavi
2242 3150 2310 3193 ex
2324 3136 2611 3207 Catalogis
2629 3134 2905 3191 indicatis
2926 3146 3024 3203 per
3039 3132 3234 3188 eadem
3255 3128 3464 3185 saecula
3484 3133 3611 3198 post

1960 3227 2245 3281 decimum
2287 3225 2545 3294 scriptis,
2594 3228 2695 3278 aut
2735 3221 3045 3291 descriptis
3066 3232 3136 3275 ex
3177 3215 3608 3289 probatioribus

1960 3318 2017 3369 et
2060 3312 2549 3369 emendatioribus
2595 3309 2892 3379 exemplis.
2952 3308 3159 3363 Verum
3210 3306 3330 3359 haec
3367 3302 3607 3372 supple-

1963 3409 2151 3458 menta
2178 3402 2331 3457 notis
2357 3403 2414 3456 in
2449 3401 2607 3455 Vitas
2627 3412 2751 3454 esse
2772 3396 3108 3453 reservanda
3135 3393 3321 3448 satius
3338 3390 3502 3457 duxi,
3536 3402 3608 3445 ne

1962 3491 2297 3549 dissertatio
2324 3491 2381 3544 in
2426 3489 2638 3545 librum
2660 3488 3029 3550 excresceret,
3074 3482 3125 3536 si
3157 3485 3239 3535 tot
3264 3478 3604 3535 collationi-

1963 3581 2071 3637 bus
2106 3579 2459 3648 impleretur,
2502 3583 2603 3631 aut
2632 3574 2702 3629 ab
2737 3572 3007 3629 instituto
3035 3569 3284 3637 consilio
3314 3565 3606 3622 recederet

1963 3666 2313 3738 subjiciendi
2345 3665 2531 3721 oculis
2576 3663 2748 3718 unico
2788 3661 2995 3716 obtutu
3024 3670 3366 3715 consensum
3404 3668 3602 3712 eorum

1963 3757 2465 3821 monimentorum,
2491 3766 2616 3822 quae
2650 3750 2991 3821 proximitas
3021 3748 3190 3803 Urbis
3213 3745 3604 3802 emendatiora

1962 3854 2026 3903 ut
2038 3850 2511 3903 conservarentur
2527 3841 2714 3898 effecit
2726 3853 2826 3910 per
2845 3838 3074 3911 singula
3090 3836 3297 3892 saecula
3310 3832 3605 3890 aeracChri-

1961 3938 2181 3994 stianat.

2030 4032 2167 4086 Tres
2232 4042 2361 4085 vero
2419 4033 2557 4084 sunt
2615 4027 2846 4083 codices
2902 4022 3217 4078 lectionum
3293 4018 3601 4089 ejusmodi,

1961 4123 2162 4192 scripti
2206 4127 2336 4176 ante
2364 4133 2547 4175 annos
2590 4110 3043 4188 quadringentos
3075 4114 3134 4167 in
3183 4110 3529 4167 membranis
3547 4115 3606 4164 et

1962 4212 2211 4269 adhibiti
2248 4212 2307 4265 in
2333 4209 2573 4265 ecclesia
2607 4207 2745 4263 olim
2771 4203 3111 4273 cathedrali,
3143 4214 3296 4257 nunc
3324 4199 3606 4269 collegia-

214 4302 535 4357 rationibus
567 4310 884 4373 temporum
917 4303 1276 4374 consignatis
1302 4303 1362 4358 in
1402 4303 1643 4359 basilica
1668 4302 1852 4359 sancti
1880 4298 1935 4359 D
1965 4311 2043 4372 ta,
2064 4300 2445 4367 Ocriculensi,
2469 4300 2528 4353 in
2552 4310 2663 4367 qua
2681 4309 2863 4366 nuper
2881 4308 2984 4350 ase
3007 4297 3258 4364 repertos
3271 4290 3451 4345 fuisse
3468 4290 3607 4344 dum

213 4391 393 4457 Pauli,
414 4398 472 4447 et
502 4394 561 4448 in
587 4394 998 4448 vetustissimis
1014 4400 1185 4463 atque
1204 4392 1342 4448 Urbi
1368 4395 1648 4464 proximis
1676 4408 1855 4449 exem-

216 4484 471 4553 plaribus
504 4486 581 4540 ita
625 4486 1152 4555 perscriptis,‘cum
1184 4486 1363 4540 series
1390 4491 1445 4541 et
1485 4484 1855 4555 chronologia

211 4574 502 4630 coloribus
560 4588 827 4645 expressa
881 4580 1176 4645 supererat
1211 4574 1283 4629 ab
1324 4579 1487 4629 aetate
1532 4573 1853 4642 Liberiana,

215 4661 512 4734 Leoniana,
544 4670 602 4718 et
631 4664 838 4720 Felicis
867 4672 923 4720 et
958 4664 1291 4733 Hormisdze,
1330 4669 1387 4719 et
1409 4663 1658 4718 Formosi
1681 4662 1853 4716 etiam

216 4753 273 4808 in
301 4754 441 4809 aliis
466 4754 731 4809 basilicis
763 4753 1248 4823 patriarchalibus
1299 4754 1450 4808 intra
1475 4758 1531 4808 et
1554 4759 1713 4807 extra
1743 4752 1856 4805 Ur-

216 4841 360 4897 bem.
411 4846 689 4912 Attamen,
736 4850 801 4898 ut
829 4848 1099 4913 appareat
1152 4857 1264 4898 non
1293 4841 1548 4899 defuisse
1591 4842 1761 4897 etiam
1797 4842 1855 4895 in

219 4933 528 4999 provinciis
548 4938 708 4987 extra
728 4933 945 4987 Italiam
969 4932 1194 5002 aliquot
1212 4926 1597 5003 diligentesac
1620 4931 1858 4999 pruden-

218 5026 299 5074 tes
328 5026 646 5090 temporum
672 5020 1027 5090 collectores,
1061 5021 1161 5091 qui
1188 5020 1498 5075 identidem
1521 5019 1862 5074 transcribe-

218 5114 360 5178 rent,
406 5109 730 5165 conferrent
776 5117 949 5181 atque
989 5110 1355 5165 emendarent
1406 5123 1543 5165 suos
1565 5107 1862 5178 Catalogos

222 5198 285 5251 ad
339 5197 503 5253 ﬁdem
557 5198 762 5253 horum
811 5199 1307 5267 documentorum,
1343 5197 1403 5252 in
1453 5198 1716 5252 Romana:
1756 5198 1861 5250 Ec—

222 5285 406 5339 clesiae
430 5286 696 5341 basilicis
738 5286 1056 5357 unicuique
1096 5286 1413 5356 patentium
1462 5284 1643 5341 simili
1704 5296 1863 5353 cura,

226 5387 390 5441 quam
407 5374 674 5429 nonnulli
700 5387 769 5429 ex
796 5375 873 5429 iis
893 5374 1284 5429 adhibuerunt
1307 5375 1366 5429 in
1392 5374 1633 5429 vetustis
1653 5373 1870 5428 inscri—

226 5463 517 5530 ptionibus
535 5464 729 5520 Roma:
760 5463 1238 5535 transcribendis,
1260 5462 1684 5533 comprobatam
1711 5475 1743 5517 a
1768 5475 1874 5517 co—

1970 4396 2086 4449 haec
2116 4393 2511 4463 prolegomena
2540 4389 2784 4456 ederem,
2819 4387 2963 4441 mihi
3019 4383 3309 4441 nuntiavit
3341 4381 3608 4437 laudatus

1966 4486 2023 4538 P.
2060 4487 2303 4541 Joannes
2335 4480 2664 4553 Marangoni
2714 4478 2984 4534 Kalendis
3030 4474 3244 4535 Martii,
3276 4478 3334 4528 et
3360 4470 3608 4526 subinde

1964 4588 1997 4629 a
2028 4587 2113 4629 me
2142 4579 2373 4644 rogatus
2400 4577 2461 4627 ut
2490 4568 2811 4639 exemplum
2853 4567 3195 4637 dignaretur
3227 4557 3610 4616 transcribere

1965 4664 2296 4730 lectionum,
2320 4658 2748 4729 chronologiam
2780 4653 3130 4726 pontiﬁcium
3164 4646 3609 4718 continentium,

1966 4766 2068 4823 pro
2098 4763 2320 4805 summa
2366 4748 2724 4803 humanitate
2753 4759 2855 4801 sua
2890 4743 3050 4798 illico
3101 4755 3169 4797 ex
3197 4740 3273 4795 iis
3300 4737 3613 4807 diligenter

1966 4842 2163 4896 desum
2174 4844 2330 4907 ptum
2359 4837 2683 4891 transmisit
2711 4835 2771 4888 in
2788 4832 3032 4902 epistola
3052 4830 3218 4897 cujus
3240 4826 3475 4881 latinam
3496 4835 3612 4877 ver-

1970 4930 2188 4985 sionem
2218 4925 2384 4993 dabo,
2421 4930 2486 4978 ut
2523 4928 2796 4992 appareat
2854 4934 2921 4975 ex
2959 4919 3059 4973 illa
3087 4918 3382 4971 character
3423 4911 3612 4967 aetatis

1971 5018 2275 5086 scriptura:
2304 5011 2568 5069 codicum
2595 5010 2668 5065 ab
2705 5022 2772 5064 eo
2813 5011 3077 5063 accurate
3100 5002 3456 5059 observatus.
3488 5002 3615 5057 Haec

1975 5106 2158 5177 igitur
2177 5103 2245 5159 ad
2282 5115 2368 5157 me
2400 5097 2745 5171 perscribit:

2047 5213 2074 5245 α
2115 5194 2227 5248 Hac
2260 5192 2319 5247 in
2359 5188 2601 5246 ecclesia
2628 5185 2949 5257 collegiata,
2983 5182 3085 5239 ubi
3116 5181 3495 5239 concionibus
3525 5178 3619 5233 ha-

1975 5283 2181 5338 bendis
2224 5296 2323 5351 per
2374 5276 2869 5350 quadragesimam
2923 5274 3213 5343 incumbo,
3267 5270 3450 5340 reperi
3515 5279 3622 5322 va-

1979 5374 2100 5428 rios
2143 5372 2370 5427 codices
2411 5381 2637 5438 sacros,
2676 5366 2745 5421 ad
2791 5379 2958 5421 usum
3003 5362 3211 5419 veteris
3276 5354 3625 5414 cathedralis

1984 5462 2123 5517 olim
2168 5460 2460 5529 collectos,
2509 5458 2741 5530 gothica
2786 5457 3110 5513 litterarum
3145 5449 3328 5505 forma
3369 5443 3627 5515 peracri.-
