4048 6168
1245 227 1338 283 ΑΒ
1381 227 1816 300 AISASTASIUM
1866 224 2381 283 PROLEGOMENA
2435 228 2611 282 EDIT.
2665 226 3097 285 ROM.—VATIC.
3750 229 3849 286 280

471 355 639 420 ptos:
710 365 854 422 quos
930 352 1079 407 inter
1129 353 1506 419 Breviarium,
1574 358 1637 408 ut
1701 356 1925 418 vocant,
1986 352 2196 411 anteA
2294 349 2347 406 7.
2395 351 2497 407 His
2553 357 2738 408 autem
2793 355 3088 410 codicibus
3138 357 3270 411 utor
3315 369 3379 410 eo
3405 355 3697 412 lubentius
3747 371 3852 428 quo

467 450 650 495 annos
697 440 930 496 circiter
966 441 1434 512 quadringentos,
1491 440 1674 510 quoad
1709 441 1937 510 assequi
1976 454 2114 509 pos-
2222 438 2568 510 diligentius
2593 446 2819 497 exactos
2866 441 3048 497 fuisse
3068 443 3331 511 judicare
3354 457 3454 512 par
3477 444 3653 498 estad
3685 458 3855 499 exem-

471 540 622 582 sum.
660 533 974 583 exaratum.
1008 531 1066 584 In
1109 529 1212 584 illo
1253 529 1450 584 statim
1499 528 1790 584 observavi
1842 528 2113 583 lectiones
2226 526 2408 597 plaria
2434 529 2699 584 Ecclesia
2719 530 3017 600 Romana;
3052 535 3171 585 tum
3193 533 3327 601 quia
3352 531 3577 586 codices
3597 531 3664 586 ad
3695 546 3852 586 usum

469 618 797 671 sanctorum
816 617 1172 686 pontiﬁcum,
1197 631 1321 687 qua
1340 617 1909 688 insignitasuntnon
1928 617 2114 672 solum
2225 615 2571 672 cathedralis
2619 617 2872 672 ecclesia
2920 618 2979 672 in
3031 619 3258 689 regione
3307 618 3707 674 suburbicaria
3737 620 3855 674 sita

470 703 641 758 annis
667 704 991 760 earumdem
1023 705 1196 770 sedis,
1227 719 1419 761 verum
1446 706 1618 760 etiam
1652 704 2110 761 indicationibus
2221 705 2336 773 jam
2379 711 2500 760 tum
2550 705 2800 776 formati,
2833 707 2980 777 apud
3021 709 3274 762 eamdem
3306 707 3663 780 collegiatam
3713 721 3857 762 nunc

469 792 793 863 consulum,
823 794 924 864 qui
949 795 1172 849 eosdem
1190 807 1370 849 annos
1391 795 1715 866 signarunt.
1747 795 1964 849 Idcirco
1985 807 2115 849 cum
2225 793 2394 848 etiam
2416 795 2857 865 custodiuntur;
2885 801 3002 851 tum
3027 796 3158 865 quia
3180 796 3449 850 secundus
3469 809 3536 851 ex
3555 797 3860 852 manuscri-

472 881 856 936 meminissem
897 881 1237 952 diligentia,
1262 895 1432 951 quam
1476 887 1607 936 ante
1632 881 1853 952 aliquot
1895 895 2115 936 menses
2227 881 2343 950 ptis
2370 882 2684 938 afﬁrmatur
2721 885 3018 955 dispositus
3066 887 3361 940 secundum
3405 885 3682 938 rubricam
3721 886 3860 938 Fra-

470 967 790 1024 adhibuisti
842 969 900 1024 in
951 969 1194 1024 basilica
1224 970 1408 1025 sancti
1439 969 1621 1037 Pauli,
1653 983 1766 1040 quo
1797 977 1981 1025 tecum
2022 969 2113 1025 bis
2224 974 2368 1024 trum
2428 973 2701 1026 Minorum
2751 990 2895 1027 anno
2945 972 3101 1042 4354,
3161 975 3385 1045 vigente
3425 975 3588 1030 illius
3642 975 3862 1030 ordinis

472 1057 777 1113 concedere
814 1058 958 1113 mihi
991 1058 1239 1130 contigit
1267 1057 1604 1113 observandi
1642 1071 1833 1125 causa,
1858 1058 2113 1126 judicavi
2228 1060 2519 1130 instituto,
2572 1061 2667 1116 cui
2724 1062 3058 1132 seraphicus
3091 1065 3252 1119 Pater
3280 1069 3335 1118 et
3373 1064 3639 1119 conditor
3691 1063 3861 1133 legem

476 1144 620 1199 hanc
692 1146 957 1201 notitiam
1027 1144 1268 1202 fortasse
1330 1145 1687 1216 profuturam
1748 1147 1900 1202 notis
1974 1160 2116 1217 quas
2228 1148 2458 1217 tulerat,
2487 1149 2658 1203 etiam
2693 1155 3030 1206 testamento
3061 1153 3360 1221 ﬁrmatam,
3391 1157 3455 1206 ut
3481 1153 3606 1220 ejus
3660 1151 3864 1221 regula

472 1233 718 1291 adornas
779 1235 838 1290 in
885 1236 1277 1291 Anastasium.
1337 1237 1520 1305 Quare
1577 1250 1606 1290 a
1673 1239 1760 1291 me
1808 1236 2119 1307 diligenter
2230 1233 2575 1303 professores
2625 1245 2998 1294 sacrosancta
3023 1240 3286 1296 Romana
3317 1239 3580 1294 Ecclesia
3622 1253 3870 1295 consue-

473 1321 791 1394 descriptas
816 1325 1030 1393 accipe,
1061 1325 1374 1393 prasertim
1401 1325 1459 1379 in
1504 1325 1718 1380 litteris
1750 1338 2116 1380 numerorum
2229 1324 2460 1379 tudines
2491 1339 2556 1380 ac
2601 1326 2750 1382 ritus
2779 1329 3229 1402 diligentissime
3276 1332 3655 1386 custodirent.

477 1411 792 1478 indicibus,
824 1417 880 1468 et
905 1413 964 1466 in
999 1412 1331 1468 nominibus
1362 1414 1684 1481 consulum,
1717 1413 1944 1468 etiamsi
1976 1413 2121 1468 cha—
2298 1411 2350 1466 8.
2385 1413 2701 1470 Pramissis
2732 1416 3068 1472 notionibus
3117 1418 3387 1486 methodi,
3421 1419 3795 1488 expansionis
3821 1425 3870 1475 et

477 1505 721 1557 racteres
751 1502 1014 1558 codicum
1050 1502 1197 1557 unde
1226 1515 1320 1557 eas
1341 1502 1621 1571 descripsi
1655 1503 1774 1558 sint
1814 1504 2118 1559 admodum
2231 1502 2456 1556 ordinis
2499 1516 2530 1557 a
2581 1516 2669 1558 me
2717 1505 2980 1559 servandi
3044 1505 3103 1560 in
3160 1507 3522 1575 proponendo
3565 1508 3870 1577 archetypo

474 1589 707 1658 vetusti,
737 1603 840 1644 nec
878 1591 1316 1661 distinguantur
1348 1591 1915 1660 interpunctionibus
1959 1605 2122 1647 com—
2231 1589 2516 1662 Catalogo,
2549 1593 2698 1646 serie
2722 1599 2778 1648 et
2801 1594 3174 1666 chron010gia
3213 1595 3547 1664 pontiﬁcum
3582 1597 3868 1650 Romano-

476 1683 711 1746 matum,
745 1686 847 1734 aut
883 1680 1098 1736 litteris
1121 1678 1489 1752 capitalibus,
1539 1693 1638 1734 seu
1669 1681 2027 1752 majusculis,
2060 1686 2122 1738 ut
2152 1685 2205 1745 Β
2237 1694 2358 1735 rum
2389 1693 2456 1735 ex
2503 1681 2749 1749 picturis
2791 1684 3095 1738 Leonianis
3127 1683 3382 1738 basilica
3405 1683 3458 1737 S.
3509 1684 3694 1752 Pauli,
3725 1690 3782 1739 et
3812 1685 3867 1739 in

472 1772 694 1835 vocant,
743 1784 770 1817 n
802 1772 908 1824 etc.
2232 1768 2490 1824 addenda
2529 1769 2691 1825 illius
2736 1772 3221 1841 comprobatione,
3259 1773 3432 1842 petita
3485 1787 3552 1828 ex
3587 1773 3873 1844 Catalogis

544 1856 606 1909 In
650 1856 760 1912 ﬁne
812 1857 1031 1914 codicis
1058 1857 1296 1914 secundi
1330 1857 1592 1914 observat
1614 1858 1893 1928 adjectam
1938 1858 2120 1917 fuisse
2232 1858 2682 1928 probatioribus,
2730 1860 2879 1914 intra
2911 1867 2966 1915 et
2995 1866 3152 1915 extra
3185 1861 3408 1916 Italiam
3449 1863 3786 1932 custoditis,
3825 1867 3875 1916 et

473 1949 748 2016 epactam,
810 1945 1034 2002 litteras
1083 1947 1489 2019 Dominicales,
1545 1952 1602 2003 et
1653 1960 1920 2004 numeros
1973 1949 2118 2020 cycli
2232 1961 2330 2018 per
2354 1947 2656 2004 duodecim
2679 1955 2982 2006 consecuta
3007 1951 3214 2005 sacula
3247 1951 3312 2005 ad
3343 1964 3446 2007 nos
3469 1951 3866 2017 transmissis;

475 2032 684 2088 solaris
739 2047 836 2103 per
898 2047 1080 2091 annos
1128 2035 1337 2107 viginti
1387 2043 1537 2104 octo,
1589 2041 1998 2092 consecuturos
2051 2051 2121 2092 ex
2233 2051 2450 2095 necnon
2499 2040 2773 2108 producta
2802 2041 3011 2096 notitia
3042 2041 3305 2096 codicum
3339 2040 3553 2111 quibus
3590 2041 3871 2110 ejusmodi

473 2132 625 2176 anno
697 2119 834 2177 4307
894 2122 962 2178 ad
1037 2125 1532 2194 pranuntiandam
1603 2124 1956 2180 Dominicam
2023 2126 2120 2182 Se-
2233 2127 2380 2182 ratio
2435 2132 2752 2198 temporum
2815 2130 3208 2185 commendata
3273 2131 3344 2185 ad
3395 2143 3498 2186 nos
3556 2130 3873 2198 derivatur,

475 2209 844 2280 ptuagesinza
904 2211 1134 2282 aliaque
1204 2211 1347 2268 festa
1411 2213 1668 2269 mobilia.
1725 2212 1909 2280 Quare
1974 2230 2121 2285 pru—
2232 2217 2410 2285 ipsam
2447 2203 2655 2272 seriem
2712 2217 2966 2273 basilica
3019 2219 3341 2288 expandere
3385 2220 3499 2288 jam
3550 2219 3872 2290 aggrediar.

474 2295 675 2350 denter
697 2297 894 2368 arguit
934 2299 1282 2368 scripturam
1329 2301 1548 2357 codicis
1601 2316 1724 2358 esse
1749 2304 2118 2359 vetustiorem
2226 2304 2551 2360 Attribuam
2586 2307 2904 2376 unicuique
2934 2307 3192 2376 pontiﬁci
3241 2320 3410 2362 unam
3439 2320 3507 2362 ex
3532 2306 3764 2363 duabus
3796 2320 3881 2362 co-

476 2395 628 2440 anno
659 2381 816 2441 4307.
2229 2392 2465 2459 lumnis,
2515 2394 2729 2462 quibus
2755 2395 2999 2466 singula
3031 2397 3251 2466 pagina
3281 2401 3564 2450 constant.
3596 2397 3656 2448 In
3699 2409 3881 2465 supe-

547 2491 574 2524 α
605 2473 667 2527 In
701 2473 830 2543 ﬁne,
869 2472 1084 2545 inquit,
1131 2475 1307 2545 hujus
1333 2477 1552 2533 codicis
1581 2477 1861 2550 (secundi)
1908 2480 2120 2535 adsunt
2230 2481 2372 2536 riori
2402 2483 2527 2551 ejus
2561 2488 2717 2551 parte
2741 2483 3033 2539 collocabo
3063 2485 3430 2555 epigraphem
3461 2483 3626 2539 illius
3645 2483 3884 2554 pontiﬁ-

474 2561 656 2616 notati
691 2560 838 2630 dies,
873 2562 931 2616 in
965 2575 1110 2632 quos
1140 2564 1436 2620 Dominica
1481 2566 1922 2636 Septuagesima
1965 2567 2122 2622 inci-
2229 2570 2314 2624 cis
2331 2583 2398 2624 ex
2423 2570 2663 2626 Paulina
2689 2570 2930 2626 basilica
2955 2572 3031 2627 ita
3060 2572 3402 2641 descriptam
3433 2572 3648 2627 litteris
3676 2574 3885 2640 capita-

472 2645 607 2702 dere
679 2646 920 2703 debebat
983 2662 1082 2718 per
1131 2654 1260 2705 octo
1328 2650 1537 2722 viginti
1603 2665 1802 2719 annos,
1855 2655 2118 2724 sequenti
2231 2658 2373 2711 libus
2401 2659 2674 2728 rotundis,
2729 2664 2830 2714 aut
2871 2660 3178 2730 inclinatis,
3235 2665 3299 2715 ut
3327 2662 3587 2730 capitales
3632 2659 3887 2712 rotunda

477 2735 674 2791 modo:
1019 2743 1029 2750 ‘
2233 2745 2490 2800 indicent
2509 2745 2864 2802 characteres
2888 2748 2946 2802 in
2978 2761 3042 2802 ea
3064 2748 3303 2803 basilica
3331 2749 3519 2802 adhuc
3539 2749 3886 2817 superstites

543 2840 616 2894 M.
661 2839 698 2895 l.
738 2854 855 2898 ccc.
894 2843 976 2899 vii
1007 2847 1262 2902 -χνί
1287 2859 1338 2900 a,
1382 2861 1439 2902 χ,
1475 2849 1660 2902 stante
1706 2849 1978 2905 Januario
2230 2834 2546 2902 etquidem
2584 2835 2641 2889 in
2670 2835 2845 2889 veteri
2881 2840 3181 2905 prototypo
3229 2836 3555 2903 Leoniano;
3595 2835 3885 2888 inclinata

545 2907 621 2991 liti.
663 2910 701 2966 l.
732 2915 1153 2991 _ccc._viii-——-
1168 2918 1324 2972 xxvii
1353 2933 1404 2988 g.
1438 2917 1474 2972 f.
1508 2919 1589 2973 xi.
1617 2920 1868 2976 lntrante
1888 2922 1981 2975 Fe-
2232 2935 2354 2974 vero
2397 2923 2676 2990 capitales,
2731 2937 2873 2991 quas
2921 2928 3124 2978 vocant
3167 2924 3500 2977 characteres
3524 2923 3731 2983 Italici,
3781 2922 3890 2976 de-

547 2979 805 3051 “uario,
839 2988 946 3040 θίθ·
1355 2979 1385 2988 ν
2150 3006 2199 3067 C
2236 2979 2554 3064 monstrent
2570 2979 2965 3079 supplementa
2987 3011 3148 3066 illius
3172 2979 3885 3082 epigraphisvetustioris,

477 3084 581 3154 qui
612 3085 967 3145 characteres
988 3103 1099 3146 non
1127 3097 1265 3149 sunt
1294 3095 1547 3162 ejusdem
1582 3110 1783 3152 manus
1810 3110 1921 3168 qua
1948 3098 2123 3153 codex
2233 3097 2410 3166 petita
2465 3111 2533 3152 ex
2574 3098 2788 3153 litteris
2836 3099 3253 3168 superstitibus
3307 3098 3477 3153 seriei
3539 3098 3890 3152 recentioris

478 3169 595 3227 fuit
622 3180 912 3246 exaratus,
942 3191 1044 3234 nec
1069 3181 1262 3236 eodem
1301 3188 1619 3239 atramento
1658 3184 1906 3241 formati.
1937 3185 2123 3252 Quare
2234 3184 2446 3239 ibidem
2495 3187 2733 3254 depicta
2763 3186 2871 3242 sub
2924 3187 3157 3242 Nicolao
3207 3187 3394 3240 tertio.
3444 3187 3680 3240 Lacuna
3727 3197 3887 3244 vero.

479 3260 636 3317 credi
686 3268 868 3332 potest
897 3267 1149 3323 codicem
1190 3267 1372 3326 fuisse
1425 3272 1705 3342 scriptum
1749 3279 1880 3328 ante
1908 3286 2121 3329 annum
2233 3285 2476 3342 quarum
2525 3275 2919 3343 supplementa
2948 3288 3046 3344 per
3071 3280 3332 3330 neutram
3355 3288 3425 3330 ex
3466 3274 3586 3329 illis
3616 3273 3892 3328 seriebus

481 3344 638 3404 4307.
670 3367 697 3400 »
2233 3361 2457 3429 (Leonis
2486 3362 2795 3432 etNicolai)
2818 3362 3013 3418 haberi
3034 3368 3292 3433 possunt,
3319 3362 3546 3432 quando
3570 3361 3891 3431 utrobique

548 3439 628 3494 De
655 3441 812 3498 tertii
835 3443 1054 3500 codicis
1079 3449 1241 3502 atate
1267 3446 1466 3504 nullus
1490 3453 1579 3504 est
1604 3448 1909 3505 dubitandi
1941 3447 2122 3518 locus,
2234 3448 2554 3502 exciderint
2595 3449 2970 3519 characteres,
3004 3450 3335 3520 accipienda
3365 3463 3488 3504 esse
3515 3449 3803 3504 duximus
3824 3461 3894 3502 ex

481 3539 612 3582 cum
681 3528 1066 3589 observaverit
1120 3537 1211 3590 vir
1247 3535 1610 3592 clarissimus
1642 3542 1768 3606 post
1827 3534 2012 3592 oﬁicia
2057 3537 2128 3592 de
2235 3537 2524 3608 Catalogis
2557 3538 2810 3609 regionis
2831 3539 3251 3594 suburbicaria
3279 3538 3469 3608 (liceat
3503 3537 3607 3592 hoc
3647 3538 3893 3591 nomine

483 3620 738 3688 tempore
769 3619 914 3676 hanc
936 3623 1048 3696 legi
1086 3626 1446 3694 periocham:
2239 3630 2475 3693 quatuor
2515 3625 2647 3681 illos
2692 3627 3000 3696 appellare,
3029 3627 3128 3696 qui
3174 3626 3418 3697 integris
3447 3627 3504 3679 in
3534 3625 3893 3694 inscriptio-

558 3726 584 3757 «
626 3709 878 3778 Explicit
903 3711 1251 3770 breviarium
1297 3717 1613 3774 secundum
1665 3717 1952 3774 rubricam
1983 3718 2129 3773 Fra—
2240 3712 2414 3768 nibus
2439 3727 2568 3768 cum
2620 3714 2861 3769 Paulina
2891 3716 3039 3769 serie
3074 3714 3385 3769 concordes
3417 3713 3625 3782 reperti
3653 3718 3804 3766 sunt
3840 3713 3897 3765 in

483 3798 634 3848 trum
656 3796 962 3870 Minorum,
983 3806 1265 3872 scriptum
1287 3820 1456 3862 manu
1475 3810 1707 3877 propria
1727 3807 1910 3876 Dopni
1932 3806 2124 3862 Jacobi
2238 3803 2514 3876 Farfensi,
2541 3808 2893 3878 Cavensique
2922 3807 3182 3872 ecclesia,
3214 3806 3273 3860 in
3317 3803 3552 3859 Lucensi
3579 3805 3636 3856 et
3663 3802 3724 3855 in
3753 3803 3903 3855 Ber-

481 3886 808 3944 Joannisde
827 3891 1041 3947 Narnia
1061 3893 1880 3954 subannoDominimilleccc.
1909 3898 2122 3969 liiij.7.
2238 3894 2517 3966 gomate):
2565 3912 2688 3966 qua
2736 3897 3130 3966 supplementa
3157 3895 3494 3962 minusculis,
3541 3897 3602 3947 ut
3657 3893 3899 3954 vocant,

487 3985 677 4030 mense
696 3975 873 4032 Madii
899 3979 994 4034 die
1017 3982 1175 4036 xxix.
1209 3983 1322 4038 Deo
1352 3986 1590 4055 gratias.
2237 3987 2637 4041 character-ibus
2661 3988 2914 4040 rotundis
2951 3987 3259 4042 indicanda
3295 3998 3419 4040 esse
3455 3981 3740 4053 judicavi,
3780 3992 3903 4050 quo

1019 4090 1046 4122 α
1086 4070 1282 4127 Amen.
1334 4073 1532 4128 Amen.
1570 4094 1594 4124 ι)
2240 4075 2498 4142 apertius
2536 4075 2965 4145 signiﬁcaretur
3013 4074 3232 4130 lacuna
3295 4073 3545 4143 spatium
3595 4069 3675 4124 ibi
3734 4080 3905 4123 nunc

556 4155 764 4212 Prater
788 4158 892 4214 hos
917 4161 1143 4218 codices
1169 4164 1415 4233 scriptos
1433 4165 1763 4221 divinorum
1791 4166 2126 4237 ofﬁciorum,
2242 4176 2555 4232 superesse,
2586 4164 2685 4218 ubi
2709 4164 2847 4218 olim
2880 4165 3102 4220 litteras
3126 4165 3420 4218 exstitisse
3450 4163 3594 4217 idem
3628 4160 3903 4228 spatium

488 4242 700 4301 ibidem
731 4250 944 4319 reperit
973 4258 1135 4308 vetus
1166 4252 1541 4326 Breviarium,
1575 4257 1824 4326 gothicis
1849 4257 2136 4315 characte.
2157 4318 2202 4326 _
2242 4253 2511 4324 declarat,
2541 4259 2598 4308 et
2622 4256 2938 4310 auctoritas
2967 4256 3217 4312 aliorum
3247 4253 3663 4322 Catalogorum,
3700 4249 3768 4303 in
3821 4262 3912 4304 re-

488 4334 671 4402 ribus,
705 4342 768 4392 ut
796 4318 1021 4408 vocant,
1051 4342 1394 4411 impressum
1426 4318 1682 4400 Venetiis
1709 4345 1778 4401 ab
1808 4347 2031 4404 Andrea
2059 4350 2129 4404 de
2157 4318 2212 4380 D
2243 4342 2423 4414 liquis
2465 4348 2850 4417 consentiens,
2891 4355 2947 4404 et
2989 4349 3124 4404 huic
3149 4347 3336 4417 spatio
3363 4344 3770 4403 convenientes
3795 4355 3911 4396 as-

484 4423 816 4481 Torresanis
845 4427 914 4483 de
943 4428 1121 4486 Asula
1148 4431 1244 4486 die
1267 4429 1336 4487 20
1353 4434 1512 4489 Junii
1564 4431 1723 4504 4494,
1755 4435 2029 4506 in—folio;
2067 4439 2124 4492 in
2237 4435 2474 4505 signans
2497 4437 2719 4492 litteras
2765 4454 2891 4508 qua
2922 4439 3268 4495 inserantur.

484 4525 600 4581 quo
624 4526 752 4568 cum
784 4516 1154 4589 assignentur
1182 4521 1304 4577 sedi
1342 4523 1674 4592 pontiﬁcum
1714 4525 1872 4593 anni,
1909 4539 2127 4582 menses
2306 4527 2625 4598 Archetypo
2654 4529 2837 4600 igitur
2861 4530 3201 4584 documento
3222 4531 3394 4586 seriei
3419 4534 3476 4585 et
3494 4525 3911 4597 chronologia

486 4615 552 4658 ac
568 4603 714 4674 dies,
740 4603 1145 4678 etplerumque
1167 4617 1551 4667 memorentur
1571 4613 1744 4668 etiam
1763 4615 2121 4684 consulatus,
2238 4618 2593 4687 pontiﬁcum,
2635 4633 2704 4674 ex
2740 4619 3060 4688 parietibus
3085 4621 3137 4673 Β.
3183 4619 3344 4674 Pauli
3394 4620 3472 4674 ita
3522 4619 3908 4686 deprompto,

483 4703 597 4746 non
624 4690 1016 4764 discrepantes
1044 4697 1114 4751 ab
1135 4701 1424 4768 expressis
1453 4700 1512 4754 in
1546 4701 1832 4772 Catalogis
1861 4703 2124 4759 Ecclesia
2236 4707 2498 4777 suppleto
2515 4708 3192 4778 etrecognito,addentur
3208 4707 3602 4763 aliasubsidia
3626 4706 3912 4776 regionis

481 4779 766 4852 Romana,
817 4783 988 4854 hujus
1036 4787 1208 4843 etiam
1267 4789 1534 4859 impressi
1587 4792 1807 4847 codicis
1846 4793 2124 4848 rationem
2235 4795 3911 4866 suburbicaria,nempechronologiainlibrisdivinorum

481 4867 796 4928 habendam
827 4886 950 4930 esse
975 4875 1138 4946 duxi,
1169 4877 1409 4948 ejusque
1433 4881 1828 4937 testimonium
1867 4896 1990 4937 esse
2013 4896 2127 4937 an—
2235 4885 2550 4942 oﬁiciorum
2575 4893 2686 4942 tam
2713 4887 2951 4955 scriptis
2974 4901 3042 4942 ex
3058 4886 3266 4942 saculo
3292 4900 3421 4954 xm,
3451 4899 3618 4956 quam
3647 4886 3722 4940 im
3734 4897 3921 4954 pres-

479 4962 817 5018 nectendum
871 4963 1342 5034 pracedenlibus.
1391 4977 1454 5024 ut
1492 4969 1812 5026 luculenter
1856 4978 2124 5041 appareat
2234 4975 2318 5029 sis
2346 4980 2476 5030 ante
2496 4974 2661 5030 ﬁnem
2693 4975 2903 5029 decimi
2932 4975 3145 5045 quinti,
3171 4988 3433 5044 expressa
3461 4988 3557 5043 per
3576 4987 3914 5029 numerum

479 5046 764 5106 laudatam
791 5052 1220 5127 chronologiam
1250 5054 1431 5114 fuisse
1455 5064 1784 5116 constanter
1801 5061 2122 5116 adhibitam
2232 5076 2512 5117 annorum
2544 5064 2825 5118 mensium
2853 5077 2917 5118 ac
2940 5065 3186 5132 dierum,
3235 5069 3291 5118 et
3318 5077 3414 5133 per
3438 5061 3740 5118 consules:
3790 5063 3918 5119 ubi

477 5140 534 5190 et
573 5136 825 5205 publicis
873 5146 1257 5201 monumentis
1289 5140 1688 5213 insertam,‘et
1729 5150 2121 5206 ecclesiastico
2232 5165 2363 5206 vero
2414 5151 2733 5207 incidamus
2768 5152 2827 5206 in
2879 5151 3203 5220 pontiﬁcem
3255 5153 3422 5220 cujus
3467 5151 3750 5206 lectiones
3793 5158 3922 5206 aut

477 5231 903 5281 auctoramento
949 5229 1231 5287 ﬁrmatam
1262 5233 1410 5302 (nam
1445 5235 1580 5288 talis
1606 5237 1924 5293 auctoritas
1950 5239 2122 5294 codi-
2232 5239 2440 5295 festum
2469 5239 2545 5311 iis
2573 5239 2630 5293 in
2649 5239 2947 5294 codicibus
2966 5252 3076 5295 non
3098 5240 3436 5308 reperiatur.
3462 5239 3581 5293 sive
3603 5239 3739 5292 anni
3776 5253 3922 5297 non

476 5311 644 5368 cibus
666 5312 736 5368 ad
765 5325 880 5367 rem
911 5315 1166 5372 divinam
1199 5322 1536 5389 prescriptis
1584 5327 1641 5375 et
1673 5323 1970 5393 impressis
2008 5341 2122 5396 pra
2232 5330 2566 5393 recitantur,
2627 5327 3096 5398 subrogabantur
3127 5327 3456 5382 testimonia
3485 5326 3922 5398 chronologiae

475 5401 697 5456 cateris
718 5400 1045 5473 adhibetur)
1069 5417 1137 5458 ex
1153 5413 1356 5475 quarto
1377 5408 1592 5465 Christi
1621 5412 1831 5468 saculo
1857 5414 1924 5468 ad
1952 5415 2118 5470 ﬁnem
2231 5416 2467 5470 collecta
2497 5429 2566 5470 ex
2591 5417 2730 5471 aliis
2757 5417 3042 5487 Catalogis
3067 5416 3503 5485 antiquioribus
3531 5420 3588 5470 et
3613 5415 3927 5486 castiga“

475 5488 685 5544 decimi
714 5490 931 5560 quinti.

2328 5503 2499 5573 ribus,
2524 5507 2837 5574 prasertim
2865 5520 2932 5561 ex
2956 5507 3077 5562 illis
3103 5519 3248 5576 quos
3269 5505 3477 5574 Pagius
3512 5502 3808 5572 produxit
3836 5520 3926 5562 ex
