4060 6176
261 195 361 255 284
414 252 421 259 ,
1080 199 1447 268 BLANCHINI
1482 201 1783 258 DISSERT.
1822 205 1915 261 DE
1951 204 2106 262 ANT.
2150 209 2261 263 RR.
2310 208 2504 266 PONT.
2547 209 2881 268 CATALOG.

264 324 625 381 bibliotheca
652 322 1002 393 Colbertina,
1027 326 1277 397 scriptos
1307 328 1460 383 circa
1490 332 1709 385 aetatem
1739 327 1929 386 Caroli
1955 327 2013 385 A

261 415 497 484 Magni;
542 426 643 468 nec
688 425 800 469 non
850 414 1030 470 abiis
1058 430 1204 485 quos
1248 417 1529 486 proximis
1575 430 1609 471 a
1654 417 1921 474 Carolino

270 503 522 572 imperio
571 502 804 558 saeculis
865 510 1129 560 exaratos
1203 519 1268 560 ex
1326 505 1597 562 Vaticana
1667 507 1922 578 vulgavit

264 590 735 661 Schelestratius,
761 605 875 647 una
890 606 1021 647 cum
1048 593 1486 661 vetustioribus,
1511 594 1643 649 inde
1665 608 1764 664 per
1791 608 1920 651 eum

266 684 323 735 et
345 677 615 749 prolatis,
647 684 704 735 et
724 680 876 735 inter
898 680 1017 735 haec
1049 680 1447 752 prolegomena
1475 682 1697 738 recusis
1715 695 1912 753 supra.

604 867 892 929 SERIES
936 868 1582 931 CHRONOLOGICA

428 983 1060 1092 POITIPICUM
1140 984 1777 1094 ROMARORUM

342 1159 393 1204 Α
428 1157 487 1202 S.
533 1156 744 1202 PETBO
782 1156 1111 1202 APOSTOLO
1150 1158 1237 1203 AD
1278 1156 1334 1202 S.
1386 1158 1844 1207 INNOCENTIUM

560 1237 821 1281 PRIMUM
852 1237 1198 1282 FIDELITER
1233 1238 1584 1284 DESUMPTA

263 1323 445 1384 Tum
471 1336 555 1381 ea:
592 1318 1085 1399 cetustissimis
1111 1318 1533 1399 imaginibus
1560 1324 1625 1383 et
1665 1321 1928 1386 inscri-

335 1398 724 1482 ptionibus,
771 1413 913 1482 me
964 1415 1114 1482 eum
1157 1398 1654 1482 ηιτιιςίυρ-ορθθῖα
1697 1403 1927 1482 Sancti

349 1477 598 1541 'Leonis
625 1477 872 1556 Magni
891 1477 1111 1557 pictis
1154 1478 1235 1540 in
1276 1477 1561 1542 basilica
1587 1479 1661 1542 δ’.
1705 1481 1926 1544 Pauli

344 1559 472 1640 pia
509 1557 847 1640 Ostiensi;
898 1560 1044 1640 tam
1068 1573 1149 1640 ea;
1184 1559 1692 1640 recentioribus,
1724 1558 1924 1640 infra

346 1636 531 1726 illas
543 1636 777 1726 eadem
802 1637 881 1698 in
908 1636 1189 1700 ecclesia
1219 1636 1470 1718 pocitis
1488 1636 1699 1718 jussu
1718 1636 1925 1703 Nico—
1952 1665 2007 1726 Β

348 1716 459 1780 lai
483 1717 631 1779 III.

922 1808 1265 1865 ρΟΝΡῙΗΜΛἸΆ

270 1895 347 1945 Ex
384 1893 654 1943 codicibus
688 1895 739 1942 et
781 1891 1041 1952 Catalogis
1074 1893 1486 1954 praestandorum
1512 1892 1838 1943 archivorum
1872 1898 1923 1943 et

425 1955 859 2005 bibliothecarum
892 1957 995 2003 tam
1026 1955 1159 2003 intra
1189 1968 1345 2018 quam
1377 1959 1518 2005 extra
1553 1955 1769 2005 Italiam.

570 2134 1124 2200 BLANC’HINI
1151 2136 1622 2199 MONITUM.

335 2237 424 2293 Ne
450 2247 625 2305 cogar
652 2234 722 2289 ad
753 2232 1050 2305 columnas
1069 2232 1332 2305 singulas
1364 2233 1538 2302 hujus
1567 2234 1737 2289 seriei
1771 2248 1923 2305 repe-

266 2315 393 2364 tere
435 2303 706 2361 notitiam
746 2304 1008 2360 codicum
1054 2310 1111 2359 et
1138 2303 1559 2376 Catalogorum.
1611 2303 1924 2376 eorumque

265 2378 466 2434 atatis
486 2382 662 2446 atque
690 2376 992 2442 scripturae
1031 2375 1343 2446 producere
1368 2376 1717 2442 testimonia,
1751 2375 1923 2432 semel

268 2451 327 2505 in
364 2445 581 2519 prasto
606 2447 663 2519 in
689 2451 1065 2519 antecessum.
1089 2445 1306 2519 Aptavi
1326 2446 1641 2519 unicuique
1661 2448 1851 2519 codici
1870 2452 1927 2502 et

263 2514 545 2588 Cat'alogo
570 2516 951 2588 signiﬁcando
978 2516 1228 2588 litteram
1254 2514 1694 2588 alphabeti’quze
1726 2517 1785 2572 in
1808 2518 1927 2574 sin-

267 2591 435 2662 gulis
478 2586 789 2662 columnis,
844 2587 963 2662 ubl_
998 2586 1660 2662 reperietur,_indicabit
1706 2601 1927 2658 semper

265 2657 536 2717 éumdem
569 2658 822 2713 codicem
844 2664 900 2713 et
926 2657 1278 2729 Catalogum,
1302 2657 1543 2727 ejusque
1566 2663 1811 2729 aetatem,
1834 2657 1924 2716 uti

271 2734 372 2787 hic
408 2742 696 2786 recenseo.

339 2818 378 2855 a
404 2800 718 2873 Catalggus
754 2804 842 2873 est
879 2798 1074 2873 quarti
1103 2797 1299 2873 saeculi
1342 2796 1450 2873 sub
1499 2797 1726 2873 Liberio
1758 2813 1922 2873 papa,

264 2872 468 2928 editus
498 2884 531 2925 a
576 2868 857 2926 Bucherio
898 2868 954 2925 et
981 2883 1013 2923 a
1041 2868 1467 2941 Schelestratio,
1514 2868 1777 2941 idemque
1808 2868 1926 2926 lin-'-

267 2956 515 3013 pressus
540 2953 717 3013 supra
749 2941 899 3013 inter
930 2940 1047 2995 ὴεεα
1077 2940 1492 3013 Prolegomena.

344 3015 377 3068 b
404 3012 716 3080 Catalogus
758 3012 904 3066 sexti
955 3010 1150 3066 saaculi
1175 3025 1243 3065 su

265 3082 688 3140 Schelestratio
716 3095 784 3137 ex
820 3081 1170 3137 bibliotheca
1200 3093 1317 3152 reg.
1351 3081 1539 3136 Suec..
1573 3095 1729 3138 nunc
1759 3083 1925 3140 Vati-

266 3168 410 3210 cans
439 3153 849 3209 Alexandrina.

267 3274 300 3316 c
329 3260 369 3316 d
389 3273 421 3315 e
451 3257 496 3313 f.
524 3258 743 3314 Codices
790 3263 841 3313 et
877 3257 1126 3326 Catalogi
1173 3260 1615 3315 bibliothecan
1657 3263 1709 3315 et
1735 3260 1925 3317 archi-

895 3345 1085 3384 vorum
1106 3331 1303 3385 Italiae.

346 3436 375 3474 ο
396 3419 709 3491 CataIOgus
752 3419 1166 3489 Bergomensis,
1199 3420 1392 3476 editus
1420 3434 1453 3476 a
1497 3419 1921 3491 Schelestratio,

276 3496 332 3545 et
352 3491 451 3545 hic
475 3492 669 3546 denuo
690 3504 867 3546 cusus
896 3503 1092 3561 supra,
1124 3492 1452 3561 descriptus
1493 3492 1601 3546 sub
1631 3492 1730 3547 Pio
1759 3494 1824 3561 ll,
1856 3506 1926 3548 ex

278 3563 449 3633 veteri
481 3562 683 3617 codice
711 3574 990 3617 annorum
1028 3560 1158 3633 800,
1183 3560 1474 3632 spectante
1516 3564 1586 3617 ad
1614 3560 1923 3619 Ecclesiam

276 3632 731 3703 Bergomensem.
1689 3650 1693 3655 '

346 3702 716 3773 d’Catalogus
752 3703 1018 3760 Cavensi:
1048 3717 1117 3760 ex
1154 3704 1351 3761 codice
1380 3704 1922 3774 undecimisaeculi,

277 3772 579 3845 desinente
610 3772 670 3827 in
692 3775 965 3845 Gregorio
994 3778 1106 3845 Vll,
1137 3788 1171 3831 a
1195 3775 1362 3831 nobis
1394 3775 1588 3831 editus
1611 3773 1781 3829 infra.

344 3859 372 3898 e
396 3843 709 3916 Catalogus
756 3843 1043 3902 Farfensis
1090 3843 1159 3903 ex
1201 3847 1399 3902 codice
1433 3860 1532 3915 per
1559 3846 1832 3902 sieculum
1863 3859 1923 3902 xx

278 3916 631 3984 transcripto
647 3928 713 3971 ex
735 3918 1057 3989 vetustiori,
1083 3916 1235 3973 infra
1259 3917 1436 3972 calend
1448 3931 1513 3972 us
1536 3917 1629 3973 his
1652 3917 1712 3972 in
1743 3917 1928 3973 Prole-

280 3998 557 4055 gomems.

343 4060 379 4125 Γ
397 4059 710 4130 Catalogus
738 4060 1029 4131 Lucensis.
1058 4063 1141 4117 Ita
1161 4061 1386 4131 appello
1404 4074 1532 4117 eum
1551 4074 1719 4131 quem
1748 4074 1924 4131 supra

1522 3012 1611 3079 IV,
1650 2984 1843 3068 editus
1892 3025 1926 3068 a
1956 2983 2005 3045 Ο
2106 2985 2142 3079 ξ
2213 2967 2478 3079 Belgi“?
2529 2966 2898 3066 ΡδνθΡνοθδίί

3571 217 3683 276 282

2340 332 2443 381 Alii
2467 334 2676 382 codices
2702 334 2937 384 ecclesiae
2973 336 3362 389 suburbicariaz.

2042 427 2076 483 p
2102 427 2138 482 q
2164 427 2192 467 r
2211 427 2238 467 s
2287 412 2504 467 Codices
2536 419 2774 482 quatuor
2801 416 2877 468 ad
2913 431 3073 469 usum
3102 420 3252 472 chori
3277 422 3506 475 ecclesiae
3534 438 3680 477 nunc

2105 484 2419 606 collegium,
2447 485 2573 539 olim
2601 486 2951 552 cathedralis,
2975 487 3331 552 Ocriculanae,
3350 498 3475 559 post
3503 508 3681 547 saecu—

2130 569 2220 606 um
2250 568 2355 606 xu.

2130 569 2220 607 um
2250 568 2355 609 XII.

2096 657 2139 710 p
2170 643 2562 718 Lectionarius
2581 642 2729 699 liber
2750 644 3232 715 membranaceus,
3255 647 3510 718 scriptus
3526 649 3679 706 circa

2033 710 2202 766 tinem
2225 714 2423 768 saeculi
2452 728 2578 769 χιιι.

2105 799 2138 850 q
2171 784 2566 859 Lectionarius
2605 785 2751 859 alter
2794 786 3277 859 membranaceus,
3322 790 3490 859 cujus
3528 791 3683 847 scri-

2034 856 2216 922 pturaa
2244 855 2456 922 epocha
2489 857 2756 925 pra-cedit
2785 871 2997 913 annum
3030 857 3184 914 4308.

2100 939 2133 976 r
2158 925 2802 1000 fertiusLec-tionarius
2827 929 3014 983 aetatis
3041 935 3099 984 et
3116 930 3420 1000 scripturae
3442 931 3678 989 similis.

2103 1008 2127 1046 s
2159 994 2509 1052 Breviarlum
2573 998 2910 1067 impressum
2947 999 3197 1055 Venetiis
3242 994 3315 1056 ab
3351 1002 3577 1058 Andrea
3610 1004 3683 1060 de

2030 1063 2365 1122 Torresanis
2394 1067 2465 1123 de
2493 1063 2670 1123 Asula
2686 1066 2756 1124 20
2783 1071 2942 1124 Junii
2980 1068 3136 1125 4494.

2104 1153 2453 1230 Supersedeo
2472 1155 3340 1230 abaliis‘codicibusall‘erendis,
3362 1162 3679 1230 praesertim

2038 1224 2354 1348 imlpressis,
2381 1232 2446 1280 ut
2473 1227 2527 1281 in
2555 1227 2629 1281 iis
2660 1227 2863 1282 sistam
2886 1229 2985 1301 qui
3013 1230 3082 1283 ad
3106 1244 3273 1286 usum
3303 1224 3674 1290 ecclesiarum

2038 1295 2112 1348 Ur
2159 1296 2172 1348 i
2200 1297 2593 1348 proximarum
2614 1297 3055 1348 adhibebantur.

2035 1295 2172 1349 Urbi
2198 1297 2593 1365 proximarum
2614 1295 3055 1355 adhibebantur.

2747 1393 2955 1407 ——-

2838 1435 2880 1487 Ι.

2461 1522 2517 1576 S.
2558 1522 2819 1577 PETRUS
2855 1522 3264 1580 APOSTOLUS.

2105 1608 2339 1663 Pictura
2363 1613 2586 1664 vetusta
2604 1612 2665 1663 in
2699 1612 2925 1665 basilica
2945 1612 3005 1666 S.
3030 1613 3194 1666 Pauli
3224 1615 3331 1668 Via
3355 1612 3607 1668 Ostiensi.

2555 1700 2595 1766 ᾧ
2707 1704 2997 1768 petrus

2787 1789 2935 1845 sed

2672 1902 2681 1909 ι
2767 1877 2953 1931 ΑΝΝ

2754 1964 2960 2020 XXV

2766 2061 2942 2138 in

2732 2172 2981 2228 D.VII

2108 2272 2143 2310 a
2216 2258 2468 2332 CataIOg.
2519 2259 2704 2316 Liber.
2744 2274 2879 2315 ann.
2990 2258 3062 2317 25
3136 2273 3315 2317 mens.
3394 2259 3418 2316 4
3489 2261 3615 2319 dies
3645 2260 3699 2342 9⁸

2109 2346 2140 2399 b
2211 2346 2389 2403 Catal.
2422 2348 2631 2405 Felicis
2653 2350 2721 2405 ιν
3004 2348 3076 2406 25
3394 2347 3433 2405 2
3646 2350 3682 2408 3

2413 2439 2659 2506 Catalogi
2686 2454 2755 2493 ea:
2790 2440 3062 2493 codicibus
3103 2441 3299 2495 Italiae.

2108 2542 2135 2579 c
2207 2524 2460 2598 Catalog.
2498 2527 2750 2597 Bergom.
3005 2525 3073 2584 ὢ

2107 2616 2146 2669 d
2216 2614 2488 2671 Cavensis

2108 2720 2136 2759 e
2211 2703 2499 2759 Farl‘ensis

2105 2795 2143 2860 f
2206 2791 2481 2848 Lucensis

2305 2880 2553 2948 Catalogi
2573 2895 2640 2933 em
2663 2880 2939 2935 codicibus
2967 2887 3125 2936 extra
3163 2883 3405 2937 Italiam.

3005 2525 3079 2584 25

3003 2614 3075 2671 25

3006 2702 3078 2760 25

3004 2790 3076 2848 25

3396 2527 3434 2584 2

3400 2614 3423 2671 4

3396 2703 3433 2761 2

3397 2792 3434 2849 2

3646 2527 3683 2584 8

3643 2616 3681 2673 5

3644 2702 3681 2761 7

3645 2791 3680 2849 7

2107 3056 2144 3109 h
2216 3054 2581 3111 Colbertinus
2605 3056 2828 3124 primus
3007 3055 3081 3113 25
3403 3056 3427 3112 4
3648 3057 3686 3114 8

2107 3145 2129 3196 i
2341 3174 2411 3183 —
2592 3143 2881 3200 secundus
3010 3142 3083 3201 25
3400 3144 3439 3201 2
3650 3145 3687 3203 3

2108 3232 2140 3285 k
2335 3260 2406 3270 —
2587 3231 2796 3287 tertius
3010 3231 3083 3289 25
3401 3232 3439 3289 2
3649 3231 3687 3288 8

2106 3319 2126 3372 ι
2337 3348 2410 3359 -
2588 3323 2832 3389 quartus
3010 3318 3082 3376 25
3404 3321 3428 3375 4
3650 3317 3686 3375 7

2103 3423 2159 3462 m
2335 3438 2409 3448 —
2588 3409 2831 3479 quintus
3009 3406 3083 3464 25
3402 3406 3439 3463 2
3650 3408 3688 3464 8

2106 3513 2145 3551 η
2336 3529 2406 3538 —-
2598 3503 2798 3553 sextus
3010 3494 3082 3551 25
3404 3493 3427 3551 4
3647 3493 3684 3552 7

2107 3601 2138 3638 o
2334 3616 2403 3624 —
2584 3585 2864 3654 septimus
3010 3582 3082 3639 25
3400 3583 3436 3640 3
3649 3583 3686 3641 7

2314 3674 2605 3729 Consulum
2651 3675 2819 3744 paria
3279 3676 3421 3728 Era
3449 3672 3675 3729 Christi.

2110 3764 2191 3818 Ex
2215 3776 2359 3818 coss.
2400 3762 2626 3818 Vinicio
2656 3768 2713 3818 et
2738 3761 2993 3833 Longino
3614 3760 3686 3819 29

2038 3851 2106 3907 ad
2132 3866 2282 3908 coss.
2311 3852 2552 3906 Nervam
2574 3858 2631 3906 et
2660 3851 2958 3907 Vestinum
3613 3850 3688 3908 65

2107 3957 2143 3994 a
2213 3941 2393 3998 Catal.
2450 3941 2796 4000 Liherianus
2851 3942 2907 3996 in
2965 3940 3094 3996 cod.
3162 3940 3431 3996 Bucherii
3490 3940 3682 4013 legens

2033 4033 2265 4092 Nervam
2292 4038 2343 4089 et
2386 4034 2606 4095 Verum,
2641 4030 2711 4088 ab
2744 4032 2870 4101 ipso
2906 4032 3243 4087 emendatur
3281 4031 3341 4086 in
3382 4032 3673 4104 margine:

276 4124 403 4185 dedi
436 4145 565 4202 pag.
592 4124 694 4185 iix
726 4130 854 4201 (col.
881 4130 1018 4200 444).
1051 4146 1120 4188 ex
1151 4124 1423 4189 Vaticano
1443 4124 1657 4198 codi'ce,
1685 4124 1928 4201 comple-
2032 4124 2267 4181 Nervam
2288 4127 2339 4177 et
2374 4124 2672 4178 Vestinum.

277 4208 461 4274 ctente
486 4203 786 4257 Decretum
829 4204 1081 4259 Anselmi
1116 4205 1409 4274 Lucensns,
1438 4211 1567 4259 ante
1594 4217 1776 4259 annos
1819 4202 1925 4259 600

279 4272 582 4345 scriptum,
606 4276 751 4345 teste
778 4274 1205 4340 Schelestratio,
1231 4277 1332 4345 qui
1359 4272 1580 4345 primus
1607 4275 1813 4331 edidit.

279 4331 493 4396 Codices
542 4331 885 4399 archivorum
928 4352 977 4399 et
1017 4331 1460 4401 bibliothecanum
1490 4352 1646 4400 ecetra
1678 4347 1920 4400 Italiam.
1955 4331 2011 4392 D

345 4429 379 4481 g
405 4415 596 4470 Codex
619 4424 677 4468 ιιι
722 4415 1028 4488 Catalogus
1058 4418 1321 4488 Belgicus
1366 4417 1759 4487 Papebrochii,
1792 4422 1925 4472 ante

281 4496 459 4557 annos
488 4491 791 4542 sexcentos
818 4488 1144 4557 descriptus
1179 4501 1246 4543 ex
1278 4490 1601 4557 vetusuiori,
1626 4489 1925 4544 desinenie

279 4554 339 4608 in
368 4557 584 4630 Yigiljo
618 4570 780 4630 papa,
800 4559 997 4615 saeculi
1014 4554 1102 4630 vi,
1129 4559 1199 4615 de
1220 4574 1331 4630 quo
1353 4572 1526 4628 supra
1551 4554 1673 4630 pag.
1696 4572 1924 4630 xxxvii,

278 4626 403 4693 (col.
441 4626 585 4701 480),
619 4626 673 4683 n.
694 4626 843 4699 ’4,'et
871 4642 996 4700 cap.
1033 4628 1069 4685 5
1100 4626 1273 4700 hujus
1302 4626 1753 4699 dissertationis,
1782 4643 1839 4684 n.
1865 4626 1917 4685 5.

286 4733 358 4789 hi
392 4736 425 4790 k
457 4736 471 4791 l
496 4752 549 4792 m
579 4751 612 4792 n
641 4752 695 4794 o.
726 4738 941 4808 Septem
964 4737 1230 4807 Catalogi,
1255 4755 1322 4793 em
1354 4738 1672 4794 bibliotheca
1702 4738 1926 4793 Colber-

352 4807 466 4880 tina
493 4809 633 4862 editi
655 4825 689 4862 a
716 4807 885 4878 Pugio
931 4811 993 4863 in
1033 4810 1273 4863 secunda
1315 4810 1548 4864 editione
1590 4811 1720 4864 tomi
1752 4811 1926 4880 primi

354 4874 561 4933 Criticz
580 4880 657 4933 ad
685 4874 984 4934 Baronium
1006 4896 1141 4951 pag.
1174 4894 1205 4935 L
1235 4885 1285 4935 et
1317 4896 1490 4950 seqq.,
1517 4896 1748 4950 quorum

354 4982 388 5036 Ιι
412 4984 508 5041 Bst
553 4986 689 5042 noni
722 4986 945 5057 saeculi,
986 4987 1258 5043 desinens
1304 4990 1362 5044 in
1408 4988 1712 5045 Benedicto
1751 4992 1819 5055 ll,
1850 4991 1921 5047 ad

282 5064 489 5110 annum
517 5057 737 5113 Christi
762 5057 887 5115 858.

352 5124 595 5197 {Saeculi
623 5142 705 5197 χι,
734 5130 803 5185 ad
830 5142 1045 5185 annum
1080 5126 1218 5186 4073
1238 5130 1299 5185 in
1330 5129 1653 5186 Alexandro
1675 5132 1739 5186 ll.

355 5194 385 5271 lt
404 5198 612 5271 _Sa:culi
645 5194 724 5267 xi,
756 5201 826 5255 ad
850 5198 1253 5271 annum74099,
1288 5203 1348 5257 in
1386 5201 1646 5256 Paschali
1675 5204 1741 5257 II.

356 5266 595 5325 (Saeculi
628 5266 734 5331 xu.
757 5272 824 5325 ad
856 5284 992 5325 ann.
1022 5270 1175 5337 4434,
1204 5266 1262 5327 in
1296 5272 1545 5328 Honorio
1571 5275 1637 5327 ll.

352 5340 629 5410 ’πείθευιὶ
662 5342 917 5410 ejusdem
948 5342 1017 5397 ad
1041 5356 1174 5397 ann.
1210 5342 1367 5408 4450.
1395 5345 1451 5397 in
1484 5345 1678 5398 lnnoc.
1713 5344 1778 5399 Il.

356 5421 392 5460 η
416 5408 616 5483 Saeculi
646 5408 900 5482 ejusdem
932 5413 1001 5469 ad
1034 5426 1170 5483 ann.
1202 5411 1359 5483 4491,
1390 5415 1449 5469 in
1484 5414 1787 5471 Caelestino
1825 5416 1918 5470 IlI.

367 5492 395 5529 0
419 5481 619 5539 Saeculi
650 5481 781 5554 xm,
812 5483 881 5539 ad
913 5495 1046 5540 ann.
1073 5482 1231 5559 4245,
1263 5487 1323 5541 in
1347 5481 1535 5541 lnnoc.
1560 5486 1647 5541 ιν.

2104 4212 2310 4268 Omnes
2338 4214 2605 4269 recensiti
2645 4212 2873 4268 codices
2897 4214 3036 4267 sunt
3064 4224 3217 4265 xnn.

2107 4300 2315 4357 Omnes
2338 4302 2499 4357 Petro
2528 4302 2830 4374 assignant
2853 4301 3008 4357 sedis
3028 4300 3189 4355 Rom.
3222 4312 3357 4356 ann.
3609 4295 3683 4353 25

2106 4389 2247 4446 Octo
2277 4403 2347 4446 ex
2377 4391 2463 4446 eis
2503 4404 2723 4447 menses
2752 4404 2818 4459 pa
2831 4390 2972 4445 riter
3645 4384 3681 4442 2

2106 4478 2212 4534 Sex
2236 4480 2409 4534 etiam
2430 4480 2763 4549 exprimunt
2782 4480 2908 4535 dies
3645 4471 3682 4529 7

2035 4568 2123 4625 uti
2184 4568 2428 4640 legimus
2469 4569 2529 4624 in
2570 4568 2816 4637 picturis
2874 4567 3287 4623 vetustissimis
3330 4565 3587 4622 basilica:
3622 4565 3676 4619 S.

2035 4657 2219 4713 Pauli.

2819 4732 2887 4786 ΙΙ.

2666 4820 2723 4875 S.
2756 4818 3047 4874 LINUS.

2468 4909 2684 4963 Veteres
2711 4909 2950 4962 basilicae
2969 4907 3024 4961 S.
3059 4904 3246 4960 Pauli.

2657 4989 2696 5055 -ξ-
2740 4987 2968 5042 linus

2786 5068 2923 5121 sed

2764 5146 2954 5203 ANN

2829 5241 2886 5283 XI

2834 5307 2912 5382 Ῑῐ

2801 5410 2916 5463 III

2745 5488 2978 5543 DXII
