4060 6176
458 335 557 395 291
1252 332 1347 387 AD
1383 327 1816 386 ANASTASIUM
1854 279 2369 381 PBOLEGOMENA
2404 320 2585 376 EDIT.
2624 319 3055 378 ROM.-VATIC.
3754 314 3874 372 292

459 481 487 518 e
560 444 848 520 Farfensis
1468 456 1504 512 9
1788 452 1823 508 3
2034 448 2105 506 20
2130 452 2184 507 A
2277 466 2321 519 p
2393 450 2646 506 Ocricul.
2677 450 2899 520 primus
2924 461 3068 503 coss.
3103 447 3286 501 Pater.
3317 448 3373 500 et
3401 444 3681 499 Braduam

460 555 496 621 f
560 552 834 609 Lucensis
1470 543 1506 601 9
1789 540 1825 598 3
2035 536 2107 595 20
2288 554 2321 606 q
2466 569 2536 579 —
2669 537 2957 593 secundus
2986 549 3133 590 coss.
3165 535 3391 588 Patern.
3424 536 3479 587 et
3508 531 3794 587 Braduam

746 641 992 707 Catalogi
1017 655 1084 693 ea:
1114 637 1389 692 codicibus
1418 639 1576 688 extra
1605 633 1827 688 Italiam
2284 642 2316 679 τ
2462 657 2537 667 -σ-
2670 626 2880 682 tertius
2902 639 3050 681 coss.
3083 622 3309 679 eosdem

459 745 494 797 g
566 728 830 799 Belgicus
861 725 1236 796 Papehrochii
1470 719 1506 777 9
1790 715 1825 774 3
2036 713 2108 771 20
2286 729 2312 768 ε
2465 743 2535 755 -
2666 720 2909 785 quartus
2935 726 3080 769 coss.
3109 709 3336 767 eosdem

461 818 498 871 h
568 816 934 873 Colbertinus
961 815 1186 884 primus
1470 808 1506 865 9
1790 805 1825 862 6
2037 801 2100 859 21
2283 800 2492 858 Omnes
2520 803 2747 859 codices
2768 802 2841 857 ab
2869 818 2904 856 a
2933 802 3002 857 ad
3034 817 3064 855 ο
3102 805 3239 856 sunt
3268 813 3396 854 xuu

460 908 484 959 i
695 934 768 945 —
946 902 1234 958 secundus
1470 895 1506 952 9
1789 894 1824 950 6
2036 889 2100 946 21
2286 893 2368 947 Ex
2395 891 2489 946 his
2516 891 2818 948 duodecim
2852 891 3051 962 legunt
3068 901 3254 945 annos
3829 884 3868 941 5

464 996 496 1049 k
698 1023 770 1033 —
948 991 1158 1047 tertius
1437 983 1504 1041 19
1789 981 1825 1038 5
2037 976 2100 1034 21
2286 982 2445 1036 Unus
2475 980 2615 1051 legit
2644 981 2815 1035 etiam
2848 992 3068 1035 menses
3834 970 3869 1027 4

463 1084 483 1137 ι
694 1112 767 1121 -
946 1085 1187 1149 quartus
1471 1072 1507 1129 9
1790 1069 1825 1128 3
2074 1066 2108 1122 0
2288 1071 2495 1126 Novem
2526 1074 2830 1125 numerant
2860 1069 3098 1137 insuper
3125 1069 3251 1124 dies
3831 1060 3870 1118 5

459 1185 514 1224 τη
692 1199 764 1209 -
944 1170 1187 1238 quintus
1471 1161 1507 1218 9
1792 1158 1827 1215 6
2038 1152 2102 1211 21
2288 1159 2350 1213 In
2382 1158 2629 1228 picturis
2657 1157 3074 1228 superstitibus
3107 1156 3312 1211 veteris
3356 1153 3529 1210 seriei
3563 1152 3866 1209 Leonianaa

461 1276 499 1314 η
687 1288 760 1298 —
938 1264 1134 1313 sextus
1471 1249 1506 1307 9
1791 1246 1826 1304 3
2075 1248 2110 1306 0
2218 1247 2443 1303 eosdem
2467 1261 2734 1304 numeros
2760 1246 3226 1319 recognoscimus
3248 1245 3307 1300 in
3333 1243 3627 1299 mensibus
3646 1255 3713 1297 ac
3730 1241 3869 1297 die—

460 1362 491 1400 ο
691 1376 765 1386 -
942 1346 1222 1415 septimus
1471 1337 1508 1396 9
1790 1334 1826 1393 3
2044 1334 2103 1392 11
2216 1336 2346 1393 bus.
2376 1338 2612 1395 Numeri
2636 1349 2918 1393 annorum
2947 1340 3229 1391 vetustate
3258 1339 3393 1390 sunt
3422 1330 3730 1402 assumpti.

677 1436 969 1489 Consulum
993 1436 1163 1504 paria
1696 1431 1841 1484 Erae
1873 1429 2073 1485 Christi
2085 1468 2097 1481 .
2976 1442 3097 1497 XV.

530 1525 613 1580 Ex
638 1538 785 1581 coss.
821 1523 1058 1581 Rustico
1080 1529 1137 1579 et
1165 1520 1444 1592 Aquilino
2008 1514 2111 1573 162

2008 1514 2111 1573 162
2854 1533 2908 1588 S.
2941 1529 3188 1587 VICTOR
3201 1571 3216 1585 .

460 1612 531 1667 ad
562 1626 709 1667 0088.
741 1613 1051 1682 Cethegum
1081 1617 1136 1667 et
1163 1611 1394 1666 Clarum
2007 1600 2110 1659 ΠΟ
2520 1625 2753 1676 Pictum
2781 1626 2981 1675 veteres
3015 1620 3249 1675 basilicae
3278 1620 3340 1675 S.
3377 1618 3557 1672 Pauli.

532 1718 567 1755 a
641 1699 817 1756 Catal.
850 1699 1192 1755 Liberianus
1224 1697 1487 1753 lacunam
1518 1694 1772 1751 ostendit
1802 1693 1926 1749 loco
1955 1706 2103 1753 coss.
2289 1712 2535 1767 pictum
2560 1711 2757 1767 samum
2786 1711 2842 1765 ε,
3169 1708 3413 1763 pictum
3440 1706 3626 1762 amis
3646 1705 3758 1761 Νί-

638 1789 856 1845 Soteris
2137 1772 2190 1833 Β

2137 1772 2190 1833 Β
2326 1802 2530 1858 Leonis
2559 1801 2746 1873 Magni
3319 1796 3466 1851 colai
3512 1796 3582 1849 III

535 1878 565 1931 b
636 1878 942 1948 Catalogus
969 1876 1182 1932 Felicis
1210 1876 1279 1931 IV
1310 1874 1529 1931 indicat
1558 1887 1733 1930 cosse
1762 1872 1998 1943 suprad.
2394 1894 2433 1961 .1.
2507 1872 2763 1946 νίυίοτ
3207 1885 3246 1954 -χ-
3320 1885 3365 1939 v
3386 1885 3464 1939 ιο
3484 1882 3651 1938 Ton

525 1984 568 2036 p
640 1966 826 2022 Ocric.
862 1967 1119 2036 primus:
1157 1966 1217 2021 in
1247 1966 1353 2021 hoc
1388 1962 2110 2021 desideranturlectiones
2502 1994 2529 2034 δ
2553 1992 2584 2033 θ
2607 1978 2642 2033 d
3226 1990 3253 2028 ε
3274 1989 3300 2027 ε
3320 1973 3358 2027 ά
3394 1989 3482 2026 an
3502 1989 3558 2025 η,
3594 1985 3630 2026 χ

534 2072 569 2123 q
678 2086 747 2094 —
841 2056 1128 2111 secundus
1340 2066 1364 2123 χ
1543 2055 1845 2110 numerant
1885 2052 2110 2107 eosdem

1909 2052 2110 2107 eosdem
2507 2082 2594 2123 an
2621 2082 2657 2122 n
3264 2076 3345 2118 ιι.
3377 2063 3441 2117 d.
3476 2076 3512 2117 χ

530 2159 562 2197 r
678 2174 747 2182 —
840 2144 1047 2199 tertius
1345 2136 1365 2199 ἲ
1532 2156 1667 2199 ann.
1695 2139 1748 2197 9.
1780 2155 1852 2195 m.
1886 2137 1939 2195 3.
1972 2139 2024 2194 d.
2053 2136 2088 2193 3
2554 2140 2611 2193 X

532 2246 558 2284 ε
672 2261 747 2271 -
841 2237 1084 2302 quartus
1351 2228 1366 2275 )
1522 2233 1581 2286 In
1600 2228 2112 2287 coss.concordant
2541 2241 2601 2282 ιι

531 2319 741 2374 Om’nes
765 2320 990 2376 codices
1014 2321 1085 2376 ab
1111 2338 1146 2374 a
1174 2321 1242 2375 ad
1276 2339 1304 2373 ο
1334 2326 1472 2375 sunt
1500 2333 1655 2374 x1111.
2466 2317 2524 2372 d.
2564 2331 2600 2371 χ

530 2408 613 2462 Ex
644 2407 737 2463 his
768 2408 1038 2463 tredecim
1073 2412 1374 2463 numerant
1408 2420 1542 2461 ann.
2075 2398 2112 2456 9
2290 2421 2325 2461 a
2397 2404 2701 2475 Catalogus
2727 2403 2910 2459 Liber.
2946 2414 3078 2457 ann.
3213 2398 3279 2457 10
3371 2414 3448 2455 m.
3521 2397 3558 2455 2
3645 2399 3704 2454 d.
3802 2394 3867 2453 10

531 2500 739 2553 Novem
772 2508 902 2553 vero
934 2496 1145 2551 habent
1184 2508 1403 2550 menses
2078 2487 2113 2544 3
2294 2495 2324 2548 b
2397 2495 2647 2566 CataIOg.
2674 2493 2780 2549 sub
2803 2493 2985 2548 Felice
3004 2493 3095 2547 IV.
3193 2487 3262 2546 10
3511 2486 3549 2545 2
3801 2485 3867 2544 10

529 2586 799 2656 Quinque
847 2589 1142 2640 recensent
1169 2583 1296 2638 dies
2042 2574 2105 2634 21
2664 2581 2911 2650 Catalogi
2940 2596 3008 2636 ea:
3034 2579 3192 2634 codd.
3225 2578 3420 2635 Italiae.

533 2676 657 2729 Non
684 2688 850 2730 secus
879 2688 945 2728 ac
976 2673 1224 2743 legimus
1255 2673 1314 2727 in
1346 2670 1593 2742 picturis
1630 2668 1906 2735 basilicae,
1939 2680 1970 2721 a
2001 2666 2113 2720 Ni—
2293 2688 2321 2726 c
2393 2671 2789 2742 Bergomensis
3200 2664 3266 2723 10
3518 2664 3542 2720 1
3802 2662 3870 2721 10

462 2761 622 2818 colao
651 2764 723 2817 III
762 2762 1026 2830 repetitis
1064 2775 1132 2817 ex
1162 2759 1338 2816 veteri
1370 2759 1538 2829 serie,
1574 2758 1633 2813 in
1666 2770 1778 2828 qua
1806 2756 1861 2810 S.
1895 2753 2111 2810 Soteris
2295 2761 2332 2816 ἀ
2402 2760 2673 2816 cavensis
3198 2752 3264 2811 40
3515 2751 3552 2810 2
3801 2750 3871 2809 1ο

462 2850 776 2923 epigraphe
806 2851 976 2907 hodie
1001 2855 1298 2920 consmpta
1321 2854 1427 2904 est.
2294 2866 2322 2904 ε
2395 2846 2684 2904 Farfensis
3200 2842 3266 2900 10
3322 2906 3325 2909 _
3516 2842 3553 2899 2
3803 2840 3872 2897 10

2292 2938 2329 3004 f
2395 2936 2668 2993 Lucensis
3197 2929 3263 2987 10
3513 2927 3550 2986 2
3800 2927 3869 2985 10

943 3080 1000 3135 s.
1043 2975 1625 3134 ELEIﬁ‘uERIUS.
2139 3109 2187 3135 η
3112 2975 3269 3135 mi
3305 2975 3545 3135 Italiam;

943 3104 1000 3135 δ.
1043 3104 1625 3134 ημῡυιηῡιιιυῦ·
2139 3109 2189 3172 C
2291 3130 2327 3183 g
2397 3113 2527 3185 Belg

924 3164 1651 3273 Ρξοιανῖ.υ.εέέζῖξέ,;¹³ααίί
2291 3203 2327 3259 ιι
2397 3201 2527 3260 Com

2291 3130 2327 3183 g
2397 3113 2664 3185 Belgicus
2685 3111 3058 3182 Papebrochii
3196 3108 3265 3166 10
3518 3106 3542 3162 1
3798 3104 3867 3162 10

2291 3203 2327 3259 ἡ
2397 3201 2763 3260 Colbertinus
2786 3202 3007 3273 primus
3188 3197 3257 3254 10
3514 3193 3551 3251 2
3800 3193 3868 3251 10

958 3258 998 3326 ατ
1118 3255 1473 3312 Ειιειιτιιειί
2286 3255 2322 3348 ε’
3190 3283 3257 3342 10
3515 3282 3551 3341 ρ
3799 3280 3868 3340 10

1062 3417 1215 3472 sed.
1248 3374 1383 3471 5m
1414 3427 1494 3469 xv
2291 3384 2323 3437 Ῐε
2398 3427 2421 3447 .
2488 3411 2557 3421 -
2748 3380 2956 3436 tertius
3514 3371 3553 3472 ἓ

1247 3458 1383 3525 If"
1415 3458 1484 3469 “’
1994 3516 1999 3519 »
2291 3472 2310 3525 ι
2487 3498 2557 3509 -
2740 3482 2850 3539 qua

2291 3472 2310 3525 ι
2487 3498 2557 3509 -
2740 3475 2982 3539 quartus
3197 3461 3263 3519 10
3512 3460 3550 3517 2
3798 3458 3866 3517 10

1192 3570 1247 3612 m
1279 3558 1375 3612 IIII
2288 3576 2342 3615 m
2485 3589 2558 3599 —
2733 3558 2976 3627 quintus
3194 3548 3261 3608 10
3512 3548 3549 3607 2
3798 3547 3866 3605 10

1212 3647 1272 3702 d.
1298 3645 1345 3701 V
1912 3638 1915 3641 ’
2287 3664 2327 3703 η
2482 3678 2555 3687 -
2726 3659 2815 3700 sex

2287 3664 2327 3703 η
2482 3678 2555 3687 —
2726 3644 2949 3700 sextius
3199 3639 3264 3696 10
3514 3635 3550 3695 2
3798 3635 3865 3694 10

530 3751 565 3788 a
636 3735 756 3790 Cat.
788 3734 1004 3789 Liberii
1031 3747 1165 3788 ann.
1488 3732 1861 3789 Desideratur
1890 3730 2106 3800 epocha
2283 3753 2314 3791 ο
2473 3766 2548 3777 -
2714 3735 2996 3804 septimus
3198 3726 3265 3786 10
3512 3726 3551 3785 2
3801 3724 3869 3784 10

534 3822 564 3874 b
637 3820 754 3876 Cat.
799 3821 1010 3876 Felicis
1038 3822 1108 3876 IV
1540 3819 1606 3875 15
1682 3836 1754 3875 m.
1831 3816 1866 3874 3
1938 3819 1996 3874 (ί.
2070 3815 2107 3873 2
2396 3825 2688 3881 Consulum
2719 3826 2888 3894 paria,
3490 3821 3631 3874 Era:
3664 3817 3868 3873 Christi

895 3909 1136 3976 ϐαιοιορί
1177 3922 1245 3961 ea:
1282 3907 1437 3962 codd.
1480 3909 1678 3963 Ilaliw.
2287 3915 2369 3969 Ex
2397 3928 2544 3970 coss.
2603 3912 2909 3968 Commodo
2943 3912 2988 3967 V
3022 3914 3081 3965 ct
3128 3907 3440 3965 Glabrione
3763 3902 3865 3961 186

533 4013 560 4050 c
633 3998 890 4067 Bergom.
1543 3993 1612 4049 15
1826 3993 1861 4048 6
2073 3992 2110 4050 5

2260 4003 2286 4058 d
2318 4017 2465 4058 coss.
2499 4003 2859 4069 Leteranum,
2893 4006 2949 4055 et
2979 3998 3250 4054 Ruﬁnum
3763 3990 3863 4050 197

532 4086 570 4140 ἀ
641 4085 911 4141 Cavensis
1546 4081 1612 4140 15
1826 4081 1861 4138 6
2073 4080 2110 4138 5
2288 4106 2322 4143 α
2369 4088 2674 4158 Catalogus
2717 4088 3062 4143 Liberianus
3103 4086 3251 4142 edit.
3293 4083 3685 4152 Bucherianaa,
3733 4096 3862 4154 pag.

530 4190 558 4229 e
629 4172 918 4229 Farfensis
1543 4169 1610 4226 15
1824 4170 1859 4227 6
2072 4169 2108 4227 5
2214 4174 2340 4247 270,
2386 4179 2547 4231 annis
2591 4192 2799 4239 novem,
2850 4175 3125 4230 mensibus
3172 4175 3369 4243 tribus,
3403 4174 3592 4228 diebus
3629 4172 3861 4227 duobus.

527 4264 564 4329 Γ
629 4262 904 4318 LuceHSiS
1544 4258 1611 4315 15
1823 4259 1859 4315 6
2072 4256 2108 4317 5
2216 4267 2365 4323 Idem
2406 4265 2585 4321 Catal.
2612 4265 2798 4321 Liber.
2828 4278 2897 4320 ex
2938 4265 3075 4321 edit.
3108 4263 3449 4333 Cuspiniani
3486 4262 3634 4334 apud
3681 4262 3862 4318 Sche-

781 4350 1029 4417 Catalrgi
1067 4364 1135 4403 ea:
1163 4348 1321 4403 codd.
1355 4353 1511 4403 (κείνα
1540 4350 1783 4403 Italiam.
2134 4423 2171 4427 _
2217 4353 2435 4410 lestrat.
2498 4368 2621 4427 pag.
2679 4351 2819 4409 418:
2881 4355 3044 4409 annis
3102 4353 3302 4416 decem,
3359 4352 3634 4408 mensibus
3693 4352 3859 4406 duob.

528 4456 563 4506 g
636 4439 852 4511 Belgio.
891 4438 1122 4509 Papebr.
1541 4436 1609 4493 15
1822 4434 1857 4492 4
2068 4437 2105 4495 5
2134 4423 2185 4484 Ῑ)
2216 4443 2406 4498 diebus
2438 4423 2639 4497 decem.
2670 4444 2729 4497 In
2758 4456 2904 4498 coss.
2936 4441 3159 4497 lacuna.

530 4527 567 4582 h
637 4525 828 4582 Colbr.
862 4527 1085 4597 primus
1542 4523 1609 4581 15
1822 4524 1856 4581 6
2069 4524 2106 4582 5
2289 4534 2320 4586 b
2392 4533 2571 4588 Catal.
2602 4532 2815 4588 Felicis
2841 4533 2908 4589 IV
2936 4530 3159 4587 eosdem
3189 4544 3336 4587 coss.
3372 4534 3651 4587 memorat

529 4619 552 4671 ἱ
678 4648 745 4657 -—
855 4616 1144 4673 secundus
1540 4611 1608 4670 15
1821 4613 1855 4670 3
2068 4612 2105 4671 2
2275 4640 2318 4694 p
2390 4623 2575 4679 Ocric.
2612 4622 2781 4692 prim.
2922 4628 2941 4694 )
3037 4636 3106 4678 ex
3148 4620 3454 4677 Commodo
3490 4619 3554 4675 V.
3601 4617 3797 4675 Glabr.

531 4706 564 4761 Ι(
671 4737 739 4745 -—
850 4705 1059 4761 tertius
1542 4701 1609 4759 15
1821 4701 1856 4759 3
2068 4702 2105 4760 5
2283 4731 2318 4783 q
2425 4745 2496 4755 —-
2609 4711 2839 4768 secund.
2921 4701 2941 4772 l
3044 4712 3113 4767 ad
3148 4711 3484 4767 Lateranum
3522 4714 3581 4765 et
3621 4708 3809 4765 Ruﬁn.

530 4796 551 4849 ι
668 4826 742 4835 -
851 4799 1095 4863 quartus
1538 4789 1606 4847 15
1819 4790 1854 4848 0
2067 4790 2102 4848 0

2278 4820 2310 4857 ν
2415 4833 2489 4845 ——
2595 4808 2723 4859 tert.
2753 4806 2810 4856 et
2830 4813 3025 4855 omnes
3044 4800 3343 4873 assignant
3365 4813 3415 4856 a.
3442 4813 3498 4867 χ,
3523 4812 3598 4854 m.
3623 4813 3688 4870 ιι,
3717 4799 3773 4855 d.
3796 4814 3852 4857 x.

523 4901 579 4940 m
673 4916 743 4925 -—
852 4884 1095 4956 quintus
1535 4879 1603 4938 15
1816 4881 1851 4938 6
2063 4881 2100 4939 5

2063 4881 2100 4939 5
2277 4908 2304 4947 s
2412 4923 2481 4932 —
2592 4896 2834 4962 quartus
2868 4888 3220 4945 lectionibus
3253 4889 3345 4945 his
3374 4894 3548 4945 caret.

525 4990 564 5027 η
668 5006 741 5016 -
849 4980 1045 5030 sextus
1544 4973 1770 5030 Lacuna
1795 4977 1880 5029 est
1903 4972 1962 5029 in
1986 4972 2092 5030 cle-
2272 4978 2480 5037 Omnes
2501 4980 2736 5036 Codices
2760 4978 2831 5033 ab
2858 4994 2894 5031 a
2920 4978 2990 5033 ad
3021 4994 3051 5031 ο
3080 4983 3218 5034 sunt
3243 4990 3393 5033 xum.

526 5076 557 5113 ο
676 5092 745 5101 —
854 5065 1136 5133 septimus
1532 5059 1600 5116 15
1813 5061 1849 5118 6
2061 5060 2098 5118 5
2274 5068 2483 5126 Omnes
2506 5068 2724 5126 Victori
2752 5065 3222 5124 tribuuntannos
3789 5064 3857 5123 10

598 5146 888 5202 Consulum
910 5154 1076 5217 paria
1729 5154 1870 5206 Erae
1898 5154 2099 5209 Christi
2276 5159 2589 5215 Duodecim
2622 5172 2690 5214 ex
2729 5158 2823 5213 his
2851 5158 3149 5230 assignant
3178 5172 3398 5215 menses
3819 5154 3858 5213 2

525 5233 607 5288 Ex
632 5246 787 5288 coss.
829 5234 970 5288 Vero
998 5242 1054 5289 et
1082 5237 1473 5292 Nerenniano.
1508 5235 1743 5307 Corrige
2276 5246 2506 5315 Omnes,
2538 5259 2653 5301 uno
2679 5246 2935 5316 dempto,
2970 5253 3274 5302 numerant
3300 5247 3426 5302 dies
3788 5241 3856 5301 10

594 5321 796 5377 Severo
820 5321 867 5374 II
890 5326 946 5375 et
975 5322 1330 5379 Herenniano
1994 5326 2089 5386 171
2273 5333 2571 5404 Superstes
2598 5334 2826 5389 denarii
2856 5340 2986 5390 nota
3012 5333 3067 5389 X
3098 5335 3158 5390 in
3198 5335 3448 5406 picturis
3492 5332 3753 5390 basilicae
3791 5333 3850 5389 S.

453 5403 537 5461 Ad
563 5420 710 5509 coss.
737 5411 1078 5475 Maternum,
1112 5413 1167 5462 et
1194 5410 1472 5464 Braduam
1991 5415 2056 5473 43

2250 5403 2371 5479 auli
2390 5422 2577 5479 aetatis
2622 5423 2919 5479 Leonianae
2943 5423 3011 5478 ad
3064 5403 3251 5479 sedem
3290 5438 3573 5480 annorum
3619 5425 3853 5480 denotat

524 5509 560 5583 (ι
630 5494 750 5583 (lat.
782 5496 996 5552 Liberii
1022 5495 1247 5551 eosdem
1273 5495 1531 5564 assignat

2243 5517 2415 5567 artem
2468 5510 2714 5581 priorem
2762 5512 2985 5567 numeri
3031 5512 3154 5583 XII,
3199 5520 3254 5568 et
3303 5512 3528 5570 nullum
3579 5525 3846 5581 mensem,

525 5582 556 5636 b
627 5581 746 5639 Cat.
780 5584 950 5641 Felic.
978 5585 1066 5642 IV.
1089 5582 1314 5640 eosdem
1335 5582 1606 5640 ostendit.

2247 5614 2330 5657 um
2358 5599 2565 5658 diebus
2586 5615 2643 5673 χ,
2674 5600 2775 5673 qui
2802 5606 2966 5658 erant
2992 5581 3201 5658 tributi
3228 5602 3469 5658 Victori.
3500 5602 3606 5659 Sed
3635 5600 3850 5658 descri-
