4032 6168
204 201 308 261 305
1012 204 1377 264 BLANCHINI
1413 208 1714 266 DISSERT.
1756 211 1845 267 DE
1882 212 2041 267 ANT.
2082 212 2196 267 RR.
2238 211 2436 268 PONT.
2476 211 2813 268 CATALOG.
3511 213 3620 274 306

272 325 311 379 ἀ
379 327 651 384 Cavensis
1220 329 1258 388 2
1539 330 1576 389 2
1789 331 1860 389 25
1881 335 1941 395 Α
2029 352 2073 405 p
2143 335 2278 392 Cod.
2307 337 2491 393 Ocric.
2528 338 2752 407 primus
2770 349 2956 393 annus
2977 335 3012 393 3
3041 351 3217 395 mens.
3249 336 3301 394 7.
3329 339 3454 395 dies
3482 337 3535 394 8.

267 430 296 467 e
369 414 660 472 Farfensis
1216 418 1253 474 2
1534 420 1571 477 2
1784 420 1857 478 25
2037 440 2071 492 q
2183 455 2248 464 —-
2322 427 2608 482 secundus
2649 439 2831 481 annos
2864 439 2974 480 non
3018 431 3300 497 numerat,
3333 428 3430 483 sed
3459 442 3607 484 coss.

257 503 299 567 Γ
365 503 643 558 Lucensis
1218 506 1255 563 2
1537 508 1573 564 2
1786 508 1858 565 25
1969 511 2187 567 indicat
2218 519 2281 567 ut
2312 528 2485 583 supra

537 592 788 661 Catalogi
805 609 874 648 ea:
891 594 1051 650 codd.
1087 601 1245 651 erctra
1265 598 1487 653 Ialiam.
2032 633 2064 670 ν
2134 617 2321 674 Oeric,
2384 626 2512 675 εει-ι,
2544 626 2608 675 ιιι
2634 621 2691 675 in
2728 621 2929 675 prim.)

538 636 871 661 """vww
891 636 1051 650 ννυννι·
1087 636 1487 653 ωυνσινωηιιηιο
2032 636 2064 670 r
2134 636 2321 674 UCI‘IC.
2384 636 2512 675 ten.
2544 636 2608 675 ut
2634 636 2691 675 in
2728 636 2932 690 prnmq

258 697 294 782 ξ
367 679 855 782 Eelfichapeb'j
1213 683 1250 782 ἓ
2033 722 2059 759 s
2166 738 2234 746 —
2337 715 2522 778 quart.
2553 718 2616 764 ut
2640 711 2698 764 in
2730 710 2895 779 prim.
2918 695 2933 780 5
2960 680 3053 721 an'
3086 663 3139 736 3’
3175 679 3250 721 ω’
3272 661 3325 730 ⁷’
3353 664 3411 720 d'
3447 662 3503 720 8'

262 768 299 868 In
369 767 740 826 Colbertinus
770 772 998 841 primus
1211 773 1247 831 5
1535 773 1558 830 4
1785 773 1852 832 43

2030 795 2302 852 Consules
2328 797 2590 853 mendose
2610 767 2988 854 enuntiantur
3008 812 3039 853 a
3062 799 3346 854 Maxentio
3368 809 3517 853 nono
3537 796 3606 854 ad

261 873 285 956 ξ
497 887 570 897 -
750 860 1042 956 secundus
1207 859 1243 956 Ζ
1817 862 1852 956 ξ
1959 884 2306 938 Maxentium
2348 887 2681 942 secundum.
2723 886 2828 941 Sed
2871 888 3248 942 emendantur
3283 900 3351 942 ex
3393 898 3611 956 praece—

259 944 295 1044 ξ
494 976 565 985 -
748 948 956 1044 tertius
1207 945 1243 1044 Ῐ
1782 951 1850 1044 ᾖ
1957 970 2115 1026 denti
2141 984 2174 1026 a
2198 973 2544 1029 Maximiano
2574 974 2713 1044 VIII,
2746 988 2848 1030 seu
2877 976 3159 1031 Maxentio
3182 977 3247 1029 ll.

254 1034 278 1084 ι
495 1064 565 1073 -
748 1042 993 1105 quartus
1205 1035 1243 1093 2
1532 1037 1555 1094 4
1776 1039 1846 1097 25

1532 1037 1555 1136 Ἰ
1776 1039 1850 1136 22
2649 1034 2884 1136 Χέξχιν

250 1138 307 1175 m
498 1153 574 1163 —
752 1085 998 1195 quintus
1203 1124 1241 1181 5
1532 1124 1554 1182 4
1778 1085 1842 1185 '3

1532 1085 1554 1182 ἁ
1778 1085 1848 1185 ’Ξ
2649 1085 2903 1137 XXXIV.

1539 1213 1553 1225 .
1777 1214 1843 1225 Α..
2540 1171 2594 1225 S.
2627 1169 3012 1225 SILVESTER.

247 1227 288 1352 ἴ
501 1241 575 1338 :
756 1216 1036 1370 ξὲξξξζὲαε
1204 1212 1243 1358 ξ
1526 1213 1562 1358 ὲ
2261 1260 2474 1370 Veteres
2496 1262 2730 1370 picturae
2764 1260 3000 1314 basilica
3024 1259 3080 1314 S.
3118 1260 3296 1316 Pauli.

543 1367 839 1443 Considunt
862 1392 1031 1459 paria
1465 1395 1607 1448 «Era:
1641 1394 1844 1449 Christi
2416 1368 2455 1436 ΔΓ
2695 1367 2906 1459 ξῐωεδ

248 1477 330 1532 Ex
356 1478 405 1532 II
440 1482 569 1546 post
597 1491 744 1533 coss.
780 1457 1113 1536 Maximiani
1145 1482 1238 1537 VII
1258 1486 1314 1537 et
1337 1479 1520 1536 Diocl.
1550 1482 1621 1535 X.
1734 1480 1841 1538 309
2704 1457 2856 1512 TER

177 1565 247 1620 ad
278 1570 409 1634 post
435 1578 585 1621 coss.
618 1565 673 1620 X
700 1565 885 1622 Diocl.
914 1567 1147 1623 Maxim.
1174 1570 1267 1625 VII
1291 1582 1437 1625 coss.
1466 1571 1588 1625 Μει-
2710 1546 2853 1600 SED

178 1653 374 1709 sentio
406 1656 499 1709 ΠΙ.
1729 1657 1764 1714 3

1729 1643 1915 1716 3⁴οΒ
2690 1635 2857 1688 ΑΝΝ

208 1780 225 1789 -
244 1759 281 1796 a
305 1750 364 1799 et
395 1743 428 1796 b
461 1756 572 1799 non
600 1748 916 1801 memorant
941 1747 1229 1804 consules.
2673 1723 2891 1778 ΧΧΙΙΙ

248 1833 306 1887 ιη
323 1831 634 1889 codicibus
653 1830 1114 1892 Ocriculensium
1131 1836 1537 1894 desiderantur
1557 1837 1834 1896 lectiones
2681 1863 2751 1916 Μ,
2807 1862 2862 1916 x

178 1920 232 1974 S.
265 1919 528 1976 Eusebii.

2663 1904 2879 2006 67x3":

242 2007 455 2098 Omnes
486 2010 718 2067 codices
747 2010 818 2066 ab
846 2027 883 2065 a
909 2012 979 2068 ad
1013 2028 1043 2067 ο
1071 2016 1212 2069 sunt
1708 2030 1828 2072 11v.

2013 2061 2049 2098 a
2120 2043 2237 2098 Cat.
2264 2042 2451 2097 Liber.
2479 2055 2612 2097 ann.
2663 1992 2706 2006 ν
2892 2038 2955 2096 24
3021 2052 3095 2092 m.
3255 2034 3316 2091 41
3555 2074 3592 2088 ..

243 2098 325 2153 Ex
353 2097 453 2153 bis
482 2112 583 2155 sex
608 2106 913 2156 numerant
935 2114 1118 2157 annos
1796 2103 1834 2163 2
2013 2082 2049 2186 ’ᾗ
3021 2082 3095 2092 ’ω
3245 2082 3316 2185 to
3529 2082 3589 2182 it

247 2187 1009 2297 ξξημδῖξῠξξξφῗῗξῗΑ
1050 2279 1167 2297 μη
1757 2192 1826 2297 m4,
2399 2218 2647 2286 Catalogi
2676 2235 2743 2273 ea:
2771 2219 2929 2273 codd.
2961 2218 3138 2274 Italia:

248 2275 500 2365 Iotidem
534 2291 768 2365 quoque
793 2278 1013 2335 addunt
1043 2279 1170 2336 dies
1318 2360 1331 2365 _
1757 2280 1831 2339 25
2012 2327 2039 2365 ο
2113 2311 2367 2365 Βενεοη
2588 2275 2613 2286 ν
2923 2304 2995 2362 23

254 2326 500 2375 “”ῖ“”ῐ“
537 2326 766 2378 "T‘"
793 2326 1013 2377 Ἶ“.““““
1046 2326 1169 2336 ""'
1213 2367 1225 2379 .
1316 2360 1337 2377 μ
1758 2326 1831 2339 ’ν
2012 2327 2039 2365 c
2114 2326 2367 2381 vergom»
2923 2326 2995 2362 τ’)
3544 2344 3557 2357 ⁸
3581 2343 3595 2356 ’

245 2362 311 2418 Ut
340 2377 399 2418 in
421 2370 679 2434 picturis
704 2364 958 2422 basilicae
980 2367 1035 2422 S.
1067 2366 1228 2423 Pauli
1260 2373 1613 2438 spectantur.
2012 2400 2050 2454 α
2121 2397 2390 2455 Cavensis
2916 2394 2990 2452 23
3243 2393 3310 2451 4ο
3529 2391 3588 2448 44

874 2499 1135 2556 XXXIII.
2014 2504 2040 2543 e
2116 2486 2403 2542 Farfensis

2014 2504 2040 2543 e
2116 2486 2403 2542 Farfensis
2919 2483 2989 2556 23
3152 2524 3165 2529 -
3243 2481 3309 2556 40
3528 2479 3586 2556 44

736 2605 797 2660 8.
827 2605 1275 2663 MELCHIADES.
2010 2562 2048 2628 Γ
2110 2561 2328 2663 Luce?

2010 2562 2048 2628 Γ
2110 2561 2386 2614 Lucensns
2918 2554 2989 2611 23
3241 2553 3308 2612 40
3525 2551 3585 2608 44

775 2646 797 2725 ς
825 2646 1294 2725 Γυιυυκῖυυέιυυὲ
1349 2716 1386 2725 _
1468 2718 1507 2725 υ
2263 2647 2509 2715 Catalogi
2537 2662 2604 2700 ea:
2632 2646 2801 2700 Codd.
2843 2649 3001 2699 extra
3029 2646 3268 2699 Italiam.

480 2712 701 2767 Veteres
718 2715 955 2782 pictura:
988 2714 1226 2769 basilicae
1255 2717 1311 2772 S.
1349 2716 1525 2774 Pauli.
2010 2755 2046 2807 g
2117 2737 2327 2807 Belgio,
2356 2712 2590 2807 papebr.
2916 2732 2988 2789 23
3240 2729 3308 2790 40
3526 2729 3586 2787 44

594 2820 636 2887 'i'
894 2821 1139 2877 MELTI
2009 2830 2046 2882 h
2116 2826 2275 2883 Colb.
2312 2826 2535 2895 primus
2912 2820 2985 2878 23
3239 2819 3305 2877 40
3524 2818 3593 2876 43

897 2907 1101 2965 ADES
2008 2919 2031 2970 ἰ
2134 2945 2210 2956 --
2236 2914 2523 2970 secundus
2913 2909 2986 2966 23
3240 2908 3306 2965 40
3523 2907 3585 2964 44

926 2995 1073 3085 εει)
1859 2989 1908 3051 C
2010 3007 2041 3060 k
2131 3004 2441 3058 —tertius

2010 3007 2041 3060 k
2131 3036 2199 3044 —
2232 3004 2441 3058 tertius
2911 2997 2984 3055 23
3237 2996 3304 3055 40
3522 2996 3590 3054 43

903 3094 1052 3151 ΑΝΝ
2010 3095 2030 3147 ι
2134 3123 2208 3133 -—
2237 3097 2479 3163 quartus

2010 3095 2030 3147 ι
2134 3123 2208 3133 -—
2237 3097 2479 3163 quartus
2919 3086 2991 3146 23
3247 3128 3301 3142 ..
3523 3129 3537 3142 .
3571 3127 3586 3143 .

902 3195 993 3250 ΙΙΙ.
1015 3176 1085 3251 TI
2003 3198 2058 3235 θη
2130 3212 2197 3221 -
2228 3180 2469 3251 quintus

2003 3198 2058 3235 τη
2130 3212 2197 3221 -
2228 3180 2469 3251 quintus
2909 3176 2981 3234 23
3234 3173 3301 3232 40
3519 3172 3588 3232 42

908 3263 912 3267 ⁴
951 3285 1044 3340 Vll
1729 3308 1733 3313 ο
2005 3285 2043 3323 η
2130 3299 2204 3309 —
2231 3275 2434 3324 sextua
3247 3304 3260 3317 .
3287 3303 3300 3317 .
3525 3305 3539 3319 .
3567 3303 3581 3317 .

930 3372 975 3425 D
1004 3374 1073 3428 Vl
2004 3372 2033 3411 ο
2134 3387 2201 3396 -
2232 3357 2511 3426 septimus

2004 3372 2033 3411 ο
2134 3387 2201 3396 -
2232 3357 2511 3426 septimus
2910 3350 2981 3408 24
3232 3349 3300 3408 40
3516 3350 3576 3407 44

956 3478 969 3513 :
1017 3462 1041 3516 Ι
2222 3444 2515 3499 Consulum
2536 3445 2707 3513 paria
3204 3442 3350 3495 Em
3380 3440 3584 3497 Christi

230 3561 269 3597 a
342 3543 525 3601 Catal.
556 3547 749 3604 Liber.
783 3561 919 3603 ann.
1188 3548 1223 3607 3
1299 3564 1477 3607 mens.
1508 3550 1543 3607 6
1651 3551 1708 3606 d.
1784 3550 1822 3607 8
2001 3535 2083 3590 Ex
2114 3548 2260 3590 coss.
2292 3533 2604 3588 Volusiano
2632 3537 2689 3586 et
2716 3529 3001 3597 Anniano,
3037 3527 3200 3598 quib.
3233 3527 3395 3583 elect.
3422 3527 3482 3581 P.
3510 3528 3578 3583 Β.

234 3631 267 3682 b
338 3632 459 3688 Cat.
493 3634 613 3690 Fel.
645 3637 713 3690 IV
1180 3636 1215 3693 3
1503 3637 1538 3693 6
1783 3636 1818 3694 7
1927 3623 2052 3679 Kal.
2088 3623 2245 3679 Febr.
3474 3612 3582 3670 344

619 3722 866 3791 Catalogi
895 3740 964 3779 ea:
995 3726 1151 3780 codd.
1181 3727 1361 3781 Italiae
1927 3714 1995 3770 ad
2027 3727 2174 3769 coss.
2205 3710 2606 3767 Constantium
2638 3712 2695 3764 et
2724 3706 2951 3763 Rutium
2981 3705 3255 3761 Albinum
3472 3702 3580 3761 335

224 3824 255 3861 c
328 3810 587 3883 Bergom.
622 3825 754 3867 ann.
1173 3812 1210 3870 2
1241 3829 1315 3872 m.
1494 3813 1530 3871 7
1780 3815 1818 3872 3
1926 3809 1981 3859 et
2009 3804 2077 3859 ad
2112 3802 2348 3857 initium
2380 3799 2681 3869 Nepotiani
2713 3806 2769 3853 et
2798 3795 3049 3853 Facundi
3128 3880 3178 3883 Η

223 3898 264 3951 d
336 3880 613 3955 Cavensis
1174 3902 1211 3959 2
1496 3904 1531 3961 6
1744 3903 1807 3962 24
1930 3897 1992 3947 ut
2051 3892 2108 3946 in
2157 3893 2364 3959 Marco,
2434 3888 2535 3959 qui
2593 3887 2878 3957 sequitur,
2937 3884 3073 3940 anni
3116 3880 3207 3953 24,
3267 3896 3446 3938 mens.
3510 3880 3570 3937 44

221 4003 250 4040 e
324 3987 625 4045 Farfensis
1176 3993 1212 4050 3
1494 3992 1531 4050 7
1743 3993 1817 4052 22
1996 3984 2076 4036 Ex
2110 3980 2207 4036 die
2235 3993 2365 4035 vero
2396 3975 2463 4034 40
2492 3976 2676 4045 Febr.,
2711 3989 2823 4046 qua
2852 3975 2975 4030 ord.
3007 3974 3316 4045 episcopus
3468 3968 3579 4028 342

218 4080 257 4142 f
320 4078 608 4134 Lucensis
1177 4080 1212 4138 3
1495 4080 1531 4139 7
1744 4082 1808 4141 24
1924 4072 1993 4127 ad
2025 4070 2284 4127 eumdem
2318 4068 2548 4124 termin.
2583 4064 2645 4121 34
2682 4063 2973 4119 Decembr.
3468 4058 3577 4118 335

493 4168 740 4236 Catalogi
767 4185 835 4224 ea:
860 4170 1018 4225 codd.
1052 4176 1209 4226 εωινα
1237 4174 1476 4228 Italiam.
1924 4165 2060 4215 sunt
2088 4160 2223 4215 anni
2255 4156 2345 4227 23,
2381 4171 2603 4213 menses
2636 4153 2721 4223 40,
2753 4155 2880 4209 dies
2907 4150 2996 4209 2οι

217 4272 253 4321 g
326 4256 549 4328 Belgic.
581 4257 812 4327 Papebr.
1175 4259 1209 4317 3
1495 4261 1529 4319 7
1743 4262 1808 4320 24
1995 4250 2055 4304 In
2083 4247 2374 4303 veteribus
2404 4246 2652 4316 picturis
2694 4244 2950 4300 basilica:
2976 4249 3032 4299 S.
3076 4241 3262 4313 Pauli,
3291 4241 3574 4312 quemad—

219 4344 255 4397 Ιι
326 4345 494 4400 Colb.
528 4347 747 4414 primus
1175 4347 1211 4405 4
1492 4348 1527 4407 7
1777 4353 1814 4408 3
1839 4336 1893 4396 D
1925 4337 2175 4405 modum,
2202 4344 2258 4392 et
2286 4338 2343 4391 in
2375 4336 2664 4406 plerisque
2692 4334 3000 4405 Catalogis,
3033 4337 3330 4388 numerata
3362 4330 3574 4403 legitur

216 4436 241 4485 ἱ
391 4463 464 4473 -
502 4436 788 4492 secundus
1183 4437 1216 4494 4
1513 4482 1549 4494 ,,
1772 4484 1809 4498 η
1921 4425 2134 4495 epocha
2178 4425 2250 4481 ab
2288 4425 2651 4481 ordinatione
2682 4422 2853 4494 (quod
2889 4428 2944 4477 et
2978 4423 3038 4477 in
3071 4421 3386 4477 Melchiade
3422 4425 3479 4475 et
3510 4418 3569 4475 in

218 4524 250 4576 ι
396 4553 466 4562 -
506 4524 712 4581 tertius
874 4574 881 4581 .
1181 4525 1216 4582 4
1488 4527 1523 4584 7
1773 4530 1808 4587 7
1920 4518 2109 4571 Marco
2134 4513 2424 4569 observari
2448 4512 2645 4583 potest)
2672 4529 2687 4583 ;
2713 4513 2771 4566 in
2793 4511 3060 4582 Catalogo
3088 4517 3279 4565 autem
3307 4507 3574 4564 Liberia—

216 4614 238 4664 ι
391 4640 461 4651 -
503 4619 744 4682 quartus
1171 4614 1207 4671 3
1491 4614 1525 4672 7
1775 4618 1813 4676 3
1921 4619 1994 4660 no
2043 4604 2269 4659 videtur
2305 4605 2519 4673 epocha
2558 4600 2890 4672 consignari
2937 4613 2969 4654 a
3007 4603 3275 4667 suscepto
3316 4594 3570 4652 Romano

210 4717 265 4755 us
390 4730 466 4740 —-
505 4703 745 4772 quintus
1163 4702 1199 4760 4
1484 4704 1521 4761 7
1774 4708 1811 4764 3
1921 4691 2260 4763 pontiﬁcatu
2301 4696 2427 4760 post
2464 4695 2700 4746 mortem
2737 4686 3075 4745 decessoris.

210 4804 251 4842 η
396 4818 464 4829 -
504 4796 699 4846 sextus
1171 4791 1206 4849 3
1488 4789 1526 4849 7
1772 4795 1809 4852 8
2178 4850 2187 4853 _
2617 4797 2848 4852 XXXV.

208 4892 242 4929 ο
399 4906 468 4918 -
506 4882 787 4949 septimus
1167 4880 1204 4937 3
1486 4882 1524 4938 8
1772 4885 1807 4943 0
2554 4887 2610 4941 S.
2652 4886 2927 4942 MARCUS

364 4966 661 5022 Consulum
679 4972 849 5040 paria
1428 4975 1570 5028 Era:
1604 4973 1806 5030 Christi
2219 4979 2433 5033 Veteres
2464 4975 2695 5043 pictura
2731 4975 2973 5030 basilicae
3006 4975 3066 5029 S.
3105 4971 3267 5028 Pauli

207 5055 295 5111 Ex
323 5069 483 5111 coss.
516 5057 861 5115 Maximiano
888 5060 1009 5115 VIII
1037 5059 1182 5131 solo,
1211 5074 1312 5117 seu
1341 5076 1409 5118 ex
1439 5074 1586 5118 coss.
2338 5065 2377 5133 λς
2611 5062 2928 5118 MARCUS

134 5142 352 5199 Ruﬁno
385 5152 445 5199 et
472 5145 717 5203 Eusebio
749 5161 943 5205 mense
971 5149 1122 5220 Sept.
1738 5150 1797 5207 44
2628 5152 2890 5208 SEDAN

134 5233 205 5288 ad
234 5234 411 5290 Cass.
438 5234 814 5293 Volusianum
847 5242 905 5293 et
928 5238 1258 5295 Annianum
1698 5238 1803 5297 344
2659 5240 2726 5295 Ν.
2770 5241 2835 5295 ll

204 5339 244 5376 a
284 5322 419 5379 Cat.
459 5323 647 5381 Liber.
691 5338 727 5381 a
763 5326 1070 5383 consulatu
1113 5328 1463 5385 Maximiano
1500 5330 1619 5386 VIII
1655 5330 1799 5402 solo,
2674 5331 2746 5385 M.
2794 5329 2909 5385 VIII

134 5412 463 5469 Volusiano
482 5419 544 5468 et
569 5413 800 5490 Ruﬁno,
826 5420 959 5485 etc.,
991 5417 1062 5472 ad
1094 5416 1471 5474 Volusianum
1495 5423 1554 5475 et
1580 5420 1804 5475 Annia—
2676 5421 2741 5473 D.
2774 5418 2902 5474 ΧΧ.

135 5515 275 5558 Nil!
304 5515 463 5558 0088.

2862 5510 2905 5563 Ι.
