3998 6176
480 226 586 284 307
1279 230 1372 286 AD
1407 231 1838 290 ANASTASIUM
1877 230 2059 289 ΡΙὶΟΙι4

2308 232 2391 288 NA
2428 233 2604 288 EDIT.
2649 230 3076 288 ROM.-VATIC.
3779 227 3887 286 308

550 369 586 407 a
655 354 834 410 Catal.
857 355 1026 411 Liber
1048 370 1181 412 ann.
1558 356 1595 414 2
1670 372 1743 414 m.
1813 357 1848 413 '7
1920 358 1976 414 d.
2053 354 2199 416 20A
2230 357 2297 412 ad
2333 371 2479 413 coss.
2510 357 2947 413 Constantinum
2978 356 3121 427 Aug.
3155 357 3218 409 V.
3251 357 3306 410 et
3333 352 3563 408 Gallum
3591 352 3721 407 Ca:-

550 441 582 495 b
652 442 772 498 Cat.
804 443 918 499 Fel.
947 445 1035 499 IV.
1551 443 1589 501 2
1807 487 1851 499 ..
2075 484 2120 498 ..
2231 458 2413 502 sarem
3779 436 3892 494 352

945 535 1188 602 Catologi
1211 550 1279 588 ea:
1305 535 1460 588 codd.
1489 536 1668 590 Italiae
2307 553 2341 590 a
2414 536 2533 590 Cat.
2559 533 2741 604 Liber.
2771 535 2992 590 eosdem
3019 547 3165 590 coss.
3201 533 3460 602 assignat

545 635 573 675 c
645 619 899 692 Bergom.
1562 621 1600 678 2
1811 621 1846 679 7
2057 620 2130 678 20
2313 626 2342 679 b
2413 626 2534 680 Cat.
2580 623 2691 679 Fel.
2738 625 2807 678 IV
2853 623 3203 678 Felicianum
3248 637 3397 679 coss.
3439 628 3734 692 memorat,
3786 626 3888 680 sed

552 710 591 764 ἀ
661 709 931 766 Caveusis
1561 713 1598 769 2
1811 712 1848 767 8
2059 709 2130 768 20
2382 713 2543 768 addit
2573 712 3002 768 Maximianum.

552 815 580 853 e
653 798 944 856 Farfensis
1561 799 1598 858 2
1810 799 1848 857 8
2058 798 2129 856 20
2305 817 2367 871 p,
2399 817 2452 869 q,
2483 817 2534 864 r,
2561 815 2608 854 s.
2638 800 2692 855 S.
2721 799 2861 856 Julii
2896 799 3168 855 lectiones
3195 799 3256 854 in
3286 799 3452 855 codd.
3484 797 3890 856 Ocriculensi—

551 891 589 957 Γ
651 890 924 946 Lucensis
1532 889 1591 945 44
1811 888 1846 946 7
2061 887 2132 945 20
2239 889 2350 946 bus
2372 889 2792 944 desiderantur.

871 978 1117 1046 Catalogi
1145 979 1313 1034 Codd.
1336 984 1492 1034 extra
1520 981 1741 1034 Italiam
2311 978 2518 1033 Omnes
2543 979 2706 1034 codd.
2737 977 2807 1033 ab
2833 994 2866 1030 a
2892 977 2958 1032 ad
2987 993 3015 1030 ο
3046 982 3181 1032 sunt
3211 977 3382 1032 XIIII.

549 1083 585 1134 g
656 1064 868 1138 Belgic.
902 1067 1136 1138 Papebr.
1563 1065 1599 1124 5
1813 1066 1849 1124 6
2061 1063 2124 1122 24
2309 1069 2389 1123 Ex
2420 1068 2511 1122 his
2543 1070 2797 1138 quinque
2829 1072 3130 1122 numerant
3156 1080 3336 1122 annos
3828 1068 3896 1125 45

547 1157 584 1210 h
655 1155 812 1211 Colb.
839 1157 1062 1227 primus
1565 1155 1601 1213 5
1813 1155 1850 1211 8
2061 1153 2133 1211 20
2311 1157 2451 1212 Octo
2481 1169 2610 1210 vero
2638 1158 2776 1212 dant
2804 1170 2984 1212 annos
3829 1158 3888 1214 44

542 1247 567 1299 i
709 1277 780 1286 —
839 1246 1128 1302 secundus
1567 1243 1603 1300 2
1815 1243 1850 1300 3
2068 1240 2126 1298 44
2314 1247 2507 1300 Decem
2546 1252 2812 1315 praeterea
2842 1247 3076 1316 signant
3101 1259 3322 1302 menses
3862 1245 3898 1302 2

553 1335 585 1388 lt
721 1364 784 1374 ——
843 1335 1052 1390 tertius
1568 1331 1604 1388 2
1816 1331 1853 1389 5
2065 1330 2136 1388 20
2314 1334 2450 1391 Tres
2480 1349 2610 1390 vero
2635 1335 2761 1390 dies
2784 1333 2820 1390 5
2842 1341 2898 1390 et
2923 1336 3180 1406 quinque
3205 1336 3330 1390 dies
3862 1335 3898 1391 6

551 1425 571 1477 ι
711 1454 786 1463 -
848 1429 1091 1494 quartus
1565 1420 1604 1479 2
1815 1420 1852 1477 8
2101 1421 2137 1478 5
2317 1425 2411 1480 Uti
2442 1424 2716 1480 exhibent
2747 1424 2986 1495 picturae
3013 1425 3069 1479 S.
3101 1424 3260 1479 Pauli

549 1529 606 1566 m
713 1543 782 1552 —
848 1513 1091 1582 quintus
1564 1509 1602 1604 ἓ
1813 1509 1850 1604 ξ
2063 1509 2134 1604 29
2931 1549 3212 1604 XXXVII-

549 1618 588 1656 n
717 1632 791 1644 —
854 1606 1051 1657 sextus
1563 1598 1601 1655 2
1813 1597 1850 1654 8
2097 1597 2134 1656 5

552 1706 582 1744 ο
718 1721 788 1730 -
851 1691 1135 1758 septimus
1562 1686 1598 1744 2
1810 1686 1847 1742 8
2060 1685 2130 1744 20

1810 1686 1847 1742 8
2060 1685 2130 1744 ρο
2163 1679 2214 1740 Β
2857 1657 2912 1712 s.
2940 1656 3267 1712 LIBERIUS.

695 1781 986 1836 Consulum
1010 1780 1177 1850 paria
1224 1808 1228 1812 -
1755 1779 1899 1830 Erae
1929 1777 2133 1832 Christi
2561 1767 2795 1820 Pictura?
2825 1769 3025 1818 veteres
3060 1765 3296 1818 basilica
3326 1762 3384 1817 S.~
3413 1763 3575 1816 Pauli

549 1886 584 1928 α
657 1871 737 1925 Ex
767 1883 914 1924 coss.
950 1869 1264 1938 Nepotiano
1285 1872 1340 1924 et
1365 1868 1630 1924 Facundo
2023 1863 2130 1922 336
2470 1874 2509 1941 -;-
3013 1872 3164 1926 [ΑΒΕ

546 1961 629 2015 Ex
657 1958 754 2015 die
783 1959 906 2014 Kal.
951 1957 1111 2014 Febr.
1155 1970 1338 2027 usque
1371 1957 1429 2012 in
1461 1957 1613 2012 diem
1657 1955 1806 2026 prid.
1837 1957 1982 2012 Non.
2014 1955 2131 2012 Oc-
2965 1960 3146 2016 RIVS

477 2047 626 2104 tobr.
653 2062 801 2104 coss.
824 2049 919 2103 SS.
2989 2050 3078 2104 SE

547 2153 583 2189 a
655 2137 772 2191 Cat.
808 2135 994 2190 Liber.
1026 2136 1343 2206 Nepotiano
1369 2140 1425 2190 et
1456 2134 1720 2190 Facundo
1749 2148 1896 2190 coss.
3010 2139 3055 2191 D

553 2226 584 2277 b
657 2224 775 2280 Cat.
809 2225 901 2281 Fel
933 2225 1002 2280 IV
1025 2225 1249 2280 eosdem
1277 2238 1424 2280 coss.
1460 2223 1636 2280 refert
3008 2226 3102 2280 AN

540 2330 584 2384 Ρ
656 2313 842 2369 ocric'
877 2315 1099 2414 prima?
1205 2323 1230 2414 )
1274 2357 1681 2414 desiderantur
1730 2358 2025 2413 Lectiones
2075 2357 2130 2412 S.
3007 2316 3080 2369 Nl
3126 2395 3202 2407 .-

550 2419 585 2472 <1
729 2431 802 2443 -
885 2403 1234 2502 ξθθμιξηάυδξ
1277 2403 1668 2502 ᾗί”ίξιζξί““”’“’
1730 2403 2025 2413 ’”“““”’“
2075 2403 2130 2412 “”
3015 2416 3086 2470 Χ.
3126 2403 3182 2468 ᾗ

551 2508 584 2546 r
723 2521 798 2532 -
883 2491 1092 2547 tertius
1213 2487 1472 2571 )"“"”'f
3016 2503 3299 2559 vuum

549 2598 576 2636 s
719 2610 792 2621 —
865 2586 1051 2651 quart.
1077 2580 1231 2635 eosd.
1257 2593 1401 2635 coss.
1423 2580 1542 2646 dat,
1563 2584 1685 2635 eta.
1705 2576 1760 2645 2,
1787 2593 1857 2632 m.
1882 2575 1936 2645 8,
1962 2579 2018 2634 d.
2049 2577 2128 2634 40.

2324 2629 2352 2666 a
2424 2613 2546 2668 Cat.
2579 2611 2702 2667 Lib.
2744 2626 2873 2667 cum
2904 2612 2960 2666 in
2989 2625 3056 2666 eo
3081 2612 3307 2666 desinat
3345 2610 3512 2666 finem
3546 2609 3666 2664 Lib.
3699 2609 3903 2664 reticet

551 2670 761 2726 Omnes
789 2670 952 2726 codd.
984 2669 1054 2724 ab
1080 2687 1114 2722 a
1143 2671 1210 2725 ad
1239 2685 1268 2723 ο
1300 2676 1436 2724 sunt
1464 2682 1562 2723 XIV
1593 2675 1646 2723 et
1679 2685 1799 2722 cum
1825 2683 1851 2721 s
1882 2682 1977 2722 xv.
2111 2755 2132 2758 Δ
2326 2705 2355 2758 b
2429 2703 2606 2758 (ἰδίῃ.
2638 2701 2754 2757 Fel.
2787 2703 2876 2756 IV.
2911 2715 3043 2756 an".
3309 2699 3345 2755 ὃ
3437 2714 3510 2754 ω.
3622 2697 3657 2754 3
3736 2699 3799 2753 ὁ.
3875 2697 3908 2751 3

557 2761 637 2815 Ex
661 2760 753 2815 his
785 2760 1055 2814 tredecim
1087 2759 1429 2829 consignant
1456 2772 1638 2813 annos
2103 2755 2140 2813 2
2332 2755 2344 2758 ’
2923 2828 2933 2837 _
3013 2755 3016 2756 ⁷
3070 2827 3101 2837 _
3155 2827 3210 2837 Π
3271 2828 3311 2837 h
3361 2827 3396 2837 η

557 2849 696 2905 Octo
733 2849 904 2904 etiam
940 2854 1242 2904 numerant
1262 2827 1495 2904 menses
2103 2844 2136 2900 8

2103 2844 2138 2900 3
2687 2828 2933 2893 Catalogi
2964 2843 3031 2880 ear:
3061 2827 3229 2880 Codd.
3265 2827 3461 2879 Italiae.

553 2939 759 2992 Novem
803 2951 934 2992 vero
963 2937 1301 3007 exprimunt
1337 2937 1462 2992 dies
2068 2932 2138 2990 20
2173 2991 2216 3007 Α
2320 2950 2346 2987 c
2418 2933 2592 2989 Catal.
2629 2935 2885 3004 Bergom.
3269 2929 3334 2986 40
3617 2925 3654 2984 7
3879 2927 3910 2984 3

552 2991 920 3080 mutate.”
975 2991 985 2992 ί
1041 2991 1056 3007 ³
1116 2991 1122 2992 ί
1204 2991 1227 2992 ﬁ
1348 2991 1368 2992 η
1414 2991 1453 2992 ﬂ
2067 3019 2132 3078 2i
2169 2991 2218 3056 α
2321 3022 2359 3075 d
2429 3023 2548 3078 Cat.
2580 2991 2850 3077 Cavensis
3270 3017 3335 3074 lO
3621 3017 3656 3073 3
3881 3013 3911 3071 t

561 3112 634 3167 Ut
671 3113 730 3168 in
760 3112 1006 3183 picturis
1035 3112 1296 3168 basilica:
1324 3114 1380 3169 S.
1413 3113 1597 3168 Pauli.
2324 3127 2351 3165 e
2421 3111 2540 3166 Cat.
2575 3109 2866 3166 Farfensis
3265 3105 3331 3164 40
3620 3105 3654 3161 3
3879 3103 3908 3159 4

1187 3238 1444 3293 XXXVI.
2323 3201 2360 3267 f
2422 3199 2542 3254 Cat.
2573 3199 2846 3254 Lucensis
3266 3193 3332 3252 40
3618 3194 3653 3250 3
3878 3191 3907 3246 4

1128 3345 1184 3402 S.
1210 3346 1502 3402 JULIUS.
2592 3323 2707 3377 Call

2592 3323 2838 3390 Catalogi
2867 3339 2934 3376 ea:
2961 3321 3117 3376 codd.
3146 3327 3302 3376 emt-ra
3330 3321 3570 3375 Italiam.

818 3456 1032 3511 Veteres
1053 3457 1288 3525 pictum
1317 3455 1554 3509 basilicae
1581 3454 1638 3509 S.
1665 3455 1828 3510 Pauli
2435 3428 2898 3526 ςθξθίλθξιὲίφυε
2924 3426 3157 3526 Ῑῗὶιρθδτο
3627 3422 3662 3526 Ξ
3882 3421 3910 3526 Ξ

1158 3559 1417 3614 IVLIVS
1441 3559 1529 3614 SE
1666 3509 1685 3510 ί
2437 3518 2556 3573 Cat.
2589 3515 2834 3614 Colbert.
2867 3519 3089 3586 primus
3276 3512 3342 3614 46
3627 3509 3661 3614 Ζ

1167 3597 1529 3686 limuls"
2329 3610 2352 3661 ί
2465 3638 2520 3646 -

2333 3610 2352 3661 i
2465 3638 2520 3646 —
2602 3607 2890 3661 secundus
3307 3602 3342 3658 6
3628 3598 3662 3656 3
3884 3597 3912 3654 4

1322 3732 1390 3740 -
2333 3698 2364 3751 k
2461 3728 2531 3736 —
2605 3697 2813 3750 tertius
3311 3691 3345 3747 6
3630 3688 3666 3746 6
3883 3687 3914 3744 3

1411 3775 1457 3827 II
2333 3788 2352 3840 ι
2457 3815 2530 3825 -
2604 3792 2770 3854 quart

2333 3788 2352 3840 ι
2457 3815 2530 3825 -
2604 3792 2844 3854 quartus
3280 3778 3344 3835 40
3629 3776 3664 3834 ’7
3883 3776 3912 3834 3

1195 3843 1376 3966 DIE]?
2329 3893 2384 3930 m
2467 3905 2539 3915 —
2613 3843 2774 3943 quint

2335 3893 2384 3930 m
2467 3905 2539 3915 —
2613 3843 2854 3943 quintus
3630 3867 3668 3966 ἶ

573 4022 610 4059 α
681 4002 931 4074 Catalog.
970 4002 1153 4060 Liber.
1186 3954 1366 4058 ann.”
1544 4002 1611 4060 45
1691 4019 1762 4058 m.
1849 4003 1872 4059 4
1952 4005 2009 4060 d.
2086 4002 2144 4060 44

2336 3983 2369 4020 η
2465 3993 2534 4004 -
2610 3970 2806 4019 sextus
3280 3957 3345 4014 40
3631 3955 3667 4014 7
3883 3954 3915 4011 3

2336 4071 2363 4104 ο
2470 4086 2538 4093 -
2616 4050 3134 4104 seut.an.5.etan.
3289 4046 3352 4104 40
3638 4045 3677 4104 7
3881 4087 3914 4099 ..

579 4048 610 4147 Ξ
679 4048 814 4148 52C
825 4048 931 4148 '13:;
970 4048 1317 4147 rma?“
1554 4048 1620 4150 '43
1848 4048 1871 4148 4'
1951 4048 2009 4149 Ξῖ

2343 4071 2363 4108 ο
2470 4086 2538 4093 -
2616 4058 2756 4122 sept.
2781 4050 2945 4107 an.5.
2971 4057 3134 4106 etan.
3289 4048 3352 4104 40
3638 4048 3677 4104 7
3881 4087 3914 4099 ..

956 4182 1202 4248 ϐαίη-1094
1227 4197 1294 4235 ea:
1323 4182 1476 4235 codd.
1514 4184 1710 4237 Italiae.

2695 4160 2988 4214 Consulum
3013 4161 3180 4229 paria
3535 4161 3679 4214 Era:
3722 4160 3920 4217 Christi

570 4290 597 4327 ο
671 4272 924 4342 Bergom.
1561 4269 1618 4327 44
1875 4271 1912 4329 2
2125 4271 2159 4328 6
2338 4273 2416 4326 Ex
2466 4283 2612 4325 coss.
2657 4267 2992 4324 Constantio
3038 4269 3079 4321 V
3119 4273 3176 4322 et
3213 4266 3552 4322 Constantio
3602 4280 3706 4322 seu
3758 4267 3921 4322 Gallo

583 4364 621 4417 ἀ
691 4361 961 4417 Cavensis
1559 4360 1618 4417 44
1875 4363 1911 4418 2
2126 4361 2162 4418 5
2187 4359 2240 4419 Ι)
2266 4365 2480 4420 Caesare
3822 4355 3923 4412 3’52

583 4467 609 4505 e
701 4447 989 4505 Farfensis
1561 4450 1583 4506 4
1597 4448 1619 4506 4
1876 4451 1912 4508 2
2125 4451 2161 4507 5

2343 4453 2409 4508 ad
2444 4465 2590 4506 coss.
2623 4449 3020 4506 Constantium
3056 4448 3146 4502 VII
3177 4451 3233 4500 et
3264 4446 3488 4502 Gallum
3517 4445 3655 4500 (ἓως.
3692 4448 3784 4501 III.
3823 4443 3922 4502 354

583 4543 620 4610 f
717 4540 992 4596 Lucensis
1564 4538 1622 4595 44
1877 4539 1915 4596 2
2127 4539 2164 4596 5
2343 4545 2402 4596 In
2435 4541 2706 4596 exsilium
2737 4540 3074 4608 deportatur
3113 4546 3264 4591 anno
3307 4536 3568 4607 sequenti
3597 4551 3714 4606 quo
3751 4538 3924 4606 coepit

893 4629 1140 4696 Catalogi
1168 4629 1323 4684 codd.
1359 4635 1514 4684 extra
1543 4632 1780 4686 Italiam.
2271 4631 2450 4688 Felix.
3823 4626 3927 4682 355
3970 4628 3973 4629 ⁷

581 4739 617 4790 g
691 4720 898 4791 Belgic.
931 4718 1165 4788 Papebr.
1565 4716 1622 4773 44
1879 4717 1917 4776 2
2129 4720 2164 4777 6
2342 4721 2534 4776 Tertio
2562 4733 2711 4774 anno
2742 4717 2890 4773 redit
2918 4716 3182 4772 Liberius
3214 4724 3380 4771 mort.
3414 4716 3600 4772 Felice
3821 4714 3926 4771 358

589 4813 626 4866 h
695 4809 854 4867 Colb.
890 4809 1112 4880 primus
1565 4806 1633 4863 45
1880 4807 1918 4864 2
2131 4809 2165 4866 6
2274 4812 2341 4866 ad
2370 4824 2515 4865 coss.
2549 4808 2909 4875 Gratianum,
2943 4814 2997 4862 et
3022 4805 3398 4876 Daglaiphum
3824 4803 3926 4860 366

585 4905 610 4956 i
716 4931 784 4939 —
900 4896 1188 4954 secundus
1564 4893 1632 4952 42
1882 4896 1916 4954 2
2131 4896 2166 4954 3
2277 4913 2388 4970 quo
2408 4913 2557 4954 anno
2581 4897 2848 4952 humanis
2873 4896 3041 4952 rebus
3065 4895 3362 4964 exi.nitur,
3390 4901 3452 4950 ut
3473 4895 3533 4949 in
3563 4894 3765 4951 libello
3795 4907 3929 4964 pre-

593 4992 626 5044 l:
716 5021 784 5029 —
909 4987 1118 5044 tertius
1566 4984 1634 5044 45
1883 4986 1919 5044 2
2131 4988 2166 5045 6
2275 5003 2401 5046 cum
2431 4987 3134 5045 Faustinietlllarcellini.

593 5078 613 5131 ι
719 5107 788 5117 ——
910 5083 1154 5147 quartus
1567 5074 1625 5131 44
1852 5075 1911 5132 44
2132 5075 2167 5133 0
2345 5079 2553 5135 Omnes
2577 5078 2804 5133 codices
2830 5077 2900 5132 ab
2928 5093 2960 5129 a
2992 5076 3058 5130 ad
3086 5091 3115 5129 ο
3142 5082 3278 5131 sunt
3302 5075 3475 5129 XIIII.

594 5181 650 5219 τη
735 5193 804 5203 -
913 5167 1154 5234 quintus
1567 5164 1636 5221 45
1883 5166 1919 5223 2
2132 5166 2168 5224 6

2350 5182 2414 5224 ex
2441 5169 2533 5224 his
2555 5174 2682 5223 octo
2712 5173 3017 5222 numerant
3040 5179 3222 5221 annos
3265 5153 3293 5164 ’”
3867 5159 3929 5217 40

597 5269 636 5308 η
743 5282 813 5291 -
921 5261 1118 5308 sextus
1569 5251 1627 5308 44
1853 5253 1912 5311 44
2134 5257 2168 5314 0
2275 5259 2503 5328 dempto
2529 5257 2753 5312 scilicet
2776 5256 3076 5312 intervallo
3105 5255 3300 5324 lapsus
3318 5259 3376 5309 et
3394 5253 3589 5309 exsilii
3617 5253 3860 5309 Liberii.

599 5359 630 5397 ο
752 5371 821 5380 -
931 5344 1212 5408 septimus
1572 5338 1630 5396 44
1885 5343 1922 5400 2
2134 5343 2170 5401 7
2343 5348 2449 5402 Sex
2474 5359 2604 5399 vero
2633 5349 2945 5399 memorant
2967 5345 3136 5399 etiam
3170 5357 3388 5399 menses
3899 5336 3931 5394 7

779 5429 1069 5486 Consulum
1092 5432 1258 5500 paria
1805 5437 1944 5490 Erae
1973 5435 2174 5490 Christi
2349 5437 2415 5490 Et
2441 5434 2676 5488 totidem
2707 5434 3042 5500 exprimunt
3071 5447 3300 5504 quoque
3323 5433 3450 5489 dies
3902 5428 3935 5484 3

599 5521 680 5577 Ex
709 5535 854 5578 coss.
887 5519 1115 5576 Titiano
1143 5524 1200 5575 et
1228 5517 1516 5575 Feliciano
2066 5523 2171 5580 337
2346 5524 2495 5593 Quot
2526 5528 2892 5578 rerensentur
2923 5521 2982 5576 in
3015 5522 3262 5592 picturis
3295 5521 3552 5578 basilica:
3582 5523 3638 5577 S.
3667 5521 3861 5577 Pauli.
