3998 6176
178 203 267 262 309
874 252 885 262 .
966 206 1332 265 BLANCHINI
1368 208 1665 265 DISSERT.
1706 210 1797 265 DE
1833 209 1988 267 ΑΝΤ.
2028 211 2139 266 RR.
2185 210 2379 268 PONT.
2420 213 2755 271 CATALOG.

1844 336 1901 398 A

848 334 1128 405 xxxvn,

817 423 876 478 L.
918 423 1152 480 FELIX.

395 510 644 565 Picturx
681 514 883 566 veteres
929 512 1167 568 basilicae
1205 515 1261 570 S.
1307 514 1486 569 Pauli.

921 600 1165 658 FELIX

981 689 1136 744 SED

984 764 1185 843 Ait

995 860 1202 940 ﬁEUL

996 975 1059 1029 D.
1095 976 1143 1030 ΙῙ

228 1063 253 1115 b
319 1061 449 1117 Cat.
486 1062 606 1118 Fel.
633 1065 724 1119 IV.
746 1076 880 1119 ann.
1109 1062 1145 1120 3

590 1151 839 1220 Catalogi
875 1168 943 1208 ex
987 1151 1155 1208 Codd.
1182 1155 1381 1209 Italica.

219 1256 245 1294 c
308 1239 441 1295 Cat.
468 1241 631 1310 Berg.
1176 1241 1199 1297 4

220 1328 255 1382 ἀ
325 1328 455 1384 Cat.
480 1328 687 1384 Caven.
1177 1328 1202 1385 4

217 1433 242 1471 e
310 1418 446 1472 Cat.
470 1415 623 1472 Farf.
1174 1417 1197 1474 4
1220 1439 1227 1447 ·

215 1507 248 1572 f
309 1505 444 1560 Cat.
475 1508 686 1562 Lucen.
1176 1505 1199 1563 4

448 1594 700 1663 Catalogi
741 1610 809 1650 ex
849 1596 1024 1651 Codd.
1079 1601 1234 1652 extra
1280 1599 1521 1654 Italiam.

1456 1241 1492 1299 3

1458 1329 1494 1388 3

1456 1418 1492 1477 3

1456 1507 1492 1566 3

1446 1615 1500 1654 m

1456 1685 1492 1743 3

1454 1776 1491 1833 3

1457 1864 1494 1922 3

1457 1955 1493 2013 3

1455 2042 1491 2100 3

1455 2128 1491 2187 3

1455 2218 1492 2277 3

1774 1242 1812 1299 2

1775 1330 1812 1389 2

1776 1419 1811 1476 2

1775 1510 1813 1570 2

1775 1687 1812 1745 2

1776 1778 1813 1836 2

1774 1867 1812 1925 2

1775 1956 1813 2015 2

1775 2045 1812 2102 2

1776 2131 1812 2188 6

1774 2220 1812 2277 2

214 1699 247 1751 g
320 1683 456 1739 Cat.
496 1683 645 1756 Belg.
676 1685 809 1754 Pap.
1175 1685 1198 1742 4

215 1773 246 1825 lt
321 1773 451 1827 Cat.
500 1772 656 1829 Colb.
700 1773 922 1843 primus
1174 1774 1197 1830 4

215 1863 235 1914 ί
324 1892 408 1901 -
452 1862 744 1918 secundus
1174 1863 1198 1920 4

218 1952 246 2005 ι
320 1981 401 1991 -
444 1951 657 2007 tertius
1176 1950 1201 2008 4

219 2040 236 2092 l
326 2070 403 2078 —
453 2046 698 2108 quartus
1116 2059 1132 2071 '
1173 2039 1197 2096 4

216 2145 263 2182 m
327 2157 409 2168 —
453 2127 699 2197 quintus
1173 2125 1197 2182 4

216 2234 251 2271 η
324 2247 403 2256 —
456 2223 656 2272 sextus
1167 2216 1190 2273 4

218 2322 245 2360 ο
326 2336 408 2347 —
458 2306 743 2375 septimus
1168 2306 1206 2364 2

693 2394 983 2449 Consulum
1014 2397 1180 2465 paria
1429 2399 1574 2454 Era:
1605 2399 1811 2457 Christi

218 2482 455 2537 Patrum
480 2494 795 2537 coxvorum
819 2481 1167 2540 testimonia.
1213 2497 1431 2541 necnon
1455 2487 1593 2542 Acta
1616 2487 1672 2542 S.
1700 2488 1810 2544 Fe—

174 2570 276 2627 licis
303 2584 473 2642 papa:
499 2574 558 2625 et
598 2571 867 2640 martyris
890 2584 922 2626 a
949 2571 1355 2630 Schelestratio
1387 2574 1665 2644 producta
1694 2590 1808 2633 una

170 2658 1487 2734 cumCatalogisantiquioribusdissert.2,cap.
1510 2662 1564 2732 9,
1579 2665 1803 2735 docent,

168 2748 459 2815 legitimum‘
474 2748 670 2801 Felicis
710 2748 1092 2817 Pontificatum
1125 2765 1235 2805 non
1271 2767 1383 2806 esse
1411 2752 1810 2809 extendendum

166 2837 293 2889 ultra
328 2852 549 2893 annum
586 2851 776 2898 unum,
822 2852 1029 2892 menses
1071 2843 1177 2892 tres
1221 2839 1336 2894 dies
1392 2841 1548 2905 duos,
1594 2847 1807 2911 partem

156 2918 374 2980 scilicet
391 2923 598 2980 exsilii
619 2923 923 2981 triennalis
942 2925 1179 2998 Liberii,
1208 2940 1277 2983 ex
1301 2941 1453 2986 anno
1466 2928 1683 2986 Christi
1702 2927 1809 2987 357

167 3014 223 3069 ad
250 3026 472 3069 annum
504 3010 631 3069 3%.

223 3103 432 3159 Omnes
464 3103 697 3159 codices
723 3102 794 3158 ab
823 3119 859 3156 α
880 3103 952 3159 ad
985 3119 1014 3158 ο
1033 3109 1171 3162 sunt
1200 3119 1352 3162 xnu.

225 3205 290 3246 ex
320 3192 418 3246 his
475 3178 740 3246 undecim
766 3198 1070 3248 numerant
1121 3208 1334 3251 annum
1774 3196 1800 3254 4

226 3279 485 3336 Totidem
528 3293 756 3350 quoque
785 3286 1097 3341 memorant
1131 3296 1307 3339 mens.
1774 3284 1810 3343 3

229 3369 417 3424 Decem
455 3382 589 3424 vero
629 3370 927 3442 assignant
950 3372 1122 3427 etiam
1151 3372 1277 3428 dies
1773 3373 1811 3431 2

184 3457 371 3527 AQuot
406 3456 759 3513 exhibentur
807 3460 868 3514 in
923 3459 1168 3529 picturis
1216 3461 1472 3519 basilicae
1512 3462 1566 3518 S.
1620 3463 1805 3519 Pauli.

171 3544 376 3614 Quibus
387 3546 780 3603 accensendus
799 3547 975 3603 codex
992 3549 1216 3619 primus
1235 3556 1292 3605 et
1305 3552 1593 3607 secundus
1616 3551 1803 3609 Ocric.

174 3635 228 3688 In
256 3635 436 3703 primo
467 3635 551 3689 ita
580 3634 827 3706 legimus
866 3636 991 3691 lect.
1017 3634 1068 3691 5.
1100 3636 1285 3707 Capite
1310 3644 1562 3694 truncato
1590 3645 1809 3709 marty—

173 3726 250 3776 rio
270 3730 559 3779 coronatur
584 3738 671 3779 IIll
708 3726 796 3780 Id.
827 3727 1133 3790 Nouembr.,
1162 3734 1215 3783 et
1242 3729 1370 3783 inde
1421 3734 1645 3800 ruptum
1686 3744 1807 3784 cor-

170 3828 266 3881 pus
299 3815 415 3882 ejus
451 3831 487 3868 a
530 3816 711 3884 presb.
745 3819 796 3869 et
832 3809 1038 3869 clericis
1063 3811 1333 3878 sepultum
1378 3816 1458 3865 est
1496 3813 1558 3864 in
1581 3811 1809 3866 basilica

177 3918 328 3972 quam
349 3907 462 3974 ipse
481 3908 861 3959 construxerat
887 3905 979 3957 via
1002 3898 1232 3959 Aurelia
1262 3915 1353 3956 xv.
1377 3903 1501 3957 Kal.
1531 3901 1804 3957 Decembr.

176 3994 417 4048 milliaria
448 4008 509 4049 11.
537 3993 677 4062 Ejus
696 3993 882 4047 natale
900 3992 1205 4047 celebratur
1224 3996 1327 4047 oct.
1354 3994 1483 4047 Kal.
1509 3993 1658 4061 Aug.

850 4081 1116 4138 XXXIX.

764 4171 820 4226 S.
865 4173 955 4226 DA
964 4171 1202 4228 )IASUS.

447 4263 668 4317 Veteres
702 4263 931 4331 picturx
978 4261 1215 4315 basilica:
1245 4260 1306 4315 S.
1340 4260 1523 4315 Pauli.

246 4351 281 4418 ἦ
916 4349 1156 4405 DAMA

909 4429 1064 4485 SVS

899 4511 1073 4566 SED

899 4590 1078 4665 Aﬁi

908 4697 1081 4753 XVIII

839 4780 1116 4855 "EJLD

866 4890 921 4945 X

198 4988 207 4995 '
258 4979 285 5031 b
309 4979 475 5037 Catal.
503 4981 619 5037 Fel.
653 4982 743 5036 IV.
771 4993 901 5036 ann.
937 4979 1104 5034 XVII.
1142 4991 1213 5032 In.
1250 4978 1340 5032 IIl.
1374 4977 1431 5032 d.
1462 4975 1561 5030 XI.

259 5066 579 5126 Anastasius
602 5069 749 5125 Bibl.
780 5082 913 5124 ann.
950 5064 1114 5122 48m.
1154 5063 1207 5121 2.
1241 5066 1299 5121 d.
1333 5060 1400 5120 40

590 5158 845 5227 Catalogi
890 5172 957 5211 ex
999 5156 1158 5210 codd.
1185 5155 1385 5210 Italiae.

262 5261 286 5298 ς
362 5248 748 5320 Bergomensis
1180 5241 1249 5299 48
1496 5238 1535 5298 2
1750 5236 1819 5296 40

265 5334 297 5385 Ἰ
356 5336 618 5392 Cavensis
1184 5330 1253 5388 48
1499 5328 1538 5386 2
1752 5325 1820 5385 40

268 5439 291 5475 ε
366 5426 650 5481 Farfensls
1188 5419 1255 5476 48
1501 5417 1539 5475 2
1753 5415 1820 5473 40

266 5512 295 5575 Γ
361 5514 628 5570 Lucensis
1188 5506 1257 5564 48
1502 5505 1540 5563 2

1842 1651 1896 1713 B

1833 4332 1889 4394 D

2238 341 2490 409 Catalogi
2528 343 2771 399 codicum
2813 350 2973 400 extra
2999 349 3241 402 Italiam.

1991 442 2026 493 g
2098 426 2308 496 Belgio.
2353 428 2587 498 Papebr.
2933 431 3002 489 48
3282 434 3320 491 2
3499 433 3568 493 40

1990 514 2028 567 h
2096 514 2463 572 Colbertinus
2487 518 2709 588 primus
2933 518 3002 577 48
3284 519 3322 578 2
3499 521 3570 581 40

1991 603 2015 656 i
2101 631 2162 643 -
2204 604 2493 661 secundus
2929 607 2997 665 45
3280 608 3317 666 3
3499 609 3559 666 44

1993 691 2025 745 11
2093 720 2166 731 -
2202 693 2412 749 tertius
2932 694 3001 753 48
3284 695 3320 754 3
3502 696 3562 755 44

1990 780 2010 832 l
2101 811 2169 819 —
2210 787 2452 851 quartus
2929 784 2999 844 48
3282 785 3321 844 2
3499 785 3568 845 40

1988 884 2043 922 m
2104 898 2178 909 —
2214 870 2455 941 quintus
2931 873 2999 931 48
3283 875 3321 934 2
3501 874 3560 932 44

1989 971 2027 1010 n
2116 990 2163 998 -—
2206 964 2404 1015 sextus
2931 961 2999 1021 48
3282 964 3320 1022 2
3501 962 3569 1021 40

1988 1060 2019 1098 ο
2104 1077 2172 1086 ——
2210 1049 2493 1119 septimus
2930 1052 2999 1109 48
3280 1053 3319 1113 2
3501 1053 3569 1113 40

2376 1157 2672 1213 Consulum
2724 1163 2895 1229 paria
3178 1165 3320 1219 Δεῖ-ω
3364 1163 3573 1219 Christi

1988 1243 2068 1298 Ex
2097 1256 2244 1300 coss.
2273 1245 2549 1302 Gratiano
2580 1251 2638 1302 et
2680 1248 2998 1319 Daglaipho
3459 1249 3567 1308 366

1917 1332 1987 1386 ad
2034 1344 2182 1387 coss.
2239 1332 2573 1390 Clearchum
2603 1340 2661 1392 at
2710 1336 3103 1393 Richomerem
3461 1338 3569 1396 384

1983 1435 2026 1488 p
2106 1420 2243 1476 Cod.
2317 1420 2506 1478 Ocric.
2541 1425 2764 1493 primus
2931 1422 2999 1481 48
3283 1427 3320 1484 2
3501 1426 3567 1484 40

1992 1524 2026 1577 q
2108 1538 2180 1548 —
2216 1510 2503 1566 secundus
2936 1512 3004 1571 48
3283 1513 3321 1571 2
3501 1514 3568 1572 40

1990 1613 2022 1650 r
2107 1628 2175 1639 —-
2215 1599 2422 1655 tertius
2933 1601 3001 1659 48
3283 1604 3321 1661 2
3503 1603 3569 1662 40

1990 1701 2018 1740 s
2103 1715 2149 1725 -ο
2213 1696 2458 1760 quartus
2933 1690 3000 1748 48
3282 1693 3319 1750 2
3500 1692 3568 1750 40

1944 1806 1949 1813 -
1990 1777 2267 1846 Superius
2315 1780 2765 1837 demonstratum
2807 1781 2921 1837 fuit
2975 1797 3101 1854 pag.
3132 1796 3269 1838 LVlll
3298 1788 3357 1839 et
3402 1797 3558 1854 seqq.

1919 1863 2047 1936 (col.
2080 1863 2187 1921 235
2212 1868 2353 1938 seq.)
2372 1881 2438 1923 ex
2465 1869 2731 1939 pluribus
2759 1870 3123 1927 documentis
3142 1872 3484 1941 synchronis
3507 1878 3565 1926 et

1918 1958 2311 2027 autographis,
2339 1958 2573 2015 initium
2585 1960 2813 2016 Damasi
2831 1960 3030 2016 cadere
3041 1959 3148 2016 sub
3161 1974 3306 2015 coss.
3329 1960 3566 2016 Gratia—

1920 2058 1994 2101 no
2018 2053 2075 2101 et
2097 2046 2434 2118 Daglaipho,
2455 2046 2579 2115 366,
2613 2049 2738 2104 Kal.
2770 2048 3054 2118 Octobris,
3082 2054 3141 2103 et
3159 2048 3327 2103 ﬁnem
3357 2048 3418 2103 in
3442 2061 3573 2103 con-

1920 2133 2115 2190 sulatu
2140 2135 2398 2191 Clearchi
2425 2141 2481 2192 et
2505 2136 2885 2200 Richomeris,
2918 2136 3013 2190 die
3044 2149 3103 2191 x1
3134 2137 3263 2190 Dec.
3295 2131 3421 2190 384.

1988 2223 2175 2293 Quare
2203 2232 2428 2282 constat
2455 2227 2692 2297 epocha.
2719 2226 3077 2296 picturarum
3115 2224 3171 2280 S.
3200 2224 3361 2279 Pauli
3389 2224 3561 2279 testi--

1919 2314 2112 2369 monio
2140 2315 2524 2379 consentiens,
2560 2329 2687 2385 quae
2715 2315 2887 2371 etiam
2919 2328 2988 2369 ex
3026 2312 3347 2370 codicibus.

1986 2399 2194 2457 Omnes
2219 2402 2384 2458 codd.
2410 2403 2481 2457 ab
2511 2420 2546 2457 a
2570 2404 2640 2458 ad
2672 2419 2697 2458 s
2728 2409 2863 2459 sunt
2889 2415 3030 2458 xvn.

1987 2491 2069 2546 Ex
2095 2491 2188 2547 his
2208 2505 2282 2546 xv
2313 2499 2613 2548 numerant
2647 2506 2829 2549 annos
3502 2489 3569 2546 48

2060 2593 2189 2634 Xllll
2219 2587 2511 2637 recensent
2553 2583 2723 2637 etiam
2757 2595 2977 2638 menses
3533 2578 3571 2637 2

2058 2682 2164 2723 Xlll
2204 2670 2343 2725 dant
2369 2684 2595 2742 quoque
2622 2671 2749 2726 dies
3503 2665 3572 2725 40

2572 2854 2580 2862 λ
2684 2795 2801 2850 xu

2535 2902 2588 2957 S.
2634 2901 2939 2958 SIRICIUS.

2211 3014 2425 3069 Veteres
2460 3010 2693 3080 picturx
2725 3011 2964 3064 basilica:
2994 3008 3051 3065 S.
3098 3008 3281 3066 Pauli.

2059 3122 2099 3188 +
2601 3116 2874 3173 SHUCI

2600 3206 2867 3261 VSSED

2659 3285 2837 3358 ᾸῙἩ

2664 3390 2782 3445 XV

2639 3471 2859 3547 ῙῑΧΙ

2658 3584 2723 3637 D.
2757 3578 2947 3635 XXV

1989 3677 2019 3730 b
2090 3675 2209 3731 Cat.
2241 3672 2353 3729 Fel.
2380 3674 2467 3728 IV.
2499 3684 2680 3727 annos
2711 3670 2829 3726 XV.
2862 3670 2988 3725 dies
3012 3670 3132 3725 XV.

1986 3769 2182 3833 Anast,
2210 3762 2356 3818 Bibl.
2378 3775 2510 3817 ann.
2548 3757 2615 3816 45
2645 3773 2719 3815 m.
2750 3756 2809 3814 44
2840 3760 2897 3815 ἀ.
2929 3757 3002 3814 25

2305 3870 2554 3936 Catalogi
2589 3883 2657 3922 ex
2676 3868 2949 3923 codicibus
2969 3868 3169 3923 Italix.

3496 3972 3573 4032 25

3494 4061 3569 4120 25

3495 4150 3568 4209 25

3495 4237 3569 4298 25

3497 4430 3570 4491 25

3497 4518 3571 4578 25

3500 4693 3574 4753 25

3495 4782 3569 4840 25

3496 4868 3571 4926 25

3496 4956 3569 5016 25

3498 5045 3572 5105 25

1986 3997 2013 4035 c
2099 3976 2491 4048 Bergomensis
2897 3971 2963 4030 45
3251 3971 3310 4029 44

1988 4069 2026 4123 d
2098 4067 2367 4123 Cavensis
2897 4061 2962 4118 45
3251 4059 3274 4118 4
3288 4061 3310 4118 4

1989 4175 2015 4213 e
2098 4155 2389 4213 Farfensis
2893 4149 2960 4207 45
3249 4148 3310 4207 44

1986 4252 2022 4317 f
2105 4246 2374 4303 Lucensis
2893 4239 2961 4297 45
3250 4235 3310 4296 44

2236 4343 2485 4410 Catalogi
2511 4341 2753 4395 codicum
2803 4343 2959 4394 extra
3007 4340 3241 4396 Italiam.

1986 4454 2020 4505 g
2094 4435 2244 4506 Belg.
2303 4430 2676 4503 Papebrcchii
2897 4427 2964 4485 45
3251 4428 3310 4486 44

1988 4526 2025 4579 It
2093 4522 2458 4579 Colbertinus
2485 4519 2707 4590 primus
2896 4514 2965 4573 45
3252 4516 3312 4574 44

2001 4616 2025 4667 ἰ
2096 4643 2165 4652 -—-
2194 4610 2482 4667 secundus
2897 4604 2965 4663 45

1992 4705 2024 4758 k
2094 4732 2167 4742 ——
2195 4699 2403 4756 tertius
2902 4693 2971 4750 45
3254 4691 3323 4751 42

1993 4793 2012 4846 ι
2100 4820 2173 4830 -
2199 4792 2440 4857 quartus
2894 4779 2962 4839 45
3250 4780 3309 4838 44

1989 4897 2045 4936 m
2095 4909 2168 4919 —
2198 4876 2440 4947 quintus
2897 4868 2964 4928 45
3252 4868 3312 4926 44

1992 4986 2030 5023 η
2099 4997 2173 5007 -
2209 4968 2406 5020 sextus
2896 4958 2963 5015 45
3283 4958 3319 5015 6

1992 5074 2022 5111 ο
2105 5052 2481 5122 —septimus
2898 5045 3021 5103 45'
3285 5044 3321 5103 9

2417 5138 2710 5195 Consulum
2736 5138 2904 5207 paria
3189 5137 3332 5193 Erx
3372 5136 3575 5192 Christi

1995 5236 2077 5291 Ex
2098 5234 2254 5290 Coss.
2285 5230 2530 5289 Arcadio
2553 5232 2610 5284 et
2650 5228 2899 5283 Bautone
3470 5224 3578 5283 385

1927 5326 1994 5383 ad
2023 5339 2170 5382 coss.
2203 5324 2560 5379 Theodorum
2612 5323 2669 5375 et
2701 5320 3036 5388 EutrOpium
3431 5330 3436 5335 ·
3468 5312 3575 5371 399

1995 5432 2056 5485 p,
2090 5431 2146 5484 q,
2194 5430 2245 5485 r,
2292 5428 2341 5480 s,
2384 5412 2446 5467 In
2493 5407 2871 5465 codd.Ocric.
2901 5406 3076 5463 nullae
3134 5408 3273 5460 sunt
3302 5404 3578 5463 lectiones

1755 5503 1824 5561 40
1929 5504 2152 5561 Siricii.
