4032 6168
412 183 512 244 344

487 305 801 374 Epistolam
831 307 1169 364 decretalem
1189 309 1387 364 Siricii
1412 310 1479 366 ad
1507 312 1823 367 Honorium
1851 314 2066 368 Tarra-
2090 313 2150 372 A
2252 316 2282 369 b
2354 318 2659 393 Catalogus
2685 320 2800 377 Fel.
2827 322 2914 376 IV.
2942 333 3076 388 ann.

417 405 720 450 conensem
806 396 928 466 (qui
989 398 1229 452 Damaso
1280 398 1566 453 decessori
1640 398 2067 470 perscripserat)

418 479 609 537 datam
653 496 716 538 ιιι
754 484 836 540 ld.
891 485 1186 542 Februarii
1232 486 1478 542 Arcadio
1533 494 1589 542 et
1627 489 1877 544 Bautone
1917 502 2064 545 coss.

417 568 591 627 initio
621 571 990 641 pontiﬁcatus
1029 575 1145 645 sui,
1176 575 1394 630 eruditi
1439 576 1745 646 genuinam
1793 575 2064 634 fatentur.

413 658 633 715 PAGIUS.

483 746 694 806 Omnes
723 750 953 808 codices
973 751 1044 807 ab
1073 768 1109 807 a
1136 753 1204 809 ad
1250 769 1280 808 ο
1302 759 1439 810 sunt
1469 768 1598 810 xmt

483 836 693 894 Omnes
723 839 784 896 bl
807 848 1108 897 numerant
1135 855 1318 899 annos

483 929 693 985 Novem
725 942 954 1001 quoque
982 930 1215 1003 signant
1243 945 1463 990 menses

482 1017 758 1075 Undecim
798 1019 1046 1076 reddunt
1072 1021 1244 1077 etiam
1270 1022 1398 1078 dies

484 1106 579 1163 Uti
600 1113 906 1165 numerant
931 1108 1173 1179 picturae
1204 1108 1460 1166 basilicae
1483 1110 1537 1166 S.
1584 1111 1773 1167 Pauli.

972 1305 1030 1362 S.
1060 1217 1496 1361 ANfsljl'IASIUS.

728 1396 962 1450 Pictum
980 1400 1182 1450 ueteres
1210 1395 1446 1450 basilice
1470 1395 1528 1451 S.
1556 1396 1737 1449 Pauli.

728 1485 768 1553 λε
983 1482 1357 1540 ANASstA

978 1556 1153 1610 Slus
1195 1568 1268 1611 se

979 1626 1205 1682 DanN

980 1698 1220 1753 Ild.X

978 1770 1116 1825 Xvi

482 1859 514 1913 b
586 1856 892 1930 Catalogus
938 1858 1148 1915 Felicis
1176 1860 1264 1914 IV.
1315 1874 1407 1917 an.
1439 1857 1473 1915 4

1995 841 2068 901 45

2030 932 2068 990 2

1992 1021 2066 1080 25

774 1948 1027 2017 Catalogi
1053 1964 1122 2003 ea:
1148 1948 1421 2005 codicibus
1449 1950 1645 2005 Italiae.

484 2051 512 2089 c
596 2035 994 2106 Bergomensis
1457 2035 1495 2093 2
1779 2035 1814 2093 0
1992 2035 2066 2094 28

483 2123 523 2177 ἀ
593 2123 863 2180 Cavensis
1460 2125 1498 2183 2
1780 2124 1816 2182 0
1992 2123 2065 2182 26

481 2227 510 2265 e
596 2210 886 2269 Farfensis
1455 2214 1493 2273 2
1777 2214 1813 2271 0
1992 2213 2064 2272 26

494 2303 533 2370 f
596 2300 871 2359 Lucensis
1386 2372 1397 2381 _
1458 2303 1496 2362 2
1780 2303 1814 2360 0
1992 2301 2066 2359 26

691 2389 941 2459 Catalogi
978 2407 1047 2447 ea:
1074 2393 1348 2448 codicibus
1390 2398 1546 2448 extra
1574 2395 1776 2449 Italiae.

480 2497 517 2550 g
590 2480 855 2552 Belgicus
898 2479 1135 2551 Papebr.
1458 2481 1495 2537 2
1780 2481 1814 2538 0
1993 2479 2066 2536 25

480 2571 518 2625 h
588 2568 746 2625 Colb.
782 2568 1006 2639 primus
1459 2568 1497 2627 2
1780 2569 1815 2627 0
1994 2567 2064 2626 37

496 2659 522 2711 ἱ
590 2686 665 2698 -
692 2657 981 2714 secundus
1461 2656 1498 2714 3
1781 2656 1817 2715 0
1998 2655 2064 2713 40

485 2746 519 2800 k
588 2774 662 2784 —
691 2745 900 2801 tertius
1460 2743 1496 2802 3
1779 2745 1814 2802 0
1998 2744 2064 2801 40

485 2834 507 2887 l
589 2863 664 2874 —
692 2839 937 2905 quartus
1459 2833 1496 2892 2
1780 2833 1815 2890 0
1992 2833 2066 2892 25

481 2938 539 2977 m
602 2952 669 2962 —
702 2922 944 2993 quintus
1463 2922 1501 2980 2
1784 2922 1818 2979 0
1995 2920 2066 2979 27

483 3029 524 3067 n
594 3042 669 3053 —
695 3019 893 3068 sextus
1462 3011 1499 3069 2
1783 3011 1818 3068 0
1997 3011 2069 3070 25

486 3116 519 3155 o
597 3131 669 3142 —
697 3101 981 3172 septimus
1464 3100 1502 3157 2
1785 3099 1820 3158 0
1998 3100 2070 3158 26

805 3189 1100 3245 Consulum
1126 3192 1295 3261 paria
1686 3193 1828 3246 142m
1865 3190 2071 3244 Christi

486 3278 808 3335 Concilium
828 3280 1162 3336 Toletanum
1186 3280 1435 3350 primum
1458 3278 1566 3336 sub
1591 3279 1896 3336 Anastasio
1925 3292 2068 3349 papa

417 3365 766 3425 celebratum
806 3373 914 3440 {est
949 3367 1226 3424 Stilicone
1268 3367 1505 3424 consule
1555 3367 1626 3424 ad
1683 3381 1896 3423 annum
1939 3381 2066 3423 aera:

416 3456 655 3514 Christi.
1961 3454 2066 3512 400

491 3546 731 3604 Severus
756 3547 1054 3617 Sulpicius
1080 3545 1184 3617 lib,
1209 3561 1272 3602 ιι.
1307 3547 1456 3603 Hist.
1483 3547 1564 3603 ita
1592 3547 1830 3603 scribit:
1858 3546 2070 3601 Herode

422 3640 687 3703 regnante
709 3651 854 3690 anno
878 3638 1035 3703 regni
1068 3633 1153 3706 48,
1187 3637 1449 3692 Dominus
1479 3638 1774 3707 cruciﬁxus
1818 3641 1897 3691 est
1923 3637 2069 3691 Jul-io

424 3725 647 3780 Gemino
684 3724 864 3796 (Fuﬁo
888 3724 1147 3798 Gemino)
1184 3731 1236 3780 et
1283 3726 1531 3782 Rubellio
1568 3726 1791 3782 Gemino
1829 3741 1962 3780 coss.
1987 3745 2005 3793 ;
2035 3743 2071 3780 a

430 3828 536 3881 quo
596 3818 830 3882 tempore
902 3828 1075 3882 usque
1137 3816 1197 3869 in
1243 3814 1556 3871 Stiliconem
1620 3816 1891 3869 consulem
1943 3820 2072 3870 sunt

425 3903 565 3955 anni
580 3898 707 3957 372.

495 3990 597 4046 His
618 3990 764 4047 adde
792 4004 971 4049 annos
998 3990 1070 4049 28
1104 4008 1231 4050 terte
1257 3994 1477 4050 Christi
1506 3992 1765 4064 vulgaris
1793 3992 1863 4047 ab
1905 3992 2072 4049 illius

423 4093 550 4136 aet-:2
594 4079 766 4136 initio
801 4081 870 4137 ad
901 4081 1049 4138 duos
1089 4083 1361 4140 Geminos
1402 4081 1689 4139 consules.
1735 4081 1823 4136 Fit
1849 4095 2070 4137 summa

425 4181 706 4226 annorum
736 4167 842 4226 400
893 4169 967 4226 ab
995 4170 1170 4227 initio
1213 4184 1340 4225 serae
1384 4170 1601 4227 Christi
1631 4170 1955 4224 communis
1995 4169 2065 4224 ad

422 4258 630 4316 concil.
656 4258 816 4316 Tolet
848 4260 1100 4331 primum
1130 4259 1238 4316 sub
1262 4259 1566 4315 Anastasio
1597 4260 1692 4328 Pp.
1736 4264 1794 4314 et
1826 4258 2068 4315 Stilico-

425 4346 520 4403 nis
544 4348 931 4419 consulatum,
982 4353 1245 4403 numerat
1270 4355 1464 4403 nostra
1488 4346 1884 4419 chronologia.

491 4433 701 4493 Omnes
737 4437 964 4494 codices
983 4450 1051 4492 ex
1079 4437 1109 4490 b
1137 4437 1207 4492 ad
1237 4452 1268 4490 ο
1310 4443 1448 4492 sunt
1471 4449 1597 4491 xm.
1744 4434 1750 4440 ’

488 4526 572 4582 Ex
598 4526 693 4582 his
709 4540 793 4583 xu
815 4531 1117 4583 numerant
1137 4538 1318 4582 annos
1357 4523 1394 4581 2
1440 4540 1614 4597 supra
1638 4540 1821 4584 annos
1850 4527 2069 4586 solidos

419 4627 668 4670 mensem
698 4615 956 4671 nullum:

488 4702 756 4774 Plerique
773 4705 900 4762 dies
921 4702 1014 4772 25,
1036 4703 1121 4761 vel
1142 4703 1231 4776 36,
1255 4710 1344 4769 uti
1365 4705 1697 4778 colligimus
1716 4720 1783 4763 ex
1811 4709 2069 4765 numeris

415 4793 832 4865 superstitibus
855 4795 914 4851 in
936 4794 1165 4866 pictura
1193 4795 1448 4852 basilicae
1471 4796 1527 4853 S.
1557 4797 1742 4855 Pauli.

945 4992 1004 5048 S.
1050 4990 1524 5050 INNOCENTIUS.

730 5082 963 5138 Pictura:
989 5086 1189 5139 ueteres
1207 5084 1444 5139 basilica
1468 5084 1526 5139 S.
1555 5084 1733 5138 Pauli.

626 5169 668 5239 ’Ξ-
990 5171 1358 5228 INNOCEN

977 5260 1167 5316 CIVS
1194 5260 1348 5315 SED

959 5338 1148 5445 its-NT
1178 5355 1278 5410 xv

977 5453 1122 5507 M.Il.
1153 5453 1200 5506 D
1233 5452 1366 5507 ,ΧΧ
1462 5504 1465 5507 .

1216 188 1308 243 ΑΙ)
1345 189 1776 246 ANASTASIUM
1812 191 2326 252 PROLEGOMENA
2362 197 2535 252 EDIT.
2578 170 3009 254 ROM.-VATIC.

2088 1631 2141 1692 Β

2096 2952 2143 3013 C

3717 186 3829 247 342

3193 316 3260 374 45
3334 331 3407 372 m.
3523 312 3546 369 4
3625 314 3684 369 d.
3755 308 3821 367 24

2563 409 2813 478 Catalogi
2844 424 2912 464 ea:
2935 408 3209 463 codicibus
3234 407 3433 461 Italia.

2248 512 2275 549 ο
2361 497 2754 568 Bergomensis
3196 493 3263 552 45
3546 490 3582 547 2
3756 485 3831 544 20

2248 584 2286 637 d
2355 585 2625 640 Cavensis
3190 581 3257 639 45
3540 579 3578 636 2
3754 575 3829 632 20

2246 689 2274 727 e
2364 674 2650 730 Farfensis
3189 672 3258 730 45
3543 667 3580 726 2
3756 661 3821 721 24

2243 764 2280 828 f
2354 764 2627 820 Lucensis
3194 760 3262 817 45
3545 756 3582 815 2
3757 756 3821 814 24

2420 850 2670 920 Catalogi
2716 868 2784 907 ea:
2831 853 3110 909 rodicibus
3148 857 3305 906 extra
3331 849 3577 905 Italiam.

2244 954 2279 1005 g
2352 939 2567 1010 Belgic.
2598 940 2838 1011 Papebr.
3192 938 3259 996 45
3544 935 3581 993 2
3756 932 3820 992 24

2244 1027 2281 1079 h
2350 1026 2516 1082 Colb.
2548 1028 2770 1098 primus
3193 1026 3261 1084 45
3544 1022 3581 1081 2
3757 1022 3830 1081 20

2244 1116 2266 1167 i
2354 1145 2423 1153 —
2540 1117 2828 1174 secundus
3190 1113 3258 1173 42
3543 1111 3579 1169 2
3753 1110 3819 1169 24

2248 1204 2280 1257 k
2348 1234 2422 1244 —
2527 1205 2737 1261 tertius
3194 1203 3261 1261 42
3544 1201 3580 1259 2
3755 1200 3829 1258 20

2247 1294 2266 1345 ι
2352 1323 2419 1332 —-
2527 1299 2772 1364 quartus
3193 1293 3260 1349 45
3545 1290 3581 1348 2
3795 1289 3831 1347 0

2240 1398 2294 1435 m
2354 1411 2403 1421 -
2534 1384 2776 1453 quintus
3192 1381 3259 1439 45
3543 1380 3580 1437 2
3755 1379 3829 1437 20

2239 1486 2277 1525 η
2348 1501 2422 1511 -
2529 1479 2723 1529 sextus
3190 1469 3256 1527 42
3464 1515 3479 1520 -
3540 1469 3577 1527 2
3790 1468 3827 1525 0

2236 1576 2266 1613 ο
2348 1590 2419 1601 -—-
2528 1563 2816 1632 septimus
3194 1559 3260 1617 45
3543 1557 3580 1615 2
3755 1539 3832 1614 2ο

2541 1653 2838 1707 Consulum
2852 1654 3020 1722 paria
3454 1652 3593 1705 Erae
3623 1648 3832 1704 Christi

2242 1741 2323 1795 Ex
2346 1741 2444 1796 die
2481 1737 2554 1797 22
2598 1739 2943 1809 Decembris,
2975 1739 3136 1796 Celso
3165 1743 3222 1795 et
3253 1739 3507 1794 Fravitta
3543 1752 3691 1795 coss.
3721 1734 3821 1793 404

2172 1829 2240 1886 ad
2273 1843 2420 1885 coss.
2452 1830 2768 1886 Honorium
2799 1830 2945 1902 Aug.
2990 1831 3067 1886 XI
3096 1836 3153 1886 et
3181 1828 3579 1886 Constantium
3614 1828 3826 1883 iterum

2171 1919 2298 1988 dep.
2332 1916 2398 1973 42
2421 1920 2611 1975 Martii
3475 1914 3487 1929 ‘
3721 1911 3830 1971 M7

2242 2008 2402 2064 Sedit
2428 2022 2607 2064 annos
2639 2007 2725 2081 45,
2769 2021 2945 2065 mens.
2963 2007 3017 2074 2,
3049 2008 3177 2064 dies
3202 2006 3292 2065 20.

2234 2113 2277 2167 p
2349 2096 2481 2153 Cod.
2525 2097 2722 2153 Ocric.
2761 2097 2983 2168 primus
3012 2111 3148 2153 ann.
3185 2096 3252 2153 45
3362 2110 3437 2151 m.
3512 2093 3549 2151 2
3621 2095 3677 2150 d.
3755 2091 3831 2149 20

2244 2204 2278 2256 q
2350 2217 2423 2227 —
2495 2188 2782 2243 secundus
3177 2182 3245 2241 45
3505 2182 3541 2240 2
3752 2180 3828 2239 20

2241 2293 2273 2331 r
2359 2307 2429 2315 —
2504 2277 2711 2331 tertius
3174 2273 3241 2331 45
3505 2271 3541 2329 2
3751 2269 3828 2327 20

2242 2366 2451 2423 Omnes
2477 2365 2651 2421 Codd.
2684 2378 2717 2421 a
2739 2366 2770 2419 ὁ
2794 2366 2863 2421 ad
2887 2381 2917 2420 ο
2940 2370 2996 2421 et
3016 2382 3046 2420 r
3076 2370 3214 2421 sunt
3240 2378 3357 2419 xw.

2242 2455 2324 2510 Ex
2354 2454 2446 2510 his
2473 2467 2576 2509 xm
2604 2454 2837 2525 signant
2858 2468 3041 2510 annos
3759 2447 3830 2507 45

2242 2541 2453 2598 Omnes
2474 2541 2611 2613 (uno
2639 2542 2885 2613 dempto)
2931 2543 3071 2598 dant
3111 2556 3286 2598 mens.
3793 2536 3833 2595 2

2245 2633 2448 2687 Novem
2484 2636 2751 2701 praeterea
2800 2638 3103 2687 numerant
3130 2632 3256 2687 dies
3752 2626 3830 2684 20

2244 2720 2393 2790 Quot
2413 2720 2658 2791 legimus
2683 2719 3052 2792 consignatos
3083 2722 3143 2776 in
3197 2720 3447 2791 picturis
3477 2718 3734 2775 Basilicas
3763 2719 3822 2774 S.

2174 2809 2358 2866 Pauli.

2245 2898 2407 2955 Anno
2446 2895 2570 2968 447,
2599 2898 2853 2955 Honorio
2882 2900 2960 2954 XI
2985 2905 3041 2955 et
3086 2899 3420 2955 Constantio
3447 2900 3495 2953 II
3521 2911 3668 2954 coss.
3717 2897 3836 2952 Pa-

2177 2987 2313 3043 scha
2336 2986 2684 3043 celebratum
2712 2993 2800 3043 est
2838 3001 2938 3043 vm
2968 2988 3092 3043 Kal.
3122 2987 3347 3058 Aprilis
3369 2987 3594 3042 Zosimo
3629 2987 3725 3055 Pp.
3758 2985 3835 3041 ad

2177 3076 2327 3131 Petri
2365 3078 2554 3132 sedem
2584 3080 2795 3146 evecto,
2825 3083 2890 3133 ut
2929 3076 2988 3131 in
3020 3076 3262 3147 epistola
3305 3075 3639 3132 Paschasini
3671 3074 3743 3130 ad
3773 3073 3835 3129 S.

2177 3167 2414 3221 Leonem
2436 3165 2721 3237 Magnum.

2755 3291 3028 3362 CAPUT
3117 3291 3205 3363 VI
3222 3341 3240 3357 .

2177 3417 2275 3477 De
2285 3416 2757 3496 prosequenda
2768 3410 3847 3496 Romanorzlmpontiﬂcumcliro~

2257 3492 2533 3575 φῐοίοθὶῐι
2578 3513 2658 3557 ea:
2691 3494 3044 3574 Calalogis
3090 3492 3387 3575 aliisque
3418 3492 3845 3555 documentis

2249 3574 2511 3656 post’S.
2542 3576 3022 3637 Innocentium
3057 3574 3387 3654 primum.

2675 3688 2996 3746 SYNOPSIS
3052 3689 3329 3745 CAPITIS.

2182 3783 2217 3828 l.
2243 3779 2620 3840 Compendium
2641 3779 3068 3827 documentorum
3091 3776 3364 3838 pontiﬁcim
3393 3774 3751 3840 chronologiaa
3773 3776 3842 3824 ad

2243 3837 2460 3905 quatuor
2488 3846 2661 3905 priora
2685 3841 2874 3889 Christi
2893 3837 3357 3888 smeulaibactcnus
3382 3837 3742 3905 comprabatm.
3771 3863 3842 3905 _-_—-

2242 3899 2314 3951 l'l.
2350 3899 2592 3950 IndicEitio
2619 3905 3054 3950 monimentorum
3081 3905 3438 3963 quaetcmpora
3464 3899 3845 3961 subsequentia

2241 3965 2651 4014 demonstrantia
2674 3964 3004 4012 successione
3025 3964 3326 4024 pontiﬁcum
3344 3963 3700 4013 Romanorum
3715 3965 3845 4023 post

2241 4031 2478 4074 quartum
2508 4025 2754 4074 saeculum
2789 4038 2904 4074 terte
2938 4025 3262 4074 Christianae.

2241 4031 2478 4090 quartum
2508 4028 2754 4074 saeculum
2789 4038 2904 4074 terte
2938 4028 3262 4074 Christianae.

2251 4125 2579 4182 l.Traditis
2635 4124 2852 4195 regulis
2904 4126 3111 4179 criterii
3148 4124 3217 4180 ad
3286 4130 3438 4180 recte
3474 4122 3845 4194 colligendas

2179 4217 2428 4272 rationes
2463 4214 2769 4285 pontiﬁcis:
2807 4214 3194 4285 chronologize
3236 4228 3333 4284 per
3360 4214 3701 4270 documenta
3724 4227 3850 4284 ge-

2095 4317 2150 4377 D
2179 4306 2376 4374 nuina,
2423 4317 2735 4374 eorumque
2783 4318 2893 4359 usu
2944 4302 3165 4373 prolato
3213 4309 3270 4357 et
3313 4302 3678 4371 comprobato
3724 4316 3844 4373 per

2176 4394 2439 4466 singulos
2469 4395 2618 4449 Petri
2663 4407 3041 4461 successores,
3096 4398 3268 4463 atque
3317 4394 3596 4463 producto
3621 4406 3691 4448 ex
3719 4407 3844 4463 pa-

2177 4483 2590 4540 triarchalibus
2605 4483 2868 4540 basilicis
2890 4484 3161 4539 Romanis
3190 4484 3341 4539 ultra
3360 4483 3595 4538 initium
3624 4484 3843 4540 saeculi

2178 4574 2392 4645 quinti.
2411 4587 2594 4645 usque
2610 4575 2680 4629 ad
2706 4573 3103 4629 Innocentium
3126 4574 3251 4642 ejus
3270 4573 3524 4629 nominis
3537 4573 3793 4642 primum
3818 4592 3845 4645 ;

2177 4664 2235 4720 id
2269 4678 2447 4720 unum
2476 4668 2737 4733 superest
2761 4669 2825 4718 ut
2843 4662 3316 4734 consequentium
3339 4662 3668 4731 pontiﬁcum
3694 4668 3852 4719 tem-

2178 4768 2315 4824 pora
2356 4754 2477 4823 pari
2509 4752 2860 4808 certitudine
2910 4751 3142 4808 deﬁniri
3175 4752 3568 4819 ostendamus,
3596 4750 3841 4807 etiamsi

2176 4849 2426 4898 veterum
2473 4842 2791 4911 imaginum
2823 4841 3002 4896 series
3054 4840 3111 4895 in
3144 4839 3388 4897 basilica
3411 4841 3468 4896 S.
3500 4838 3665 4895 Pauli
3700 4845 3850 4908 post

2172 4929 2566 4986 Innocentium
2604 4928 2867 4998 abrupta,
2905 4928 2964 4983 in
2989 4929 3261 4984 Vaticana
3289 4928 3550 4998 disjecta,
3588 4928 3648 4985 in
3675 4928 3861 4983 Late-

2169 5018 2398 5075 ranensi
2429 5017 2549 5088 igni
2577 5015 2897 5087 absumpta,
2929 5018 3008 5072 ita
3024 5015 3284 5074 conferre
3305 5030 3433 5073 eum
3465 5016 3591 5073 illis
3608 5014 3855 5072 Catalo-

2174 5121 2275 5179 gos
2341 5118 2455 5161 non
2505 5104 2817 5174 permittat.
2875 5106 3021 5162 Sunt
3080 5106 3244 5176 plura
3321 5107 3654 5176 adjumeuta
3698 5120 3853 5176 quae

2169 5199 2433 5266 reparent
2453 5194 2718 5250 notitiam
2746 5201 3064 5265 temporum
3092 5195 3260 5252 nobis
3286 5196 3736 5267 proximiorum,
3767 5204 3850 5253 et.

2170 5285 2233 5340 in
2265 5296 2398 5354 pace
2438 5283 2701 5338 Ecclesia:
2745 5282 2990 5339 liberius
3044 5284 3371 5355 ﬂuentium,
3420 5290 3727 5356 postquam
3760 5284 3847 5341 in

2168 5377 2295 5429 tuto
2326 5373 2511 5442 posita
2544 5377 2867 5441 spectamus
2895 5371 2997 5427 illa
3026 5387 3154 5443 quze
3183 5373 3625 5445 tempestatibus
3652 5372 3855 5429 undi-

2168 5474 2280 5531 que
2316 5461 2582 5517 excitatis
2615 5461 3076 5530 persecutionum
3127 5468 3271 5519 aastu
3325 5462 3614 5520 involvere
3642 5466 3847 5532 atque
