3998 6176
220 244 315 301 313
1015 245 1378 301 BLANCHINI
1416 246 1712 302 DISSERT.
1756 247 1846 302 DE
1882 246 2040 301 ΑΝΤ.
2083 247 2194 302 RR.
2225 246 2435 336 _PONT.
2478 246 2814 301 CATALOG.

3520 246 3626 306 344

215 370 538 440 demergere
569 369 904 425 decumanis
921 370 1196 427 ﬂuctibus
1224 371 1406 426 rabies
1438 377 1864 442 persecutorum
1889 369 1947 429 A
1977 370 2112 426 liter
2142 373 2395 442 impendi
2425 387 2650 442 operam
2682 373 2911 428 veritati
2939 386 2970 428 e
2999 373 3251 428 tenebris
3296 374 3620 443 educendze,

215 456 428 512 frustra
472 459 734 512 tentavit.
783 459 1048 514 Vidimus
1077 461 1226 514 enim
1266 467 1462 516 contra
1489 461 1675 516 edicta
1705 459 1862 514 Decii

214 552 266 601 et
310 545 688 614 Diocletiani,
750 548 1054 602 memorias
1099 547 1559 604 Christianorum
1606 549 1865 618 undique

216 634 442 688 eradere
479 635 871 704 nequidquam
923 637 1287 704 tentantium,
1341 652 1459 690 eum
1478 639 1638 698 furor
1682 639 1866 702 genti-

217 724 341 775 lium
361 725 700 791 potestatum
714 725 773 776 in
795 724 1112 777 electissima
1134 741 1358 793 quaeque
1396 725 1599 779 Christi
1625 725 1864 778 membra

215 814 444 872 mir-et,
471 816 539 866 ut
584 811 668 866 ait
698 813 804 867 Leo
835 815 1075 882 Magnus
1097 812 1192 883 (ιι),
1220 830 1282 866 ac
1329 817 1605 883 praecipue
1630 830 1734 875 eos,
1769 815 1865 883 qui

213 900 422 953 ordinis
449 905 611 953 erant
625 900 978 954 sacerdotalis
1007 903 1301 970 impeteret,
1322 916 1431 957 non
1463 903 1628 958 modo
1653 905 1865 958 statio-

214 1003 334 1045 nem
370 1002 487 1042 non
534 989 814 1058 deserere,
846 989 982 1044 dum
1010 990 1125 1044 vita
1173 999 1481 1061 constaret,
1516 992 1865 1050 fortissimos

215 1077 417 1148 vigiles
449 1092 518 1132 ac
548 1078 724 1133 duces
774 1078 1119 1134 Christianae
1150 1080 1398 1148 militiae,
1431 1082 1727 1137 catholica:
1755 1085 1866 1139 Ec-

212 1167 400 1222 διεξίω
430 1169 754 1236 episcopos,
794 1167 943 1222 Petri
971 1181 1357 1239 successores;
1393 1170 1488 1225 sed
1535 1172 1706 1226 etiam
1741 1178 1868 1242 post

211 1260 453 1310 mortem
496 1269 598 1323 pro
639 1255 872 1311 Christo
920 1255 1132 1312 obitam
1177 1259 1403 1314 eosdem
1452 1260 1866 1328 quodammodo

209 1343 556 1398 reviviscere
581 1344 779 1399 studio
827 1358 1221 1401 successorum
1241 1352 1294 1401 et
1337 1347 1594 1417 exemplo
1615 1349 1867 1418 ejusdem

207 1433 359 1487 Petri
396 1433 761 1504 spondentis,
790 1449 846 1488 se
893 1435 1153 1488 daturum
1199 1452 1417 1504 operam
1447 1442 1507 1490 ut
1555 1440 1867 1506 frequentes

206 1537 302 1575 nos
333 1521 704 1592 haberetpost
724 1523 928 1576 obitum
963 1539 1122 1577 suum
1164 1525 1262 1595 (ὁ),
1295 1538 1392 1594 per
1421 1525 1650 1597 singula
1696 1525 1868 1581 ferme

206 1613 423 1668 saecula
475 1611 729 1681 publicis
780 1613 1141 1669 documentis
1211 1617 1536 1672 eorumdem
1595 1631 1776 1673 annos
1813 1624 1870 1674 et

1976 460 2204 528 quando
2238 462 2390 531 regia
2441 462 2687 516 methodi
2736 461 2826 516 via
2849 463 2915 517 ad
2976 461 3132 516 illam
3173 461 3485 530 perducens
3527 475 3625 531 per

1978 547 2205 615 publica
2238 549 2524 604 substrata
2541 551 2898 604 documenta.
2929 563 2960 603 a
2988 548 3342 618 praejudiciis
3368 549 3623 617 privata-

1976 650 2102 691 rum
2134 637 2493 705 opinionum,
2519 637 2693 692 veluti
2728 651 2760 700 a
2781 637 3038 692 subortis
3060 637 3406 692 dumetisac
3437 638 3625 692 senti—

1975 724 2084 779 bus
2114 723 2414 779 liberatur.

2008 810 2062 868 2.
2087 813 2224 867 Cum
2267 814 2459 883 itaque
2518 818 2766 883 quatuor
2798 813 3092 883 prioribus
3135 812 3400 868 Ecclesiae
3450 814 3627 869 Chri—

1974 902 2176 956 stiana:
2233 901 2462 956 saeculis
2518 902 2814 957 videamur
2865 902 3168 972 collegisse
3214 908 3299 957 tot
3353 901 3627 973 sulfragia

1976 990 2220 1060 publicae
2235 991 2623 1057 auctoritatis,
2645 991 2916 1045 Romanis
2938 991 3252 1060 praesertim
3274 1004 3304 1045 e
3326 990 3541 1046 ﬁnibus
3561 1004 3627 1046 ac

1977 1077 2395 1135 suburbicaria:
2425 1079 2699 1149 regionis,
2734 1079 2831 1133 ubi
2875 1080 3038 1148 juxta
3071 1079 3296 1149 regulas
3324 1077 3626 1147 prudentis

1977 1167 2210 1222 critices
2260 1166 2486 1223 fuerant
2551 1168 2916 1237 inquirenda,
2975 1181 3102 1236 qua:
3154 1165 3448 1222 sufficiant
3500 1179 3626 1220 teras

1980 1257 2440 1326 uniuscujusque
2500 1256 2790 1325 pontiﬁcis
2832 1259 2891 1308 in
2937 1258 3077 1309 notis
3129 1256 3204 1308 ad
3267 1256 3627 1308 Anastasium

1980 1351 2130 1401 recte
2163 1345 2598 1413 constituendae,
2647 1350 2908 1415 superest
2942 1351 3003 1401 ut
3048 1346 3369 1400 indicemus
3413 1350 3628 1414 quanto

1979 1436 2191 1504 potiori
2215 1436 2346 1504 jure
2377 1436 2613 1490 ﬁdenter
2637 1448 2981 1504 asseramus,
3009 1435 3181 1490 etiam
3224 1433 3453 1488 saeculis
3484 1447 3629 1488 con-

1979 1524 2354 1593 sequentibus
2381 1538 2542 1594 posse
2575 1524 2731 1578 reddi
2765 1524 3008 1593 epochas
3033 1522 3360 1578 antistitum
3395 1535 3624 1577 succes-

1981 1625 2194 1667 sorum.
2247 1613 2302 1668 Id
2359 1627 2488 1668 vero
2545 1613 2761 1668 nemini
2820 1612 3062 1668 dubium
3104 1611 3287 1665 videri
3332 1610 3518 1678 debet,
3573 1611 3624 1664 si

201 1707 370 1756 actus
399 1701 624 1771 signari
647 1701 704 1755 in
723 1701 1082 1772 diptychiset
1101 1703 1396 1758 laterculis
1415 1705 1865 1774 depositionum,
1901 1691 1954 1752 Β
1978 1703 2294 1773 cegitemus
2321 1701 2462 1757 Acta
2491 1703 2870 1756 conciliorum
2912 1700 3232 1769 frequentia
3253 1700 3369 1768 jam
3419 1712 3629 1753 occur—

205 1795 510 1845 constante
551 1791 945 1859 persecutione
993 1791 1100 1846 sub
1130 1792 1415 1857 Cornelio,
1471 1795 1528 1848 in
1579 1794 1870 1866 Catalogis

208 1879 312 1936 sub
338 1879 592 1947 Liberio,
621 1886 677 1934 et
692 1880 877 1934 Felice
896 1879 984 1949 IV,
1009 1881 1064 1935 in
1089 1881 1333 1951 picturis
1361 1881 1734 1938 basilicarum
1759 1885 1868 1939 sub

209 1971 442 2025 Leone]
499 1976 556 2023 et
607 1969 926 2033 Hormisda,
975 1970 1033 2025 in
1085 1971 1342 2027 Vitarum
1391 1971 1776 2041 scriptoribus
1812 1979 1869 2028 et

210 2058 596 2113 Lectionariis
618 2058 883 2113 Ecclesiae
912 2059 1214 2114 codicibus
1235 2073 1334 2128 per
1357 2067 1550 2114 aetates
1572 2061 1703 2116 inde
1725 2075 1872 2116 con-

209 2153 435 2202 secutas
470 2146 792 2202 continenti
821 2147 969 2202 serie
1000 2162 1182 2217 usque
1211 2148 1278 2203 ad
1311 2153 1599 2203 nostram:
1635 2150 1729 2204 cui
1758 2149 1870 2204 da-

214 2243 331 2291 tum
379 2241 471 2290 est
521 2249 592 2290 ex
645 2236 934 2291 universis
966 2237 1420 2306 praecedentibus
1467 2237 1611 2292 hanc
1662 2237 1866 2293 nubem

211 2325 471 2394 testium,
503 2324 774 2395 colligere
804 2327 1078 2382 adversus
1099 2327 1374 2381 invidiam
1397 2326 1867 2392 declamantium,

215 2421 495 2483 praerepta
528 2413 695 2469 nobis
716 2412 897 2468 fuisse
924 2415 1263 2470 documenta
1284 2427 1470 2469 aurem
1495 2413 1658 2468 illius
1682 2416 1870 2470 aetatis

213 2504 572 2568 antistitum,
602 2503 689 2558 vel
732 2504 979 2570 incuria,
1007 2504 1092 2559 vel
1141 2505 1454 2571 discordia,
1519 2506 1600 2560 vel
1635 2505 1864 2577 fabulis,

218 2592 403 2662 inepte
431 2593 720 2646 contextis
761 2606 857 2661 per
891 2593 1144 2663 gregales
1180 2592 1546 2662 litteratores,
1599 2593 1869 2663 inexplo-

215 2689 328 2736 rata
358 2695 608 2751 quaeque
654 2695 750 2748 pro
796 2681 946 2735 veris
975 2683 1246 2736 audacter
1275 2681 1662 2736 obtrudentes.
1697 2683 1868 2739 Nulla

215 2783 319 2825 non
344 2769 599 2824 historia
620 2778 720 2823 aut
737 2769 1104 2841 chronologia
1124 2769 1390 2839 pluribus
1429 2771 1656 2826 saeculis
1689 2771 1744 2825 in
1773 2786 1869 2840 pu-

217 2857 362 2913 blica
414 2857 548 2912 luce
589 2857 771 2926 posita
825 2859 1012 2926 patuit
1061 2859 1364 2915 conatibus
1412 2861 1761 2930 scriptorum
1813 2866 1870 2916 et

216 2946 661 3016 descriptorum,
689 2951 800 3000 tam
827 2959 923 3014 per
942 2951 1137 3001 aetates
1157 2948 1344 3004 cultas
1364 2962 1532 3018 quam
1573 2949 1867 3005 barbaras.

1981 1805 2102 1846 rere
2124 1805 2154 1845 a
2177 1798 2380 1860 quarto
2404 1790 2618 1845 Christi
2647 1789 2875 1855 saaculo,
2903 1803 3026 1858 qua:
3067 1795 3319 1856 tempora
3359 1801 3628 1855 compro—

1977 1879 2114 1934 bent
2146 1879 2477 1949 pontiﬂcum
2510 1881 2912 1934 Romanorum.
2940 1876 3089 1946 Quin
3137 1875 3307 1931 etiam
3354 1874 3628 1943 epistolas

1977 1968 2304 2023 eorumdem
2359 1968 2602 2038 posteris
2641 1980 2764 2022 esse
2805 1972 3190 2035 praeservatas,
3220 1977 3331 2019 non
3369 1963 3483 2032 jam
3529 1975 3628 2031 per

1980 2065 2169 2128 partes
2213 2065 2269 2114 et
2289 2057 2622 2128 fragmenta,
2649 2062 2712 2111 ut
2747 2056 2802 2109 in
2831 2053 3073 2108 historia
3096 2051 3350 2120 Eusebii,
3377 2051 3472 2105 sed
3507 2052 3625 2119 ple-

1981 2163 2224 2218 rumque
2258 2148 2508 2216 integras
2532 2152 2659 2216 post
2682 2143 2979 2202 Siricium,
3014 2147 3078 2195 ut
3105 2140 3466 2194 eruditorum
3489 2153 3625 2194 con-

1979 2251 2153 2292 sensu
2185 2238 2300 2305 jam
2329 2236 2529 2305 liquet.
2568 2234 2667 2288 His
2717 2231 2975 2287 addenda
3010 2235 3146 2284 sunt
3172 2226 3482 2297 aequalium
3514 2240 3628 2281 au—

1979 2331 2202 2380 ctorum
2243 2323 2606 2379 testimonia:
2642 2319 3027 2375 Ecclesiarum
3056 2315 3330 2386 origines,
3372 2319 3473 2368 aut
3532 2314 3633 2368 in—

1977 2421 2262 2469 crementa
2311 2427 2408 2482 per
2452 2413 2609 2480 ipsos
2657 2413 2889 2476 curata;
2938 2405 3086 2460 :edes
3139 2416 3312 2484 sacrae
3358 2401 3626 2469 fundatae,

1978 2510 2190 2558 ornatae
2213 2502 2297 2557 vel
2330 2503 2609 2557 restituta:
2641 2513 2768 2554 cum
2804 2491 3286 2564 inscriptionibus
3307 2492 3578 2562 genuinis
3609 2508 3627 2551 :

1978 2590 2130 2662 leges
2163 2591 2307 2659 latae,
2337 2591 2637 2661 privilegia
2664 2600 2963 2648 concessa;
3002 2582 3210 2636 itinera
3239 2579 3482 2649 publicze
3523 2595 3630 2636 ne—

1977 2682 2268 2736 cessitatis
2291 2694 2460 2736 causa
2480 2686 2775 2749 suscepta;
2797 2677 2926 2732 vita:
2949 2673 3178 2729 illorum
3217 2670 3286 2725 ab
3311 2669 3632 2743 mqualibus

1980 2771 2317 2840 plerumque
2361 2769 2749 2839 scriptoribus
2783 2767 2996 2823 litteris
3037 2767 3350 2822 mandatae:
3381 2766 3437 2817 et
3467 2773 3630 2830 quae-

1979 2872 2206 2928 cunque
2249 2865 2584 2930 argumenta
2630 2856 2889 2911 historiae
2919 2861 3266 2910 connectunt
3310 2847 3630 2905 Christiani

1978 2955 2160 3002 coetus
2181 2952 2373 3016 caput,
2395 2946 2613 3000 Christi
2636 2946 2694 2999 in
2717 2945 2890 2999 terris
2908 2945 3211 3011 vicarium,
3249 2955 3379 2996 cum
3407 2936 3633 3005 reliquo

217 3035 380 3089 Nulla
400 3014 935 3104 proindeimmunis
962 3014 1485 3092 fuitanecessitate
1513 3040 1865 3102 secernendi,
1899 3014 1948 3077 (ἶ
1979 3014 2265 3090 Ecclesiae
2289 3014 2525 3104 corpore
2588 3033 2801 3104 ubique
2863 3033 3118 3102 gentium
3189 3042 3456 3100 expanso.
3524 3026 3635 3078 Nec

218 3124 534 3193 praesertim
594 3124 650 3178 in
700 3123 1126 3195 chronologicis
1199 3126 1474 3187 numeris,
1547 3140 1868 3197 germanam

221 3212 519 3268 lectionem
557 3213 746 3268 idonei
767 3216 1091 3284 scriptoris,
1121 3217 1358 3287 ejusque
1374 3217 1635 3273 codicum
1659 3218 1873 3288 proba-

221 3307 401 3355 torum
427 3301 660 3370 publica
676 3305 1037 3375 uactoritate,
1057 3318 1087 3358 a
1101 3305 1452 3374 discrepanti
1476 3310 1872 3362 numeratione

225 3389 574 3456 privatorum
605 3391 1015 3462 exemplorum,
1059 3395 1596 3450 commentariorum
1618 3401 1674 3449 et
1707 3409 1872 3450 ama—

228 3480 550 3534 nuensium.
609 3481 680 3534 Ut
736 3482 888 3536 enim
944 3484 1207 3537 reticeam
1259 3484 1533 3538 celebrem
1585 3485 1740 3539 illam
1810 3487 1866 3540 in

231 3566 495 3623 Ecclesiis
529 3570 920 3638 quaestionem.
969 3585 1137 3640 quam
1169 3573 1222 3626 S.
1268 3573 1628 3643 Augustinus
1660 3573 1762 3628 lib.
1796 3586 1869 3628 xv

229 3657 287 3710 de
311 3658 510 3727 Civit.,
546 3671 667 3726 cap.
706 3655 790 3726 li,
824 3662 1248 3725 famosissimum
1272 3661 1540 3730 appellat.
1574 3662 1868 3719 subortam

229 3759 286 3800 ex
311 3747 707 3815 discrepantia
743 3748 1066 3803 Graecorum
1116 3749 1376 3804 codicum
1409 3750 1478 3804 ab
1526 3751 1780 3806 Hebraeis
1811 3754 1868 3808 in

229 3836 554 3890 centenario
573 3848 851 3890 anni-rum
879 3851 1114 3893 numero
1137 3837 1391 3909 plurium
1416 3840 1870 3908 patriarcharum

228 3923 345 3978 vitae
376 3923 647 3979 addendo
677 3924 761 3979 vel
789 3927 1160 3994 detrahendo,
1189 3933 1244 3981 et
1274 3928 1474 3982 sistam
1505 3929 1654 3982 intra
1702 3928 1875 3984 lucu-

232 4012 516 4069 brationes
564 4015 825 4070 humanae
894 4021 1115 4071 tantum
1158 4017 1461 4072 industriae
1517 4017 1874 4072 adminiculo

232 4103 485 4173 scriptas,
518 4103 795 4159 fastorum
818 4105 1150 4160 collectores
1170 4106 1382 4172 Latini,
1413 4111 1495 4160 tot
1534 4106 1870 4162 criticorum

228 4195 440 4263 judicio
464 4195 653 4250 vexati
690 4195 746 4249 in
783 4195 1134 4250 restituenda
1162 4195 1466 4250 consulum
1499 4196 1665 4265 serie,
1703 4208 1871 4266 quam

235 4283 338 4339 sive
368 4298 476 4339 suo
506 4284 631 4338 sive
652 4283 1050 4352 imperitorum
1098 4284 1537 4339 amanuensium
1566 4285 1711 4339 vitio
1735 4297 1871 4338 cor-

1979 3127 2188 3182 desunt
2221 3125 2278 3178 in
2312 3123 2708 3193 compluribus
2733 3123 2901 3177 etiam
2936 3120 3286 3191 sepulcrales
3329 3115 3488 3174 tituli
3539 3118 3635 3167 at—

1983 3229 2094 3286 que
2125 3213 2552 3282 inscriptiones,
2585 3218 2640 3266 et
2669 3225 2737 3264 ex
2769 3211 2860 3264 his
2893 3209 3181 3263 nonnulla:
3230 3223 3262 3262 a
3293 3204 3526 3275 regibus
3579 3207 3637 3254 et

1981 3303 2259 3375 Augustis
2314 3300 2550 3356 honoris
2593 3311 2764 3353 causa
2817 3303 3092 3352 exarata:
3157 3295 3306 3364 quod
3365 3288 3636 3361 praestitit.

1981 3393 2233 3447 Adriano
2259 3389 2496 3444 Carolus
2541 3391 2913 3458 cegnomento
2955 3387 3212 3454 Magnus.
3265 3382 3322 3437 Si
3379 3378 3512 3450 quis
3570 3377 3628 3430 in

1981 3489 2138 3538 tanta
2189 3481 2661 3534 documentorum
2715 3475 2880 3543 c0pia
2905 3471 3254 3540 despondeat
3314 3471 3508 3526 animo
3568 3485 3634 3525 ac

1980 3574 2240 3639 desperet
2271 3569 2649 3622 Romanorum
2693 3562 3024 3632 pontiﬁcum
3083 3558 3329 3628 epochas
3361 3561 3630 3630 prosequi

1982 3675 2085 3715 nos
2133 3670 2312 3726 posse,
2359 3655 2408 3708 is
2444 3651 2693 3722 profecto
2727 3650 3012 3705 abstineat
3043 3660 3269 3702 necesse
3306 3654 3392 3701 est
3421 3661 3451 3702 a
3482 3662 3632 3717 qua-

1980 3760 2206 3816 cunque
2239 3744 2503 3799 tentanda
2544 3739 2911 3809 chronologia
2965 3737 3291 3807 principum
3337 3743 3393 3792 et
3424 3751 3634 3807 regno—

1985 3851 2133 3905 rum,
2156 3848 2284 3890 cum
2307 3833 2461 3888 nulla
2484 3831 2662 3886 series
2685 3827 3111 3897 praesidentium
3134 3825 3467 3894 reipublicae
3501 3839 3637 3895 qua-

1986 3926 2127 3982 libet
2153 3928 2428 3994 potestate
2460 3933 2558 3989 per
2578 3917 2786 3973 smcula
2819 3915 3217 3985 septemdecim
3269 3914 3627 3983 ostendatur,

1985 4030 2110 4087 qum
2160 4012 2522 4082 singulorum
2574 4013 2728 4080 gesta
2788 4012 2844 4061 et
2900 4003 3136 4058 annales
3184 4002 3511 4071 comprobet
3553 4009 3636 4059 tot

1983 4104 2364 4169 documentis,
2421 4105 2562 4170 quot
2613 4098 3080 4151 demonstrantur
3117 4097 3174 4147 et
3247 4091 3515 4162 leguntur
3573 4091 3635 4145 in

1983 4199 2176 4262 aperta
2201 4189 2463 4245 Ecclesiae
2497 4189 2622 4242 luce
2642 4185 2712 4240 de
2745 4183 2892 4237 Petri
2926 4180 3172 4252 apostoli
3204 4179 3638 4235 successoribus

1983 4291 2038 4338 et
2068 4281 2193 4336 orbi
2235 4279 2566 4334 Christiano
2613 4270 3056 4344 praesidentibus
3099 4282 3167 4324 ex
3204 4268 3475 4324 cathedra
3518 4269 3637 4323 Ro-

237 4381 516 4442 ruperant,
565 4379 730 4428 :etate
772 4381 957 4428 autem
1008 4378 1203 4427 nostra
1246 4372 1317 4428 ab
1359 4373 1655 4428 erroribus
1699 4373 1873 4428 ferme
1902 4371 1956 4431 D
1986 4384 2168 4426 mana.

235 4462 491 4518 omnibus
506 4463 832 4533 expurgati,
853 4463 996 4517 satis
1017 4475 1301 4532 superque
1317 4463 1707 4532 comprobant,
1749 4467 1872 4518 uti-

303 4587 374 4654 (a)
389 4588 443 4643 S.
470 4589 579 4644 Leo
607 4587 867 4658 Magnus,
901 4601 1069 4642 serm.
1099 4587 1171 4642 de
1198 4589 1236 4644 S
1294 4587 1555 4642 Laurent.

2053 4585 2131 4655 (b)
2157 4587 2203 4639 Il
2233 4585 2380 4638 Petr.
2415 4595 2478 4652 ll,
2526 4577 2610 4634 45.
