3998 6176
380 234 486 294 345

1170 232 1263 288 ΑΙ)
1299 230 1735 289 ANASTASIUM
1770 229 2288 288 PROLOGOMENA
2323 230 2503 286 EDIT.
2543 227 2970 286 ROM.—VATIC.

3670 224 3792 283 316

1392 535 2020 641 FBANCISCI
2115 535 2764 641 BLANCHINI

1740 763 2432 838 OBSERVATIONES

979 956 1081 1011 AD
1127 954 1541 1011 OPUSCULA
1606 953 1795 1010 TRIA
1855 948 2483 1010 CHRONOLOGICA
2539 947 3169 1019 SUBSEQUENTIA.

1240 1117 1357 1179 Ea:
1405 1113 1696 1179 Λήσσήίυο
1752 1110 2094 1195 Fanfensi
2129 1128 2312 1175 mmo
2363 1111 2663 1192 primum
2713 1111 2921 1175 edim.

1891 1280 2231 1291 -ν

444 1412 732 1482 Quantum
755 1409 1070 1479 adjumenti
1093 1409 1343 1468 contulit
1364 1411 1433 1467 ad
1462 1410 1882 1481 reparationem
1911 1407 2102 1468 Ro-A
2131 1423 2269 1478 rem,
2299 1410 2494 1478 utpote
2524 1405 2838 1477 plurimum
2884 1405 3088 1461 idonea
3103 1401 3172 1457 ad
3206 1399 3583 1456 illustrandas
3619 1397 3785 1454 Vitas

377 1514 555 1557 mana:
575 1499 981 1573 chron010giae,
1011 1504 1122 1556 tam
1148 1501 1474 1557 consularis
1513 1514 1682 1572 quam
1734 1499 2020 1568 Caesarea),

376 1603 519 1646 usus
540 1588 817 1645 fastorum
846 1589 1309 1661 municipalium,
1341 1589 1397 1645 in
1430 1590 1677 1645 coloniis
1708 1602 2029 1660 prmserva—

376 1683 489 1745 tus,
523 1678 839 1747 praesertim
866 1677 1004 1732 Urbi
1031 1684 1087 1733 et
1120 1678 1279 1733 Latio
1325 1679 1625 1747 proximis,
1668 1677 2021 1733 tantumdem

378 1766 636 1836 praesidii
668 1766 1078 1822 administrant
1104 1767 1173 1821 ad
1214 1767 1568 1837 pontiﬁciam
1596 1766 2020 1824 ordinationem

374 1859 691 1924 temporum
724 1855 1159 1917 restituendam.
1186 1855 1441 1911 ecclesia:
1456 1869 1523 1911 ac
1553 1856 1900 1912 monasteria
1925 1867 2023 1909 re—

374 1943 568 2015 gionis
583 1943 1030 2000 suburbicariaa:
1055 1958 1181 2015 quae
1208 1958 1319 2000 non
1340 1947 1533 2000 minus
1552 1951 1765 2001 attenta
1794 1947 2019 2004 seduli-

374 2036 489 2087 tate
517 2033 643 2088 suis
676 2033 734 2088 in
755 2034 1057 2091 codicibus
1076 2024 1746 2106 consignaruntannales
1775 2041 1873 2091 aut
1899 2037 2023 2093 sal-

375 2124 486 2176 tem
517 2122 760 2192 epochas
792 2124 1125 2192 pontiﬁcum
1151 2126 1529 2181 maximorum
1560 2138 1729 2195 quam
1760 2125 2020 2181 ministri

374 2211 913 2267 commentarienses
936 2214 1261 2269 earumdem
1279 2213 1638 2269 coloniarum
1659 2211 1936 2269 referrent
1961 2212 2021 2268 in

376 2296 637 2369 publicas
654 2298 898 2369 tabulas,
924 2314 1037 2357 una
1056 2315 1186 2356 cum
1210 2301 1473 2373 collegiis
1485 2302 1788 2359 consulum
1809 2303 2026 2358 Roma—

374 2399 600 2451 norum,
636 2389 899 2459 proprios
917 2391 1256 2446 duumviros
1285 2397 1342 2446 et
1381 2392 1779 2463 magistratus.
1821 2391 2022 2461 Speci-

375 2490 502 2532 men
517 2477 690 2547 hujus
706 2478 959 2547 praesidii
972 2479 1119 2535 dabo
1133 2480 1321 2536 tribus
1335 2481 1393 2535 in
1410 2480 2018 2551 proximisopusculis,

372 2578 441 2620 ex
465 2566 698 2622 archivo
724 2565 979 2623 Farfensi
1002 2572 1323 2638 opportune
1338 2569 1648 2638 descriptis
1669 2582 1818 2624 anno
1840 2583 2022 2638 supe—

374 2654 517 2708 riori
543 2672 559 2723 ;
583 2669 711 2710 cum
738 2670 804 2711 eo
829 2658 1237 2713 concessissem
1269 2658 1339 2712 ad
1370 2658 1742 2726 perﬁciendas
1772 2656 2021 2712 nonnul-

2133 1497 2465 1567 pontiﬁcum
2496 1495 2888 1550 Anastasianas,
2913 1490 3293 1548 collectionis.

2202 1587 2452 1643 Priorem
2484 1585 2736 1643 codicem
2764 1582 3251 1639 membranaceum
3284 1579 3437 1635 circa
3484 1577 3653 1633 ﬁnem
3682 1589 3789 1633 un-

2130 1675 2339 1732 decimi
2372 1674 2569 1730 saaculi
2601 1673 2882 1743 scriptum
2912 1674 3115 1727 vocant
3138 1670 3461 1725 Chronicon
3491 1664 3785 1729 Farfense,

2131 1764 2489 1835 complexum
2519 1762 2701 1833 primo
2731 1762 2979 1831 epochas
3002 1761 3412 1830 imperatorum
3438 1772 3471 1812 a
3491 1756 3643 1811 Iulio
3672 1754 3787 1810 Ca3-

2130 1866 2257 1907 sare
2286 1852 2352 1907 ad
2383 1854 2620 1908 Leonem
2650 1852 2738 1918 IV,
2775 1850 3012 1906 insertis
3054 1850 3227 1905 etiam
3274 1848 3505 1920 regibus
3549 1843 3785 1913 Gothis,

2129 1940 2402 1997 Vandalis
2447 1946 2503 1995 et
2556 1940 2958 2012 Langobardis,
3007 1938 3108 2011 qui
3160 1939 3339 1993 Italia:
3398 1937 3785 2005 imperarunt,

2131 2044 2348 2087 necnon
2374 2031 2624 2087 ducibus
2649 2032 2903 2102 ejusdem
2934 2032 3123 2104 gentis
3167 2027 3624 2098 Langobardicae,
3660 2029 3782 2080 tam

2128 2130 2259 2180 ante
2276 2135 2443 2191 quam
2466 2128 2590 2192 post
2610 2122 2970 2178 Desiderium
2991 2134 3175 2191 regem
3201 2118 3444 2189 ;deinde
3463 2119 3789 2185 imperato-

2133 2226 2222 2268 res
2248 2212 2641 2268 Occidentales
2669 2226 2700 2267 a
2742 2210 2941 2266 Carolo
2973 2211 3173 2279 Magno
3203 2208 3272 2263 ad
3320 2205 3633 2262 Henricum
3682 2203 3784 2273 III,

2132 2314 2261 2357 cum
2293 2301 2621 2356 recensione
2645 2301 2856 2355 ducum
2887 2301 3426 2365 Beneventanorum,
3453 2294 3788 2365 Spoletano-

2133 2407 2260 2448 rum
2291 2399 2347 2448 et
2370 2391 2795 2465 Sabinensium,
2819 2389 3036 2445 additis
3063 2389 3237 2443 etiam
3275 2384 3610 2442 nominibus
3636 2398 3791 2440 mar-

2131 2483 2404 2538 chionum
2434 2488 2491 2537 et
2519 2481 2793 2537 comitum
2827 2480 2885 2533 in
2913 2479 3105 2534 eodem
3138 2475 3440 2532 Sabinensi
3472 2479 3659 2530 tractu
3689 2487 3785 2530 oc-

2130 2573 2488 2627 currentium
2515 2582 2695 2640 usque
2725 2568 2793 2624 ad
2824 2580 3038 2623 annum
3073 2562 3226 2621 4084.

2201 2660 2458 2716 Alterum
2507 2672 2639 2715 vero
2685 2658 2937 2713 codicem
2985 2657 3200 2726 pariter
3262 2653 3782 2726 membranaceum,

373 2741 459 2797 las
490 2742 915 2799 observationes
959 2746 1387 2817 geographicas,
1431 2760 1558 2816 quae
1602 2745 1779 2800 Italiae
1804 2745 2014 2800 choro—
2047 2731 2100 2792 Β
2131 2750 2400 2819 ampliori
2424 2748 2605 2805 forma
2628 2747 2952 2817 praeditum,
2986 2746 3277 2814 appellant
3304 2746 3602 2816 Regestum
3625 2744 3784 2801 Gre-

372 2830 671 2901 graphiam
702 2833 1144 2889 emendatiorem
1177 2834 1533 2904 exhiberent,
1561 2835 1836 2904 producta
1865 2833 2018 2889 linea

374 2919 691 2975 meridiana
720 2934 752 2976 a
777 2922 920 2976 mari
951 2924 1167 2992 Supero
1196 2924 1264 2977 ad
1297 2921 1563 2992 lnferum,
1600 2922 1884 2992 auspiciis
1904 2923 2021 2977 Cle-

373 3009 582 3063 mentis
618 3009 696 3064 ΧΙ
725 3016 933 3064 sanctae
978 3012 1262 3066 memoria:
1300 3011 1591 3081 pontiﬁcis
1623 3026 1720 3081 per
1747 3012 2019 3067 Thermas

371 3096 715 3152 Diocletiani
759 3099 875 3168 jam
930 3099 1155 3170 signata
1185 3108 1242 3156 et
1295 3100 1727 3172 magniﬁcenter
1776 3106 2011 3157 ornata:

373 3184 662 3240 consimili
697 3185 860 3256 plane
876 3188 1072 3243 studio
1088 3189 1496 3259 acdiligentia,
1528 3203 1641 3259 qua
1662 3191 1717 3243 in
1738 3189 2021 3245 ﬂorentis-

374 3273 522 3328 simo
551 3273 869 3330 Galliarum
905 3291 1076 3348 regno
1102 3276 1332 3347 collegae
1360 3278 1543 3333 nostri
1570 3292 1601 3334 e
1630 3279 1783 3350 regia
1815 3279 2019 3333 Scien-

373 3359 583 3416 tiarum
615 3363 925 3429 academia,
962 3366 1265 3421 mandante
1294 3367 1580 3423 Ludovico
1600 3370 1822 3440 Magno,
1846 3381 2021 3423 saecu-

372 3447 489 3504 lum
513 3463 578 3505 ac
596 3450 818 3507 litteras
832 3458 1106 3509 aeternum
1128 3455 1491 3512 illustraturo
1510 3456 1789 3526 principe,
1810 3457 2018 3512 lineam

374 3539 748 3596 meridianam
780 3556 848 3598 ex
874 3542 1276 3600 Observatorio
1309 3546 1570 3601 Parisino
1596 3546 2016 3615 producendam

372 3637 650 3686 curarunt
695 3631 831 3686 hinc
874 3634 940 3688 ad
986 3634 1385 3691 Mediterranei
1429 3636 1604 3691 maris
1668 3636 1833 3691 littus
1866 3635 2021 3692 circa

372 3718 709 3789 Massiliam,
746 3722 876 3777 inde
905 3725 973 3778 ad
1001 3724 1289 3779 Oceanum
1317 3728 1483 3795 juxta
1511 3729 1799 3784 Caletum:
1848 3740 2017 3797 quam

373 3804 538 3859 edere
559 3821 733 3876 prope
758 3809 907 3865 diem
938 3818 1161 3880 parant.

444 3894 559 3949 Hoc
586 3896 767 3967 igitur
797 3900 1045 3955 consilio
1074 3901 1285 3958 ductus
1306 3916 1435 3958 cum
1465 3905 1535 3960 ad
1571 3905 1815 3960 Sabinos
1846 3905 2022 3962 colles

375 3995 462 4037 me
491 3986 884 4058 contulissem,
909 3996 965 4043 et
1002 3989 1417 4054 humanissime
1462 4001 1731 4062 exceptus
1777 4009 1957 4050 essem
1988 4010 2021 4051 a
2049 4023 2098 4087 Ο

377 4074 948 4139 reverendissimoac
974 4078 1418 4151 religiosissimo
1451 4081 1650 4138 abbate
1673 4086 1737 4137 D.
1769 4085 2019 4140 Archan-

374 4160 499 4230 gelo
526 4162 779 4219 Piccioni
803 4166 1074 4236 Romano,
1105 4170 1163 4224 in
1181 4171 1531 4240 centenaria,
1555 4186 1722 4241 quam
1765 4174 2024 4243 proxime

373 4251 611 4322 attingit
639 4258 697 4307 et
724 4269 991 4329 prospere
1006 4260 1182 4327 degit,
1210 4265 1374 4315 aetate
1394 4260 1673 4331 regularis
1693 4262 2023 4332 disciplina:

376 4350 608 4419 speculo
637 4356 695 4405 et
712 4349 1045 4417 exemplari,
1076 4350 1225 4404 inter
1241 4355 1441 4404 caetera
1462 4350 1878 4419 hospitalitatis
1904 4350 2025 4408 ofﬁ-

376 4438 485 4505 cia,
520 4453 644 4508 quae
662 4451 878 4492 mecum
903 4438 1223 4494 liberaliter
1238 4444 1615 4494 exercuerunt
1642 4454 1741 4509 pro
1766 4441 2021 4512 ingenita

376 4527 524 4582 sacri
560 4527 725 4582 illius
741 4527 966 4583 ordinis
984 4527 1353 4584 beneﬁcentia
1388 4532 1507 4584 tum
1532 4530 1673 4598 ipse,
1701 4535 1818 4584 tum
1839 4530 2022 4585 simil-

377 4614 504 4670 limi
536 4630 640 4671 suo
662 4616 895 4685 praesuli
925 4617 981 4671 in
1020 4616 1159 4672 bene
1192 4618 1261 4673 de
1302 4618 1588 4674 universis
1627 4619 1913 4685 merendo,
1953 4632 2021 4674 ac

378 4706 661 4775 prazcipue
683 4706 752 4761 de
777 4720 1067 4763 sacrarum
1102 4708 1423 4764 litterarum
1456 4710 1674 4765 studiis
1707 4722 2021 4780 eorumque

375 4794 718 4861 cultoribus,
752 4796 1004 4865 ejusdem
1036 4797 1281 4853 coenobii
1314 4799 1597 4869 monachi,
1644 4813 1756 4868 prae
1799 4798 2022 4854 ceteris

376 4898 505 4940 vero
535 4886 684 4941 adm.
718 4899 829 4940 rev.
864 4887 1054 4941 Patres
1078 4888 1140 4940 D.
1178 4888 1513 4943 Vincentius
1554 4889 1801 4943 Manenti
1839 4888 2017 4957 prior,

374 4980 431 5030 et
455 4976 525 5028 D.
563 4975 884 5031 Bernardus
912 4976 1234 5038 Cretonius,
1270 4979 1569 5046 praefectus
1589 4978 1842 5045 archivo,
1872 4980 2019 5047 ejus-

377 5078 487 5135 que
507 5066 564 5118 in
584 5064 945 5121 documentis
960 5067 1218 5135 apprime
1240 5073 1517 5134 versatus,
1538 5067 1832 5136 complura
1858 5068 2021 5123 illius

377 5158 743 5208 monumenta
775 5154 919 5208 mihi
953 5156 1257 5224 spectanda
1302 5155 1657 5210 obtulerunt.
1702 5156 1857 5209 Duos
1889 5170 2021 5212 vero

376 5242 621 5308 codices,
671 5243 1019 5311 antiquitate
1047 5258 1113 5298 ac
1156 5258 1343 5299 rerum
1372 5246 1429 5297 in
1480 5244 1556 5297 iis
1602 5244 2018 5312 descriptarum

378 5330 708 5400 prmstantia
758 5329 1024 5396 celebres,
1062 5332 1205 5386 mihi
1239 5331 1574 5387 evolvendos
1606 5345 1669 5386 ac
1703 5347 1803 5401 pro
1845 5333 2018 5390 libitu
2051 5370 2104 5431 D
2131 5329 2266 5435 ἓξὲξ,

375 5418 781 5473 describendas
803 5431 932 5472 cum
959 5418 1311 5480 attulissent,
1341 5419 1450 5472 tria
1479 5433 1545 5473 ex
1580 5418 1701 5473 illis
1731 5423 2014 5489 cpuscula

375 5505 777 5577 chronologica
810 5506 1007 5578 selegi,
1043 5519 1169 5576 qua:
1196 5506 1290 5561 his
1342 5507 1400 5561 in
1434 5507 1854 5579 Prolegomenis
1881 5511 2021 5566 ede-

2130 2839 2280 2911 gorii
2314 2837 2575 2893 monachi
2597 2836 2942 2903 Catinensis,
2969 2834 3305 2904 perductum
3331 2847 3398 2889 ex
3428 2846 3579 2887 anno
3614 2832 3786 2888 Chri-

2128 2928 2203 2982 sti
2234 2923 2331 2981 661
2369 2926 2436 2981 ad
2464 2938 2677 2980 annum
2721 2920 2878 2989 4440,
2925 2936 2992 2978 ex
3042 2922 3314 2993 genuinis
3359 2920 3786 2989 diplomatibus

2126 3014 2560 3080 donationibus,
2578 3013 2902 3085 privilegiis
2918 3024 3272 3067 summorum
3290 3010 3645 3080 pontiﬁcum,
3664 3009 3791 3065 Ca:-

2129 3118 2343 3175 sarum,
2379 3117 2573 3176 regum
2619 3100 3139 3174 Langobardorum,
3174 3100 3387 3155 ducum
3434 3098 3790 3169 Spoletano—

2128 3207 2276 3261 rum,
2310 3193 2584 3248 comitum
2615 3190 3018 3246 Sabinensium
3049 3189 3413 3258 aliorumque
3444 3187 3787 3257 principum

2126 3284 2453 3337 etvirorum
2480 3279 2818 3349 illustrium,
2851 3291 3095 3347 quorum
3129 3277 3323 3332 icones
3346 3275 3661 3347 aliquando
3694 3275 3791 3332 in-

2127 3376 2416 3427 seruntur.
2456 3370 2775 3441 Prazﬁgitur
2807 3368 2945 3424 huic
2976 3368 3228 3423 secundo
3259 3366 3444 3422 codici
3502 3366 3785 3438 prologus

2126 3460 2579 3516 domniJoannis
2597 3458 2971 3513 Grammatici
2989 3470 3119 3511 cum
3148 3456 3401 3512 carmine
3429 3455 3784 3525 acrosticho,

2126 3549 2388 3620 Gregorii
2414 3548 2740 3604 Catinensis
2762 3560 2963 3602 nomen
2991 3546 3071 3600 ita
3092 3545 3375 3616 signante.
3411 3542 3794 3614 Compendia-

2129 3639 2248 3694 rias
2266 3638 2485 3709 pr010gi
2504 3642 2667 3693 notas
2692 3637 2933 3702 integris
2959 3634 3319 3690 dictionibus
3331 3634 3669 3702 expandam.

2204 3785 2231 3816 ‹‹
2279 3778 2334 3819 IN
2389 3776 2603 3818 CHRISTI
2658 3776 2746 3818 DEI
2825 3775 3225 3817 OMNIPOTENTIS
3297 3774 3507 3816 NOIINE
3575 3773 3789 3819 INCIPIT

2130 3848 2404 3892 PROLOGUS
2454 3848 2644 3889 DOMINI
2692 3848 2956 3889 JOIIANNIS
3003 3845 3335 3889 GRAMMATICI
3383 3846 3555 3887 SUPER
3608 3846 3789 3890 Ηωυε

2129 3921 2302 3962 OPERA
2328 3919 2497 3960 LIBRI.

2206 3998 2230 4029 «
2286 3994 2338 4033 IN
2371 3991 2578 4033 NOMINE
2624 3990 2840 4034 SANC'DE
2886 3992 2949 4033 ET
3001 3989 3304 4032 INDIVIDUE
3351 3988 3666 4030 TRINITATIS
3709 3988 3786 4030 AD

2131 4062 2388 4104 IIONOBEM
2443 4064 2507 4105 ET
2562 4063 2777 4105 LAUDEM
2841 4062 3054 4105 SANCTJB
3112 4061 3198 4103 DEI
3265 4059 3576 4102 GENITRICIS
3637 4059 3792 4101 δεδι-

2129 4135 2340 4182 PEBQUE
2385 4135 2631 4177 VIRGINIS
2675 4134 2863 4177 MAR”;
2902 4132 3331 4175 GLORIOSISSIMB
3395 4130 3617 4173 DOHINE
3671 4131 3788 4173 N0-

2132 4206 2280 4249 STRB
2289 4234 2301 4247 .

2204 4322 2229 4353 α
2256 4304 2572 4371 Imperante
2585 4303 2802 4356 Domno
2823 4299 3127 4355 HENRICO
3148 4300 3244 4355 IIII
3264 4298 3649 4371 Romanorum
3679 4296 3789 4371 Pa:

2132 4374 2304 4431 tricio
2333 4368 2389 4429 et
2411 4375 2753 4441 Imperatore
2783 4373 2870 4426 ΑΒ
2902 4373 3298 4427 incarnatione
3332 4368 3555 4424 Domini
3581 4368 3784 4441 Nostri

2128 4448 2258 4502 JESU
2278 4439 2666 4500 Christi’anno
2690 4444 2997 4500 millesimo
3020 4443 3388 4513 nonagesimo
3407 4439 3660 4495 secundo
3678 4440 3787 4494 In-

2129 4518 2383 4573 dictione
2413 4529 2506 4570 xv.
2533 4516 2628 4570 xvi
2658 4516 2938 4572 Kalendas
2968 4517 3163 4584 Majas.

2206 4609 2230 4640 «
2246 4588 2450 4665 Divina
2465 4587 2982 4665 inspirantegratia
2995 4580 3212 4665 placuit
3224 4586 3446 4665 D_omn_o
3457 4580 3785 4665 BERIARDD

2130 4653 2590 4715 reverentissimo
2616 4653 2825 4712 abbati‘
2859 4653 3032 4727 huju‘s
3072 4657 3335 4713 Ecclesiae
3391 4653 3783 4727 Bharphensis

2130 4730 2492 4786 nobilissima
2525 4737 2687 4799 gente
2721 4720 3015 4853 ιη’οἕθηῖῐο
3046 4729 3387 4784 Florentinae
3410 4720 3605 4791 Urbis,
3641 4737 3786 4794 qua-

2131 4802 2477 4853 tinusistius
2495 4801 2821 4853 sa'cricueno
2866 4800 3191 4853 iiuniversa
3226 4799 3621 4853 nrivileeia.et
3640 4809 3786 4853 Drac-

2131 4803 2291 4857 tinus
2305 4802 2477 4856 istius
2495 4801 2642 4855 sacri
2661 4799 2907 4856 ctenobii
2927 4800 3191 4856 universa
3226 4799 3550 4871 privilegia,
3564 4803 3621 4851 et
3638 4809 3786 4871 pra:-

2129 4878 2308 4941 cepta,
2355 4885 2568 4927 necnon
2612 4876 2669 4926 et
2709 4878 2909 4937 tomos,
2957 4878 3013 4926 et
3061 4868 3269 4943 legales
3323 4868 3553 4926 chartas
3584 4868 3783 4943 nimia

2128 4939 2407 4999 vetustate
2443 4944 2561 5012 jam
2612 4955 2750 5011 pene
2791 4939 3140 5013 consumpta
3175 4944 3232 4997 in
3284 4955 3461 4998 unum
3509 4939 3782 5013 volumen

2129 5014 2418 5083 colligere,
2451 5011 2620 5082 atque
2646 5013 2714 5067 ad
2766 5011 3095 5069 memoriam
3142 5014 3498 5084 posteritatis
3540 5011 3786 5084 studio-

2129 5081 2361 5140 sissime
2416 5081 2718 5153 declarata,
2783 5081 3158 5141 veracissime
3199 5085 3544 5152 transcripta
3586 5081 3786 5153 relin-

2175 5170 2322 5213 uere.
2358 5158 2423 5210 Et
2448 5158 2553 5209 hoc
2572 5155 3024 5224 prudentissimo
3053 5164 3244 5212 actum
3262 5156 3376 5211 fuit
3412 5152 3683 5217 consilio,
3711 5164 3786 5205 ne

2156 5230 2276 5282 crte
2306 5228 2454 5295 quod
2484 5227 2800 5294 saepissime
2822 5229 2939 5296 jam
2971 5229 3197 5283 evenire
3229 5229 3513 5294 novimus,
3535 5231 3636 5279 aut
3666 5236 3787 5296 cu-

2130 5293 2357 5353 stodum
2391 5293 2758 5368 negligentia,
2797 5293 2897 5353 a'ut
2947 5306 3224 5354 vetustate
3261 5293 3630 5353 consumente
3678 5293 3786 5368 ni-_-

2301 5365 2571 5437 praedicta
2599 5368 2877 5423 oblivioni
2913 5373 3273 5426 traderentur
3304 5374 3611 5439 praecepta,
3632 5365 3781 5420 tomi

2128 5441 2339 5494 chartae
2368 5448 2535 5493 carta:
2567 5445 2622 5492 et
2668 5440 2983 5510 privilegia.
3053 5441 3188 5509 Quae
3241 5438 3519 5496 veraciter
3566 5438 3784 5493 elucu-

2126 5510 2345 5567 brando
2376 5510 2525 5565 nihil
2557 5511 2644 5565 eis
2668 5512 2903 5566 omnino
2932 5513 3267 5569 addidimus
3298 5512 3386 5568 vel
3429 5510 3779 5577 minuimus,
