3998 6176
257 223 350 286 347

1261 230 1626 288 BLANCHINI
1662 232 1757 289 AD
1792 234 1864 288 ιη
1901 233 2132 290 ornsc.
2175 233 2319 303 SEQ.
2362 233 2644 290 osseav.

3546 236 3656 297 348

256 367 355 409 nec
402 353 781 429 mutavimus,
832 350 926 429 sed
973 349 1264 429 corruptis
1294 351 1574 429 partibus
1618 352 1901 429 rethorice
1926 353 1982 411 A
2011 354 2369 429 dialogorum
2389 358 2472 412 lib
2493 374 2578 414 III.
2612 360 2864 429 capitulo
2892 376 3045 418 xnn.
3071 364 3412 421 mentionem
3436 366 3655 423 faciens

252 424 592 483 emendatis.
621 437 688 478 eo
710 428 969 490 respectu
999 435 1110 493 quo
1129 422 1339 494 scripta
1365 430 1527 477 erant
1547 436 1610 479 ea
1641 422 1903 494 legaliter

252 495 683 550 transtulimus.
734 506 843 565 νειί
862 491 1075 565 manus
1117 491 1424 565 confratris
1466 494 1650 549 nostri
1688 491 1902 565 magna

252 565 594 636 sagacitatis
622 562 955 636 GREGORll
982 563 1283 636 Sabinensi
1313 564 1599 636 Comitatu
1624 562 1898 620 ‘oriundi.

254 633 529 691 in'castro
554 634 872 706 Catinensi.
915 633 1304 706 nobilissimis
1332 634 1665 706 parentibus
1697 649 1904 706 proge-

253 706 382 773 niti,
407 711 468 761 et
487 713 700 762 nostra
725 705 993 761 Ecclesia
1034 704 1149 760 fere
1178 703 1247 759 ab
1294 705 1538 761 infantia
1570 703 1715 761 lacte
1752 703 1903 762 etin—

254 776 400 833 triti.

311 868 353 917 (ἶ
387 878 658 915 REGORIVS
679 878 907 913 SANCTAE
933 877 1136 913 SERVVS
1150 877 1495 920 FAMVLVSQVE
1529 879 1755 913 MARIAE.

312 931 358 979 Β
387 929 507 988 egni
538 929 777 989 perpetui
804 929 907 975 vita
935 927 1151 987 cupiens
1175 927 1407 989 adipisci.

316 992 357 1041 E
377 988 595 1050 jusdem
622 1003 832 1050 semper
851 990 1116 1037 renovavit
1140 989 1331 1049 scripta
1350 988 1528 1037 beata.

316 1005 357 1041 Β
407 1005 595 1039 usuem
622 1005 832 1050 semper
851 1005 1116 1037 renovavu
1140 1005 1331 1049 SCl'lpIa
1351 1005 1528 1037 beata.

308 1054 354 1103 G
377 1005 585 1101 liscens
610 1055 727 1112 post
756 1051 952 1099 obitum
980 1050 1234 1098 famosum
1265 1050 1496 1112 linquere
1522 1052 1718 1097 votum.

308 1115 351 1166 Ο
386 1114 541 1176 ptulit
576 1113 714 1176 hunc
743 1114 945 1173 genitor
973 1113 1275 1160 Donadeum
1320 1126 1525 1174 quoque
1554 1113 1717 1159 Dono.

306 1179 354 1227 Β
383 1175 640 1225 estituens
662 1175 820 1223 libras
849 1178 1109 1231 centenas,
1136 1188 1195 1222 ac
1225 1188 1554 1234 monagenas.

306 1249 327 1298 Ι
378 1262 410 1295 n
432 1246 615 1307 templi
639 1245 821 1293 fratres
851 1235 1219 1291 ΘΕΟΤΟΚΟΟ
1249 1245 1359 1292 ade
1390 1244 1628 1305 benigna.

304 1310 355 1358 ν
389 1313 410 1355 t
434 1311 682 1369 caperent
708 1320 901 1355 norma
932 1307 1270 1369 pbarphensis
1301 1308 1512 1369 pramia
1538 1320 1712 1355 sacra.

310 1372 349 1421 S
379 1373 432 1419 ic
456 1367 660 1432 primus
678 1374 855 1432 pastor
886 1367 1257 1417 BERARDVS
1288 1368 1563 1432 monacbat
1590 1370 1769 1417 ambos

307 1435 348 1485 C
380 1430 540 1481 alum
570 1430 727 1493 paulo
758 1434 875 1492 post
905 1432 1138 1491 migravit
1166 1431 1219 1478 in
1254 1431 1434 1493 ordine
1469 1430 1650 1493 major.

309 1500 354 1544 Α
389 1508 526 1542 unos
561 1491 653 1541 sex
681 1491 843 1540 denos
874 1502 989 1553 post
1025 1493 1217 1541 Christi
1259 1491 1398 1539 mille
1438 1491 1514 1539 vel
1549 1491 1683 1541 Octo.

306 1556 353 1607 T
382 1557 571 1604 andem
599 1556 688 1618 qui
719 1555 961 1618 minimus
991 1553 1144 1602 frater
1180 1553 1584 1618 GREGORIVS
1610 1557 1809 1603 auctus.

316 1620 338 1668 Ι
392 1619 601 1680 ndeque
616 1616 865 1665 terdenos
886 1618 1225 1665 trancendens
1243 1616 1359 1677 plus
1380 1618 1551 1664 minus
1563 1630 1744 1666 annos.

308 1682 355 1730 N
386 1694 467 1727 am
495 1683 768 1741 postquam
792 1682 985 1741 vestem
1010 1680 1301 1740 percepitin
1326 1680 1502 1726 ordino
1529 1693 1742 1728 norma.

307 1744 351 1793 E
384 1742 576 1803 xpletis
600 1740 748 1789 denis
779 1742 925 1789 annis
953 1740 1032 1788 bis
1053 1755 1215 1789 necne
1247 1743 1523 1803 quaternis.

308 1806 355 1854 N
389 1801 535 1851 ostro
558 1804 775 1862 migrate
793 1804 956 1863 primo
968 1806 1170 1863 pastore
1199 1801 1550 1854 BERARDO.

310 1867 347 1916 S
385 1867 544 1914 cedas
580 1865 672 1912 bas
705 1868 908 1926 compte
957 1873 1213 1913 cartarum
1248 1866 1476 1924 Virginis
1511 1867 1674 1915 alma.

311 1929 332 1977 Ι
384 1929 517 1975 ussit
547 1928 802 1975 Berardus
835 1930 1030 1974 tantum
1066 1929 1205 1989 quod
1230 1928 1357 1975 abba
1390 1929 1669 1977 secundus.

310 1990 349 2054 ὃ
383 1990 567 2054 cripsit
597 1991 735 2037 enim
763 1990 922 2049 gratis
939 1991 1058 2054 _vita
1086 1991 1205 2054 quia
1228 1992 1436 2054 pramia
1459 1994 1658 2054 quarit.

307 2052 355 2102 G
386 2053 657 2111 regorium
691 2065 894 2109 nosces,
920 2052 983 2099 de
1013 2053 1245 2100 versibus
1270 2053 1349 2101 his
1373 2052 1706 2105 catincnsem.

307 2115 355 2163 G
388 2117 645 2162 rammata
670 2115 712 2160 si
745 2113 931 2173 relegis
960 2128 1072 2175 qua
1098 2118 1214 2162 sunt
1238 2118 1448 2164 exordia
1491 2117 1631 2165 dicti.

308 2175 348 2224 S
381 2177 665 2238 criptorem
693 2175 925 2224 Christus
951 2190 1104 2238 quem
1134 2178 1289 2225 donet
1320 2179 1565 2227 scandere
1586 2180 1786 2228 calum.
1812 2198 1835 2223 ι»

314 2266 536 2339 subtus
567 2266 872 2339 imaginem
893 2264 1216 2339 Farfensem
1244 2269 1499 2337 Deipara
1522 2270 1780 2339 Virginis
1805 2269 1900 2324 hic

250 2336 542 2406 depictam
572 2336 785 2406 legitur
809 2343 865 2391 et
896 2338 1218 2406 proximum
1249 2336 1524 2394 disticon.
1598 2388 1605 2393 .

305 2443 596 2491 Presbileri
617 2442 821 2491 PETRI
852 2445 973 2490 sunt
993 2442 1100 2491 hac
1126 2444 1403 2504 primordia
1426 2445 1561 2505 libri,

308 2505 506 2554 Soldos
532 2518 756 2566 namque
785 2506 963 2553 decem
999 2520 1089 2567 pro
1124 2507 1274 2554 cartis
1313 2508 1497 2568 optulit
1524 2509 1652 2569 ipse.

318 2585 631 2655 Prologum
668 2586 891 2656 Regesti
942 2585 1186 2641 ﬁdeliter
1231 2588 1579 2644 reddendum
1629 2589 1733 2644 hoc
1778 2588 1902 2645 loco

250 2674 408 2739 duxi,
442 2679 509 2728 ut
537 2678 829 2729 constaret
851 2675 921 2729 de
949 2675 1297 2744 antiquitate
1335 2690 1399 2731 ac
1438 2676 1768 2732 sinceritate
1793 2679 1904 2733 do-

252 2766 651 2817 cumentorum
678 2762 825 2817 unde
843 2763 1143 2819 collectum
1177 2764 1291 2820 fuit
1308 2778 1523 2820 necnon
1547 2766 1618 2821 de
1636 2766 1900 2836 Gregorii

250 2850 578 2907 Catinensis
603 2850 907 2920 diligentia
940 2853 996 2906 in
1026 2852 1277 2923 singulis
1301 2861 1564 2909 accurate
1589 2860 1644 2910 et
1664 2855 1907 2910 ﬁdeliter

252 2939 670 2995 describendis.
703 2941 813 2994 Nec
842 2940 1091 2996 otiosum
1112 2940 1232 2996 fore
1261 2941 1513 2997 arbitror
1539 2943 1756 2998 indicia
1786 2958 1908 3013 pro-

1929 1675 1983 1735 B

2009 426 2126 508 ait.‘
2145 428 2441 508 Prioribus
2484 426 2712 508 quoque
2758 432 3075 508 Gothorum
3115 437 3490 508 temporibus.
3539 437 3653 493 fuit

2004 499 2167 565 juxta
2198 499 2568 578 spoletanam.
2591 501 2821 578 _urbem.
2858 504 2946 556 vir
2966 505 3095 559 vita
3120 499 3463 578 venerabilis
3483 523 3652 578 ysaac

2010 580 2157 622 nom.
2194 570 2294 649 qui
2329 585 2510 640 usque
2540 573 2605 627 ad
2635 580 2887 628 extrema
2918 587 3055 649 pene
3076 576 3380 649 gothorum
3400 570 3652 646 tempora

2010 646 2285 719 pervenit.
2340 656 2504 719 quem
2554 648 2878 719 nostrorum
2921 646 3090 700 multi
3144 654 3423 719 noverunt
3467 666 3483 717 ;
3528 662 3654 704 ma-

2011 714 2163 785 xirne
2187 724 2350 785 sacra
2380 714 2541 783 virgo
2563 716 2844 784 gregoria.
2870 730 2995 785 qua
3019 730 3172 771 nunc
3194 717 3251 771 in
3279 718 3382 772 hac
3403 714 3655 775 Romana

2013 779 2166 859 urbe,
2176 782 2340 859 juxta
2363 779 2863 841 ecclesiam‘beata
2884 779 3126 859 ltlARIzE
3157 801 3379 857 semper
3408 790 3655 859 virginis

2014 850 2252 905 habitat.
2288 856 2352 907 Et
2383 859 2504 923 p0st
2556 870 2751 925 pauca.
2785 857 2959 912 Multa
2987 865 3172 912 autem
3205 850 3656 916 de'eodemuviro

2016 928 2282 999 narrante
2312 926 2622 999 venerabili
2668 934 2822 996 patre
2868 928 3182 983 heleuterio
3211 931 3438 999 agnovi.
3469 932 3567 999 qui
3600 935 3658 986 et

2018 992 2168 1067 hunc
2202 992 2569 1067 familiariter
2600 992 2848 1067 noverat,
2877 1005 2934 1053 et
2961 1000 3085 1067 ejus
3115 992 3304 1055 verbis
3330 1002 3447 1056 vita
3486 992 3657 1057 ﬁdem

2017 1064 2316 1145 prabebat.
2344 1068 2445 1145 llic
2478 1069 2669 1145 itaque
2692 1064 3034 1145 venerabilis
3059 1085 3226 1145 ysaac
3255 1077 3526 1145 ortusgex
3561 1073 3659 1145 hi1-

2014 1134 2153 1211 talia
2200 1149 2308 1191 non
2360 1137 2498 1211 fuit,
2526 1134 2621 1194 sed
2671 1141 2917 1209 primum
2957 1142 3025 1195 de
3060 1134 3234 1211 syria
3281 1143 3541 1211 partibus
3585 1144 3655 1198 ad

2013 1205 2361 1272 spoletanam
2416 1209 2609 1264 urbem
2653 1205 2831 1266 venit.
2873 1205 3124 1267 Prudens
3172 1205 3346 1269 lector
3386 1215 3656 1269 animad—

2011 1282 2197 1353 verte,
2236 1293 2360 1347 qua
2408 1280 2641 1336 fuerunt
2685 1282 2999 1338 Gothorum
3052 1290 3302 1353 tempora
3344 1285 3526 1353 prima
3570 1284 3655 1339 vel

2055 1361 2137 1429 ua
2166 1349 2568 1429 Romanorum,
2606 1354 2943 1429 priusquam
2987 1349 3196 1429 hitalia
3228 1349 3430 1429 gentili
3464 1355 3656 1426 gladio

2035 1420 2264 1501 erieuda
2292 1420 2656 1501 _trade_ret.ur._
2708 1420 2940 1501 Constat
2985 1426 3166 1495 igitur
3210 1420 3487 1501 quoniam
3527 1431 3660 1482 ante

2011 1488 2229 1565 prafati
2252 1492 2658 1561 gloriosissimi
2680 1496 2973 1565 pontiﬁcis
2993 1488 3105 1551 non
3128 1488 3410 1553 modicum
3434 1504 3659 1565 tempus

2009 1562 2304 1644 conditum
2327 1572 2413 1619 est
2441 1562 2848 1644 monasterium
2878 1568 3052 1623 istud.
3090 1583 3200 1644 pro_
3215 1582 3279 1623 eo
3303 1568 3453 1639 quod
3480 1562 3659 1644 vene:

2013 1633 2217 1708 rabilis
2266 1638 2549 1692 memoria
2604 1638 2829 1693 beatum
2879 1652 3043 1708 ysaac
3091 1633 3366 1705 collegam
3413 1638 3661 1693 scillicet

2009 1705 2363 1760 sanctissimi
2395 1708 2568 1775 hujus
2591 1709 2849 1763 Monachi
2876 1705 3438 1764 LaurentiiAbbatis.
3466 1723 3575 1763 non
3599 1722 3659 1764 se

2007 1776 2224 1849 vidisse
2250 1792 2327 1849 ss.
2358 1780 2710 1845 temporibus
2733 1780 2994 1834 extitisse
3018 1781 3346 1849 descripsit.
3368 1781 3463 1834 sed
3490 1780 3656 1847 prio-

2010 1846 2174 1900 ribus
2202 1848 2431 1902 illorum
2447 1850 2762 1905 Gothorum
2778 1857 2883 1904 tem
2896 1851 3131 1918 poribus
3149 1846 3329 1905 fuisse
3350 1846 3653 1904 manifesta

2010 1918 2287 1973 relatione
2321 1920 2611 1987 professus
2639 1928 2743 1975 est.
2776 1923 2912 1975 Nam
2941 1923 3131 1990 priora
3156 1922 3471 1976 Gothorum
3504 1924 3658 1974 tem-

2010 2001 2173 2062 pora.
2200 1997 2262 2043 nt
2291 1991 2482 2045 verius
2503 1992 2713 2059 conjici
2744 1998 2943 2062 potest,
2976 1999 3038 2046 ut
3070 1994 3126 2045 in
3160 1994 3397 2061 scriptis
3417 1992 3655 2062 Chroni-

2009 2074 2089 2115 ca
2123 2061 2376 2116 historia
2400 2062 2589 2117 Orosii
2627 2064 2941 2132 Presbyteri
2970 2064 3270 2131 reperitur.
3297 2063 3398 2117 llla
3422 2061 3659 2117 fuerunt

2012 2131 2240 2203 quando
2273 2140 2542 2203 regnante
2570 2131 2856 2188 Archadio
2889 2135 3228 2202 imperatore
3259 2148 3374 2202 quo
3406 2140 3658 2200 tempore

2008 2201 2524 2273 Ambrosiusapud
2567 2204 2971 2259 Mediolanum.
3008 2201 3291 2258 Martinus
3319 2217 3450 2257 vero
3488 2203 3659 2269 cujus

2011 2274 2301 2345 gloriosus
2329 2275 2526 2329 extitit
2566 2277 2866 2330 transitus.
2896 2289 2927 2329 a
2955 2276 3183 2329 Domini
3215 2274 3478 2343 passione
3508 2285 3659 2326 anno

2010 2358 2295 2398 cccc.xxn.
2340 2347 2526 2399 atatis
2564 2360 2680 2400 sua
2709 2360 2859 2401 anno
2885 2360 3080 2400 LXXXI.
3128 2346 3503 2413 Episcopatus
3527 2355 3659 2398 vero

2011 2430 2169 2469 xxvi.
2196 2418 2251 2468 in
2277 2417 2471 2482 galliis
2488 2416 2637 2485 apud
2660 2424 2915 2471 turonos.
2935 2423 2991 2471 et
3006 2418 3154 2484 apud
3173 2416 3450 2470 Bethleem
3472 2414 3662 2469 Hiero-

2012 2500 2236 2555 nymus.
2253 2487 2350 2555 qui
2364 2501 2426 2540 ex
2441 2489 2608 2556 pletis
2626 2488 3135 2542 xc1.vitaannisad
3151 2488 3439 2541 Christum
3460 2486 3664 2556 migra-

2011 2560 2113 2611 vit.
2142 2557 2297 2611 velut
2317 2558 2503 2612 sidera
2520 2558 2835 2613 radiabant.
2862 2559 3135 2629 Radagasi
3148 2574 3212 2614 us
3232 2572 3325 2629 rex
3341 2558 3658 2629 Gothorum

2013 2630 2112 2698 qui
2146 2632 2358 2682 virtute
2379 2636 2433 2682 et
2462 2636 2664 2684 natura
2684 2629 2963 2684 barbarus
2982 2627 3122 2697 erat,
3141 2635 3206 2684 et
3236 2628 3427 2683 scitha
3448 2627 3659 2681 habens

2014 2739 2205 2779 secum
2233 2738 2376 2779 ccxc.
2417 2726 2693 2780 homines.
2730 2727 2914 2796 primo
2940 2726 3158 2781 italiam
3181 2725 3511 2781 devastavit.
3542 2725 3660 2779 ita-

2016 2810 2123 2864 que
2153 2805 2278 2864 post
2308 2804 2576 2867 regnante
2609 2798 2780 2852 fratre
2811 2800 2935 2866 ejus
2969 2798 3210 2853 honorio
3241 2797 3528 2851 halaricus
3563 2808 3659 2849 rex
3689 2800 3693 2805 ’

2014 2869 2328 2921 Gothorum
2366 2870 2593 2923 Romam
2630 2871 2857 2923 invasit.
2898 2876 3227 2938 partemque
3247 2869 3370 2935 ejus
3395 2871 3524 2937 igne
3545 2878 3661 2938 cre-

2018 2939 2211 3005 mavit,
2272 2952 2395 2992 vnn
2456 2940 2507 2993 k.
2565 2941 2836 3008 septemb.
2896 2937 3047 2995 anno
3105 2937 3460 2994 conditionis
3533 2937 3660 3005 ejus

256 3025 399 3083 ferre
423 3028 649 3096 peritia
672 3028 885 3098 prioris
904 3028 1069 3085 illius
1091 3029 1448 3101 chronologi,
1467 3045 1500 3086 a
1527 3045 1641 3101 quo
1655 3009 1907 3087 Chroni—
1936 3022 1983 3081 C
2016 3021 2402 3101 ξίξξῇῖί·τξξῼ;ξξ(ξ
2416 3010 2632 3101 ῖςτ);ι;
2658 3009 3657 3101 [39%EE")_fl1t{'?£i§f{'1y]§j‘§§;

253 3130 352 3171 con
386 3114 659 3171 Farfense
678 3129 744 3171 ex
770 3117 971 3172 iisdem
995 3119 1354 3174 documentis
1376 3119 1596 3173 archivi
1624 3127 1677 3174 et
1701 3119 1907 3175 biblio-

252 3205 425 3261 theca
454 3204 862 3276 colligebatur.
883 3206 1190 3262 Undecimo
1210 3208 1363 3263 enim
1378 3208 1587 3263 saculo
1605 3221 1730 3263 ara
1745 3208 1907 3262 Chri-

253 3293 452 3349 stiana
509 3308 640 3349 cum
695 3294 990 3365 scriberet,
1036 3292 1217 3366 atque
1253 3296 1571 3353 illustraret
1621 3298 1902 3368 originem

257 3383 614 3451 monasterii,
670 3381 827 3438 felici
899 3384 1044 3440 satis
1108 3389 1316 3440 conatu
1366 3387 1675 3454 explicavit
1731 3392 1903 3457 atque

255 3467 530 3524 distinxit
561 3470 818 3525 involuta
858 3472 1164 3541 cateroqui
1196 3479 1252 3527 et
1294 3472 1539 3528 obscura
1583 3474 1900 3529 Gothorum

258 3561 508 3627 tempora
544 3560 623 3612 ita
651 3564 714 3613 ut
741 3559 893 3613 inter
925 3561 1171 3629 aquales
1210 3575 1347 3616 suos
1374 3563 1649 3617 excellere
1682 3562 1742 3616 in
1784 3568 1907 3619 arte

260 3646 666 3717 chronologica
709 3648 992 3702 videatur.
1033 3648 1219 3717 Quare
1248 3663 1317 3703 ex
1364 3650 1580 3719 regulis
1627 3652 1811 3720 prima
1850 3657 1905 3707 et

260 3736 423 3790 tertia
446 3735 691 3790 critices
714 3740 1030 3805 temporum
1055 3738 1224 3806 paulo
1244 3745 1375 3793 ante
1394 3740 1733 3794 constitutis
1754 3754 1908 3809 opu—

260 3823 399 3878 sculi
436 3825 815 3892 pracedentis
833 3826 1018 3895 capite
1036 3824 1089 3896 2,
1113 3841 1242 3881 cum
1268 3828 1527 3883 idnotum
1559 3829 1656 3897 sit,
1686 3842 1902 3898 nempe.

264 3913 404 3968 inter
436 3915 797 3984 proximiora
830 3921 992 3971 atate
1029 3929 1095 3971 ac
1129 3917 1251 3972 loco
1279 3918 1619 3973 documenta
1653 3917 1750 3972 illa
1785 3932 1908 3973 esse

264 4003 630 4074 praferenda,
681 4018 803 4074 qua
849 4018 947 4074 per
992 4005 1226 4061 idoneos
1279 4008 1435 4063 Viros
1477 4020 1542 4061 ac
1582 4006 1909 4076 disciplina

263 4103 580 4168 temporum
615 4099 829 4167 peritos
873 4097 1038 4154 nobis
1077 4098 1500 4160 ministrentur,
1533 4098 1911 4167 consequitur

265 4193 321 4241 ut
361 4188 544 4242 istius
583 4187 855 4243 Cbronici
888 4194 1176 4243 auctorem
1223 4201 1333 4241 non
1387 4188 1542 4256 parvi
1584 4185 1907 4241 faciendum

265 4275 564 4331 nobiscum
609 4278 862 4331 sentiant
901 4281 1183 4346 quotquot
1212 4288 1281 4330 ex
1328 4277 1585 4345 proxime
1616 4275 1911 4331 referendo

2016 3093 2131 3133 sus.
2158 3081 2469 3148 Depredata
2492 3081 2637 3136 Urbe
2661 3078 2924 3149 egressus
2950 3088 3052 3136 est.
3078 3096 3207 3137 cum
3243 3078 3662 3149 incarnationis

2014 3150 2316 3205 dominica
2343 3160 2608 3222 ageretur
2644 3167 2831 3207 annus
2860 3166 3077 3207 CCCXIII.
3114 3160 3250 3207 tunc
3292 3152 3463 3222 etiam
3509 3148 3658 3217 apud

2012 3220 2448 3292 ypponiregin’m
2484 3222 2945 3283 fulgentissimus
2966 3225 3259 3292 totiusque
3282 3220 3517 3276 ﬂorebat
3541 3222 3662 3292 ala-

2015 3292 2192 3361 gister
2248 3290 2508 3346 ECclesia
2556 3296 2934 3363 Augustinus.
2990 3290 3391 3360 tertiodpsius
3448 3290 3661 3363 civita—

2015 3363 2090 3415 tis
2121 3363 2444 3417 obsidionis
2470 3378 2618 3418 anno
2651 3360 2839 3419 mense
2864 3379 2942 3418 v1.
2964 3371 3020 3418 et
3037 3378 3168 3417 Lxx.
3199 3366 3330 3415 vita
3351 3364 3406 3415 in
3430 3360 3658 3414 Christo

2014 3433 2251 3504 quievit.
2276 3435 2489 3488 Deinde
2513 3441 2713 3503 agente
2736 3437 3103 3504 pra‘sulatum
3119 3434 3377 3487 Romana
3399 3428 3662 3504 Ecclesia

2014 3500 2173 3557 leone
2204 3518 2234 3557 a
2261 3500 2757 3574 genserico‘ltoma
2789 3511 2947 3572 rapta
2979 3510 3079 3557 est.
3131 3509 3425 3574 postquam
3474 3500 3661 3574 primo

2014 3586 2132 3627 eam
2164 3569 2416 3629 alaricus
2445 3577 2728 3628 invaserat
2759 3589 2819 3629 ιι.
2858 3569 2979 3642 jam
3030 3574 3153 3627 vice
3198 3569 3441 3640 expletis
3492 3569 3561 3624 ab
3592 3582 3658 3623 eo

2017 3650 2266 3712 tempore
2309 3659 2442 3698 ann.
2498 3659 2686 3699 xum.
2739 3662 2767 3699 a
2801 3646 3133 3700 conditione
3180 3645 3304 3711 ejus
3353 3655 3449 3697 lCC.
3485 3648 3658 3709 atque

2016 3728 2131 3768 Vlll.
2166 3723 2220 3768 et
2263 3714 2331 3767 ab
2379 3718 2774 3771 incarnatione
2802 3718 2933 3770 Chr.
2968 3717 3146 3769 ccch.
3188 3728 3293 3768 vn.
3345 3716 3474 3768 Post
3507 3712 3559 3764 h.
3598 3725 3652 3765 u.

2015 3785 2370 3853 temporibus
2390 3800 2487 3857 aga
2502 3789 2603 3855 piti
2636 3802 2791 3856 papa
2813 3801 2962 3841 anno
2979 3787 3282 3841 dnuinica
3305 3782 3664 3839 incarnatio-

2017 3859 2108 3911 nis
2152 3870 2415 3911 nxxvnn.
2453 3859 2608 3928 gothi
2666 3859 2855 3913 urbem
2910 3858 3221 3928 possident.
3270 3857 3533 3909 universa
3569 3865 3666 3928 per

2017 3930 2323 3982 circuitum
2349 3924 2778 3997 direptionibus
2803 3938 2857 3984 et
2876 3924 3163 3983 incendiis
3179 3927 3503 3982 absumunt.
3529 3924 3666 3997 qui-

2020 4000 2126 4075 bus
2152 4000 2423 4069 gnittigis
2454 3996 2729 4075 regnabat
2773 4000 2895 4075 Quo
2928 4008 3178 4069 tempone
3205 4000 3262 4053 in
3286 3996 3665 4075 Qrientejusf

2020 4066 2282 4126 tinianus
2337 4066 2666 4142 imperabat.
2701 4066 2950 4141 denique
2998 4066 3162 4139 capto
3207 4069 3452 4142 guittige
3502 4066 3660 4142 gothi

2026 4143 2390 4199 hildebadum
2420 4137 2815 4199 "constituunt
2860 4137 3420 4213 regequui'etiam
3469 4137 3663 4213 eodem

2022 4228 2171 4269 anno
2207 4216 2527 4282 perimitur.
2563 4226 2617 4269 et
2646 4229 2877 4284 regnum
2896 4213 3115 4281 accepit
3145 4212 3395 4284 Erarius.
3431 4211 3531 4278 qui
3568 4218 3667 4260 nec

2023 4288 2157 4340 dum
2192 4300 2340 4341 anno
2388 4287 2609 4356 expleto
2637 4282 2957 4356 jugulatur.
2992 4292 3129 4338 tunc
3176 4282 3289 4356 sibi
3327 4284 3383 4335 in
3428 4290 3664 4356 regnum

263 4366 578 4435 specimine
609 4365 775 4420 illius
802 4366 1019 4438 ingenii
1054 4367 1167 4420 vim
1196 4379 1261 4420 ac
1287 4365 1636 4421 soliditatem
1680 4380 1913 4435 perspe—
1943 4366 1997 4427 D
2032 4347 2671 4438 prmﬁciuntBat-luilam
2698 4347 2796 4427 qui
2819 4354 3473 4438 dicebaturTotilanui
3498 4347 3663 4438 ungi-

263 4462 404 4510 ctam
459 4456 709 4512 habeant
757 4457 817 4511 in
860 4463 989 4525 apte
1037 4456 1364 4527 colligendo
1406 4462 1461 4511 et
1508 4458 1911 4512 constituendo

264 4558 593 4600 commensu
626 4551 963 4613 temporum,
994 4559 1105 4600 non
1137 4546 1262 4600 sine
1297 4545 1559 4613 prudenti
1592 4547 1915 4601 hasitatio—

266 4634 355 4687 nis
382 4633 723 4688 testimonio
752 4632 847 4687 ubi
874 4639 1026 4687 certa
1052 4633 1122 4688 ad
1141 4633 1578 4688 asseverandum
1605 4639 1913 4704 exacteque

265 4722 657 4777 deﬁniendum
689 4729 1021 4793 argumenta
1049 4722 1212 4777 illum
1237 4721 1581 4777 destituunt.
1618 4722 1712 4776 Sic
1731 4723 1913 4793 igitur

272 4810 319 4865 is
350 4810 666 4867 perscribit
703 4811 773 4865 de
819 4810 1005 4880 prima
1035 4807 1373 4865 fundatione
1408 4811 1737 4866 monasterii
1771 4812 1916 4867 Far-

269 4901 463 4957 tensis.

337 5020 361 5049 α
409 4999 679 5069 Legimus
708 5000 896 5053 tamen
925 4998 984 5053 in
1014 4998 1318 5054 autentica
1349 4998 1805 5054 constructionis
1834 4999 1918 5054 il-

270 5071 384 5126 lius
438 5071 770 5140 prohamio.
842 5070 991 5139 Qsod
1041 5083 1073 5124 a
1120 5070 1472 5140 temporibus
1535 5071 1912 5125 Romanorum

270 5146 605 5211 priusquam
628 5141 837 5196 Hitalia
863 5141 1066 5211 gentili
1086 5141 1276 5211 gladio
1299 5139 1552 5195 ferienda
1576 5142 1914 5209 traderetur,

271 5221 380 5268 tres
432 5214 549 5266 viri
605 5213 675 5267 de
722 5213 873 5266 Siria
928 5213 1302 5281 advenerunt,
1362 5212 1587 5267 scilicet
1629 5226 1814 5281 ysaac,
1863 5219 1918 5267 et

268 5286 528 5351 Joannes,
556 5290 731 5352 atque
760 5284 1101 5339 Laurentius
1130 5297 1259 5338 cum
1292 5296 1395 5337 sua
1425 5296 1694 5354 germana
1725 5297 1919 5339 sorore

274 5368 542 5411 susanna.
587 5356 666 5408 De
705 5369 950 5425 quorum
992 5356 1177 5424 primo
1218 5355 1464 5409 duorum
1518 5354 1718 5409 beatus
1774 5356 1919 5423 Papa

273 5426 604 5498 Gregorius,
630 5427 731 5496 qui
758 5439 788 5479 a
820 5425 982 5480 beato
1007 5433 1162 5495 petro
1190 5425 1383 5481 extitit
1416 5430 1573 5480 var.
1606 5431 1662 5480 et
1693 5439 1786 5494 per
1812 5439 1922 5480 an—

276 5497 406 5552 num
431 5497 749 5552 Dominica
779 5498 1222 5552 lncarnationies
1251 5511 1397 5552 nam.
1430 5511 1757 5566 mensesque
1786 5511 1821 5551 x
1847 5501 1925 5551 at-

278 5581 382 5637 que
406 5569 534 5622 dies
558 5582 655 5622 xx.
709 5567 828 5622 ind.
873 5580 933 5621 ιι.
980 5582 1064 5622 Ill.
1094 5582 1228 5623 non.
1274 5575 1385 5623 oct.
1438 5580 1495 5622 in
1529 5569 1922 5637 pontiﬁcatum

280 5649 360 5696 est
386 5649 744 5712 assumptus.
795 5643 1110 5712 imperante
1149 5641 1367 5712 tyberio
1410 5650 1675 5715 augusto.
1715 5642 1809 5696 Sic
1861 5641 1921 5696 in

2024 4420 2133 4500 que
2161 4432 2417 4485 exercitu
2439 4431 2674 4484 collecto
2698 4420 2901 4482 rursus
2926 4430 3245 4500 universam
3284 4420 3540 4500 hitaliam
3571 4420 3669 4500 iu-

2024 4494 2195 4557 vadit.
2236 4502 2545 4571 urbemque
2576 4500 2860 4554 obsessam
2898 4512 3130 4572 perxuu
3155 4494 3662 4572 di_es_introierunt.

2023 4573 2378 4654 temporibus
2410 4566 2594 4654 vi'gilii
2642 4584 2792 4652 papa
2836 4566 3235 4654 et'jnstiniani
3280 4566 3663 4654 iniperat'uri's.

2024 4633 2246 4699 scilicet
2304 4650 2429 4711 post
2470 4633 2891 4696 incarnationis
2928 4633 3240 4693 dominica
3290 4633 3662 4713 annos_Dxl..

2022 4716 2142 4769 Ind.
2179 4705 2407 4768 ximat)
2434 4713 2719 4767 Archadio
2753 4712 2945 4780 itaque
2974 4723 3122 4780 rege,
3168 4720 3348 4776 usque
3368 4705 3435 4759 ad
3484 4705 3670 4782 justi-

2021 4800 2154 4840 num
2181 4786 2491 4853 juniorem.
2527 4784 2632 4839 sub
2677 4797 2789 4851 quo
2832 4795 3025 4835 narses
3058 4784 3433 4853 Romanorum
3481 4781 3668 4844 patri-

2023 4858 2144 4911 tius
2169 4849 2294 4910 cum
2326 4858 2484 4911 totila
2513 4849 2824 4908 novissimo
2848 4855 3149 4923 gothorum
3174 4849 3458 4923 dimicans
3500 4856 3670 4897 eum-

2025 4941 2134 4998 que
2186 4939 2462 4994 superans
2530 4916 2987 4998 eﬁugavit._anni
3048 4927 3183 4975 sunt
3238 4916 3368 4998 fere.
3401 4926 3665 4998 nxxvuu.

2029 4990 2220 5053 Priora
2254 4990 2383 5050 iten
2419 4990 2673 5062 temporzi
2708 4996 3023 5047 Gothorum
3056 4993 3330 5062 ceperunt
3358 4990 3670 5056 imperante

2025 5069 2265 5123 valente.
2295 5058 2685 5135 quando-item
2708 5064 2876 5117 Gothi
2917 5076 3011 5130 per
3032 5066 3251 5135 gentem
3283 5058 3608 5135 hunuorum
3636 5068 3669 5110 a

2026 5139 2260 5196 sedibus
2292 5129 2543 5207 p'rOpriis
2573 5134 2817 5205 expulsi.
2857 5129 3099 5187 transito
3124 5129 3386 5207 Danubio
3413 5129 3670 5207 fugentes

2027 5226 2058 5266 a
2108 5198 2336 5277 prafafo
2386 5198 2661 5279 principe
2687 5207 3108 5274 suscipiuntur.
3144 5205 3278 5279 Nam
3314 5198 3669 5279 temperibus

2028 5273 2404 5336 valentiniani
2469 5273 2870 5352 imperatoris:
2900 5279 3057 5352 inter
3097 5274 3291 5352 tracia
3348 5273 3498 5352 lines
3538 5282 3667 5324 cum

2030 5354 2409 5409 communiter
2441 5342 2780 5405 habitarent.
2837 5348 3117 5424 ibidivisi
3160 5351 3309 5424 sunt.
3352 5342 3667 5424 Fridigern.

2031 5438 2159 5479 cum
2210 5424 2621 5491 suprascriptis
2668 5422 3018 5491 ostrogothis
3050 5421 3262 5476 vocatis
3311 5412 3663 5491 orientalem.

2031 5484 2332 5550 Alicernus
2362 5510 2492 5547 vero
2508 5484 2648 5547 'cum
2674 5507 2778 5547 suo
2799 5484 3048 5548 exercito
3069 5492 3163 5545 cui
3190 5484 3525 5545 vocabulum
3550 5491 3673 5537 erat

2032 5565 2384 5639 guisigothis
2409 5564 2471 5618 R.
2508 5566 2569 5639 P.
2594 5564 2999 5639 occidentalem
3022 5564 3362 5639 optinentes.
3394 5555 3519 5639 liae
3540 5567 3670 5639 vero

2033 5632 2319 5707 prolixius
2350 5637 2710 5691 narravimus
2751 5640 2811 5688 ut
2843 5633 3035 5701 priora
3066 5632 3371 5703 gothorum
3415 5633 3670 5694 tempora
