3998 6176
275 328 370 387 3‘24
1294 321 1654 382 BLANCIHNI
1693 325 1784 382 AD
1822 327 1894 380 III

2038 327 2163 381 JSC.
2203 328 2348 395 sco.
2391 329 2672 383 OBSERV.

3575 333 3684 389 322

274 461 471 532 priora
531 459 817 529 opuscula
848 458 1254 531 chronologica
1285 473 1408 528 quae
1438 457 1619 512 eidem
1651 454 1924 510 chronico
1950 449 2011 509 A
2045 453 2360 510 0bsedi~set
2389 464 2443 510 et
2473 457 2797 526 recepisset,
2826 457 2881 512 in
2907 457 3147 512 basilica
3175 459 3446 513 Vaticana
3476 474 3682 515 conse—

275 552 682 621 praﬁguntur,
710 549 853 603 mihi
876 561 986 602 non
1008 549 1210 618 liquet,
1231 547 1476 616 nequeid
1501 545 1712 600 rescire
1735 550 1926 598 nostra

279 640 528 694 multum
564 639 844 694 interesse
871 644 1030 705 puto.

343 727 576 798 Regesti
600 732 890 782 auctorem
917 767 930 794 ,
959 731 1016 779 et
1037 723 1272 780 secundi
1294 723 1563 778 Chronici
1594 723 1741 792 quod
1764 723 1931 791 Rege-

279 823 361 872 sto
389 815 775 883 praemittitur
803 814 859 867 in
891 812 1161 880 ampliori
1184 811 1399 870 codice,
1432 823 1556 864 esse
1585 809 1924 879 Gregorium

273 905 639 961 Catinensem
660 906 886 957 constat
910 915 977 955 ex
1012 899 1238 969 praeﬁxo
1264 899 1390 967 ejus
1421 900 1670 964 nomine,
1706 904 1827 951 tum
1863 897 1922 950 in

273 993 470 1059 titulo,
509 999 633 1048 tum
683 992 741 1045 in
791 991 1043 1045 carmine
1090 987 1436 1058 acrosticho,
1470 1001 1534 1041 ac
1594 986 1926 1041 testimonio

271 1080 514 1136 Joannis
541 1079 939 1134 Grammatici.
959 1076 1192 1132 Duobus
1216 1081 1405 1131 autem
1440 1075 1768 1130 memoratis
1794 1088 1929 1142 opu-

275 1168 459 1225 sculis
486 1167 938 1238 chronologicis,
970 1165 1203 1227 minori,
1223 1172 1278 1220 et
1293 1164 1618 1227 vetustiori,
1643 1163 1925 1217 Chronico

276 1257 618 1326 prtemissis.
671 1269 869 1322 nempe
910 1255 1177 1325 CataIOgo
1229 1254 1658 1322 imperatorum,
1711 1257 1840 1313 etc.,
1875 1257 1930 1304 et

273 1345 547 1416 Catalogo
616 1345 1001 1399 Romanorum
1072 1341 1428 1412 pontiﬁcum,
1489 1354 1617 1396 cum
1663 1338 1928 1407 Gregorii

278 1434 564 1491 iudicatio
611 1432 769 1488 nulla
823 1438 1161 1501 apponatur,
1217 1437 1386 1499 prout
1419 1429 1578 1484 nulla
1619 1428 1929 1497 apponitur

283 1523 390 1593 ipsi
413 1522 708 1578 Chronico
733 1521 941 1576 minori
975 1528 1030 1574 et
1051 1519 1376 1586 vetustiori,
1405 1518 1502 1573 illa
1528 1517 1826 1573 lubentius
1847 1529 1928 1570 re-

283 1611 488 1667 ferrem
534 1611 603 1665 ad
640 1609 979 1677 scriptorem
1007 1608 1393 1678 antiquiorem
1440 1605 1716 1676 Gregorio
1763 1605 1926 1658 Cati-

283 1700 465 1759 nensi.
495 1698 1217 1767 praisertimcumduorum
1241 1695 1648 1764 opusculorum
1676 1694 1923 1763 primum

2038 555 2129 594 cra
2141 543 2187 595 ri
2211 557 2307 611 per
2327 544 2727 599 schismaticos
2745 560 2809 600 ac
2829 547 3122 614 depositos
3143 547 3442 615 episcopos
3463 549 3684 602 curavit

2041 637 2096 684 et
2124 646 2272 686 anno
2303 634 2561 702 proximo
2590 630 2726 688 4084
2763 637 3072 703 imperator
3119 635 3188 688 ab
3219 648 3284 690 eo
3333 637 3595 690 coronari
3623 637 3681 690 in

2041 721 2405 775 Lateranensi
2449 723 2652 776 voluit.
2718 725 2766 778 ls
2824 738 2954 778 vero
2985 730 3291 779 contumax
3345 731 3401 778 et
3452 725 3683 781 rebellis

2043 809 2277 875 perinde
2306 810 2715 879 inGregorium
2744 812 2832 865 Vll
2858 826 2921 866 ac
2951 812 3008 866 in
3046 813 3326 868 Victorem
3362 817 3433 868 Ill
3465 821 3522 868 et
3543 815 3684 868 Pas-

2041 898 2257 952 chalem
2292 898 2358 964 ll,
2387 900 2647 967 Gregorii
2677 913 3055 960 successores.
3081 915 3112 954 a
3139 902 3355 970 quibus
3379 904 3684 957 damnatus

2044 985 2250 1039 iterum
2291 1000 2354 1041 ac
2403 989 2574 1042 tertio
2631 1003 2760 1042 cum
2806 989 3007 1044 haeresi
3073 1004 3174 1045 sua
3220 990 3352 1059 fuit,
3397 989 3679 1059 Farfense,

2043 1074 2366 1128 coenobium
2393 1090 2458 1129 ac
2487 1075 2853 1132 Sabinensem
2883 1085 3126 1132 tractum
3149 1081 3451 1147 tyrannide
3477 1094 3580 1133 sua
3605 1079 3682 1132 ita

2043 1168 2382 1231 occupatum
2407 1163 2680 1232 detinuit,
2711 1171 2774 1219 ut
2801 1165 3187 1235 legitimorum
3225 1167 3557 1235 pontiﬁcum
3589 1180 3684 1221 no-

2043 1251 2268 1305 minain
2292 1253 2416 1319 ejus
2440 1252 2663 1307 tabulas
2682 1251 2892 1308 referre
2918 1269 3079 1309 nemo
3106 1256 3181 1310 sit
3207 1270 3422 1325 ausus;
3462 1256 3557 1310 sed
3598 1256 3681 1309 lite

2045 1338 2171 1394 loco
2203 1339 2452 1395 Victoris
2479 1343 2550 1395 lll
2579 1356 2644 1396 ac
2669 1342 2961 1398 Paschalis
2994 1343 3060 1413 Il,
3089 1345 3188 1414 qui
3213 1346 3678 1414 supprimuntur,

2044 1429 2586 1497 pseudopontiﬁcem
2617 1430 2980 1495 Clementem,
3024 1433 3180 1486 tertii
3219 1434 3447 1488 nomine
3491 1447 3551 1488 se
3586 1434 3684 1502 ja-

2039 1523 2303 1586 ctantem,
2333 1531 2399 1572 ex
2421 1525 2696 1574 attentata
2734 1521 2963 1575 Henrici
3013 1523 3383 1577 coronatioue
3410 1523 3478 1577 ad
3514 1524 3677 1578 ﬁnem

2040 1605 2235 1659 saeculi
2288 1605 2607 1674 prmferant.
2661 1610 2773 1662 Nos
2826 1609 3100 1664 asterisco
3147 1611 3411 1678 apposito
3460 1611 3682 1666 brevem

2046 1698 2232 1746 notam
2257 1695 2323 1747 ad
2362 1694 2512 1749 hunc
2543 1709 2754 1750 annum
2783 1697 3098 1763 adjecimus
3141 1697 3196 1750 in
3224 1698 3478 1753 editione
3496 1699 3683 1753 Chro»

279 1787 548 1843 videatur
577 1785 851 1856 compleri
893 1786 1046 1841 circa
1076 1797 1290 1840 annum
1324 1781 1460 1838 4056
1498 1783 1656 1854 (totis
1681 1786 1928 1852 quatuor
1959 1772 2009 1832 B
2043 1780 2181 1845 nici,
2213 1788 2275 1835 ut
2309 1796 2580 1838 memores
2612 1784 2730 1837 sint
2763 1784 2998 1838 lectores
3021 1785 3283 1854 quisnam
3319 1786 3426 1840 iste
3452 1788 3528 1840 sit
3550 1787 3682 1842 Cle—

279 1881 334 1932 et
371 1875 763 1946 quadraginta
815 1880 1116 1942 antequam
1159 1873 1460 1941 Berardus,
1501 1871 1625 1939 ejus
1671 1869 1926 1924 nominis

279 1964 456 2020 abbas
487 1963 797 2030 secundus,
847 1962 1178 2031 praeciperet
1205 1960 1481 2031 Gregorio
1530 1959 1921 2014 collectionem

279 2053 533 2124 Regesti,
565 2058 631 2108 ut
650 2066 718 2107 ex
753 2050 986 2122 prologo
1009 2049 1246 2104 Joannis
1275 2048 1645 2104 Grammatici
1673 2060 1928 2114 compro-

279 2141 469 2211 batur)
504 2160 518 2202 :
551 2141 772 2210 adjecta
826 2145 1047 2194 tantum
1081 2139 1138 2192 in
1191 2143 1476 2206 postremo
1522 2150 1690 2191 versu
1723 2141 1922 2201 morte,

279 2231 514 2286 Henrici
549 2231 640 2299 III,
673 2229 1006 2299 consignata
1025 2240 1175 2282 anno
1196 2223 1352 2294 4084,
1381 2238 1562 2295 neque
1583 2223 1700 2279 ullo
1721 2223 1928 2278 comite

281 2326 600 2374 memorato
627 2325 751 2387 post
771 2330 986 2372 annum
1021 2313 1177 2371 4040.

345 2407 613 2462 Alterum
667 2420 734 2460 ex
783 2405 1011 2461 duobus
1049 2403 1349 2474 cpusculis
1396 2407 1752 2472 compactum
1797 2413 1926 2455 cum

279 2496 569 2552 Chronico
593 2494 848 2549 Farfensi
875 2494 1082 2548 minori
1107 2499 1161 2548 et
1182 2492 1506 2555 vetustiori,
1529 2489 1931 2558 complectitur

278 2584 715 2656 chronologiam
776 2583 1108 2648 pontiﬁcum
1163 2583 1605 2638 Romanoruma
1652 2579 1707 2633 S.
1767 2579 1929 2631 Petro

280 2674 344 2728 ad
399 2673 777 2728 Benedictum
826 2673 938 2741 VII,
990 2684 1188 2740 nempe
1238 2669 1304 2724 ad
1339 2683 1552 2724 annum
1585 2664 1708 2722 984.
1744 2666 1930 2734 Quare

287 2761 598 2831 plusquam
622 2760 831 2816 saeculo
857 2760 1076 2830 integro
1097 2759 1368 2828 princedit
1388 2759 1688 2827 Regestum
1721 2755 1926 2824 Grego-

284 2849 354 2904 rii
389 2849 746 2914 Catinensis,
795 2862 978 2918 usque
1005 2847 1328 2903 Chronicon
1359 2842 1713 2916 (secundum)
1744 2843 1928 2914 Rege-

283 2943 370 2993 sto
401 2937 702 3007 prteﬁxum
729 2942 785 2992 et
822 2935 973 2992 infra
1004 2935 1373 3004 afferendum,
1405 2934 1554 3004 quod
1591 2933 1930 3002 perducitur

281 3026 345 3082 ad
368 3039 590 3082 annum
623 3023 780 3080 4099.

2042 1881 2216 1924 mens.
2254 1872 2352 1924 Est
2380 1885 2510 1926 vero
2541 1872 2856 1927 Guibertus
2891 1873 2988 1927 ille
3015 1873 3354 1943 Parmensis,
3390 1875 3682 1930 cancella—

2040 1958 2164 2012 rius
2213 1959 2442 2014 Henrici
2487 1961 2805 2015 Germania:
2875 1961 3044 2031 regis,
3091 1962 3399 2018 Cadaloum
3446 1964 3680 2033 antipa—

2040 2060 2166 2114 pam
2219 2050 2660 2116 promovendum
2724 2050 2950 2104 curavit
2993 2064 3142 2105 anno
3195 2048 3351 2119 4064,
3391 2053 3504 2120 jam
3557 2060 3674 2107 tum

2042 2136 2363 2204 przeludens
2387 2137 2626 2192 nefariis
2650 2138 3051 2194 molitionibus
3071 2153 3211 2207 quas
3236 2140 3357 2208 ipse
3375 2153 3445 2193 ex
3474 2141 3677 2194 Raven-

2040 2227 2162 2280 nati
2213 2227 2343 2281 sede
2403 2227 2570 2282 malis
2623 2228 2850 2282 artibus
2898 2229 3200 2296 impetrata
3253 2228 3319 2282 ad
3371 2229 3680 2283 Romanam

2041 2314 2296 2376 inhians,
2347 2315 2678 2370 mahinatus
2709 2323 2795 2369 est
2823 2316 3031 2370 deinde
3061 2321 3260 2370 contra
3289 2316 3628 2387 Gregorium
3663 2335 3678 2386 ;

2038 2403 2217 2457 donec
2282 2404 2397 2458 voti
2451 2417 2680 2471 compos
2736 2402 2940 2471 factus,
2993 2417 3057 2457 ac
3108 2404 3258 2458 veris
3310 2405 3681 2473 pontiﬁcibus

2039 2504 2259 2559 semper
2311 2490 2591 2561 infensus,
2647 2506 2764 2547 sum
2816 2493 3132 2562 impietatis
3190 2507 3382 2561 pcenas
3429 2494 3672 2563 dederit,

2041 2587 2160 2635 tum
2190 2581 2353 2634 vivus
2401 2593 2432 2633 a
2488 2580 2756 2635 ﬁdelibus
2799 2581 3055 2650 undique
3095 2581 3390 2651 expulsus,
3438 2588 3558 2637 tum
3609 2583 3676 2638 ad

2039 2683 2250 2724 annum
2297 2667 2434 2724 4099
2473 2671 2556 2724 vel
2600 2667 2735 2724 4400
2768 2684 2894 2725 cum
2948 2671 3060 2724 vita
3116 2672 3380 2741 excessit,
3441 2677 3496 2726 et
3556 2679 3679 2740 post

2041 2766 2274 2812 mortem
2306 2759 2648 2814 exhumatus
2677 2767 2848 2828 atque
2883 2759 2939 2812 in
2983 2760 3352 2828 proﬂuentem
3384 2760 3680 2830 dispersus

2036 2859 2185 2901 anno
2216 2843 2370 2901 4405.

2108 2935 2318 2989 Hornm
2355 2936 2658 3005 tyrannide
2688 2949 2957 3005 oppressa
2998 2937 3172 2992 Roma
3203 2938 3325 3006 ipsa
3357 2951 3484 2992 cum
3515 2938 3682 3009 inge-

2041 3022 2325 3090 misceret,
2351 3030 2404 3077 et
2434 3031 2732 3095 cogeretur
2768 3025 3085 3095 legitimum
3130 3025 3445 3094 principem
3488 3040 3552 3081 ac
3592 3041 3681 3095 pa-

347 3115 590 3170 JEtatem
619 3115 902 3170 diversam
925 3115 1169 3170 duorum
1199 3110 1638 3181 praecedentium
1669 3122 1929 3179 opuscu-
1959 3090 2008 3151 C
2040 3115 2247 3165 storem
2295 3125 2463 3167 suum
2500 3090 2556 3166 in
2589 3125 2715 3166 arce
2757 3090 3056 3182 SiAngeli
3092 3090 3377 3167 sceleratae
3406 3090 3681 3170 custodite

284 3205 468 3261 lorum
523 3204 771 3259 minoris
798 3204 1018 3259 codicis
1049 3216 1080 3256 a
1111 3201 1282 3257 tertio
1323 3198 1692 3269 opusculoin
1731 3199 1928 3254 codice

282 3295 484 3364 majori
519 3300 766 3363 reperto,
795 3292 1204 3349 observandam
1237 3303 1359 3346 esse
1389 3289 1553 3357 duxi,
1591 3292 1653 3343 ut
1697 3288 1926 3358 indaga-

284 3396 393 3438 rem
429 3396 538 3438 cur
569 3383 625 3438 in
670 3383 955 3438 Chronico
980 3381 1205 3451 Regesti
1236 3379 1406 3448 (quod
1457 3377 1772 3432 secundum
1809 3377 1924 3444 jam

282 3472 599 3543 appellabo)
623 3472 815 3542 plures
833 3471 1117 3538 antipapa:
1135 3469 1286 3523 circa
1310 3468 1474 3521 ﬁnem
1501 3470 1920 3528 recenseantur,

281 3570 332 3618 et
365 3563 563 3630 plures
592 3575 660 3616 ex
694 3559 974 3626 legitimis
1005 3557 1274 3612 Romanis
1298 3553 1670 3624 pontiﬁcibus
1691 3567 1928 3608 eorum—

280 3651 401 3708 dem
429 3659 754 3720 temporum
789 3649 1158 3703 reticeantur.

346 3741 405 3796 Id
429 3754 568 3796 vero
605 3739 900 3794 observare
925 3744 979 3793 et
1005 3735 1416 3791 observandum
1460 3732 1682 3787 caeteris
1713 3745 1926 3800 prOpo-

280 3841 408 3884 nere
464 3827 853 3883 necessarium
910 3827 1076 3881 duco.
1131 3823 1403 3878 Ostendet
1450 3821 1602 3876 enim
1656 3820 1921 3874 vitiosam

279 3918 566 3987 originem
597 3919 866 3972 Actorum
895 3913 1304 3984 complurium,
1327 3925 1451 3981 qua:
1478 3909 1704 3964 factiosi
1731 3908 1924 3963 homi—

281 4019 376 4061 nes
402 4014 607 4062 contra
635 4004 964 4074 apostolica
995 4003 1148 4058 sedis
1171 4003 1303 4070 jura
1329 4001 1386 4054 in
1420 3998 1540 4054 foro
1573 4012 1636 4052 ac
1667 3997 1923 4052 tribuna-

276 4093 429 4151 libus
450 4095 628 4150 etiam
657 4094 899 4148 minoris
921 4091 1186 4147 subsellii
1213 4087 1430 4144 nefario
1451 4101 1597 4142 ausu
1636 4093 1771 4141 tunc
1804 4099 1920 4153 per-

279 4183 543 4252 ﬁcienda,
579 4183 890 4251 scriptores
916 4194 1048 4234 vero
1090 4179 1278 4233 aetatis
1310 4183 1517 4232 nostra;
1569 4173 1918 4244 imprudenti

274 4273 524 4328 consilio
552 4270 836 4342 vulganda
859 4274 1138 4324 curarunt
1162 4268 1265 4321 hoc
1282 4281 1348 4321 ex
1370 4266 1623 4329 archivo,
1650 4270 1920 4332 tanquam

278 4360 494 4417 indicia
523 4361 799 4415 subversa
831 4372 898 4413 ex
934 4366 1072 4413 tunc
1106 4357 1404 4426 potestatis
1427 4367 1708 4423 supremae
1756 4366 1924 4408 sum-

2041 3200 2424 3268 mancipatum
2440 3213 2748 3261 asservare,
2767 3201 3097 3255 schismatis
3109 3215 3239 3256 vero
3251 3203 3677 3272 antesignanos,

2036 3285 2376 3341 Guibertum
2417 3294 2471 3340 et
2516 3288 2841 3355 llenricum,
2875 3294 3176 3342 coronatos
3222 3289 3279 3341 in
3317 3290 3676 3343 Lateranensi

2038 3375 2390 3444 patriarchio
2428 3382 2481 3430 et
2534 3377 2590 3430 in
2643 3377 2934 3444 Vaticano,
2969 3389 3128 3429 sacra
3171 3381 3228 3429 et
3277 3377 3510 3444 profana
3546 3377 3679 3444 jura

2035 3470 2352 3519 evertentes
2379 3465 2613 3530 intueri,
2647 3465 2825 3518 donec
2859 3463 3257 3518 invenirentur
3295 3463 3537 3530 publicze
3571 3477 3685 3518 ma-

2031 3553 2259 3620 jestatis
2311 3553 2567 3606 vindices
2613 3551 2805 3606 ﬁdeles
2859 3552 2916 3604 Β.
2947 3551 3110 3605 Petro
3136 3551 3309 3620 cives,
3343 3564 3408 3604 ac
3438 3551 3675 3606 Romani

2037 3640 2290 3693 nominis
2329 3646 2384 3693 et
2416 3640 2650 3694 virtutis
2699 3652 2991 3705 memores,
3041 3639 3141 3708 qui
3191 3640 3306 3694 ὴωο
3349 3646 3599 3693 monstra
3645 3653 3677 3692 a

2034 3727 2356 3781 cervicibus
2381 3727 2778 3796 propulsarent
2801 3745 2815 3797 ;
2837 3728 2968 3798 quis
2991 3727 3189 3782 mirari
3214 3732 3402 3796 potuit
3430 3727 3486 3781 in
3509 3726 3680 3782 Chro-

2034 3816 2164 3871 nico
2218 3817 2469 3871 secundo
2540 3818 2765 3887 Regesti
2832 3814 3086 3870 Farfensi
3159 3816 3513 3884 monasterii,
3578 3815 3676 3870 ubi

2034 3911 2221 3959 castra
2245 3918 2309 3959 ac
2330 3905 2687 3975 tyrannidem
2708 3905 2909 3959 ﬁxerat
2930 3904 3231 3968 Henricus,
3257 3917 3563 3973 suppressa
3585 3917 3681 3958 no-

2034 3995 2188 4048 mina
2219 3995 2552 4064 pontiﬁcum
2583 3994 2994 4064 legitimorum,
3021 3993 3322 4064 solumque
3357 3993 3678 4048 invasorem

2029 4083 2368 4138 Guibertum
2398 4083 2706 4137 Clementis
2733 4084 2801 4136 lll
2828 4083 3058 4136 nomine
3096 4095 3224 4136 cum
3255 4088 3519 4137 consorte
3545 4096 3676 4136 sce—

2033 4171 2213 4226 lerum
2247 4171 2488 4226 Henrico
2528 4178 2866 4240 postremam
2909 4171 3172 4240 paginam
3217 4171 3450 4238 implere
3480 4169 3491 4222 l
3526 4170 3677 4238 Quin

2033 4262 2204 4315 etiam
2238 4260 2536 4316 observare
2561 4261 2724 4328 juvat
2772 4260 3041 4314 Chronici
3095 4259 3329 4314 secundi
3366 4259 3676 4314 terminum

2032 4349 2288 4403 eumdem
2321 4362 2444 4403 esse
2490 4363 2554 4403 ac
2587 4348 2781 4403 saeculi
2822 4347 3134 4415 undecimi,
3190 4348 3324 4402 licet
3377 4347 3680 4418 Regestum

277 4465 495 4508 morum
534 4449 870 4519 pontiﬁcum
903 4448 960 4501 in
990 4460 1149 4502 suam
1176 4445 1476 4500 ditionem.
1513 4443 1694 4498 Pende
1724 4441 1923 4509 inspe—
1951 4434 2005 4494 D
2039 4443 2162 4491 acta
2196 4439 2510 4505 posteriora
2541 4437 2832 4492 contineat
2856 4450 2952 4505 per
2971 4449 3151 4490 annos
3186 4431 3568 4506 quadraginta
3585 4450 3680 4490 saa-

273 4541 385 4596 ctio
410 4554 479 4596 ex
501 4539 721 4607 epocha
745 4537 1078 4606 consignata
1107 4536 1163 4588 in
1196 4533 1478 4587 Chronico
1519 4531 1788 4597 secundo,
1819 4543 1920 4584 seu

272 4627 956 4701 GregoriiCatinensisad
974 4637 1185 4679 annum
1207 4619 1362 4676 43332.
1384 4621 1480 4676 ubi
1508 4621 1744 4690 legitur:
1765 4622 1922 4672 Hen—

274 4721 414 4772 ricus
439 4719 556 4772 ΠΗ
593 4731 692 4768 rea:
711 4715 785 4768 ad
805 4715 900 4767 hoc
923 4713 1309 4766 monasterium
1321 4711 1586 4778 pervenit.
1614 4710 1743 4762 Post
1765 4707 1923 4762 bien-

275 4807 429 4862 nium
449 4805 648 4861 statim
667 4801 1044 4873 consequitur
1067 4814 1177 4855 aera
1195 4799 1448 4855 deterior
1486 4799 1564 4852 ita
1606 4803 1875 4866 concepta
1900 4813 1913 4849 :

275 4895 508 4950 Clemens
534 4895 636 4962 Pp.
667 4895 765 4947 ΠΙ.
790 4892 1060 4944 Henricus
1089 4891 1405 4957 imperator.
1431 4884 1703 4952 Quisnam
1743 4884 1920 4940 fuerit

275 4983 369 5040 ille
393 4985 675 5052 Clemens,
703 4981 968 5052 quisnam
991 4979 1087 5033 ille
1105 4979 1404 5040 Henricus,
1427 4974 1654 5029 Baronii
1674 4973 1920 5028 Annales

273 5073 492 5128 docent.
547 5071 853 5138 Henricus,
888 5073 953 5125 ut
996 5067 1065 5122 ab
1121 5067 1227 5122 hoc
1261 5065 1556 5134 incipiam,
1591 5069 1646 5116 et
1699 5061 1923 5116 acerri—

276 5175 396 5219 mus
424 5161 527 5217 ille
561 5161 747 5215 hostis
777 5157 1108 5228 apostolica:
1141 5155 1316 5222 sedis,
1353 5153 1522 5208 toties
1561 5151 1921 5207 anathemate

275 5251 591 5319 perculsus.
625 5255 681 5303 et
711 5247 1117 5303 communione
1147 5259 1211 5298 ac
1245 5257 1418 5313 regno
1451 5241 1710 5310 privatus
1741 5239 1920 5292 itera-

277 5339 348 5393 tis
373 5337 1052 5395 sententiissummorum
1079 5332 1410 5402 pontiﬁcum
1437 5328 1914 5395 etconciliorum;

279 5429 377 5497 qui
408 5442 588 5484 ausus
620 5433 818 5481 contra
838 5420 1589 5494 S.GregoriumVlljudicia
1611 5419 1912 5483 intentare,

282 5529 372 5584 per
397 5531 686 5573 summum
721 5515 928 5570 scelus.
959 5513 1300 5570 Guibertum
1325 5511 1650 5577 antipapam
1671 5507 1918 5560 Clemen-

279 5605 352 5661 tis
375 5609 447 5662 IlI
478 5606 712 5663 nomine
743 5603 1000 5675 obtrudi,
1049 5608 1106 5658 et
1130 5615 1279 5657 anno
1326 5597 1482 5666 4083,
1514 5612 1642 5654 cum
1684 5599 1916 5651 Romam

2039 4525 2155 4579 culi
2188 4525 2612 4595 subsequentis.
2651 4525 2803 4578 Unde
2829 4523 3100 4594 colligere
3131 4537 3437 4591 possumus
3459 4525 3678 4592 Grego-

2032 4613 2182 4666 rium
2213 4614 2572 4667 Catinensem
2601 4619 2882 4680 postrema
2912 4611 3295 4678 hiectempora
3329 4623 3438 4664 non
3463 4611 3680 4680 signas-

2031 4715 2108 4767 se,
2142 4701 2237 4755 sed
2267 4700 2570 4754 factiosum
2603 4699 2852 4769 aliquem
2886 4711 3288 4752 amanuensem
3315 4699 3462 4752 Petri
3491 4697 3675 4752 abba—-

2027 4790 2127 4859 tis,
2163 4788 2452 4844 Farfensis
2485 4807 2497 4842 :
2530 4789 2600 4843 de
2649 4801 2763 4857 quo
2792 4787 2994 4841 abbate
3050 4786 3350 4840 consulere
3402 4786 3547 4838 satis
3591 4792 3678 4838 est

2026 4879 2315 4948 Spondani
2354 4878 2653 4944 Epitomen
2700 4876 3072 4931 Barouianam
3109 4888 3177 4928 ex
3227 4873 3674 4928 Bibliothecario

2029 4969 2141 5022 ista
2171 4965 2529 5034 colligentem
2561 4965 2628 5017 ad
2678 4978 2889 5017 annum
2926 4961 3063 5016 4408
3098 4979 3110 5014 :
3161 4983 3186 5012 «
3219 4961 3401 5030 Anno,
3460 4961 3672 5032 inquit,

2026 5054 2242 5111 Christi
2273 5052 2578 5106 millesimo
2596 5052 2905 5105 centesimo
2923 5056 3118 5104 octavo
3133 5049 3450 5105 indictione
3470 5051 3671 5120 prima,

2031 5143 2324 5200 Paschalis
2343 5155 2484 5212 papa
2510 5144 2594 5212 (ut
2620 5147 2821 5194 auctor
2841 5145 2927 5194 est
2955 5139 3454 5210 Bibliothecarius)
3475 5155 3677 5196 rursus

2033 5234 2456 5291 tumultuantes
2487 5231 2761 5301 quosdam
2795 5230 3179 5285 Romanorum
3213 5231 3477 5300 (quorum
3506 5230 3678 5298 prin-

2029 5326 2189 5393 cipes
2217 5327 2380 5376 erant
2404 5321 2726 5375 Ptolomeus
2757 5332 2946 5373 comes
2975 5319 3357 5383 Tusculanus,
3387 5324 3441 5371 et
3475 5319 3675 5374 Petrus

2029 5415 2099 5469 de
2141 5413 2416 5467 Columna
2470 5410 2644 5465 abbas
2695 5407 3004 5479 Farfensis)
3065 5412 3431 5474 usurpatores
3488 5423 3673 5464 rerum

2028 5501 2319 5570 Ecclesiae,
2353 5499 2614 5569 aliosque
2635 5499 2701 5554 ad
2737 5495 3109 5552 defectionem
3149 5495 3421 5562 populum
3449 5511 3677 5566 permo—

2031 5597 2224 5646 ventes
2240 5589 2611 5658 compescuit,
2636 5599 2804 5656 Opera
2834 5586 3077 5640 maxime
3103 5584 3253 5639 Petri
3280 5585 3486 5642 Leonis
3506 5595 3677 5659 atque
