4032 6168
341 317 446 374 323

1123 315 1215 370 AD
1253 313 1684 370 ANASTASIUM
1723 311 2235 369 PROLEGOMENA
2278 313 2456 367 EDIT.
2497 310 2926 369 ROM.-VATIC.

3634 306 3739 365 324

342 441 545 497 Leonis
570 443 969 515 Frangipanis,
1006 442 1506 498 nobilissimorum
1534 441 1747 495 civium
1771 442 1983 493 Roma—
2011 436 2072 496 A
2100 437 2620 510 chronographiam
2667 439 2904 495 secundi
2959 438 3134 508 hujus
3176 435 3468 505 Cbronici,
3517 447 3582 491 ea
3627 447 3740 490 non

343 543 545 586 norum
574 532 820 586 ﬁdeliter
853 546 952 601 pro
983 533 1106 600 ipso
1130 531 1402 586 Paschale
1430 530 1743 599 agentium.
1779 546 1804 576 »

413 620 594 675 Miror
609 633 955 689 anonymum
978 621 1143 675 illum
1170 621 1527 688 scriptorem,
1558 619 1657 687 qui
1680 628 1829 671 anno
1852 613 1988 670 4689

342 709 588 764 Parisiis
608 709 793 763 edidit
814 722 927 764 una
955 724 1083 763 Cum
1108 709 1517 764 dissertatione
1535 708 1810 762 historica
1834 707 1987 761 circa

344 799 692 853 numismata
736 798 1013 854 nonnulla
1043 798 1231 852 Caroli
1266 799 1476 867 Magni,
1509 801 1566 852 et
1593 810 1987 851 successorum

343 887 531 941 Romae
579 889 825 957 signata,
874 886 1046 942 etiam
1082 887 1287 941 Actum
1329 900 1395 941 ex
1446 886 1683 939 archivo
1710 882 1984 949 Farfensi,

342 988 466 1042 cap,
497 973 552 1043 8,
584 976 949 1044 productum,
972 976 1263 1044 pertinens
1284 974 1351 1029 ad
1381 987 1591 1029 annum
1622 970 1758 1027 4405
1787 987 1855 1027 ex
1874 984 1988 1041 quo

344 1062 661 1135 infringere
691 1078 750 1119 se
784 1077 947 1133 posse
988 1065 1209 1133 putavit
1232 1065 1364 1132 jura
1410 1075 1687 1130 supremae
1718 1061 1991 1116 domina—

343 1152 524 1207 tionis
552 1166 909 1207 summorum
944 1152 1275 1221 pontiﬁcum
1308 1152 1368 1206 in
1391 1164 1551 1206 suam
1568 1151 1866 1217 ditionem,
1897 1163 1991 1204 no-

344 1239 518 1295 luerit
549 1242 842 1296 attendere
872 1255 932 1295 se
974 1241 1073 1295 illa
1108 1241 1357 1295 mutuari
1388 1253 1417 1293 e
1439 1239 1679 1294 scriniis
1704 1239 1852 1292 Petri
1880 1238 1990 1292 ab—

341 1327 492 1383 batis
522 1328 830 1397 Farfensis,
862 1330 1030 1384 ducis
1064 1329 1445 1397 perduellium
1476 1328 1533 1383 S.
1564 1328 1626 1381 R.
1658 1330 1717 1382 Ε.
1754 1341 1851 1395 per
1888 1326 1987 1381 illa

342 1422 615 1486 tempora,
648 1416 861 1486 quibus
883 1417 1152 1485 antipapa
1178 1422 1235 1471 et
1266 1416 1643 1471 hazresiarcha
1674 1414 1988 1469 Guibertus

342 1506 623 1573 ejusmodi
649 1505 848 1560 farina:
888 1505 1224 1561 hominibus
1245 1506 1515 1560 ecclesias
1546 1520 1609 1559 ac
1640 1505 1990 1559 monasteria

343 1594 703 1662 repleverat;
753 1596 823 1650 de
880 1609 991 1664 quo
1053 1595 1131 1648 ita
1188 1594 1392 1649 scribit
1442 1595 1547 1648 Leo
1594 1592 1880 1647 Ostiensis
1930 1592 1987 1646 in

340 1681 623 1737 Chronico
653 1682 1003 1751 Cassinensi,
1036 1682 1118 1737 lib
1146 1697 1229 1744 in.
1260 1696 1383 1752 cap.
1406 1680 1476 1737 70
1507 1706 1518 1738 .-
1552 1704 1575 1735 «
1606 1682 1715 1751 Qui
1736 1681 1991 1736 Guiber—

2097 525 2571 598 distinguentem,
2622 542 2691 584 ex
2735 541 2883 584 anno
2943 525 3081 583 4050
3132 527 3376 582 minoris
3425 524 3739 579 habendam

2099 628 2317 670 moneo.
2334 618 2628 686 Superiori
2652 622 2816 672 aetate
2835 615 3383 684 occurruntaliquot
3406 611 3740 682 pontificum

2097 705 2325 772 epochae
2346 705 2565 761 iteratae
2590 713 2717 775 post
2743 705 3039 761 biennium
3060 710 3160 759 aut
3181 703 3517 771 triennium,
3541 711 3742 769 nempe

2098 791 2342 862 Eugenii
2371 796 2436 863 II,
2466 796 2535 850 ad
2567 808 2749 850 annos
2773 792 2879 849 820
2904 800 2960 849 et
2984 790 3092 849 823
3124 810 3139 862 ;
3170 791 3354 863 Sergii
3387 792 3456 856 II,
3488 789 3557 844 ad
3600 800 3737 843 ann.

2097 878 2204 935 838
2240 888 2297 937 et
2332 880 2430 938 8U
2460 902 2477 951 ;
2511 884 2716 939 Leonis
2746 883 2961 953 quarti,
2994 882 3062 937 ad
3104 894 3238 936 ann.
3295 876 3402 935 830
3425 885 3483 934 et
3530 874 3658 943 833,
3684 880 3741 931 et

2098 968 2388 1025 Anastasii
2409 972 2567 1027 tertii
2590 973 2658 1027 ad
2679 984 2813 1027 ann.
2844 969 2950 1026 906
2973 975 3032 1025 et
3050 967 3176 1037 908,
3206 981 3323 1025 uno
3354 967 3477 1024 loco
3503 965 3740 1034 abrasas,

2101 1066 2165 1113 ut
2187 1060 2254 1114 ad
2279 1059 2522 1116 alterum
2549 1060 3019 1117 transferrentur.
3053 1058 3310 1115 Reddita;
3332 1063 3471 1114 sunt
3499 1064 3746 1126 utroque

2102 1147 2162 1202 in
2193 1147 2337 1218 loco,
2384 1163 2514 1206 cum
2548 1163 2657 1205 non
2692 1149 2835 1205 satis
2881 1153 3103 1205 constet
3142 1153 3273 1203 utra
3314 1160 3509 1201 earum
3536 1144 3607 1200 ab
3631 1159 3746 1202 au—

2098 1241 2258 1292 ctore
2280 1237 2551 1294 Chronici
2583 1238 2830 1307 primum
2864 1239 3089 1309 signata
3119 1235 3337 1306 fuerit;
3361 1248 3543 1305 neque
3560 1247 3747 1304 appa—

2099 1331 2219 1381 reat
2280 1340 2415 1381 num
2470 1328 2608 1398 ipse.
2652 1326 3070 1395 posterioribus
3120 1326 3281 1381 curis
3335 1336 3405 1379 an
3462 1322 3747 1379 recentior

2101 1415 2391 1485 quispiam
2443 1414 2922 1471 bibliothecarius
2952 1428 3019 1470 ex
3065 1414 3310 1484 repertis
3338 1413 3531 1469 serius
3558 1412 3751 1467 docu-

2102 1504 2310 1558 mentis
2360 1506 2609 1572 priorem
2661 1504 2960 1560 lectionem
3000 1508 3329 1559 mutaverit.
3363 1502 3555 1558 Nostri
3590 1499 3744 1570 quod

2100 1598 2222 1647 erat
2252 1594 2525 1660 muneris,
2562 1593 2810 1649 ﬁdeliter
2851 1594 3235 1649 indicavimus
3268 1593 3440 1648 etiam
3475 1590 3618 1645 vitia
3649 1595 3745 1645 at-

2102 1692 2211 1750 que
2227 1682 2536 1751 erasiones,
2564 1696 2632 1736 ne
2652 1682 2942 1751 quispiam
2968 1682 3096 1751 plus
3127 1680 3364 1737 tribuat.
3391 1684 3493 1735 aut
3525 1691 3621 1748 per
3641 1690 3749 1734 nos

300 1810 301 1815 η
343 1775 457 1837 tus,
487 1771 657 1825 etiam
708 1772 891 1840 pulsis
946 1772 1250 1827 catholicis
1277 1772 1565 1841 episcopis
1597 1776 1653 1825 et
1681 1769 1988 1825 abbatibus
2021 1761 2073 1822 Β
2100 1769 2382 1825 tributum
2421 1770 2737 1826 arbitretur
2779 1771 2871 1825 his
2902 1771 3459 1839 cbronologisquam
3502 1782 3601 1837 par
3643 1768 3743 1823 sit.

340 1858 712 1914 ecclesiarum
751 1863 1094 1930 pra-positis,
1122 1862 1361 1916 scientia
1386 1862 1598 1930 pariter
1627 1865 1684 1914 et
1711 1861 1988 1930 religione

344 1947 715 2017 pollentibus,
750 1950 1054 2006 sceleratos
1074 1959 1129 2005 et
1156 1951 1368 2006 idiotas
1385 1951 1636 2021 singulis
1652 1948 1988 2005 civitatibus

342 2041 399 2090 et
427 2037 708 2091 coenobiis
731 2038 815 2093 vel
844 2040 1130 2109 ecclesiis,
1162 2040 1444 2110 singulos,
1480 2040 1765 2094 interdum
1797 2044 1987 2094 autem

342 2121 514 2179 binos
538 2125 623 2179 vel
646 2139 870 2181 annuos
914 2129 1175 2194 prmlatos
1206 2127 1521 2183 damnabili
1554 2129 1768 2197 prior;s
1802 2128 1990 2197 magi—

341 2212 449 2267 stri
476 2215 568 2269 sui
599 2213 853 2268 Simonis
898 2216 1045 2284 Magi
1090 2218 1462 2272 mercimonio
1513 2216 1893 2277 substituens,
1930 2216 1990 2270 in

349 2302 878 2371 deprmdationibus
911 2311 1239 2359 sanctorum
1274 2306 1530 2361 locorum
1563 2311 1618 2359 et
1637 2305 1992 2359 Christiano-

344 2405 473 2447 rum
515 2392 628 2447 sibi
681 2406 790 2447 non
834 2392 1165 2461 faventium,
1204 2394 1337 2460 imo,
1372 2398 1428 2447 et
1472 2391 1811 2458 faventium,
1853 2393 1990 2446 dum

344 2493 457 2534 non
534 2488 684 2536 esset
743 2484 841 2552 qui
908 2487 1128 2536 armato
1176 2481 1492 2550 resisteret,
1542 2481 1708 2551 longe
1766 2480 1992 2549 lateque

344 2568 641 2625 voluntate
664 2571 895 2640 quidem
915 2569 1158 2624 Neronis
1173 2577 1229 2624 et
1255 2569 1431 2639 Decii,
1462 2568 1556 2624 sed
1592 2569 1783 2624 minus
1815 2568 1988 2638 possi-

345 2655 576 2713 bilitate
602 2666 893 2714 crassatus
923 2664 1033 2714 est.
1069 2677 1093 2707 »
1670 2699 1675 2704 .

415 2746 618 2801 Simile
649 2748 947 2817 quidpiam
998 2746 1246 2818 contigit
1298 2746 1401 2801 hoc
1432 2747 1559 2816 ipso
1601 2747 1660 2802 in
1707 2746 1990 2802 Chronico

346 2835 597 2891 secundo
623 2836 777 2892 circa
802 2836 1051 2892 medium
1081 2835 1276 2891 saeculi
1297 2835 1528 2902 decimi,
1556 2835 1624 2890 ad
1647 2848 1995 2904 consequen-

346 2922 427 2978 tia
467 2929 741 2992 tempora,
789 2925 1020 2994 quando
1062 2923 1342 2979 factiones
1386 2924 1445 2977 in
1487 2923 1653 2979 Italia
1697 2936 1761 2979 ac
1783 2924 1992 2979 -Romaa

345 3012 661 3079 praasertim
699 3012 947 3067 subortaa
972 3011 1194 3067 crebris
1220 3011 1634 3067 schismatibus
1683 3011 1989 3066 Ecclesiam

2100 1860 2160 1913 In
2188 1860 2367 1927 priori
2387 1866 2572 1914 autem
2591 1859 2963 1930 chronologia
2997 1859 3328 1928 pontiﬁcum
3364 1857 3749 1912 Romanorum

2098 1947 2288 2016 (quam
2323 1948 2494 2003 habes
2538 1946 2688 2003 infra
2732 1948 2823 2003 his
2866 1948 2926 2002 in
2969 1946 3405 2020 prolegomenis)
3455 1946 3750 2015 descripta

2099 2048 2167 2090 ex
2192 2036 2312 2092 alio
2358 2038 2637 2092 anteriori
2668 2037 2881 2099 codice,
2934 2051 3101 2107 quem
3152 2042 3350 2093 vocant
3395 2036 3749 2090 Cbronicum

2100 2124 2386 2193 Farfense,
2420 2126 2520 2182 ubi
2544 2127 2837 2182 erasiones
2869 2127 3062 2182 nullas
3087 2127 3432 2195 invertimus,
3468 2126 3527 2180 in
3551 2124 3754 2196 penul-

2101 2214 2243 2270 timo
2274 2220 2496 2270 tantum
2514 2229 2679 2271 versu
2707 2214 3064 2272 Bonifacium
3092 2217 3442 2287 antipapam,
3461 2221 3519 2270 et
3539 2219 3751 2285 quarto

2100 2308 2233 2357 ante
2263 2303 2427 2357 illum
2474 2303 2597 2359 loco
2637 2305 2874 2359 Leonem
2935 2305 3150 2373 pariter
3198 2302 3747 2374 pseudopontiﬁcem

2100 2391 2284 2445 octavi
2318 2392 2551 2446 nomine
2580 2392 2871 2447 intrusum
2890 2406 3017 2448 cum
3042 2392 3468 2463 offenderimus,
3503 2392 3749 2447 fortasse

2100 2479 2329 2533 additos
2359 2479 2724 2548 suspicamur
2768 2480 2838 2535 ab
2886 2481 3154 2551 imperito
3186 2482 3415 2536 homine
3439 2480 3745 2536 vetustiori

2099 2579 2168 2621 ex
2197 2566 2463 2639 Catalogo
2504 2567 2564 2622 in
2604 2568 3059 2637 praecedentibus
3101 2570 3434 2625 desinente:
3474 2569 3570 2625 ubi
3602 2570 3750 2624 vitio

2100 2656 2490 2725 amanuensis,
2520 2663 2585 2713 ut
2613 2657 2886 2729 arbitror,
2916 2666 3046 2714 ante
3063 2658 3481 2729 Marinum(qui
3501 2667 3751 2728 quartus

2103 2746 2458 2813 praeponitur
2490 2753 2799 2802 memorato
2836 2747 3027 2817 Leoni)
3071 2754 3186 2802 tres
3219 2748 3517 2816 pontiﬁces
3539 2746 3747 2803 omissi

2101 2839 2257 2904 sunt,
2286 2835 2528 2890 Joannes
2559 2837 2656 2903 Xl,
2683 2837 2791 2891 Leo
2814 2837 2909 2891 VII
2938 2836 3307 2905 etStphanus
3322 2837 3420 2891 IX.

2169 2922 2380 2979 Caetera
2429 2924 2488 2979 in
2527 2924 2722 2980 eodem
2775 2924 2957 2994 priori
3015 2924 3299 2981 Chronico
3346 2931 3493 2981 recte
3538 2938 3753 2995 proce-

2101 3010 2267 3066 dunL

347 3099 811 3167 proscindebant.
858 3098 1107 3169 Apparet
1150 3112 1248 3167 per
1270 3099 1495 3154 eosdem
1520 3112 1703 3154 annos
1749 3099 1989 3154 vitiatus
2021 3084 2071 3150 Ο
2173 3102 2286 3156 Hac
2304 3102 2486 3173 igitur
2513 3103 2805 3172 praemissa
2828 3103 3038 3159 notitia
3063 3103 3322 3160 codicum
3350 3111 3406 3159 et
3420 3107 3750 3171 auctorum,

344 3188 522 3243 codex
545 3188 807 3243 erasione
837 3190 1133 3244 nominum
1158 3202 1221 3241 ac
1244 3187 1692 3256 transpositione
1709 3187 1993 3259 legitimo-

344 3289 471 3330 rum
491 3275 846 3344 pontiﬁcum,
865 3276 959 3331 sed
983 3275 1346 3343 potissimum
1364 3275 1792 3332 intermissione
1812 3276 1993 3331 schis~

348 3363 692 3419 maticorum
736 3370 909 3434 atque
960 3363 1320 3418 intrusorum
1371 3377 1614 3433 quorum
1656 3365 1993 3420 nominibus

342 3452 653 3508 asteriscos
681 3459 735 3508 et
766 3452 963 3509 breves
981 3460 1145 3507 notas
1172 3452 1232 3506 in
1257 3451 1515 3522 margine
1533 3452 1823 3509 addendas
1851 3467 1994 3508 cen-

347 3539 465 3610 sui,
504 3545 570 3597 ut
588 3539 824 3596 facilius
849 3541 1068 3596 secerni
1095 3547 1345 3611 possent.
1378 3541 1478 3596 His
1497 3542 1671 3597 etiam
1702 3542 1771 3597 de
1799 3544 1994 3598 causis

2102 3189 2215 3245 tria
2262 3190 2362 3245 illa
2393 3191 2669 3260 cpuscula
2718 3192 3125 3264 chronologica
3155 3192 3287 3248 inde
3316 3198 3582 3248 accurate
3636 3191 3758 3247 de—

2101 3279 2318 3347 scripta
2362 3285 2487 3337 tuto
2542 3278 2794 3349 proferre
2836 3282 2954 3350 jam
3012 3295 3337 3351 possumus,
3396 3286 3592 3351 utpote
3618 3280 3756 3335 suis

2101 3367 2271 3422 etiam
2284 3368 2449 3424 vitiis
2471 3376 2528 3425 et
2542 3368 2920 3426 schismatum
2940 3371 3180 3427 indiciis
3195 3370 3424 3427 veritati
3453 3368 3756 3425 historica:

2105 3454 2425 3525 profutura.

1336 3850 1897 3922 CATALOGUS
2009 3855 2744 3929 IMPERATORUM.

1468 4018 1510 4063 Α.
1544 4020 1729 4064 JULIO
1773 4019 2021 4067 CESARE
2062 4023 2149 4066 AD
2177 4025 2516 4071 HENRICUM
2555 4027 2627 4070 III

354 4158 483 4222 Ubi
499 4159 704 4222 etiam
732 4159 994 4239 legitur
1019 4160 1232 4222 series
1270 4178 1507 4240 regum
1561 4164 1924 4226 Gotnorum
1952 4168 2017 4227 et
2066 4165 2685 4246 Langobardorum,
2731 4184 2882 4230 cum
2914 4167 3197 4232 ducibus
3251 4168 3646 4252 Spoletanis
3669 4184 3757 4233 ac

931 4259 1437 4321 Beneventanis
1458 4276 1711 4322 necnon
1728 4261 2059 4343 pluribus
2088 4264 2439 4329 comitibus
2466 4263 2871 4330 Sabinensis
2899 4269 3166 4332 tractus

1707 4422 1799 4484 (Ex
1830 4421 2090 4474 Chronico
2127 4422 2397 4489 Farfensi.)

1836 4571 2250 4584 ——_

416 4703 608 4759 Julius
635 4703 824 4759 Cesar.
854 4702 1533 4774 Primoimperavitanno
1553 4703 1725 4761 Urbis
1748 4706 1993 4762 conditae
2024 4707 2079 4768 D
2107 4709 2291 4778 Hujus
2335 4724 2485 4768 anno
2531 4712 2651 4769 XV.
2693 4712 2962 4770 Christus
3010 4712 3335 4784 baptizatus
3382 4716 3507 4770 est:
3547 4712 3753 4785 XVIII,

344 4792 699 4849 DCXCVlIlI.

418 4882 768 4939 Octavianus
815 4880 975 4938 ﬁlius
1024 4880 1245 4938 Octavii
1288 4883 1583 4939 Senatoris
1627 4902 1643 4955 ;
1690 4884 1994 4953 imperavit

345 4971 517 5025 annis
547 4971 651 5041 leg.
719 4972 848 5025 LVI.
883 4971 1070 5026 XLVI.
1106 4989 1121 5038 ς
1150 4970 1297 5026 vixit
1329 4972 1599 5027 LXXVII.
1636 4972 1818 5041 Hujus
1843 4986 1994 5028 anno

350 5058 581 5128 imperii
624 5058 788 5113 XLII.
836 5060 998 5115 Jesus
1026 5059 1293 5115 Christus
1333 5060 1520 5116 Filius
1564 5060 1663 5115 Dei
1714 5062 1994 5116 Dominus

351 5154 543 5203 noster
567 5146 887 5200 Secundum
920 5148 1233 5203 Hebraeosa
1259 5150 1457 5203 mundi
1492 5148 1780 5215 principio
1823 5151 1995 5204 annis

348 5240 531 5291 aetate.
564 5232 886 5290 Secundum
915 5234 1175 5289 Hebraeos
1205 5248 1237 5289 a
1279 5235 1477 5289 mundi
1509 5235 1797 5303 principio
1827 5238 1996 5293 annis

349 5314 434 5386 ἶῖῖ.
467 5332 788 5387 DCCCCLII.
842 5330 1162 5385 Secundum
1194 5333 1420 5388 Graecos
1459 5331 1628 5386 annis
1664 5314 1754 5387 ἷι.
1803 5336 1991 5391 DVIII.

348 5419 519 5475 Urbis
545 5420 756 5475 DCCLI.
791 5420 945 5489 obiit.

418 5507 716 5579 Tyberius,
781 5509 1102 5580 privignus,
1138 5522 1328 5581 gener,
1382 5516 1437 5564 et
1487 5509 1646 5566 ﬁlius
1689 5512 1995 5581 adoptione

346 5597 593 5670 Augusti
652 5598 956 5667 imperavit
1018 5599 1187 5656 annis
1232 5599 1435 5672 XXIII,
1496 5601 1644 5657 vixit
1689 5603 1989 5660 LXXXIII.

2106 4810 2328 4869 passus,
2351 4801 2502 4855 obiit.

2172 4887 2286 4940 Hoc
2323 4889 2384 4941 in
2415 4887 2674 4943 Chronico
2717 4893 2931 4945 numeri
2968 4907 3175 4962 semper
3221 4894 3603 4962 eaprimuntur
3644 4907 3761 4961 per

2105 4973 2291 5028 literas
2317 4978 2623 5031 numerales
2661 4978 2939 5048 alphabeti
2965 4982 3167 5034 Latini.
3224 4980 3537 5049 Compendii
3566 4984 3760 5034 tamen

2104 5077 2297 5117 caussa
2324 5066 2610 5119 reddemus
2635 5072 2913 5134 sequentes
2926 5083 3027 5136 per
3056 5070 3227 5135 cifras
3251 5070 3542 5123 Arabicas.

2174 5151 2352 5220 Gajus
2372 5152 2670 5222 Callicula,
2707 5168 2879 5224 nepos
2908 5155 3124 5211 Tiberii
3165 5170 3297 5212 ann.
3340 5154 3396 5228 3,
3448 5170 3625 5212 mens.
3654 5151 3753 5228 40,

2103 5240 2231 5295 dies
2257 5244 2311 5310 δ,
2343 5242 2491 5296 vixit
2514 5242 2686 5297 annis
2713 5242 2802 5315 39,
2827 5247 3052 5299 occisus.

2172 5338 2451 5395 Claudius
2470 5346 2707 5409 patruus
2721 5341 3012 5398 Calliculae
3028 5344 3200 5399 Drusi
3227 5344 3477 5416 privigni
3498 5343 3757 5416 Augusti

2102 5426 2420 5483 Octaviani.
2450 5428 2632 5497 Hujus
2651 5443 2801 5485 anno
2817 5431 3067 5486 secundo
3095 5433 3297 5489 Petrus
3312 5435 3541 5488 Romam
3563 5432 3755 5502 venit,

2103 5530 2254 5571 anno
2275 5518 2582 5573 dominica:
2609 5519 3026 5578 Incarnationis
3066 5517 3156 5593 45,
3189 5527 3245 5578 et
3273 5522 3425 5577 sedit
3457 5522 3514 5578 in
3540 5521 3759 5577 came-

2107 5605 2212 5661 dra
2232 5607 2403 5663 annis
2430 5605 2522 5678 25,
2550 5608 2703 5663 obiit.
