3998 6176
427 347 534 405 343
1208 351 1302 404 AD
1344 347 1778 405 ANASTASIUM
1828 343 2338 403 PROLEGOMENA
2388 342 2566 398 EDI‘I‘.
2633 338 3063 398 ROM.—-VATIC.
3723 337 3845 396 344

543 461 696 516 Ann.
726 463 790 515 D.
934 462 1060 516 Ind.
2098 457 2159 516 A
2288 457 2441 509 Ann.
2514 456 2574 508 D.
2689 451 2813 508 Ind.

428 561 650 603 “LXVIII
941 563 998 604 VI

2227 557 2436 599 LXXXVI
2695 555 2754 595 IX

432 650 611 691 MLXIX
933 650 1015 691 VII

2229 645 2464 687 LXXXVII
2692 644 2730 684 X

433 739 589 780 MLXX
943 739 1042 780 VIII

2230 734 2486 777 LXXXVIII
2690 733 2750 773 XI
2896 729 3022 773 DOM.
3057 729 3182 770 BER.
3219 728 3303 769 SS.
3333 729 3372 769 I.
3411 727 3536 770 ΛΒΒ.

429 826 609 868 ιιιιιχι
944 827 1004 868 ix
2947 804 3137 860 Rainl.
3163 803 3291 858 abb.

435 914 639 955 ιιωιιιιι
940 914 978 954 x
2187 912 2448 954 anxXIx
2696 910 2778 951 xu
2914 894 3078 949 Bern.
3112 890 3221 963 (11.)
3247 891 3381 946 abb.

435 1001 663 1043 MLXXIII
941 1003 1000 1044 XI

2235 1001 2302 1041 XC
2695 998 2802 1039 XIII

433 1090 651 1132 MLxxw
939 1091 1022 1133 xu
1151 1079 1318 1150 Greg.
1355 1073 1513 1153 [Ἧι]
1555 1081 1653 1149 Pp.

2227 1089 2322 1130 XCI
2700 1087 2796 1127 λιν

438 1178 632 1220 κωιχν
939 1179 1045 1221 XIII
2190 1178 2345 1220 MXCII
2699 1175 2772 1215 XV

435 1265 652 1310 ILXXVI
945 1268 1042 1309 XIV

2227 1265 2374 1307 [XCIII
2699 1265 2717 1305 ι

434 1355 677 1398 ιιιχνιι
947 1358 1022 1398 XV
1179 1352 1196 1356 ”

2227 1353 2365 1394 [XCIV
2704 1352 2746 1394 II

439 1443 703 1487 uLxxvm
946 1447 963 1487 ι
2195 1441 2342 1485 uxcv
2703 1440 2767 1482 ιιι
2914 1427 3086 1480 Lunae
3157 1421 3488 1478 obscuratio
3561 1421 3709 1478 VIII.
3785 1420 3855 1474 K.

445 1532 668 1575 HLXXIX
957 1535 996 1578 II

3012 1513 3175 1567 Mart.
3223 1511 3648 1581 Stellarumque
3679 1522 3862 1566 occa-

442 1622 638 1664 iiLxxx
953 1625 1015 1665 ιιι
3033 1601 3121 1656 sio
3150 1601 3217 1655 II.
3244 1613 3354 1656 non
3377 1613 3466 1669 ap.

442 1711 666 1753 ιινχιιιιι
950 1712 1005 1752 IV

2227 1707 2374 1749 IXCVI
2715 1707 2770 1747 IV

445 1797 688 1842 ntxxxu
948 1800 983 1840 v
1163 1787 1444 1842 Henricus
1494 1785 1629 1857 (1V.)
1693 1803 1791 1843 rex
1843 1788 1912 1842 ad
1975 1788 2084 1842 hoc

2227 1795 2402 1839 lXCVll
2714 1794 2747 1833 v
2929 1777 3289 1835 llierosolim.
3320 1778 3408 1832 VI.
3444 1777 3509 1832 K.
3541 1777 3751 1833 Octob.
3787 1791 3868 1833 re-

1230 1879 1477 1930 monast.
1538 1875 1723 1944 primo
1762 1872 1937 1930 venit.
3000 1872 3254 1936 cuperat,
3287 1873 3376 1922 est
3405 1879 3436 1920 a
3482 1865 3861 1923 Christianis.

441 1976 704 2020 anxxm
945 1977 1003 2020 v1
1161 1966 1185 1988 "
1238 1963 1495 2018 Clemens
1540 1961 1686 2035 (ΙΙΙ.)
1737 1964 1834 2033 Pp.
1905 1964 2089 2018 Hein-
2999 1956 3249 2012 Columae
3291 1956 3551 2024 plurima:
3581 1955 3655 2010 ab
3701 1957 3866 2011 occi-

1225 2053 1383 2108 ricus
1411 2054 1612 2122 imper.
3003 2047 3171 2100 dente
3238 2046 3294 2100 in
3371 2045 3649 2100 orientem
3731 2060 3868 2114 per—

1151 2143 1175 2166 ’
1227 2143 1454 2197 Schism.
1517 2143 1574 2196 Is
1636 2147 1716 2197 est
1788 2142 2056 2199 Guibertu
3005 2148 3135 2205 gere
3181 2135 3317 2190 visae
3387 2138 3522 2189 sunt
3569 2134 3692 2189 Ber.
3759 2133 3865 2205 (11.)

1225 2233 1511 2302 antipapa.
3007 2223 3135 2278 abb.

448 2332 708 2376 ιιωιιιιν
964 2332 1045 2376 VII
2215 2332 2430 2375 [XCVIII
2719 2329 2777 2370 VI

448 2421 680 2466 iitxxxv
955 2420 1060 2462 Vlll
1172 2408 1366 2463 Fames
1395 2408 1584 2464 valida
1629 2408 1760 2466 fuit.
2215 2420 2394 2464 nxcnx
2722 2417 2804 2458 vu

1455 2687 2081 2796 FRANCISCI
2172 2689 2824 2794 BLANCHINI

1302 2884 1777 2961 PREMONITUM
1842 2887 1938 2944 AD
1988 2885 2128 2943 DUO
2181 2885 2567 2956 SEQUENTIA
2623 2884 2995 2942 OPUSCULA.

521 3123 644 3178 Duo
666 3121 926 3191 proxima
953 3119 1252 3192 opuscula,
1275 3121 1436 3176 Vitas
1459 3121 1812 3190 pontiﬁcum,
1839 3121 1924 3175 uti
1958 3133 2097 3190 spe~
2130 3120 2177 3180 Ο
2206 3118 2606 3190 compluribus
2635 3123 2766 3173 ante
2796 3132 2902 3174 nos
2930 3117 3163 3174 sarculis
3192 3116 3677 3187 conscriptorum,
3714 3129 3869 3171 non—

454 3225 538 3279 ro,
575 3210 954 3268 illustrabunt
979 3223 1091 3265 non
1116 3223 1228 3266 uno
1252 3211 1310 3264 in
1340 3210 1483 3266 loco.
1505 3211 1644 3265 Cum
1666 3210 1817 3264 enim
1843 3209 2101 3265 observa-

453 3306 575 3356 tum
622 3299 702 3355 sit
743 3299 1067 3354 earumdem
1102 3299 1359 3354 Vitarum
1399 3299 1728 3368 scriptores,
1782 3298 2098 3368 priesertim

451 3388 835 3459 antiquiores,
869 3388 1256 3456 consuevisse,
1292 3401 1393 3457 pro
1422 3400 1575 3442 more
1594 3387 1865 3442 Actorum
1900 3386 2102 3455 publi—

453 3491 650 3534 corum
694 3489 806 3532 non
870 3475 1035 3532 modo
1081 3473 1334 3544 tempo‘ra
1387 3474 1748 3546 singulorum
1793 3473 2103 3544 diligenter

451 3578 785 3621 enumerare
817 3579 915 3636 per
943 3563 1300 3629 consulatus,
1334 3564 1430 3618 sed
1470 3564 1642 3618 etiam
1676 3563 1800 3617 loca
1831 3563 2104 3617 adnotare

455 3653 556 3710 ubi
588 3653 914 3709 eorumdem
947 3655 1088 3708 Vitae
1109 3653 1407 3708 exordium
1439 3651 1706 3722 contigit,
1732 3657 1789 3706 et
1812 3650 1908 3706 ubi
1942 3656 2106 3705 actus

457 3740 711 3810 supremi
725 3745 896 3810 atque
908 3738 1099 3795 ofﬁcia
1122 3746 1344 3808 peracta
1361 3743 1528 3809 sun‘t;
1547 3752 1726 3809 eaque
1744 3738 1864 3793 loca
1888 3738 2106 3792 idcirco

459 3828 739 3884 notabilia
772 3827 973 3882 iisdem
1006 3827 1128 3881 visa
1154 3825 1373 3882 fuerint
1392 3841 1456 3882 ac
1488 3828 1732 3896 posteris
1777 3826 2104 3895 indicanda,

457 3913 709 3983 suscepti
739 3913 932 3982 operis
957 3913 1108 3968 ratio
1139 3913 1368 3967 videtur
1395 3926 1428 3967 a
1451 3913 1615 3967 nobis
1649 3912 1936 3982 postulare
1983 3919 2110 3982 post

461 4015 526 4057 ea
558 4000 827 4071 praesidia
856 4005 1181 4070 comparata
1215 4013 1339 4070 quae
1377 3999 1447 4054 ad
1483 3999 1912 4070 chronologiam
1956 3997 2109 4054 refe-

464 4096 692 4155 runtur,
727 4095 792 4145 ut
815 4089 986 4144 etiam
1018 4089 1089 4144 de
1118 4088 1494 4158 topographia
1527 4088 1701 4157 hujus
1732 4088 1989 4142 historiae
2027 4087 2111 4142 di-

466 4179 776 4236 lucidanda
796 4178 1133 4249 cogitemus.
1159 4178 1330 4232 Porro
1351 4177 1408 4231 in
1428 4176 1681 4247 singulis
1699 4175 2108 4245 propemodum

462 4270 613 4326 Vitis
629 4274 956 4323 recensetur
976 4267 1138 4322 locus
1155 4266 1435 4321 natalium
1457 4272 1511 4321 et
1530 4266 1690 4321 locus
1705 4265 2110 4335 depositionis.

464 4359 523 4414 Si
545 4362 736 4412 autem
778 4356 830 4412 is
872 4356 1061 4410 Romae
1091 4356 1168 4410 sit
1208 4361 1376 4410 natus
1415 4355 1515 4424 qui
1548 4355 1794 4410 subinde
1830 4353 1979 4409 Petri
2011 4367 2114 4409 ca-

469 4445 726 4502 thedram
753 4444 846 4500 hic
871 4451 958 4500 est
977 4449 1296 4506 assecutus,
1321 4444 1466 4499 solet
1487 4443 1838 4514 biographus
1861 4443 2114 4512 regionis

471 4549 698 4610 quoque
727 4547 928 4590 nomen
960 4547 1262 4604 apponere,
1294 4539 1349 4590 et
1379 4533 1722 4604 quandoque
1762 4538 1976 4602 partem
2019 4545 2114 4586 re—

470 4627 662 4700 gionis
687 4625 970 4681 illustrem
998 4623 1196 4693 aliqua
1218 4622 1498 4692 peculiari
1528 4621 1956 4690 nuncupatione
1981 4635 2116 4689 pro-

469 4719 638 4776 ferre.
671 4719 864 4786 Neque
897 4715 1084 4770 minor
1111 4719 1198 4769 est
1225 4712 1531 4784 diligentia
1562 4712 1866 4780 scriptoris
1901 4711 1958 4766 in
1993 4711 2114 4767 loco

468 4807 855 4879 depositionis
883 4803 1213 4860 indicando.
1237 4804 1510 4858 Memorat
1530 4802 1679 4857 enim
1701 4802 2113 4869 cmmeterium,

470 4898 769 4959 basilicam
791 4902 892 4951 aut
911 4893 1169 4962 titulum,
1198 4891 1296 4948 ubi
1314 4892 1463 4961 quod
1491 4892 1728 4948 mortale
1751 4891 1914 4948 illius
1935 4895 2119 4963 ponti-

471 4991 598 5046 ﬁcis
627 4987 814 5044 fuerat
832 4981 1235 5054 sepeliebatur.
1265 4983 1343 5036 Ne
1366 4981 1549 5053 igitur
1568 4982 1638 5037 ad
1671 4982 1934 5053 singulas
1956 4983 2118 5039 Vitas

474 5081 682 5134 iterare
705 5087 975 5144 cogamur
1004 5072 1419 5141 expositionem
1453 5073 1709 5143 regionis
1735 5078 1835 5128 aut
1864 5079 2119 5130 coemete-

472 5167 548 5224 rii
580 5165 666 5222 sic
697 5163 960 5230 indicati,
1002 5161 1467 5230 compendiosius
1496 5174 1619 5216 esse
1660 5161 1937 5217 duximus
1978 5178 2120 5232 pro—

467 5256 617 5314 ferre
661 5253 777 5309 duo
819 5249 1117 5320 opuscula,
1171 5249 1318 5303 hanc
1365 5249 1801 5318 topographiam
1850 5253 2119 5308 nonnihil

471 5345 853 5400 declaratum.
883 5338 1266 5407 Antiquitatis
1297 5336 1423 5392 laus
1455 5337 1690 5406 utrique
1719 5339 1994 5394 conciliat
2023 5354 2124 5396 au-

473 5433 815 5498 ctoritatem,
849 5431 905 5482 et
932 5426 1197 5496 designat
1225 5430 1413 5494 partes
1435 5424 1624 5496 Urbis,
1665 5431 1768 5482 aut
1797 5427 2116 5485 suburbani

475 5519 621 5591 agri,
650 5520 719 5575 de
763 5515 978 5588 quibus
1015 5515 1209 5584 agitur
1249 5515 1307 5568 in
1354 5515 1684 5570 recensione
1726 5517 1981 5587 regionis
2018 5526 2119 5574 aut

473 5605 805 5675 cmmeterii,
837 5619 966 5661 cum
1013 5616 1112 5672 per
1154 5605 1374 5657 aetatem
1409 5602 1640 5659 illorum
1682 5605 2115 5678 opusculorum,

2206 3210 2340 3265 dum
2375 3207 2727 3262 excidissent
2759 3207 3056 3276 parietinae
3095 3207 3421 3262 eorumdem
3461 3205 3863 3271 aediﬁciorum,

2211 3311 2334 3367 quae
2363 3295 2721 3365 postmodum
2746 3295 2962 3366 diruta,
2990 3307 3055 3349 ac
3096 3293 3271 3350 ferme
3295 3294 3417 3350 solo
3451 3299 3676 3364 aequata
3709 3300 3859 3359 sunt,

2212 3398 2313 3440 nec
2334 3385 2555 3438 viarum
2578 3385 2788 3439 ductus
2809 3391 2864 3438 et
2885 3383 3181 3453 regionum
3196 3382 3538 3439 discrimina
3557 3383 3728 3438 novis
3744 3396 3864 3438 con-

2213 3471 2636 3528 structionibus
2649 3472 2865 3527 variata
2885 3472 3276 3528 reddidissent
3290 3486 3353 3527 ea
3368 3471 3600 3527 nomina
3619 3471 3865 3541 posteris

2213 3561 2572 3618 obscurtora.

2289 3685 2540 3739 Primum
2577 3684 2758 3752 igitur
2785 3697 2853 3739 ex
2886 3683 3044 3739 hisce
3089 3683 3388 3753 opusculis
3432 3685 3867 3756 t0pographicis

2219 3771 2463 3842 protulit
2480 3785 2548 3827 ex
2575 3771 2772 3827 codice
2789 3771 3215 3828 membranaceo
3238 3774 3372 3828 noni
3400 3772 3617 3838 saeculi,
3643 3781 3867 3843 reperto

2219 3860 2279 3915 in
2311 3859 2659 3915 bibliotheca
2691 3860 3075 3916 Einsidlensis
3119 3861 3470 3920 monasterii.
3500 3861 3565 3914 Β.
3601 3862 3658 3914 Ρ.
3707 3863 3867 3917 Joan.

2219 3947 2612 4016 Mabillonius,
2640 3953 2696 4003 et
2741 3948 2942 4003 retulit
2976 3948 3126 4004 inter
3159 3949 3360 4005 Vetera
3387 3949 3678 4017 Analecta,
3727 3951 3866 4006 tomi

2221 4037 2411 4106 quarti
2452 4051 2578 4106 pag.
2607 4035 2732 4105 506,
2766 4037 2862 4093 cui
2896 4037 3106 4093 titulus
3139 4039 3341 4095 merito
3382 4040 3674 4107 ascriptus
3726 4037 3868 4094 fuit:

2218 4127 2519 4194 Descriptio
2547 4128 2831 4191 regionum
2865 4127 3042 4181 Urbis.
3078 4128 3178 4182 Est
3214 4127 3368 4181 enim
3393 4126 3660 4182 ordinata
3708 4141 3870 4196 qua}—

2219 4215 2348 4268 dam
2369 4213 2726 4269 enumeratio
2753 4215 3127 4272 aediﬁciorum
3154 4216 3572 4285 praecipuorum
3600 4215 3686 4271 vel
3720 4217 3873 4272 intra

2221 4301 2498 4358 ambitum
2529 4301 2702 4357 Urbis
2731 4302 2942 4373 Romae.
2972 4303 3057 4358 vel
3083 4309 3244 4359 extra
3281 4303 3505 4372 Urbem,
3537 4304 3742 4358 dextra
3769 4304 3874 4359 la:-

2221 4405 2402 4462 vaque
2446 4391 2848 4461 spectabilium
2891 4393 2950 4448 in
2992 4407 3294 4464 progressu
3342 4407 3411 4448 ex
3452 4393 3650 4462 aliqua
3701 4394 3873 4450 Urbis

2143 4487 2195 4546 ι)
2223 4487 2383 4550 porta
2411 4481 2711 4536 adcertum
2730 4482 3039 4537 terminum
3073 4482 3278 4537 viatori
3298 4483 3704 4538 constitutum.
3733 4482 3872 4538 Post

2221 4583 2317 4626 eas
2340 4570 2758 4640 descriptiones
2791 4572 3086 4642 regionum
3120 4571 3309 4638 Urbis,
3336 4586 3480 4642 quas
3509 4573 3723 4628 szeculo
3757 4574 3873 4628 Va—

2227 4659 2530 4714 lentiniani
2558 4666 2614 4714 et
2638 4660 2895 4715 Valentis
2914 4661 3338 4716 concinuarunt
3361 4661 3633 4716 Publicus
3654 4661 3871 4728 Victor,

2224 4755 2280 4803 et
2307 4748 2510 4804 Sextus
2553 4748 2757 4816 Rufus,
2795 4749 2952 4804 illam
2983 4749 3053 4804 ab
3100 4749 3244 4805 Aldo
3286 4751 3603 4817 Manuccio,
3655 4749 3804 4806 hanc
3840 4764 3875 4805 a

2228 4839 2504 4894 Panvinio
2518 4844 2709 4894 nostro
2728 4839 2976 4908 primum
2995 4839 3199 4909 editas,
3220 4839 3434 4894 nullam
3452 4840 3556 4895 hac
3567 4844 3876 4896 vestustio—

2229 4940 2345 4983 rem
2381 4926 2524 4982 mihi
2558 4927 2806 4997 contigit
2847 4926 3163 4984 observare.
3213 4929 3437 4997 Quanto
3485 4935 3675 4984 autem
3725 4929 3875 4984 bono

2227 5016 2436 5072 veteris
2466 5015 2724 5070 historiae
2749 5022 2804 5070 et
2827 5017 3278 5086 rei'antiquarize
3311 5017 3424 5072 illae
3447 5020 3735 5086 producta
3755 5017 3879 5074 fue-

2230 5107 2367 5176 rint,
2391 5105 2641 5161 declarat
2657 5105 2969 5162 Panvinius
2988 5106 3046 5161 in
3066 5104 3397 5176 praafatione
3417 5107 3485 5162 ad
3510 5108 3568 5161 P.
3591 5108 3876 5164 Victorem

2232 5198 2312 5250 ita
2335 5193 2722 5265 perscribens:

2304 5360 2330 5390 α
2370 5338 2475 5393 Hic
2505 5352 2658 5394 unus
2691 5337 2926 5395 libellus
2971 5344 3075 5409 est,
3127 5339 3296 5409 cujus
3346 5338 3716 5408 potissimum
3775 5353 3879 5410 ope

2231 5443 2427 5485 omnes
2470 5428 2571 5498 qui
2632 5428 2907 5484 hactenus
2949 5429 3021 5484 de
3077 5429 3246 5485 Urbis
3285 5431 3473 5484 Romae
3523 5431 3880 5500 antiquitate

2230 5519 2586 5588 scripserunt
2615 5517 2825 5571 mirum
2859 5517 2917 5571 in
2948 5518 3174 5574 modum
3199 5518 3476 5574 sublevati
3503 5527 3660 5573 sunt.
3699 5519 3881 5588 Cujus

2229 5609 2402 5664 etiam
2421 5606 2506 5663 vel
2548 5606 2694 5662 male
2723 5605 3002 5664 intellecti
3025 5607 3110 5664 vel
3152 5609 3371 5664 concisi
3402 5609 3708 5665 occasione
3737 5609 3879 5664 mul-
