3998 6176
264 289 368 349 3,5

258 501 692 556 commiserunt.
726 517 753 550 ι)

327 591 433 644 Par
451 595 607 644 certe
628 588 856 644 utilitas
875 593 1047 659 atque
1073 589 1304 645 ubertas
1325 603 1434 645 non
1457 596 1544 645 est
1571 590 1803 646 illarum
1827 604 1913 645 ve-

260 678 570 734 tustiorum
602 677 1058 746 descriptionum
1080 677 1207 733 Rufi
1233 685 1289 734 et
1317 679 1566 734 Victoris
1585 679 1694 735 sub
1721 681 1915 735 Valen-

260 767 504 835 tiniano,
545 766 696 820 Urbe
735 766 988 820 nondum
1039 780 1072 821 a
1116 767 1320 822 Gothis
1366 768 1584 836 diruta,
1629 782 1695 823 ac
1740 769 1914 826 istius

254 854 559 924 Anonymi,
596 868 764 924 quem
797 854 1104 922 scripsisse
1139 854 1524 926 intelligimus
1566 861 1696 926 post
1726 858 1914 913 clades

255 944 538 1014 plurimas
567 945 756 998 Roma
786 956 819 998 a
847 943 1109 998 barbaris
1142 943 1354 998 illatas.
1387 946 1527 1000 Nam
1557 952 1758 1002 octavo
1789 947 1916 1002 cir-

256 1033 393 1089 citer
422 1031 518 1087 vel
546 1045 697 1088 nono
717 1046 843 1087 ara
861 1031 1205 1086 Christiana
1232 1033 1442 1088 saculo
1471 1035 1615 1089 hanc
1648 1049 1771 1090 esse
1800 1035 1920 1090 tri—

256 1121 541 1177 buendam
568 1125 813 1189 constat,
847 1133 975 1176 cum
1005 1120 1287 1189 posterior
1315 1121 1396 1176 sit
1414 1126 1577 1177 atate
1606 1123 1871 1178 Belisarii
1897 1141 1914 1186 ς

254 1211 471 1280 quippe
494 1223 627 1264 cum
653 1209 710 1263 in
736 1222 802 1264 ea
831 1213 1214 1263 memorentur
1232 1211 1446 1263 molinae
1471 1210 1617 1281 (pag.
1641 1209 1748 1267 509
1772 1213 1913 1267 edit.

251 1297 501 1366 Mabill.)
529 1311 634 1352 seu
662 1296 1097 1365 molendinaria,
1121 1302 1176 1351 et
1197 1299 1478 1354 vetustior
1506 1312 1630 1354 esse
1653 1299 1917 1355 videatur

253 1388 433 1441 Leone
465 1387 538 1440 IV
568 1387 811 1454 ejusque
844 1384 913 1439 de
953 1385 1184 1440 nomine
1222 1385 1518 1455 appellata
1562 1386 1732 1442 Urbis
1772 1389 1918 1442 Leo—

254 1477 402 1529 nina
434 1473 690 1540 ambitu,
724 1486 839 1542 quo
867 1472 1197 1528 Vaticanam
1229 1473 1530 1529 basilicam
1555 1476 1725 1545 eique
1748 1477 1918 1544 adja—

253 1564 442 1618 centia
478 1561 697 1633 pradia
726 1561 1000 1631 providus
1034 1560 1132 1616 ille
1163 1560 1418 1630 pontifex
1449 1568 1671 1618 tutatus
1694 1570 1778 1618 est
1807 1565 1918 1618 ad-

255 1665 454 1706 versus
507 1649 838 1720 frequentes
899 1651 1168 1705 incursus
1229 1651 1638 1706 Saracenorum
1690 1668 1704 1705 :
1751 1649 1914 1706 nemo

1299 289 1664 348 BLANCHINI
1699 291 1794 347 AD
1831 292 2063 350 OPUSC.
2111 297 2174 351 ll.
2215 297 2344 367 SEQ
2382 299 2622 358 MONIT.

257 419 348 469 tos
384 412 593 480 passim
623 424 848 467 errores
882 411 942 466 in
977 412 1245 468 universa
1281 413 1530 469 Romana
1559 414 1908 486 antiquitate
1935 418 1993 476 A
2017 417 2224 487 dicem,
2256 421 2392 476 dum
2439 424 2559 493 ipse
2602 425 2768 480 modo
2797 439 2863 480 ex
2897 439 3033 494 una,
3069 427 3235 483 modo
3265 441 3335 484 ex
3365 430 3480 487 alia
3507 433 3678 488 Urbis
3779 452 3786 456 ’

3574 309 3681 367 346

2023 511 2182 573 porta
2213 507 2383 578 (quod
2415 511 2670 581 hospites
2695 528 2760 568 ac
2788 515 3074 584 peregrini
3109 515 3311 586 solent)
3331 519 3400 572 ad
3425 519 3676 590 aliquem

2022 597 2353 664 terminum,
2388 613 2493 655 suo
2522 601 2718 656 itineri
2746 603 2867 657 sive
2891 616 2959 657 ex
2981 604 3249 660 condicto
3273 607 3675 680 constitutum,

2023 683 2146 737 sive
2175 682 2318 740 forte
2343 685 2573 744 fortuna
2603 689 2858 746 oblatum
2895 693 3241 760 procederet,
3278 693 3585 750 observans
3618 697 3676 751 in

2025 770 2114 824 via
2151 787 2276 841 qua
2318 774 2428 843 ipsi
2463 777 2903 834 observarentur
2946 786 3146 836 notatu
3185 783 3379 853 digna.
3423 783 3680 839 Accessit

2026 859 2231 916 iisdem
2265 863 2514 932 schedis,
2552 867 2630 922 ita
2663 867 3050 936 perfunctorie
3079 872 3352 940 exaratis,
3389 877 3453 927 ut
3479 872 3680 928 dextra

2027 961 2128 1016 pro
2145 949 2406 1006 sinistris
2425 955 2767 1024 quandoque
2788 957 3109 1024 enuntient,
3132 971 3272 1012 nova
3299 959 3677 1028 perturbatio,

2023 1047 2054 1088 a
2085 1041 2432 1106 compactori
2478 1042 2849 1112 negligentia,
2891 1049 2993 1099 aut
3036 1046 3373 1114 supinitate,
3410 1054 3474 1102 ut
3511 1047 3678 1103 arbi-

2026 1128 2165 1192 tror,
2185 1125 2446 1194 profecta.
2467 1130 2821 1186 Membranas
2835 1132 2987 1186 enim
3005 1131 3156 1199 illas,
3172 1133 3396 1203 duplici
3411 1135 3680 1191 columna

2024 1225 2289 1268 versuum
2324 1215 2383 1269 in
2414 1217 2666 1288 singulis
2692 1217 2853 1274 foliis
2882 1219 3192 1276 distinctas
3216 1220 3322 1292 (uti
3353 1229 3587 1292 apparet
3609 1237 3677 1279 ex

2024 1299 2351 1358 dimidiatis
2379 1304 2740 1361 dictionibus
2767 1307 2827 1361 in
2852 1307 3054 1378 aliquo
3080 1322 3245 1365 versu
3265 1311 3554 1380 expressis
3583 1326 3682 1381 per

2026 1387 2251 1444 litteras
2275 1392 2568 1462 capitales,
2606 1394 2822 1464 quibus
2852 1398 3198 1466 respondent
3229 1398 3459 1468 syllaba
3489 1412 3553 1454 ac
3575 1399 3682 1454 lit—

2025 1483 2159 1532 tera
2201 1481 2452 1535 eamdem
2496 1481 2809 1539 dictionem
2859 1485 3210 1554 complentes
3259 1491 3316 1542 et
3357 1487 3678 1543 columnam

2026 1566 2340 1633 proximam
2371 1569 2625 1636 ejusdem
2661 1571 2880 1641 pagina
2907 1581 3269 1641 occupantes,
3307 1574 3682 1644 illiquejun-

2024 1654 2238 1724 genda)
2285 1658 2474 1711 secuit
2534 1657 2752 1728 aliquis
2804 1660 2860 1713 in
2915 1666 3102 1728 partes
3150 1662 3314 1731 duas,
3369 1668 3543 1732 atque
3597 1663 3678 1718 ita

256 1754 357 1796 non
396 1739 691 1807 intelligit
721 1738 866 1794 hanc
909 1739 985 1792 ita
1020 1739 1184 1809 longe
1224 1739 1294 1793 ab
1327 1739 1450 1794 illis
1480 1740 1716 1808 distare,
1751 1744 1817 1794 ut
1847 1753 1916 1796 ne
1948 1733 2002 1793 B
2025 1743 2328 1812 compegit,
2397 1745 2560 1813 quasi
2634 1746 2914 1801 columna
2988 1755 3493 1818 consequerentur,
3567 1763 3678 1805 non

255 1828 505 1886 conferri
537 1827 773 1897 quidem
807 1827 1007 1896 possit.
1050 1827 1173 1882 Rufi
1210 1827 1362 1882 enim
1389 1834 1446 1882 et
1469 1829 1720 1884 Victoris
1749 1829 1914 1898 plena

258 1925 334 1974 est
363 1916 657 1983 recensio,
699 1916 948 1986 elegans,
992 1915 1292 1986 castigata,
1329 1916 1582 1987 singulis
1618 1918 1676 1972 in
1717 1919 1913 1988 regio—

262 2007 426 2063 nibus
479 2017 830 2060 enumerans
876 2005 1053 2072 vicos,
1099 2004 1393 2070 adiculas,
1449 2005 1678 2074 templa,
1733 2006 1908 2074 lacus,

268 2096 504 2163 balinea,
556 2094 831 2162 thermas,
877 2093 1119 2148 aediﬁcia
1162 2093 1414 2164 denique
1459 2099 1773 2149 memoratu
1815 2095 1917 2150 di-

269 2199 379 2255 gna,
406 2189 533 2238 tam
587 2181 815 2251 publica
857 2194 1026 2250 quam
1071 2183 1308 2250 privata.
1351 2181 1423 2236 At
1455 2181 1571 2236 hac
1599 2181 1914 2252 descriptio

258 2273 510 2342 jejunior
557 2284 770 2341 paucas
815 2269 1120 2325 admodum
1169 2270 1552 2326 indicationes
1594 2271 1912 2342 insignium

260 2363 750 2417 monimentorum
789 2364 1098 2429 percenset.
1148 2359 1429 2414 Redditur
1458 2364 1706 2415 attamen
1747 2360 1916 2415 utilis

260 2451 525 2506 ordinata
553 2449 676 2517 illa,
707 2448 842 2504 licet
865 2461 1030 2517 parca
1059 2447 1413 2503 indicatione
1443 2448 1720 2510 locorum,
1751 2449 1917 2517 juxta

260 2540 349 2594 via
388 2539 643 2594 ductum
684 2537 882 2592 dextra
927 2536 1180 2606 lavaque
1211 2537 1594 2606 sequentium,
1628 2543 1684 2592 et
1711 2537 1919 2593 obver-

257 2630 514 2684 santium
553 2628 607 2682 ei
646 2627 745 2697 qui
789 2626 986 2696 aliqua
1027 2639 1094 2681 ex
1131 2631 1293 2695 porta
1329 2626 1498 2680 Urbis
1540 2627 1808 2695 procedat
1845 2628 1914 2683 ad

255 2717 450 2789 aliam,
491 2717 583 2772 vel
626 2716 696 2772 ad
731 2720 949 2770 certum
989 2715 1094 2770 via
1133 2728 1250 2770 sua
1291 2715 1598 2770 terminum
1639 2715 1791 2770 intra
1830 2715 1916 2773 vel

255 2814 409 2862 extra
441 2805 652 2861 Urbem
680 2823 697 2876 ;
721 2807 777 2860 in
801 2803 1083 2873 ejusmodi
1109 2803 1577 2874 progressionum
1599 2803 1794 2860 titulis
1817 2805 1918 2860 in-

257 2896 515 2952 dicatum
528 2935 541 2948 .

2024 1829 2390 1884 coharerent.
2458 1832 2756 1900 Ejusmodi
2823 1841 3010 1889 tamen
3071 1835 3344 1890 damnum
3415 1849 3678 1905 reparare

2027 1929 2136 1971 non
2170 1916 2284 1972 fuit
2309 1917 2565 1985 difﬁcile,
2608 1933 2734 1975 cum
2772 1921 3057 1977 dictiones
3095 1923 3232 1992 ipsa
3268 1931 3679 1980 consecuturas

2025 2005 2274 2074 syllabas
2301 2006 2776 2075 demonstrarent,
2808 2011 2892 2064 uti
2931 2010 3230 2066 observare
3265 2012 3477 2080 poterit
3507 2013 3679 2082 quis-

2026 2093 2160 2164 quis
2187 2093 2468 2149 editionis
2498 2095 2922 2152 Mabilloniana
2961 2097 3198 2168 paginas
3231 2098 3311 2152 ita
3341 2099 3680 2168 contulerit,

2024 2181 2111 2236 uti
2138 2195 2240 2237 nos
2261 2183 2600 2251 prastitisse
2623 2189 2942 2256 cognoscet.
2981 2186 3235 2254 Exempli
3259 2199 3429 2241 causa
3453 2192 3680 2254 postre-

2024 2283 2152 2324 mus
2175 2284 2373 2326 versus
2402 2286 2527 2342 pag.
2549 2270 2654 2328 507
2673 2274 2811 2328 edit.
2841 2273 3164 2330 Mabillonii
3200 2274 3680 2344 prosequentibus

2025 2359 2136 2413 iter
2159 2371 2190 2414 a
2216 2367 2374 2428 porta
2399 2361 2682 2418 Flaminia
2716 2363 2867 2418 intra
2895 2363 3099 2418 Urbem
3129 2363 3197 2418 ad
3234 2363 3426 2418 lavam
3459 2364 3678 2420 indicat

2025 2453 2326 2516 sequentes
2366 2462 2564 2505 versus
2609 2463 2728 2520 pag.
2778 2448 2904 2519 508,
2945 2456 3001 2506 et
3042 2465 3172 2507 cum
3211 2452 3298 2506 eis
3341 2451 3578 2507 titulum
3618 2452 3676 2507 S.

2025 2533 2277 2589 Silvest-ri
2303 2537 2383 2607 (in
2413 2539 2603 2606 capite
2634 2552 2786 2594 nunc
2815 2539 3184 2610 appellatum)
3208 2545 3258 2594 et
3288 2542 3366 2594 sic
3401 2556 3502 2611 per
3540 2557 3680 2610 por-

2027 2625 2192 2677 ticum
2231 2639 2400 2693 usque
2441 2625 2758 2680 Columnam
2797 2631 2891 2683 AR
2937 2627 3078 2699 (lege
3121 2627 3234 2698 AN)
3266 2646 3282 2698 ;
3313 2642 3442 2684 mox
3485 2629 3676 2684 eadem

2025 2711 2117 2767 via
2158 2713 2439 2768 Flaminia
2481 2714 2632 2770 intra
2673 2715 2868 2770 urbem
2916 2716 3233 2787 progressis
3272 2717 3675 2772 sinistrorsum

2027 2801 2244 2871 pariter
2273 2801 2512 2857 offertur
2547 2805 2743 2857 Forma
2780 2807 3027 2870 Virginis
3061 2805 3244 2876 (aqua
3273 2805 3500 2861 scilicet
3541 2805 3678 2860 Vir-

2025 2887 2199 2961 ginis)
2225 2891 2430 2955 fracta,
2473 2889 2681 2945 deinde
2719 2891 2910 2946 Sancti
2938 2893 3184 2946 Marcelli
3215 2893 3445 2948 titulus.
3479 2895 3680 2948 Iterum

320 2985 557 3040 Utinam
592 2983 660 3038 ad
699 2995 801 3038 nos
833 2981 1184 3051 pervenisset
1214 2979 1408 3035 minus
1437 2979 1680 3050 abrupta
1705 2986 1761 3036 et
1799 2982 1917 3038 mi—
2017 2993 2119 3048 per
2136 2979 2409 3046 porticum
2433 2993 2605 3048 usque
2628 2980 2704 3032 ad
2725 2981 3034 3050 Apostolos.
3058 2981 3200 3050 Quis
3229 2982 3423 3052 itaque
3448 2995 3559 3037 non
3584 2982 3678 3036 vi-

255 3057 626 3130 nuscont’usa
644 3069 1912 3141 hacqualiscunquepercensio.Nosceremus
1941 3054 1990 3116 C
2023 3067 2152 3122 deat
2198 3065 2343 3122 hanc
2391 3068 2778 3124 recensionem
2827 3070 3205 3127 adificiorum
3258 3071 3327 3127 ad
3379 3070 3677 3126 sinistram

253 3163 455 3218 saltem
474 3160 783 3232 vestigium
806 3157 1040 3228 aliquod
1063 3157 1283 3212 viarum
1308 3157 1565 3212 omnium
1589 3159 1916 3226 pracipua-

254 3266 400 3320 rum,
431 3264 565 3320 qua
597 3251 657 3303 in
687 3248 835 3303 Urbe
873 3246 1390 3318 frequentabantur
1421 3253 1547 3314 post
1575 3246 1767 3302 clades
1795 3246 1916 3302 Go—

257 3338 443 3393 thicas
463 3343 522 3392 et
549 3335 912 3402 Vandalicas,
941 3347 1006 3388 ac
1026 3334 1383 3402 direptiones
1413 3333 1913 3403 Langobardorum

257 3427 771 3481 etSaracenorum.
803 3421 876 3476 At
904 3421 1051 3477 malo
1084 3420 1409 3475 litterarum
1442 3418 1558 3475 fato
1583 3421 1830 3492 contigit
1853 3428 1916 3477 ut

259 3515 525 3570 collectio
577 3513 689 3567 ista
737 3511 806 3566 ab
861 3516 1094 3566 auctore
1140 3507 1492 3563 scriberetur
1541 3509 1913 3579 negligenter,

265 3617 412 3660 more
443 3601 910 3656 adversariorum
941 3604 1044 3653 aut
1071 3597 1412 3652 schedarum
1463 3598 1749 3652 memoria
1785 3604 1920 3654 tan-

262 3699 375 3748 tum
402 3703 609 3759 causa,
639 3695 702 3744 ut
726 3701 894 3744 casus
914 3685 1152 3756 obtulit,
1174 3685 1378 3740 dietim
1404 3685 1710 3740 relatarum
1737 3687 1793 3741 in
1816 3701 1922 3744 co—

2021 3155 2468 3211 constitutorum
2514 3157 2660 3225 ejus,
2707 3158 2871 3226 quia
2915 3160 3081 3213 Porta
3115 3158 3395 3213 Flaminia
3425 3159 3495 3213 ad
3537 3171 3679 3212 san-

2022 3250 2144 3299 ctos
2164 3243 2465 3298 duodecim
2492 3243 2781 3311 apostolos
2812 3245 2903 3298 via
2933 3245 3215 3300 Flaminia
3250 3242 3443 3317 [hodie
3468 3245 3678 3300 Curri—

2021 3331 2205 3388 culari
2237 3327 2411 3404 dicta]
2440 3332 2592 3387 intra
2621 3331 2824 3387 Urbem
2858 3333 3142 3402 procedat.
3171 3333 3522 3403 jungendam
3555 3344 3679 3387 esse

2019 3422 2188 3476 alteri
2211 3420 2472 3478 sectioni.
2498 3434 2561 3476 ea
2589 3436 2714 3491 qua
2739 3422 3101 3476 dextrorsum
3126 3421 3398 3474 visuntur
3420 3419 3674 3475 eamdem

2019 3511 2110 3564 via
2152 3509 2568 3564 demonstranti
2621 3522 2743 3578 pag.
2796 3506 2921 3577 508,
2971 3509 3066 3564 sed
3121 3506 3419 3575 peturbato
3472 3508 3678 3564 ordine

2025 3597 2355 3668 postposita
2384 3601 2441 3651 et
2474 3597 2552 3650 ita
2585 3597 2917 3666 perscripta
2937 3596 2966 3650 ‘?

1793 3779 1899 3831 Via
1927 3779 2290 3833 Lateranense

1279 3851 1473 3907 Sancti
1508 3845 1800 3902 Laurentii
1837 3848 1896 3903 in
1936 3849 2149 3904 Lucina

1291 3918 1548 3978 TONINI.
1591 3917 1919 3975 Obeliscum

1298 3993 1574 4048 Columna
1607 3990 1880 4044 Antonini

262 4023 412 4119 Unde
440 4061 749 4134 colligitur
777 4075 980 4117 versus
1011 4023 1396 4131 praecedenti;l
1408 4023 1969 4135 $3'é'.“53"1"33iﬁ"m:.
1991 4058 2481 4131 consequentibus
2505 4063 2562 4114 et
2585 4058 2924 4128 postpositis
2960 4071 3087 4130 pag.
3114 4055 3222 4116 508
3261 4058 3343 4114 ita
3370 4071 3496 4114 esse
3529 4057 3680 4127 jun-

265 4136 475 4204 gendos

1339 4209 1390 4264 Α
1419 4207 1588 4260 Porta
1615 4203 1894 4257 Flaminia
1929 4219 2102 4273 usque
2128 4204 2222 4256 via
2254 4202 2615 4256 Lateranense

724 4281 729 4285 ’
834 4291 900 4345 In
925 4291 1168 4346 Sinistra
1194 4293 1584 4350 Pariturrium

765 4361 957 4434 Sancti
991 4362 1257 4418 Silvestri
1287 4372 1343 4419 et
1367 4365 1454 4419 sic
1485 4377 1584 4434 per

731 4433 1015 4502 porticum
1058 4449 1239 4504 usque
1270 4431 1592 4490 columnam
1625 4431 1981 4488 ANTONINI.

765 4505 958 4560 Sancti
995 4505 1272 4560 Marcelli.
1305 4507 1511 4560 Iterum
1548 4519 1646 4573 per

732 4576 1017 4645 porticum
1053 4591 1239 4648 usque
1263 4577 1333 4632 ad
1366 4575 1671 4646 Apostolos

2083 4289 2275 4345 Sancti
2305 4288 2599 4344 Laurentii
2634 4289 2693 4344 in
2717 4289 2932 4345 Lucina
2957 4291 3019 4344 In
3049 4289 3219 4346 dextr

2341 4430 2671 4487 Obeliscum

2339 4502 2613 4556 Columna
2646 4502 2924 4558 Antonini

2342 4573 2444 4627 Via
2483 4575 2854 4627 Lateranense

331 4665 555 4721 Indicat
574 4676 708 4720 vero
736 4664 1100 4720 itinerarium
1125 4665 1406 4735 Anonymi
1435 4664 1574 4719 sein
1599 4668 1760 4732 porta
1783 4663 1920 4718 Fla—
1945 4667 1999 4727 D
2029 4661 2268 4718 titulum
2315 4662 2494 4714 sancti
2527 4661 2794 4723 Marcelli,
2840 4667 2895 4716 et
2935 4663 3131 4716 iterum
3162 4677 3265 4732 per
3303 4662 3574 4730 porticum
3611 4660 3678 4715 ad

268 4756 444 4810 minia
467 4753 876 4820 constitutum,
914 4759 971 4808 et
995 4762 1316 4823 pergentem
1353 4759 1504 4809 recta
1528 4766 1710 4822 usque
1734 4751 1802 4806 ad
1837 4751 1920 4806 ti—

266 4843 416 4897 tulos
433 4841 623 4896 sancti
652 4839 904 4895 Marcelli
933 4845 987 4894 et
1009 4847 1336 4896 sanctorum
1357 4839 1660 4896 duodecim
1682 4846 1922 4908 aposto—

265 4929 472 4995 lorum,
499 4929 905 4984 sinistrorsum
935 4928 1166 4998 quidem
1198 4929 1412 4985 vidisse
1436 4929 1776 4982 Pariturium
1795 4926 1919 4995 (alii

268 5017 564 5088 legendum
597 5023 801 5086 putant
827 5018 1209 5080 Periturrium,
1236 5018 1340 5073 hoc
1371 5024 1458 5072 est
1481 5015 1758 5071 ambitum
1788 5022 1924 5071 tur—

266 5106 414 5160 rium
435 5103 509 5160 29
538 5119 570 5160 a
595 5110 757 5174 porta
779 5105 1062 5160 Flaminia
1096 5107 1164 5160 ad
1190 5104 1617 5179 Pincianam,in
1641 5103 1923 5160 moenibus

267 5198 320 5247 et
360 5194 512 5248 clivo
556 5192 1024 5262 conspicuarum,
1069 5207 1213 5264 quas
1252 5201 1547 5249 enumerat
1587 5206 1710 5263 pag.
1751 5189 1918 5263 5M);

269 5283 470 5338 deinde
511 5281 756 5337 titulum
799 5285 975 5336 sancti
1009 5282 1280 5344 Silvestri,
1323 5283 1474 5338 unde
1517 5298 1616 5351 per
1651 5285 1922 5351 porticum

268 5370 350 5439 (ex
389 5372 466 5426 iis
505 5385 637 5441 qua
677 5378 1016 5441 supererant
1057 5372 1115 5426 in
1150 5373 1358 5441 Campo
1396 5370 1620 5441 Martio)
1649 5385 1818 5438 usque
1847 5369 1922 5423 ad

271 5458 587 5515 Columnam
613 5461 724 5514 AN
729 5461 972 5516 ΤΟΝΙΝΙ
993 5461 1214 5531 (nempe
1251 5462 1318 5514 ad
1345 5459 1671 5515 Cochlidem
1702 5459 1772 5512 Μ.
1795 5457 1922 5512 Au—

275 5549 394 5604 relii
431 5548 744 5619 Antonini)
774 5562 1132 5619 progressum
1181 5550 1240 5604 in
1264 5549 1505 5604 sinistra
1545 5546 1922 5616 pertransisse

2029 4749 2266 4804 titulum
2301 4748 2396 4802 SS.
2424 4749 2789 4818 apostolorum
2820 4750 3164 4818 pervenisse,
3199 4754 3254 4804 et
3279 4749 3344 4804 ad
3377 4749 3536 4802 Viam
3565 4748 3680 4800 La-

2031 4844 2386 4897 teranensem,
2413 4852 2538 4906 qua
2559 4838 2664 4904 (uti
2689 4851 2753 4892 ex
2782 4838 2954 4893 titulo
2979 4839 3255 4893 sectionis
3277 4835 3529 4906 apparet)
3551 4835 3684 4891 fue—

2032 4933 2120 4980 rat
2147 4924 2460 4980 constituta
2495 4925 2668 4992 hujus
2699 4926 2930 4980 itineris
2962 4931 3124 4979 meta.

2101 5017 2466 5070 Dextrorsum
2502 5027 2631 5067 vero
2652 5019 2876 5068 constat
2905 5015 3209 5070 adnotasse
3231 5012 3467 5070 titulum
3493 5015 3679 5070 sancti

2031 5104 2318 5159 Laurentii
2353 5104 2411 5156 in
2449 5103 2668 5164 Lucina,
2700 5103 2909 5157 deinde
2950 5103 3261 5167 obeliscum,
3304 5117 3503 5174 nempe
3542 5103 3683 5159 obe-

2033 5193 2237 5248 liscum
2272 5192 2552 5263 insignem
2585 5191 2779 5260 Campi
2823 5192 3036 5260 Martii,
3083 5201 3279 5249 nostra
3320 5195 3490 5249 etiam
3522 5199 3683 5248 atate

2026 5283 2302 5352 jacentem
2333 5294 2504 5350 prope
2529 5281 2786 5336 eumdem
2810 5280 3070 5348 titulum,
3094 5284 3261 5352 cujus
3285 5295 3415 5350 pars
3436 5281 3683 5338 maxima

2030 5373 2343 5426 etiamnum
2377 5371 2590 5425 visitur
2617 5371 2672 5425 in
2701 5371 2843 5426 cella
2871 5372 3092 5427 vinaria
3119 5373 3322 5427 domus
3351 5371 3606 5440 privata,
3628 5378 3686 5426 et

2031 5475 2062 5514 a
2091 5459 2344 5514 Nardino
2371 5459 2725 5516 describitur
2753 5459 2856 5515 lib.
2885 5474 2962 5530 Vl,
2997 5475 3120 5529 cap.
3149 5458 3202 5528 6,
3238 5471 3362 5529 pag.
3399 5456 3523 5522 354,
3560 5473 3682 5514 me-

2032 5553 2287 5604 morante
2319 5561 2490 5618 prOpe
2531 5547 2682 5604 hunc
2721 5549 3059 5616 obeliscum,
3101 5547 3224 5603 loco
3257 5547 3393 5618 styli
3429 5555 3679 5605 erectum
