4032 6168
355 321 460 378 347

353 442 611 512 Augusto
647 442 705 497 in
743 443 953 513 Campo
985 443 1211 514 Martio,
1249 444 1336 500 uti
1378 443 1605 500 Plinius
1644 449 1858 513 narrat,
1897 442 1998 498 lib.
2026 445 2084 504 A

356 545 554 600 xxxvr,
613 545 734 602 cap.
790 530 843 602 9,
893 533 961 588 ad
1017 534 1520 603 deprehendendas
1562 534 1704 589 solis
1749 533 2001 602 umbras,

353 620 694 690 dierumque
731 635 796 677 ac
828 622 1079 677 noctium
1125 623 1576 694 magnitudinem
1611 623 1669 676 in
1701 622 2003 677 sciaterico

356 707 641 777 horoligio
701 709 1047 765 horizontali
1099 710 1490 776 indicandam,
1548 717 1766 780 reperta
1823 707 2004 764 fuisse

353 795 666 866 fragmenta
711 811 865 851 anea
893 797 1165 853 deaurata
1207 799 1534 869 regularum
1579 799 1746 853 horas
1775 802 1829 853 et
1869 811 2004 852 um—

352 883 510 938 bram
539 885 956 939 denotantium.
1002 887 1131 941 Post
1159 886 1472 942 obeliscum
1503 887 1866 942 dextrorsum
1897 899 2003 941 oc-

351 973 618 1028 currebat
658 975 906 1028 columna
950 976 1242 1037 Antonini,
1287 975 1403 1030 alia
1445 976 1670 1031 scilicet
1711 975 1998 1046 columna,

352 1076 477 1131 qua
527 1062 740 1116 ibidem
780 1063 1036 1132 perstitit
1078 1071 1260 1119 erecta
1308 1065 1365 1118 in
1406 1065 1554 1119 clivo
1591 1065 1792 1118 Citorio
1830 1064 2000 1134 vulgo

1149 325 1242 381 AD
1279 324 1718 382 ANASTASIUM
1754 321 2268 382 PROLEGOMENA
2305 323 2483 379 EDIT.
2525 319 2963 379 ROM.—VATIC.

3655 316 3762 375 348

2181 442 2396 499 Addam
2430 455 2656 513 quoque
2683 441 2947 497 veritatis
2983 443 3494 511 auctoramentum,
3527 453 3595 494 ex
3626 451 3762 508 per-

2112 530 2340 586 turbata
2401 531 2621 585 ratione
2676 530 2993 585 sectionum
3044 529 3356 598 Itinerarii,
3418 540 3633 584 necnon
3690 539 3759 581 ex

2111 619 2364 687 ejusdem
2395 619 2600 674 erratis
2639 617 3000 687 capiendum.
3042 617 3343 674 Observari
3383 617 3552 672 velim
3585 615 3760 684 hujus

2111 707 2401 762 Itinerarii
2432 713 2720 763 auctorem
2754 707 2812 762 in
2843 706 3094 776 singulis
3127 707 3311 776 portis
3340 707 3527 761 Roma
3558 703 3760 759 consi—

2111 803 2260 852 stere
2300 803 2472 867 atque
2503 797 2612 852 iter
2649 797 2902 868 dirigere
2926 796 3010 851 vel
3047 795 3114 851 ab
3145 809 3256 850 una
3299 795 3468 850 Urbis
3500 798 3660 863 porta
3685 791 3756 846 ad

2109 885 2303 955 aliam,
2327 886 2465 941 vela
2491 891 2650 955 porta
2669 887 2738 941 ad
2762 887 2988 953 Forum,
3015 886 3101 940 uti
3123 898 3193 939 ex
3220 884 3414 939 titulis
3437 883 3757 938 sectionum

2109 981 2348 1031 constat.
2383 974 2702 1030 Consilium
2737 974 2826 1029 illi
2859 973 3062 1042 fuerat,
3097 973 3246 1044 quod
3290 985 3437 1041 sape
3465 971 3610 1038 dixi,
3646 969 3759 1025 ob-

2109 1067 2337 1119 servatu
2375 1062 2643 1134 digniora
2676 1063 2745 1118 ad
2779 1063 3075 1117 sinistram
3113 1062 3226 1116 sita
3258 1062 3317 1116 in
3349 1073 3461 1116 una
3490 1059 3758 1115 columna

348 1151 504 1205 dicto
549 1163 732 1220 usque
777 1151 848 1206 ad
895 1164 1108 1207 annum
1159 1150 1315 1224 4702,
1360 1167 1486 1207 cum
1527 1153 1885 1224 detegeretur
1931 1165 2000 1208 ex
2106 1153 2432 1222 disponere,
2477 1151 2705 1222 praﬂxa
2737 1152 2905 1207 litera
2934 1151 2992 1214 S,
3037 1150 3267 1206 sinistri
3313 1149 3512 1204 lateris
3542 1148 3754 1216 indice,

349 1237 629 1307 stylobate
675 1244 848 1310 atque
891 1241 1288 1312 inscriptione,
1331 1241 1605 1297 celebrem
1649 1241 1808 1296 illam
1850 1253 1993 1311 esse,
2104 1241 2189 1297 vel
2213 1247 2442 1297 extensa
2469 1241 2690 1312 integra
2715 1240 2969 1295 dictione
2996 1242 3057 1293 in
3085 1241 3591 1305 sinistra;necnon
3611 1237 3759 1292 dex-

345 1325 636 1382 Antonino
667 1329 765 1383 Pio
795 1329 1113 1384 dedicatam
1144 1330 1202 1384 in
1233 1331 1358 1399 ejus
1387 1331 1704 1400 apotheoei,
1737 1334 1910 1400 atque
1935 1329 1995 1384 in
2104 1335 2355 1386 trorsum
2385 1330 2569 1400 posita
2597 1329 2657 1383 in
2683 1328 2800 1383 alia
2822 1329 3089 1384 columna
3113 1327 3410 1395 collocare,
3443 1325 3538 1381 cui
3563 1324 3757 1380 littera

349 1416 797 1472 numismatibus
835 1431 1160 1486 expressam
1195 1438 1206 1472 :
1241 1424 1297 1474 et
1329 1419 1547 1474 idcirco
1587 1418 1996 1474 transferretur
2101 1421 2150 1472 D
2179 1417 2514 1489 significans
2541 1417 2839 1473 dexterum
2879 1416 3030 1472 latus
3061 1414 3500 1487 progredientis,
3533 1413 3621 1468 vel
3649 1425 3759 1467 ex—

345 1503 414 1558 ad
437 1508 701 1558 ornatum
734 1503 843 1560 fori
879 1507 1121 1575 proximi
1157 1512 1287 1563 ante
1319 1508 1593 1578 palatium
1615 1507 1995 1577 juridicundo
2104 1513 2264 1564 tensa
2291 1507 2494 1576 dictio,
2527 1509 2588 1560 in
2635 1507 2860 1561 dextera
2903 1505 3308 1577 praﬂgeretur.
3343 1503 3551 1558 Mirum
3588 1501 3756 1556 dictu

343 1591 663 1661 etpubl'icis
681 1593 986 1650 tabulariis
1001 1598 1362 1653 asservandis
1379 1610 1560 1666 nuper
1574 1601 1990 1652 constructum.
2102 1601 2208 1666 est,
2237 1609 2581 1667 anonymum
2615 1601 2876 1652 nostrum
2907 1594 3221 1665 aliquando
3245 1593 3471 1648 easdem
3503 1589 3682 1662 siglas
3711 1590 3756 1643 Ι)

343 1681 474 1736 Post
515 1695 636 1738 eam
676 1683 1009 1740 Columnam
1052 1685 1330 1742 Antonini
1372 1687 1458 1741 Pii
1501 1687 1885 1758 pertingimus
1921 1688 1990 1743 ad
2101 1692 2156 1741 et
2179 1687 2216 1741 S
2251 1690 2619 1756 permutasse,
2643 1691 2698 1740 et
2721 1698 2786 1740 ea
2812 1698 2937 1754 qua
2964 1685 3030 1739 ad
3056 1684 3345 1738 dexteram
3381 1680 3759 1736 obversaren—

343 1770 490 1825 viam
523 1773 972 1844 Lateranensem,
1006 1788 1126 1830 eam
1155 1775 1380 1832 scilicet
1409 1791 1534 1847 qua
1568 1777 1699 1832 inde
1731 1777 1993 1846 perducit
2025 1770 2075 1832 Β
2102 1783 2217 1846 tur,
2251 1790 2350 1847 pro
2376 1777 2638 1832 sinistris
2670 1775 3022 1846 negligenter
3050 1773 3358 1830 obtrudere
3389 1789 3404 1841 ;
3433 1777 3533 1827 aut
3555 1784 3585 1826 e
3607 1783 3758 1826 con-

340 1861 407 1916 ad
437 1863 794 1932 Lateranum,
819 1865 1179 1920 dextrorsum
1207 1866 1481 1923 ﬂectendo
1505 1881 1601 1937 per
1625 1867 1748 1924 loca
1769 1867 1830 1923 in
1854 1881 1994 1937 pro—
2101 1881 2262 1924 verso
2288 1881 2415 1938 qua
2443 1866 2512 1921 ad
2547 1866 2741 1920 lavam
2767 1865 3008 1934 viderat,
3034 1864 3265 1919 dextera
3295 1861 3664 1931 inscripsisse
3693 1860 3756 1915 in

339 1955 515 2010 ximis
545 1957 810 2035 versibus
844 1958 923 2012 ita
956 1958 1236 2013 recensita
1267 1973 1280 2009 :

549 2047 803 2101 Therma
822 2048 1220 2104 Alexandrina

552 2135 742 2190 Sancti
777 2137 1093 2204 Eustachii,
1126 2143 1182 2192 et
1213 2138 1458 2194 rotunda

555 2223 807 2277 Therma
835 2223 1252 2280 Commodiana

553 2311 915 2376 Minervium,
948 2319 1004 2368 et
1029 2315 1096 2368 ad
1125 2317 1178 2370 S.
1216 2317 1504 2371 Marcum:

411 2401 742 2470 Descriptor
784 2401 1098 2471 Itinerarii,
1146 2418 1275 2458 cum
1307 2419 1373 2460 ex
1415 2411 1576 2474 porta
1607 2405 1888 2461 Flaminia
1919 2407 1988 2462 ad

340 2490 486 2546 viam
529 2492 958 2545 Lateranensem
1001 2503 1103 2546 nos
1146 2493 1459 2560 perducens
1506 2494 1702 2549 dextra
1741 2493 1992 2564 lavaque

343 2578 564 2648 potiora
585 2579 831 2633 adiﬁcia
857 2579 1271 2646 recensuisset;
1300 2581 1507 2634 iterum
1529 2581 1689 2636 sistit
1710 2582 1767 2636 in
1793 2588 1987 2652 porta;

339 2671 398 2721 et
422 2680 693 2722 converso
728 2668 935 2723 itinere
965 2666 1107 2722 foris
1140 2681 1353 2735 muros,
1389 2669 1506 2723 hac
1534 2669 1696 2724 addit
1723 2688 1736 2724 :

553 2759 613 2811 In
648 2757 750 2811 Via
781 2757 1069 2812 Flaminea
1104 2755 1244 2812 foris
1277 2771 1504 2813 murum

553 2847 613 2900 In
644 2847 881 2899 Dextera
910 2846 1099 2900 Sancti
1135 2845 1420 2902 Valentini

552 2936 613 2990 In
643 2934 890 2990 Sinistra
928 2933 1169 2990 Tiberis.

409 3023 522 3078 Hac
545 3023 728 3094 igitur
753 3022 1148 3086 observatione
1172 3023 1453 3092 adhibita,
1485 3025 1766 3082 sectiones
1794 3029 1993 3082 trans—

341 3111 540 3182 posita
563 3111 737 3181 hujus
759 3111 1048 3167 itinerarii
1070 3113 1138 3167 ad
1159 3127 1325 3168 suum
1346 3115 1601 3168 ordinem
1625 3115 1988 3185 rediguntur,
2018 3099 2068 3162 C

338 3213 402 3255 ac
441 3200 722 3269 sejunctis
765 3200 1030 3270 partibus
1069 3206 1505 3257 connectuntur.
1548 3201 1605 3257 Si
1653 3203 1992 3258 membrana

340 3289 464 3344 ista
488 3288 879 3344 Einsidlenses
911 3287 1156 3344 fuissent
1183 3289 1436 3361 integra,
1471 3291 1614 3346 satis
1638 3293 1991 3348 commodam

338 3377 508 3432 Urbis
539 3377 1012 3450 ichnographiam
1057 3377 1418 3446 haberemus,
1450 3386 1505 3434 et
1534 3380 1989 3437 cameteriorum

337 3465 656 3538 catalogum
681 3466 1152 3537 topograph‘icum
1179 3466 1512 3536 pleniorem.
1533 3469 1738 3524 Verum
1761 3483 1828 3524 ex
1855 3484 1992 3539 por-

339 3563 524 3610 tarum
563 3556 993 3611 enumeratione
1037 3570 1208 3627 quam
1253 3557 1504 3626 exhibet,
1555 3563 1791 3628 apparet
1833 3573 1997 3615 com—

346 3643 541 3711 plures
584 3646 868 3699 sectiones
896 3645 1235 3701 desiderari.
1284 3647 1520 3702 Prastat
1551 3653 1800 3704 attamen
1829 3648 1996 3710 illius

337 3731 526 3784 atatis
569 3731 908 3786 documenta
957 3734 1246 3802 qualibet,
1291 3735 1429 3790 licet
1471 3737 1808 3794 detruncata
1855 3753 2004 3807 pro-~

337 3817 566 3888 ducere,
607 3833 777 3888 quam
810 3821 887 3876 iis
915 3821 1150 3876 omnino
1189 3819 1458 3878 fraudare
1499 3823 1801 3882 historiam
1831 3829 1992 3882 Ana-

337 3905 525 3961 stasii.

2101 1958 2229 2013 suis
2257 1955 2623 2012 adversariis.
2659 1955 2785 2008 Hac
2811 1967 3010 2022 nempe
3030 1952 3343 2008 ostendunt
3367 1957 3580 2022 quanto
3603 1949 3759 2007 faci—

2102 2047 2238 2102 liori
2261 2046 2426 2115 lapsu
2450 2045 2703 2114 hospites
2730 2044 2896 2099 illius
2915 2043 3103 2098 atatis
3123 2057 3236 2098 non
3256 2041 3560 2097 admodum
3583 2040 3757 2100 culta

2104 2149 2334 2206 peccare
2375 2136 2666 2204 potuerint
2706 2134 2764 2188 in
2807 2133 3201 2188 describendis
3244 2129 3758 2202 epigrammatibus

2100 2226 2382 2296 antiquis,
2409 2236 2721 2294 eorumque
2748 2222 3006 2278 numeris
3043 2221 3430 2291 chron010gia
3458 2217 3757 2275 indicibus

2099 2327 2169 2369 ex
2192 2312 2569 2385 autographis
2593 2312 2882 2382 Catalogis
2911 2310 3305 2377 basilicarum,
3333 2323 3401 2364 ex
3425 2307 3675 2364 arcubus
3697 2312 3758 2363 et

2102 2403 2488 2459 monumentis
2516 2402 2844 2471 principum
2869 2414 2936 2456 ac
2967 2400 3427 2470 magistratuum,
3457 2399 3558 2468 qui
3586 2403 3758 2468 pote—

2103 2499 2232 2550 rant
2281 2493 2565 2564 integrum
2608 2491 2712 2546 via
2749 2491 2988 2545 ductum
3036 2489 3268 2544 mendos
3316 2488 3550 2544 reddere
3591 2488 3757 2542 sini-

2102 2590 2285 2640 strum
2311 2596 2379 2638 ex
2419 2582 2668 2637 dextero.
2704 2579 2889 2648 Quare
2920 2593 3031 2635 non
3075 2579 3290 2648 injuria
3326 2577 3525 2634 censui
3560 2578 3616 2632 in
3658 2576 3757 2632 his

2103 2673 2388 2728 ﬁdendum
2422 2685 2543 2727 esse
2566 2671 2760 2740 potius
2787 2669 3016 2725 lectioni
3041 2669 3305 2724 codicum
3337 2668 3655 2738 positorum
3689 2666 3754 2722 in

2100 2761 2469 2818 bibliothecis
2491 2759 2659 2816 Urbis
2682 2759 2980 2830 proximis,
3003 2764 3059 2813 et
3077 2772 3205 2814 cum
3224 2756 3600 2828 autographis
3623 2769 3758 2811 mo-

2102 2850 2393 2906 numentis
2414 2863 2559 2918 sape
2584 2850 2823 2913 collata,
2857 2861 3027 2918 quam
3054 2847 3276 2903 cateris
3299 2847 3370 2902 ab
3394 2845 3556 2901 Italia
3584 2847 3766 2916 longe

2101 2941 2356 3008 remotis,
2398 2951 2640 3010 quorum
2687 2942 2877 2992 textus
2916 2950 3046 2992 cum
3076 2937 3453 3009 autographis
3491 2935 3764 2993 conferre

2099 3029 2195 3084 vix
2227 3028 2326 3083 ille
2357 3026 2563 3097 potuit,
2598 3025 2698 3096 qui
2733 3026 2940 3095 raptim
2972 3039 3036 3081 ea
3065 3025 3423 3081 describebat
3455 3037 3608 3081 more
3639 3025 3763 3080 iti-

2101 3117 2379 3188 nerantis,
2407 3129 2518 3171 non
2541 3115 2685 3170 satis
2705 3113 2944 3185 eruditi,
2967 3120 3068 3170 aut
3091 3127 3260 3170 mora
3281 3112 3657 3184 impatientis,
3687 3121 3764 3170 ut

2101 3206 2349 3262 reditum
2383 3208 2711 3260 maturaret.

2172 3296 2276 3350 His
2301 3294 2674 3364 pramonitus
2703 3295 2902 3349 Lector
2932 3292 3223 3364 permittet
3248 3297 3314 3348 ut
3337 3291 3576 3348 schedas
3602 3291 3764 3347 Ein—

2102 3384 2402 3454 sidlenses,
2433 3395 2746 3453 earumque
2769 3383 3052 3438 sectiones
3072 3380 3174 3436 tali
3198 3381 3402 3436 ordine
3423 3381 3757 3452 disponam,

2104 3473 2204 3546 qui
2236 3471 2562 3528 methodum
2589 3470 2878 3525 ltinerarii
2914 3470 3128 3537 reddat,
3162 3470 3308 3524 citra
3341 3468 3514 3524 ullam
3543 3467 3763 3524 verbo-

2105 3577 2232 3620 rum
2253 3566 2355 3617 aut
2377 3573 2643 3616 versuum
2664 3559 3174 3628 detruncationem,
3199 3559 3439 3615 servatis
3465 3559 3764 3614 dictioni-

2105 3652 2216 3708 bus
2235 3649 2485 3722 singulis
2500 3648 2776 3704 editionis
2798 3647 3238 3718 Mabilloniana,
3263 3649 3430 3717 cujus
3447 3647 3583 3703 folia
3603 3648 3762 3704 dex-

2103 3744 2191 3795 tra
2217 3740 2467 3810 lavaque
2491 3737 2612 3810 (ubi
2635 3738 3022 3807 componenda
3057 3738 3211 3809 sunt)
3235 3738 3517 3808 appositis
3542 3752 3757 3794 nume-

2100 3827 2183 3883 ris
2215 3827 2522 3884 indicanda
2552 3827 2769 3883 curavi.

1209 4231 1801 4304 DESCRIPTIO
1851 4194 1926 4258 (α)
2003 4233 2518 4304 REGIONUM
2609 4233 2894 4304 UBBIS

373 4517 915 4639 ANONYMI
974 4519 1799 4639 ITINERARIUM
1860 4521 2101 4638 PER
2141 4521 2592 4656 URBEM,
2642 4522 2780 4641 ET
2836 4523 3188 4642 CIRCA
3237 4525 3686 4659 URBEM.

338 4705 504 4767 Cum
542 4704 1066 4768 indicationibus
1103 4705 1622 4769 observabilium
1667 4705 2123 4848 adiﬁciorurfi,
2171 4707 2419 4771 ibidem
2456 4707 2895 4787 superstitum
2933 4709 3110 4772 circa
3145 4712 3456 4774 octavum
3495 4711 3750 4776 Christi

1880 4803 2054 4848 sacu
2085 4805 2199 4848 um

1880 4803 2199 4850 88011111111

406 5003 493 5055 Ea:
517 5017 651 5071 pag.
690 5000 797 5059 544
839 5003 1096 5060 editionis
1123 5006 1537 5062 Mabilloniana
1567 5011 1927 5078 pramittitur
1945 5013 2297 5137 genuntezutio
2322 5016 2608 5082 portarum
2651 5011 2832 5076 Urbis,
2868 5013 3094 5084 ejusque
3130 5031 3411 5072 murorum
3448 5017 3687 5072 ambitus

1844 5099 1907 5136 ac
2012 5098 2157 5137 scrin
2183 5099 2254 5137 to.

1844 5099 1907 5136 ac
1945 5098 2254 5152 descriptio.

1807 5215 2221 5228 ψ

401 5326 450 5384 Α
476 5333 636 5419 porta
655 5332 840 5388 sancti
862 5333 1014 5391 Petri
1042 5334 1122 5406 (b)
1142 5349 1272 5391 cum
1303 5335 1426 5404 ipsa
1449 5337 1630 5405 porta,
1656 5347 1839 5406 usque
1860 5351 1987 5406 por-
2017 5341 2072 5402 D
2164 5339 2210 5395 A
2237 5345 2395 5410 porta
2421 5340 2703 5398 Flaminia
2727 5357 2857 5400 cum
2886 5344 3009 5414 ipsa
3033 5350 3194 5411 porta
3217 5361 3400 5419 usque
3424 5347 3492 5403 ad
3520 5349 3748 5417 portam

333 5421 442 5472 tam
475 5418 822 5477 Flamineam
864 5427 1053 5479 turres
1082 5437 1176 5478 xv:
1211 5423 1636 5494 pr0pugnacula
1668 5437 1978 5498 DCCLxxxu,

334 5512 629 5576 posternas
661 5525 745 5583 ιιι,
777 5513 1129 5568 necessarias
1165 5524 1270 5565 ιιιι.
1302 5512 1580 5568 Fenestra
1621 5515 1860 5584 majores
1888 5515 1983 5573 fo-

334 5601 593 5655 rinsecus
620 5612 753 5670 cvu,
786 5601 1034 5656 minores
1060 5611 1208 5653 var.

2092 5428 2422 5485 Pincianam
2476 5431 2750 5500 clausam,
2798 5439 2988 5489 turres
3036 5449 3261 5507 xxvnn,
3308 5436 3748 5508 propugnacula

2090 5529 2336 5589 nexum,
2387 5532 2694 5592 necess.m,
2742 5519 3000 5578 fenestra
3043 5527 3282 5595 majores
3325 5525 3528 5583 forins.
3562 5540 3745 5597 Lxxv,

2091 5606 2343 5662 minores
2372 5621 2540 5662 cxvn.
