3998 6176
444 312 541 372 354

1281 311 1374 364 AD
1405 310 1836 366 ANASTASIUM
1875 310 2386 369 PROLEGOMENA
2421 311 2597 368 EDIT.
2639 310 3052 368 ROM.-VATIC.

3745 313 3862 373 353

450 439 732 509 culorum,
783 441 1224 509 interceptorum
1271 435 1422 490 inter
1465 441 1684 509 portam
1719 437 2080 491 Portuensem
2109 440 2166 497 A
2195 437 2342 490 viam
2369 450 2436 491 ex
2465 437 2669 492 itinere
2694 436 3049 509 institutoad
3074 435 3276 492 limina
3298 437 3713 506 apostolorum.
3748 454 3858 508 pro

451 516 508 566 et
555 505 773 579 portam
801 513 857 566 S.
895 505 1040 564 Petri
1082 508 1149 563 ad
1185 513 1405 576 pontem
1445 505 1678 579 Ellum,
1714 510 2086 579 portamiAu-

455 578 653 636 reli’am
683 582 761 636 ibi
786 584 957 637 sitam
993 579 1173 635 fuisse
1201 578 1653 646 quamproxime,
1687 591 1799 646 qua
1824 591 1890 632 ex
1920 578 2088 632 Uibis

454 653 636 707 muris
650 649 1352 722 regionisTranstiberina
1376 648 1842 722 progredimurin
1864 662 2088 704 summo

451 719 732 778 Janiculo'
757 725 824 779 ad
859 723 912 778 S.
958 720 1263 776 Pancratii.
1295 719 1504 773 Catera
1551 719 1934 786 explicatione
1974 733 2085 774 non

455 794 736 862 indigent.

523 859 706 919 Unum
736 864 938 919 addam
969 862 1038 917 ad
1074 859 1483 916 illustrandum
1513 859 1684 915 Urbis
1710 859 1991 914 ambitum
2021 873 2089 915 ex

453 932 558 989 hac
585 934 990 1004 descriptione,
1026 932 1270 998 scilicet,
1306 929 1556 984 turrium
1592 932 2090 1004 iiumerumpluri-

453 1005 563 1059 mis
591 1006 648 1059 in
677 1002 818 1060 locis
847 1004 1089 1072 spectari
1113 1003 1426 1057 etiamnum
1455 1004 1841 1070 superstitem.
1873 1002 2092 1056 Nume—

452 1075 572 1129 ravi
612 1077 764 1130 enim
813 1089 845 1130 a
884 1085 1041 1145 porta
1073 1075 1345 1128 Pinciana
1379 1073 1464 1145 _ad
1518 1073 1794 1127 Salariam
1843 1073 1990 1128 duas
2035 1077 2090 1126 et

451 1146 680 1216 viginti,
728 1143 966 1217 quot‘ab
1017 1145 1309 1217 Anonymo
1359 1143 1788 1217 describuntur,
1845 1157 2088 1217 quarum

451 1213 721 1272 tredecim
746 1213 923 1272 'intra
956 1216 1150 1271 hortos
1198 1213 1626 1276 Ludovisianos,
1663 1227 1858 1269 novem
1897 1214 1955 1267 in
1981 1214 2093 1268 ad-

452 1286 803 1342 harentibus
827 1288 1012 1342 vineis
1039 1298 1220 1354 usque
1248 1285 1317 1338 ad
1351 1285 1668 1352 proximam
1694 1291 1910 1354 portam
1940 1284 2091 1338 Sala-

450 1358 616 1411 riam.
635 1359 863 1412 Distant
890 1359 1128 1412 invicem
1160 1355 1332 1410 ferme
1351 1355 1650 1424 aqualiter
1680 1357 1866 1424 spatio
1885 1355 2089 1424 pedum

452 1429 830 1483 Romanorum
855 1435 1083 1483 centum
1107 1428 1312 1498 viginti
1339 1441 1371 1480 a
1396 1431 1796 1498 centroturris
1824 1428 2004 1498 unius
2020 1426 2087 1498 ad

449 1504 707 1553 centrum
735 1500 1140 1568 proxima,qui
1163 1495 1298 1552 sunt
1321 1511 1521 1565 passus
1541 1495 1628 1564 25,
1652 1497 1911 1568 qualium
1936 1496 2092 1550 mille

449 1571 808 1624 constituunt
840 1567 1180 1624 milliarium
1211 1569 1526 1624 Romanum
1557 1567 1850 1636 lapidibus
1869 1568 2092 1622 distin—

449 1644 604 1694 ctum
634 1646 797 1694 atate
819 1639 1150 1708 Vespasiani
1177 1652 1243 1692 ac
1269 1644 1481 1692 nostra.
1509 1642 1773 1693 Latitudo
1799 1639 1980 1692 turris
2004 1645 2092 1692 est

452 1711 655 1778 pedum
677 1711 912 1764 circiter
934 1708 1021 1764 20.
1047 1711 1293 1764 Cortina
1324 1723 1453 1762 vero
1478 1710 1627 1763 inter
1660 1720 1847 1764 turres
1880 1717 1941 1762 ut
1969 1709 2092 1777 plu-

450 1780 660 1834 rimum
694 1781 897 1849 pedum
926 1788 1174 1849 centum,
1211 1781 1268 1834 in
1313 1793 1411 1833 sex
1461 1793 1630 1834 arcus
1677 1784 1925 1850 aquales
1967 1783 2089 1848 ple-

448 1863 689 1920 rumque
718 1851 1052 1917 distributa,
1089 1854 1168 1906 ita
1203 1859 1264 1906 ut
1296 1851 1434 1905 iniri
1471 1851 1636 1905 facile
1669 1859 1850 1920 possit
1874 1863 1942 1904 ex
1978 1865 2093 1905 iiu-

448 1934 600 1976 mero
633 1923 882 1977 turrium
909 1937 1130 1977 summa
1161 1935 1428 1991 passuum
1456 1923 1785 1977 contituens
1812 1927 2091 1976 ambitum

447 2005 772 2064 murorum.
826 1993 1156 2064 AsSignatis
1193 1994 1344 2048 enim
1380 1995 1646 2061 passibus
1799 1993 2093 2064 distantia

447 2063 906 2134 uniuscujusque
928 2062 1109 2119 turris
1133 2079 1165 2119 a
1193 2065 1470 2134 proxima,
1499 2079 1626 2118 cum
1653 2071 1840 2120 turres
1869 2078 1936 2118 ex
1965 2062 2084 2117 cal~

446 2132 577 2204 culo
602 2132 896 2204 Anonymi
925 2132 1316 2204 supputeiitur
1338 2133 1462 2204 363,
1501 2136 1562 2189 ﬁt
1597 2136 1851 2191 ambitus
1880 2136 2086 2203 Roma,

443 2203 744 2275 Aureliani
789 2211 844 2259 et
881 2203 1143 2262 Belisarii
1174 2206 1458 2262 manibus
1489 2208 1782 2269 deﬁnitus,
1817 2218 2089 2275 passuum

444 2270 588 2350 9575
632 2279 994 2350 septuaginta
1048 2282 1305 2350 quinque
1351 2293 1526 2347 supra
1580 2292 1774 2334 novem
1817 2270 1988 2332 'mille
2035 2283 2091 2350 et

446 2344 819 2418 quingentos.
845 2344 1082 2414 ‘Hodie,
1108 2344 1330 2404 inclusa
1366 2344 1504 2404 urbe
1539 2350 1809 2418 Leoniiia,
1841 2355 1898 2403 et
1923 2349 2091 2402 lani-

443 2415 596 2488 culo,
631 2429 832 2485 passus
866 2431 1091 2488 aquare
1121 2422 1340 2475 dicitur
1371 2418 1559 2474 15330.

518 2487 813 2560 Pramissa
839 2487 1226 2560 desci-iptione
1255 2498 1426 2560 atque
1455 2491 1657 2546 ordine
1675 2499 1963 2559 portarum
1993 2489 2091 2543 Ur-

445 2555 538 2631 bis
572 2559 719 2614 unde
747 2555 1079 2629 Anoiiymus
1107 2555 1486 2631 profectiones
1525 2555 1772 2624 orditur,
1807 2565 2091 2615 sectiones

445 2628 733 2702 ltinerarii
757 2635 824 2688 ad
858 2628 1121 2688 ordinem
1152 2641 1441 2702 portarum
1488 2633 1566 2686 ita
1599 2633 1921 2686 referendas
1950 2646 2091 2686 cen-

443 2712 653 2773 semus,
687 2700 836 2758 facto
869 2705 1040 2759 initio
1069 2719 1099 2758 a
1125 2700 1361 2773 portas.
1397 2705 1568 2773 Petri,
1603 2716 1770 2773 quam
1801 2706 1922 2772 ipse
1943 2717 2075 2757 con-

441 2770 640 2843 stituit
660 2774 922 2840 primam.
956 2770 1264 2843 (Pila—502.
1298 2791 1449 2827 num.
1475 2772 1566 2835 72,
1599 2770 1850 2828 editionis
1881 2775 2089 2827 Μαδα-

441 2840 694 2905 loniana,
713 2859 817 2912 per
845 2840 1345 2900 nos‘itaordinata
1366 2849 1424 2899 in
1449 2849 1728 2900 sectiones.

1055 2954 1360 3024 SECTIO
1419 2955 1482 3022 Ι.

516 3054 606 3114 In
637 3059 848 3138 porta
877 3057 951 3120 ις.
987 3061 1188 3122 Petri
1216 3077 1426 3140 usque
1449 3060 1540 3122 ad
1564 3058 1638 3120 S.
1672 3057 1997 3121 Paulum.

506 3153 568 3206 ln
597 3153 653 3207 S.
679 3150 762 3227 [In
793 3154 1052 3231 sinistra]
1089 3161 1269 3212 sancti
1297 3159 1370 3229 ta)
1399 3158 1690 3213 Laurentii
1710 3166 1765 3212 et
1793 3158 2077 3211 theatrum

435 3236 682 3311 Pompei,
722 3249 780 3297 et
805 3257 903 3312 per
923 3247 1210 3314 porticum
1235 3241 1328 3317 [an
1353 3261 1452 3314 per
1467 3243 1771 3319 posticum]
1807 3258 1987 3316 usque
2007 3247 2076 3300 ad

431 3335 692 3384 sanctum
719 3332 998 3403 Angelum
1025 3342 1080 3388 et
1105 3333 1175 3404 (ὁ)
1209 3336 1483 3403 templum
1512 3337 1689 3390 Jovis.

501 3417 563 3470 In
592 3416 650 3471 d.
683 3414 764 3490 [In
795 3419 1046 3495 dextera]
1071 3422 1134 3492 (c)
1163 3427 1482 3477 theatrum:
1517 3424 1724 3478 iterum
1761 3436 1860 3492 per
1889 3425 2082 3492 porti-

429 3517 560 3560 cum
621 3520 801 3577 usque
830 3510 899 3564 ad
957 3509 1029 3581 (οι)
1083 3513 1480 3580 u‘lephantum.
1515 3513 1649 3566 lude
1687 3527 1783 3581 per
1815 3513 2076 3567 Scholam

429 3595 773 3649 Gracorum.
808 3597 892 3651 Ibi
924 3609 1012 3653 est
1035 3613 1184 3670 aqua
1203 3601 1412 3656 subtus
1440 3607 1684 3656 montem
1710 3600 2073 3669 Aventinum,

427 3694 667 3738 currens
694 3685 848 3740 scala
883 3701 1063 3758 usque
1096 3692 1155 3744 in
1186 3699 1430 3744 montem
1456 3690 1824 3759 Aventinum,
1857 3697 1915 3744 et
1943 3694 2076 3745 bal-

430 3781 600 3824 neum
648 3773 936 3829 Mercurii.
977 3775 1113 3830 inde
1142 3778 1211 3832 ad
1242 3778 1305 3848 (ε)
1350 3788 1570 3846 portam
1613 3777 1893 3834 Ostensis.
1945 3781 2080 3834 Inde

431 3869 530 3926 per
575 3859 862 3927 porticum
909 3877 1090 3932 usque
1144 3866 1214 3920 ad
1269 3867 1570 3920 ecclesiam
1621 3868 1867 3938 Menna;
1910 3877 1967 3922 et
2008 3870 2080 3923 de

428 3946 645 4001 Menna
671 3962 852 4018 usque
879 3952 948 4006 ad
981 3961 1244 4008 sanctum
1279 3956 1515 4009 Paulum
1546 3957 1906 4024 apostolum:
1944 3959 2076 4013 inde

427 4033 497 4088 ad
541 4045 802 4092 sanctum
833 4040 904 4110 (f)
928 4040 1192 4110 Felicem,
1224 4049 1282 4097 et
1304 4043 1626 4099 Adauctum
1658 4051 1714 4099 et
1745 4047 2070 4101 Emeritam.

427 4121 642 4177 Deinde
695 4125 766 4179 ad
818 4135 1072 4183 sanctam
1140 4133 1526 4201 l’etronillam,
1580 4143 1636 4187 et
1713 4136 1973 4198 Nereum,
2025 4143 2082 4190 et

427 4208 772 4267 Achilleum.
799 4215 935 4270 Inde
961 4217 1031 4271 ad
1062 4229 1325 4274 sanctum
1357 4221 1626 4291 Marcum,
1659 4230 1716 4276 et
1753 4224 2081 4279 Marcellia—

429 4311 586 4355 num.
619 4303 754 4357 inde
770 4306 839 4360 ad
872 4316 1133 4362 sanctum
1155 4309 1412 4364 Soterum
1439 4329 1452 4379 ;
1479 4311 1611 4366 inde
1641 4314 1708 4367 ad
1727 4313 1780 4367 5.
1805 4315 2030 4368 Sixtum
2060 4332 2075 4381 ;

429 4385 511 4440 ibi
552 4394 608 4442 et
640 4391 694 4444 5.
732 4393 1029 4464 Faviaiius,
1063 4403 1119 4452 et
1165 4397 1469 4466 Aiitheros,
1511 4409 1568 4455 et
1599 4401 1906 4456 Miltiades.
1940 4404 2078 4458 Inde

427 4474 498 4528 ad
555 4477 611 4531 S.
665 4479 1012 4538 Cornelium.
1060 4486 1194 4541 inde
1236 4489 1305 4542 ad
1365 4488 1418 4542 S.
1472 4491 1892 4545 Sebastianum.
1942 4494 2078 4547 lude

427 4572 772 4625 revertentes
827 4585 927 4640 per
975 4575 1122 4630 viam
1172 4577 1415 4647 Appiam
1469 4584 1540 4635 ad
1591 4581 1912 4652 ecclesiam,
1971 4583 2070 4637 ubi

426 4653 481 4708 S.
513 4655 710 4713 Sixtus
740 4675 870 4716 cum
896 4677 1022 4718 suis
1053 4667 1400 4723 diaconibus
1444 4669 1762 4726 decollatus
1799 4681 1904 4727 est.
1939 4677 2075 4734 Inde

428 4754 497 4809 ad
545 4766 761 4826 portam
801 4763 1062 4831 Appiam.
1115 4765 1200 4820 Ibi
1229 4765 1410 4822 forma
1434 4766 1504 4838 (g)
1533 4769 1716 4839 lopia,
1765 4784 1890 4840 qua
1918 4773 2073 4828 venit

425 4842 496 4898 de
542 4846 771 4918 Marsia,
814 4857 872 4905 et
912 4853 1100 4908 currit
1133 4869 1312 4925 usque
1340 4857 1410 4911 ad
1448 4858 1651 4926 ripam.
1708 4859 1840 4914 inde
1868 4861 1936 4914 ad
1969 4874 2076 4916 co-

427 4932 646 4991 chleam
689 4936 944 4996 fractam.
992 4944 1128 4998 Inde
1157 4944 1226 4998 ad
1277 4944 1349 5018 (ἡ)
1380 4949 1586 5002 Arcum
1634 4950 2068 5006 recordationis.

426 5024 489 5075 In
535 5024 588 5077 S.
622 5028 875 5085 Therma
920 5033 1278 5090 Antoniana.
1325 5039 1387 5091 ln
1413 5038 1469 5092 d.
1518 5038 1751 5107 Xystus.
1791 5040 1849 5093 In
1871 5041 1923 5093 5.
1961 5041 2070 5095 Ne-

428 5126 559 5166 reus
580 5120 636 5168 et
663 5117 975 5175 Achilleus.
1025 5125 1156 5178 liide
1189 5140 1288 5193 per
1325 5128 1604 5194 porticum
1633 5143 1812 5196 usque
1837 5129 1905 5184 ad
1930 5130 2075 5184 For-

429 5213 597 5255 mam.
623 5202 758 5256 lnde
805 5207 872 5259 ad
907 5208 993 5262 VII
1021 5213 1159 5264 vias.
1192 5212 1275 5264 lbi
1302 5222 1498 5267 sancta
1531 5215 1702 5268 Lucia
1733 5223 1788 5267 et
1815 5215 2077 5284 Septizo—

433 5293 594 5348 nium
621 5292 683 5344 In
731 5293 784 5347 S.
811 5294 1012 5350 Circus
1056 5300 1356 5354 maximus.
1387 5303 1447 5353 lii
1481 5303 1605 5354 dex.
1662 5304 1974 5359 Palatinus.
2009 5308 2078 5361 Et

431 5380 517 5433 sic
548 5394 645 5450 per
694 5384 976 5451 porticum
1025 5388 1335 5442 maximum
1370 5403 1551 5457 usque
1579 5390 1648 5444 ad
1689 5394 2071 5466 Anastasiam,

435 5478 490 5523 et
524 5470 655 5524 inde
679 5484 920 5541 semper.

938 5563 1139 5618 NOT/E
1179 5564 1394 5619 BLANC
1402 5567 1557 5621 HINI.

499 5628 775 5700 Auspicio
818 5634 1049 5704 pietatis
1095 5636 1436 5693 Christiana
1485 5641 1714 5698 orditur
1739 5645 2074 5715 Anonymus

2108 4439 2158 4499 D

2195 509 2368 562 veteri
2416 509 2639 562 scilicet
2671 508 3086 562 consuetudine
3129 515 3321 562 nostra
3353 509 3655 578 religionis
3691 513 3866 566 viro-

2198 592 2344 649 rum,
2378 578 2448 632 ab
2495 585 2656 651 atate
2705 578 3045 633 Tertulliani
3079 584 3134 632 et
3173 579 3321 642 Caii,
3375 578 3550 634 ferme
3575 583 3862 651 supparis

2197 663 2312 704 avo
2343 649 2679 718 apostolico,
2708 663 2771 702 ea
2803 655 3163 702 monumenta
3195 651 3379 718 primo
3396 649 3860 718 convisentium,

2197 735 2322 792 qua
2339 723 2454 790 jam
2481 727 2600 792 tum
2631 727 2908 792 vocarunt
2932 725 3140 792 tropaea
3151 721 3546 792 apostolorum,
3580 724 3661 776 uti
3696 726 3853 792 apud

2199 789 2504 847 Eusebium
2541 791 2684 860 legis
2714 790 2814 844 lib.
2854 804 2916 858 ii,
2953 804 3073 858 cap.
3112 789 3217 845 ἐΰς
3269 793 3383 858 Ego
3404 807 3525 846 vero
3571 789 3856 861 apostolo—

2197 878 2319 916 rum
2363 869 2562 930 tropaa
2585 878 2625 930 p
2650 877 2808 914 ssum
2845 862 3140 914 ostendere.
3193 863 3335 917 Nam
3382 865 3493 916 sive
3519 865 3578 915 in
3615 865 3858 918 Vatica-

2197 949 2343 999 nam,
2393 935 2502 987 sive
2530 933 2606 986 ad
2635 931 2929 985 Ostiensem
2957 933 3102 985 viam
3128 949 3350 1001 pergere
3391 934 3539 998 libet,
3569 940 3860 990 recurrent

2199 1005 2300 1057 tibi
2342 1010 2541 1072 tropaea
2599 1018 2781 1056 eorum
2811 1004 2907 1070 qui
2930 1003 3223 1056 Ecclesium
3255 1005 3408 1056 illam
3443 1005 3853 1070 fundaverant.

2197 1074 2342 1145 Hinc
2384 1075 2567 1145 igitur
2616 1087 2854 1145 exorsus
2884 1087 2916 1126 a
2966 1079 3126 1145 porta
3155 1076 3210 1128 5.
3254 1075 3403 1128 Petri
3445 1075 3514 1129 ad
3547 1074 3857 1132 basilicam

2197 1144 2257 1199 S.
2326 1143 2485 1200 Pauli
2523 1143 2925 1213 proﬁciscitur,
2975 1144 3229 1199 ﬂexurus
3262 1145 3371 1200 iter
3413 1158 3508 1213 per
3533 1146 3860 1203 celebriora

2200 1216 2518 1270 cameteria
2551 1221 2606 1269 et
2633 1218 2936 1269 memorias
2968 1214 3224 1283 priorum
3263 1215 3593 1283 pontiﬁcum
3621 1222 3678 1271 et
3707 1220 3860 1273 Mar-

2200 1292 2389 1358 tyrum
2441 1300 2472 1340 a
2501 1286 2554 1358 S.
2599 1286 2770 1339 Paulo
2817 1285 2886 1339 ad
2935 1284 2988 1339 S.
3024 1285 3456 1358 Sebastianum,
3500 1293 3558 1341 et
3588 1287 3722 1342 inde
3756 1303 3861 1358 per

2199 1357 2440 1428 Appiam
2468 1357 2620 1428 viam,
2648 1369 2982 1411 reversurus
3021 1355 3079 1410 in
3105 1356 3330 1412 Urbem.
3363 1359 3444 1412 Ex
3469 1363 3633 1426 porta
3667 1355 3860 1428 igitur

2199 1429 2255 1481 5.
2281 1427 2429 1482 Petri
2467 1441 2562 1496 per
2593 1427 2852 1495 Campum
2876 1429 3136 1480 minorem
3161 1429 3509 1497 appellatum
3539 1427 3860 1497 apud’Nar-

2199 1498 2402 1554 dinum
2437 1499 2535 1553 lib.
2583 1511 2663 1562 v1,
2709 1513 2832 1567 cap.
2865 1497 2919 1565 5,
2962 1498 3060 1552 ubi
3085 1499 3213 1566 ejus
3246 1499 3719 1568 ichnographiam
3758 1515 3858 1556 re-

2206 1571 2407 1636 peries,
2469 1581 2802 1638 progressus
2845 1568 3252 1624 sinistrorsum
3292 1570 3577 1638 conSpicit
3607 1571 3855 1627 titulum

2200 1640 2254 1694 S.
2310 1641 2597 1695 Laurentii
2657 1640 2714 1694 in
2759 1641 2999 1713 Damaso
3037 1654 3224 1713 _pr0pe
3260 1641 3545 1696 theatrum
3597 1642 3853 1713 Pompei,

2202 1713 2350 1780 quod
2385 1713 2744 1766 dextrorsum
2801 1711 3099 1779 relinquit.

2273 1783 2351 1851 (α)
2372 1784 2508 1837 Inde
2537 1796 2632 1850 per
2661 1782 2941 1850 porticum
2972 1781 3191 1852 (plures
3215 1780 3368 1836 enim
3401 1784 3660 1851 porticus
3685 1785 3856 1839 exci-

2201 1858 2329 1907 tata
2361 1852 2588 1908 fuerant
2617 1856 2684 1906 ad
2709 1853 3094 1921 spatiandum,
3122 1865 3265 1922 quas
3295 1853 3447 1907 inter
3472 1855 3565 1910 hic
3582 1856 3858 1910 constitit

2191 1927 2436 1994 porticus
2460 1924 2710 1996 Philippi
2739 1940 2770 1977 a
2810 1925 3064 1978 Nardino
3099 1924 3307 1996 ibidem
3349 1925 3634 1981 delineata
3664 1939 3718 1980 η.
3765 1926 3856 1996 35)

2202 2009 2383 2066 usque
2404 1995 2470 2049 ad
2505 2004 2765 2048 sanctum
2791 1997 3090 2063 Angelum,
3127 1995 3353 2050 scilicet
3386 1996 3443 2050 in
3477 1997 3618 2052 Foro
3649 1995 3858 2053 Pisce-4

2202 2067 2308 2124 rio.
2338 2067 2436 2120 ubi
2468 2067 2716 2120 eamdem
2749 2066 3016 2120 diacoiiia
3050 2067 3220 2120 hodie
3246 2073 3528 2134 superest.

2270 2138 2348 2206 (b)
2376 2138 2651 2205 Templum
2669 2138 2836 2190 Jovis.
2870 2138 3076 2206 Nempe
3099 2137 3432 2206 Capitolini,
3457 2139 3524 2193 ad
3549 2139 3852 2195 sinistram

2201 2207 2624 2280 pregredientis
2657 2207 2875 2280 pariter
2904 2208 3024 2262 siti.

2277 2282 2350 2349 (c)
2380 2281 2668 2332 Theatrum
2692 2279 2957 2346 Intelligo
2989 2281 3275 2334 theatrum
3308 2279 3584 2350 Marcelli,
3605 2281 3678 2337 ad
3703 2280 3853 2336 dex-

2199 2355 2376 2404 teram
2417 2363 2725 2422 assurgens
2771 2359 2973 2404 contra
3025 2350 3236 2404 clivum
3307 2352 3722 2422 Capitolinum,
3789 2360 3845 2407 et

2205 2424 2480 2490 templum
2508 2421 2681 2476 Jovis.

2270 2493 2353 2561 {d}
2406 2493 2772 2561 Elephantum
2818 2493 3170 2546 Herba-rium.
3199 2492 3582 2550 Simulacrum
3624 2495 3851 2552 scilicet

2197 2563 2486 2636 elephanti
2528 2564 2598 2617 ab
2623 2565 2881 2634 Augusto
2933 2572 3182 2636 ereytum
3209 2567 3363 2619 circa
3410 2567 3612 2621 Forum
3648 2567 3849 2622 Pisca-

2201 2635 2373 2707 riuin,
2398 2636 2481 2689 uti
2514 2632 2803 2689 Nardin'us
2832 2649 2954 2704 pag.
2983 2632 3089 2689 324
3117 2637 3424 2704 prudenter
3447 2645 3733 2707 autumat,
3770 2640 3853 2694 in-

2197 2706 2400 2760 dicans
2429 2719 2726 2760 memorari
2758 2707 2815 2760 in
2848 2709 2951 2762 hac
2978 2707 3206 2777 regione
3237 2720 3341 2760 vni
3373 2707 3502 2763 Fori
3543 2706 3788 2765 Romani
3818 2724 3851 2766 a

2200 2777 2254 2830 Ρ.
2296 2777 2518 2830 Victore
2548 2785 2603 2831 et
2634 2794 2666 2831 a
2688 2778 2905 2832 Notitia
2933 2779 3184 2846 Imperii.

2269 2847 2340 2917 (c)
2365 2847 2458 2900 Ad
2481 2854 2699 2917 portam
2741 2850 2994 2904 Ostensw.
3042 2849 3124 2904 Ad
3158 2855 3372 2918 portam
3403 2849 3688 2906 Ostiensis
3717 2852 3846 2918 via,

2199 2917 2263 2993 iii.
2288 2934 2417 2993 qua
2428 2920 2677 2993 primum
2703 2920 2958 2993 occurrit
2983 2917 3238 2989 porticus
3258 2929 3418 2976 extra
3441 2921 3642 2976 Urbem
3667 2917 3854 2993 usque

2195 2991 2265 3064 ad
2307 2990 2603 3064 ecclesiam
2656 2991 2922 3060 martyris
2952 2993 3164 3064 illeiina
3210 2993 3442 3046 nomine
3484 2990 3846 3064 insignitam.

2117 3094 2164 3157 C
2196 3062 2477 3157 9.999???
2509 3062 3557 3157 E“i3.3..‘f‘if.‘.‘?-1’.i“ﬁ‘2[Birifﬁii‘lﬂa
3574 3062 3854 3157 .5939???

2197 3145 2380 3200 usque
2410 3134 2476 3185 ad
2509 3133 2563 3186 5.
2603 3135 2759 3188 Pauli
2794 3131 2974 3188 fuisse
3003 3135 3260 3203 disjecta.
3288 3131 3530 3190 Sanctus
3559 3131 3855 3192 Adrianus

2195 3217 2337 3271 papa
2357 3208 2609 3258 eamdem
2638 3206 2808 3272 paulo
2834 3213 2960 3274 post
2993 3207 3276 3274 reparavit
3312 3221 3492 3275 usque
3521 3208 3590 3262 ad
3634 3208 3850 3262 Basili-

2189 3289 2332 3341 cam,
2383 3282 2524 3328 teste
2570 3277 2872 3330 Anastasio
2907 3278 2965 3330 in
2997 3282 3122 3344 ejus
3170 3276 3314 3344 Vita,
3349 3289 3487 3332 sect.
3519 3275 3662 3333 3i2:
3705 3280 3850 3332 Por-

2189 3346 2354 3398 ticum
2382 3360 2504 3397 vero
2534 3362 2654 3413 qua
2686 3347 2837 3400 ducit
2859 3348 2934 3399 ad
2970 3347 3180 3401 beatum
3215 3349 3450 3401 Paulum
3479 3349 3786 3418 apostolum
3810 3365 3842 3402 α

2187 3423 2350 3484 porta
2387 3417 2787 3490 cumhecclesia
2834 3421 3011 3471 sancti
3067 3420 3236 3487 Eupli
3280 3435 3449 3489 usque
3504 3417 3580 3472 ad
3634 3422 3846 3490 pradi—

2191 3493 2331 3540 ctam
2381 3486 2664 3540 basilicam
2695 3491 2872 3542 sancti
2917 3490 3080 3543 Pauli
3123 3486 3162 3542 ἀ
3201 3505 3334 3543 novo
3352 3486 3734 3545 aestuum—vit.
3770 3493 3847 3545 De

2189 3557 2430 3633 ecclesia
2450 3559 2504 3633 S.
2545 3560 2749 3633 Euplii
2779 3561 2905 3633 vide
2933 3575 3056 3633 qua
3084 3562 3319 3633 erudite
3349 3564 3672 3633 congressit
3695 3562 3756 3615 ν.
3783 3563 3840 3617 C.

2186 3630 2345 3684 .loan.
2367 3630 2544 3684 Maria
2567 3629 3033 3686 Crescimbeni‘iii
3059 3631 3310 3687 Historia
3330 3637 3385 3686 5.
3415 3629 3607 3687 Maria
3632 3647 3690 3688 in
3717 3633 3848 3688 Cos-

2194 3699 2421 3774 medim,
2451 3713 2552 3774 seu
2581 3702 2785 3774 Schola
2834 3702 3035 3774 Graca
3073 3704 3260 3771 dicta,
3287 3704 3389 3758 lib.
3441 3717 3541 3771 vn,
3585 3717 3716 3774 cap.
3755 3702 3843 3774 29,

2191 3772 2360 3846 cujus
2383 3773 2866 3846 archipresbyteri
2899 3772 3084 3829 otﬁcio
3103 3777 3352 3842 plurima
3382 3789 3512 3830 cum
3539 3772 3709 3830 laude
3730 3772 3850 3846 per-

2193 3841 2477 3911 fungitur.
2502 3845 2654 3898 idem
2688 3841 2955 3917 observat
2976 3841 3118 3911 cap.’
3143 3846 3214 3901 36
3258 3847 3582 3901 Martiiiello
3616 3841 3846 3917 quoque

2199 3922 2561 3967 memoratam
2595 3915 2894 3970 ecclesiam
2945 3916 3095 3972 beati
3129 3917 3364 3986 Menna,
3395 3915 3651 3973 collecta
3693 3915 3849 3973 insi-

2193 3996 2379 4058 gnem,
2422 3986 2560 4039 dum
2588 3987 2766 4058 statio
2799 3995 3165 4058 perageretur
3183 3992 3254 4043 ad
3279 3991 3334 4043 5.
3370 3991 3611 4044 Paulum
3644 3990 3847 4044 Domi—

2193 4055 2329 4128 nica
2355 4067 2408 4108 iv
2441 4057 2918 4128 Quadragesima,
2942 4055 3009 4113 'et
3032 4059 3091 4114 iii
3125 4060 3282 4114 hisce
3311 4061 3566 4115 scheldis
3601 4061 3848 4116 b‘insed-

2191 4125 2449 4200 leiisibus
2497 4125 2914 4183 occarreiitem'
2948 4131 3098 4184 inter
3144 4138 3361 4200 portam
3422 4136 3746 4186 Ostiensem
3796 4138 3851 4186 et

2190 4197 2490 4270 basilicam
2537 4199 2720 4267 Pauli,
2769 4209 3083 4269 reparatam
3137 4197 3316 4257 fuisse
3364 4216 3396 4256 a
3438 4203 3494 4255 5.
3537 4204 3724 4258 Leone
3755 4205 3847 4270 lll,

2194 4269 2277 4321 uti
2335 4270 2674 4344 Anastasius
2724 4273 2981 4339 prodidit
3045 4275 3102 4327 iii
3165 4277 3291 4342 ejus
3347 4275 3472 4327 Vita
3522 4282 3661 4328 sect.
3723 4269 3849 4344 364,

2189 4340 2667 4463 zuemadinodum
2728 4354 2964 4398 narrat:
3025 4355 3081 4398 et
3137 4340 3272 4399 a's.
3307 4344 3566 4400 Pascliali
3623 4347 3666 4410 ι,
3707 4340 3849 4400 sect.

2230 4409 2314 4463 44.
2368 4414 2607 4463 donaria
2651 4414 2832 4463 eidem
2881 4415 3136 4463 ecclesia.
3189 4416 3337 4463 beati
3400 4418 3611 4463 Munna
3668 4417 3849 4463 flllSSf-l

2230 4409 2607 4536 Ladonaria
2651 4414 2833 4469 eidem
2881 4415 3136 4471 ecclesia
3187 4416 3339 4471 beati
3395 4418 3611 4471 Menna
3666 4417 3853 4472 fuisse

2290 4496 2323 4536 a
2390 4522 2401 4535 .

2193 4489 2401 4537 oblata.

2260 4568 2329 4633 (Γ)
2385 4565 2479 4620 Ad
2521 4567 2781 4624 Sanctum
2817 4572 3065 4635 Felicem,
3115 4580 3166 4629 et
3199 4575 3532 4638 Adductum,
3580 4582 3631 4630 et
3679 4577 3853 4628 Eme-

2185 4639 2368 4718 ritum.
2425 4640 2651 4711 liisigne
2703 4644 2806 4718 hoc
2832 4647 3222 4718 caiiieterium
3257 4663 3467 4718 paucos
3496 4657 3627 4705 ante
3662 4659 3852 4702 annos

2184 4709 2572 4787 detectumesi
2588 4722 2692 4787 hoc
2708 4714 2831 4787 ipso
2851 4715 2908 4769 iii
2926 4718 3048 4772 loco
3068 4709 3546 4787 perltiiierarium
3567 4723 3848 4782 indicato.

2193 4793 2387 4848 nempe
2429 4785 2500 4836 ab
2529 4784 2769 4839 ecclesia
2797 4786 2851 4840 S.
2889 4784 3347 4860 Pauli—superato
3400 4797 3664 4860 proximo
3695 4796 3850 4850 cliVO

2192 4862 2255 4932 iii
2294 4861 2384 4915 via
2438 4865 2781 4932 perducente
2829 4866 2897 4919 ad
2933 4869 2986 4920 5.
3040 4866 3461 4925 Sebastianum.
3500 4871 3759 4924 Primum
3817 4880 3851 4921 a

2186 4931 2335 4986 clivo
2363 4931 2635 5009 praedicto
2668 4937 2880 4991 visitur
2913 4939 2970 4992 in
3007 4939 3153 4994 Villa
3195 4942 3511 5008 Mandosia,
3542 4954 3730 5009 nuper
3753 4953 3853 4993 re—

2189 5016 2408 5072 pertum
2462 5007 2678 5061 indicio
2727 5020 2978 5064 veterum
3028 5012 3404 5079 picturarum,
3458 5007 3515 5068 in
3571 5007 3853 5070 cubiculo

2188 5079 2498 5152 cameterii
2527 5089 2983 5148 conspectui-um,
3013 5097 3140 5152 qua
3176 5086 3350 5138 trium
3374 5093 3707 5141 sanctorum
3740 5097 3855 5138 no—

2189 5151 2344 5203 miiia
2397 5150 2502 5203 sub
2533 5153 2859 5205 eorumdem
2908 5150 3261 5221 imaginibus
3305 5158 3584 5211 distincte
3629 5161 3856 5214 refere—

2187 5221 2344 5298 bant.
2376 5221 2606 5298 Easdem
2628 5221 3024 5298 delineavitet
3047 5228 3494 5282 communicavit
3537 5243 3687 5298 sape
3719 5235 3855 5286 lau-

2187 5293 2414 5368 dandus
2451 5295 2502 5346 lt.
2536 5293 2618 5368 ΔΡ.
2644 5294 3346 5368 loaniiesMarangonius,
3386 5301 3468 5353 uti
3520 5293 3856 5359 luculenter

2186 5363 2501 5440 descripSit
2536 5362 2593 5416 iii
2625 5362 3146 5440 Observ‘atioiiibus'
3167 5369 3234 5423 ad
3285 5362 3597 5440 martyrum
3631 5388 3857 5430 came—-

2186 5435 2329 5489 teria
2385 5435 2668 5506 pii-lycum
2716 5436 2882 5491 laude
2929 5453 3103 5506 supra
3159 5435 3480 5496 recensitiis
3527 5447 3856 5501 caiionicus

2182 5505 2648 5580 Boldettais‘l‘ib.’
2677 5521 2737 5573 ii,
2767 5522 2889 5576 cap.
2945 5507 3029 5575 18,
3085 5525 3136 5580 p.
3189 5508 3313 5566 5M.
3360 5511 3548 5579 Quare
3581 5529 3694 5570 non
3729 5520 3853 5571 im—

2187 5579 2391 5632 merito
2420 5576 2905 5634 Bibliothecarius
2937 5595 2992 5634 n.
3026 5576 3122 5637 361
3165 5582 3223 5636 iii
3262 5576 3465 5637 Vita—5.
3501 5586 3714 5642 Leonis
3740 5595 3856 5644 ter-

2181 5651 2251 5703 tii
2280 5649 2467 5703 locum
2497 5650 2649 5703 hunc
2673 5650 2881 5706 Felicis
2911 5660 2969 5706 et
2995 5653 3238 5709 Adaucti
3271 5655 3516 5710 ecclesia
3543 5664 3601 5712 et
3627 5671 3853 5715 came-
