3998 6176
201 258 305 316 353

1383 255 1778 315 DESCRIPTIO
1812 255 2175 312 REGIONUM
2211 256 2427 312 URBIS.

3503 264 3610 324 354

189 385 336 462 terio
361 384 654 462 insignem
697 385 948 462 appellat
964 387 1134 462 jumta.
1160 388 1216 462 S.
1262 388 1493 441 Paulum
1527 385 1844 462 apostolum.
1877 386 1929 443 A
1957 383 2164 462 Juliam
2198 392 2493 462 cooptata',
2526 376 2792 462 aliisque.
2815 388 3082 457 pluribus
3124 392 3607 462 inscriptionibus

185 456 537 529 Antiquitas
589 459 901 529 cmmeterii
938 458 1288 529 intelligitur
1343 473 1408 513 ex
1455 459 1649 512 eodem
1700 456 1848 511 libro

190 527 487 581 Anastasii
525 535 662 582 sect.
697 527 786 583 89.
825 529 881 582 in
925 531 1045 584 Vita
1076 527 1145 583 S.‘
1162 530 1397 584 Joannis
1451 529 1644 596 primi,
1675 540 1706 581 a
1736 541 1848 596 quo

192 597 727 654 renovatumfuisse
742 601 993 656 dicitur:
1028 602 1162 654 Item
1195 601 1471 654 renovavit
1495 600 1849 653 caemeterium

188 669 383 721 Felicis
441 674 494 722 et
543 669 804 724 Adaucti.
851 672 1052 725 Verum
1099 671 1168 726 de
1199 671 1302 725 hoc
1346 671 1666 725 cmmeterio
1691 682 1754 723 ac
1781 671 1849 723 de

188 739 443 808 reliquis
502 739 606 794 hac
658 741 715 794 in
749 741 1002 797 sectione
1055 742 1380 795 memoratis
1411 741 1537 796 vide
1573 742 1743 795 Notas
1778 739 1846 793 ad

182 809 541 884 opusculum
568 811 710 872 XVI,
745 813 1002 881 proxime
1021 812 1491 868 subnectendum.

256 881 329 948 (9)
383 882 580 934 Forma
633 885 814 952 lopia,
864 899 985 952 quae
1037 886 1186 936 venit
1245 884 1309 936 de
1353 885 1581 936 Marsici.
1635 884 1853 954 Legen—

184 952 320 1006 dum
353 955 548 1017 forma
589 955 764 1015 Julia,
798 970 889 1007 seu
944 956 1145 1023 Appia,
1181 970 1301 1022 qum
1340 956 1487 1007 venit
1528 954 1592 1008 de
1619 952 1847 1008 Marcia.

186 1024 317 1094 Tres
368 1024 533 1077 enim
592 1038 777 1094 aquae.
832 1027 1054 1090 Martia,
1111 1025 1284 1090 Julia,
1333 1025 1546 1092 Tepula
1593 1027 1848 1082 omnium

196 1093 387 1148 urbem
437 1093 816 1150 inﬂuentium
867 1096 1188 1162 altissimae,
1228 1102 1530 1165 antequam
1574 1096 1849 1152 Claudius

191 1165 511 1234 imperator
527 1165 824 1221 Claudiam
842 1173 898 1222 et
917 1168 1188 1221 Anienem
1219 1181 1424 1221 novum
1447 1167 1851 1235 superinduce-

187 1243 283 1302 ret,
325 1236 693 1291 editioribus
729 1238 920 1293 Romae
960 1237 1208 1294 collibus
1236 1237 1390 1294 rivos
1423 1238 1844 1302 ministrabant,

180 1309 246 1363 ad
277 1309 634 1364 orientalem
660 1310 828 1364 Urbis
877 1318 1086 1380 partem
1123 1312 1404 1380 perducta:
1432 1325 1529 1379 per
1561 1310 1846 1379 triplicem

178 1404 444 1458 specum,
489 1390 810 1444 etiamnum
856 1385 1220 1458 spectabilem
1271 1391 1430 1439 extra
1489 1397 1682 1438 muros
1717 1390 1846 1438 ante

179 1469 410 1530 portam
443 1461 855 1515 Praenestinam
886 1459 1600 1530 (vulgorporta‘Maggiore)
1625 1472 1656 1512 a
1691 1461 1749 1512 V.
1781 1461 1842 1516 C~

177 1527 453 1587 Fabretto
483 1533 838 1599 descriptum
874 1527 1126 1600 pagf18,
1167 1543 1218 1585 n.
1251 1527 1340 1597 29,
1395 1531 1623 1587 dissert.
1662 1533 1844 1599 prima

176 1604 248 1658 de
276 1605 473 1674 Aquis
501 1609 558 1658 et
601 1601 1071 1674 Aqumductibus.
1107 1603 1306 1657 Verum
1336 1603 1529 1659 eodem
1585 1605 1843 1664 Fabretto

176 1671 530 1730 observante
577 1671 681 1728 ibi’
710 1687 867 1728 num.
901 1671 987 1733 t9,
1032 1686 1099 1729 ex
1134 1674 1426 1740 Frontino,
1463 1677 1664 1730 Martia
1688 1686 1844 1745 parte

178 1749 264 1798 sui
319 1751 452 1815 post
501 1747 684 1798 hortos
742 1745 1121 1799 Pallantianos
1163 1747 1221 1798 in
1265 1747 1444 1799 rivum
1496 1750 1594 1815 qui
1641 1750 1844 1804 dicitur

179 1817 587 1891 Herculaneus,
643 1816 926 1891 dejic_it__se
969 1831 1070 1882 per
1096 1816 1358 1891 Caelium.
1414 1820 1616 1891 Ductus
1645 1822 1839 1891 ipsius,

179 1890 381 1955 montis
448 1888 644 1941 usibus
723 1887 883 1955 nihil,
954 1891 1015 1939 ut
1083 1890 1333 1953 inferior,
1397 1887 1840 1954 subministrans,

185 1953 423 2028 [modus]
451 1960 634 2012 initur
669 1973 839 2030 supra
874 1953 1095 2026 portum
1125 1959 1434 2028 Capenam;
1468 1961 1680 2030 quibus
1728 1953 1844 2018 haec

189 2031 470 2096 pmsimtt
514 2029 860 2084 Frontinus:
915 2030 1148 2101 Martias
1213 2046 1445 2099 quoque,
1487 2029 1606 2100 quae
1639 2035 1842 2101 Tepula

191 2102 505 2169 intercepta,
557 2103 700 2154 sicut
741 2115 910 2167 supra
953 2100 1458 2168 demonstravimus,
1511 2105 1626 2156 rivo
1681 2100 1843 2159 Julia

197 2178 509 2232 accesserat,
574 2187 721 2224 nunc
773 2187 807 2223 a
855 2171 1068 2239 piscina
1115 2172 1358 2239 ejusdem
1409 2173 1570 2227 Juliae
1623 2175 1841 2229 modum

196 2244 402 2309 accipit,
429 2258 498 2295 ac
525 2244 750 2310 proprio
779 2242 963 2294 canali
982 2249 1031 2295 et
1050 2244 1264 2296 nomine
1284 2246 1452 2305 venit,
1475 2249 1525 2298 et
1552 2261 1586 2298 a
1615 2248 1839 2314 piscinis

191 2315 244 2384 in
274 2323 485 2366 eosdem
531 2329 696 2366 arcus
723 2314 1078 2380 recipiuntur.
1133 2314 1444 2384 Colligitur
1487 2330 1552 2370 ex
1602 2316 1691 2371 his
1736 2332 1840 2372 cur

187 2381 361 2438 forma
407 2385 524 2438 ista
569 2398 744 2452 supra
793 2391 1006 2450 portam
1053 2381 1329 2447 Capenam
1371 2399 1434 2440 ex
1479 2387 1658 2442 leio
1708 2401 1841 2454 per-

188 2455 350 2528 ducta
409 2456 649 2528 dicatur
698 2455 850 2528 Julia
910 2455 1143 2528 veniens
1178 2469 1258 2528 ex
1297 2458 1519 2510 Martia.
1570 2458 1839 2528 Utrisque

197 2526 330 2579 enim
377 2527 560 2596 aquis
614 2526 812 2580 Martia
873 2531 928 2596 et
975 2526 1126 2580 Julia
1174 2527 1250 2580 ita
1299 2526 1840 2595 accedentibus—ut

198 2610 294 2650 una
342 2595 712 2652 ex’alterius
771 2595 991 2665 piscina
1039 2598 1265 2667 modum
1316 2600 1619 2667 acciperet,
1669 2607 1724 2655 et
1777 2600 1836 2654 in

187 2669 404 2722 eosdem
425 2682 604 2723 arcus
633 2667 1002 2740 reciperetur,
1028 2666 1367 2740 facillimum
1395 2669 1507 2724 fuit
1534 2673 1839 2740 utriusque

186 2751 386 2794 nomen
445 2739 898 2805 accommodare,
945 2745 1002 2792 et
1037 2739 1244 2792 Juliam
1279 2740 1470 2795 dicere
1520 2739 1837 2797 venientem

185 2810 249 2864 de
286 2812 506 2864 Martia
555 2808 815 2874 formam,
868 2823 993 2879 quae
1033 2823 1093 2864 se
1134 2809 1441 2878 dejiciebat
1473 2825 1570 2880 per
1597 2813 1838 2868 Coelium

183 2887 234 2935 et
261 2883 440 2949 cujus
466 2881 672 2936 modus
704 2881 889 2934 initur
927 2895 1101 2948 supra
1135 2888 1352 2949 portam
1383 2882 1682 2950 Capenam.
1711 2885 1840 2938 Scio

185 2953 260 3006 rei
289 2953 557 3021 aquariae
585 2950 1066 3021 callentissimum
1092 2951 1414 3008 Fabrettum
1447 2967 1548 3008 nos
1573 2955 1841 3010 docuisse

185 3021 305 3078 loco
350 3019 544 3078 citato
591 3036 746 3078 num.
794 3019 880 3082 43.

182 3103 453 3164 veterem,
487 3101 542 3149 et
587 3108 792 3164 aquam
834 3094 1070 3162 Appiam
1100 3095 1500 3150 retrudendam
1541 3110 1663 3151 esse
1691 3097 1842 3151 intra

185 3163 389 3218 Urbem
430 3165 541 3219 sub
577 3163 761 3220 hortis
789 3165 1231 3234 Matthaaiorum,
1273 3172 1328 3220 et
1358 3173 1574 3236 portam
1606 3168 1844 3223 hodier-

186 3249 310 3290 nam
349 3237 409 3290 L.
445 3237 769 3290 Sebastiani
821 3243 947 3302 post
975 3237 1272 3291 Aureliani
1325 3243 1576 3304 tempora
1609 3252 1709 3307 pro
1731 3239 1846 3294 Ca-

183 3320 324 3375 pena
342 3307 625 3376 habitam,
644 3307 823 3378 nostri
840 3313 948 3361 tem
959 3307 1476 3378 porisantiquariis
1488 3309 1844 3365 occasionem

183 3379 435 3447 dedisse,
475 3379 713 3448 Appiam
762 3377 997 3450 formam
1047 3377 1314 3434 credendi
1361 3393 1480 3434 eam
1515 3395 1639 3450 quae
1683 3381 1843 3437 arcui

186 3451 438 3504 recentis
471 3455 646 3516 portae
687 3452 740 3502 Β.
789 3449 1107 3505 Sebastiani
1152 3451 1431 3518 imminet,
1478 3449 1606 3505 cum
1639 3452 1718 3506 sit
1750 3466 1849 3507 ra—

191 3534 315 3576 mus
349 3521 601 3576 Anionis
651 3523 879 3580 veteris,
916 3534 1014 3590 per
1055 3535 1284 3590 specum
1315 3521 1688 3577 Octavianum
1737 3523 1848 3578 huc

190 3593 525 3664 perductus.
562 3593 763 3647 Verum
790 3593 906 3647 hare
931 3595 1050 3661 ipsa
1076 3594 1300 3664 occasio
1331 3594 1587 3664 vulgaris
1612 3595 1847 3656 erroris,

190 3663 400 3736 passim
449 3664 936 3719 accommodantis
992 3664 1102 3718 tria
1149 3663 1380 3719 nomina
1436 3663 1734 3736 aquarum,
1795 3670 1852 3720 et

190 3733 476 3805 ductuum
530 3736 923 3803 proximorum
963 3736 1143 3797 Iuliae,
1176 3737 1390 3790 Martia:
1417 3733 1717 3805 et'Appiz,
1743 3749 1849 3805 po-

189 3806 302 3860 tuit
329 3804 576 3876 facilius
595 3811 758 3862 aetate
776 3805 948 3876 hujus
968 3807 1272 3876 Anonymi,
1291 3805 1610 3862 barbariem
1637 3804 1847 3876 ubiQue

190 3875 616 3947 praeseferente,
688 3875 1033 3932 confundere
1105 3875 1358 3936 nomina.
1413 3885 1470 3932 et
1526 3875 1846 3947 permutare

189 3951 456 4018 Appiam,
491 3963 592 4003 seu
635 3950 859 4017 Juliam,
908 3948 966 4003 in
1009 3951 1243 4016 Jopiam,
1275 3949 1369 4003 cui
1400 3948 1656 4004 obscura;
1689 3962 1847 4004 nun-

189 4020 492 4089 cupationi
525 4021 888 4088 providenter
931 4019 1158 4075 addidit
1198 4023 1494 4074 venientem
1524 4021 1589 4074 de
1618 4023 1840 4087 Martia,

191 4099 255 4146 ut
280 4091 706 4162 intelligamus,
732 4104 1072 4162 quocunque
1104 4092 1324 4146 tandem
1354 4093 1583 4148 nomine
1602 4093 1844 4162 appella-

191 4171 371 4219 retur.
406 4161 650 4218 formam
687 4177 811 4218 esse
857 4176 924 4217 ex
961 4162 1212 4218 arcubus
1243 4165 1458 4218 Martia:
1488 4164 1598 4219 huc
1631 4161 1847 4234 perdu—

188 4244 410 4289 centem
453 4248 657 4304 aquas,
700 4249 766 4290 ex
795 4234 1010 4288 Arsione
1053 4235 1252 4294 veteri,
1304 4249 1403 4290 seu
1434 4249 1501 4290 ex
1528 4236 1701 4297 Julia,
1728 4235 1848 4290 sive

191 4306 363 4360 etiam
396 4319 469 4360 ex
499 4320 566 4360 ea
587 4321 712 4375 quae
740 4307 921 4375 Appia
957 4311 1094 4360 tunc
1122 4305 1476 4371 credebatur,
1513 4309 1738 4376 petitas.

264 4377 337 4448 (h)
386 4378 599 4430 Arcum
651 4377 1065 4448 recordatiOuis.
1119 4379 1467 4446 lnterpretor
1495 4392 1689 4433 arcum
1723 4392 1848 4433 me-

195 4450 393 4504 moria:
434 4449 607 4503 Drusi
647 4451 954 4504 excitatum
981 4447 1051 4502 ab
1087 4449 1342 4519 Augusto
1385 4463 1451 4504 ex
1491 4450 1650 4512 S.C.,
1681 4463 1847 4519 quem

193 4521 569 4589 superstitem
609 4526 741 4574 ante
773 4527 988 4590 portam
1014 4521 1069 4573 S.
1109 4521 1426 4575 Sebastiani
1449 4533 1527 4591 ex
1573 4534 1634 4575 ea
1669 4521 1850 4591 figura

193 4605 324 4662 quae
365 4595 424 4645 in
461 4591 716 4662 nummis
745 4591 1110 4660 exprimitur,
1165 4591 1340 4662 evicit
1369 4590 1666 4645 Fabrettus
1705 4590 1851 4662 saepe

194 4659 446 4717 laudata:
501 4659 932 4717 dissertatiOnis
963 4676 1119 4716 num.
1157 4659 1247 4717 72.
1295 4662 1473 4730 Cujus
1516 4659 1849 4718 auctoritati

193 4734 422 4788 accedit
487 4733 883 4788 testimonium
933 4730 1380 4789 fraementorum
1435 4746 1602 4788 tenete
1644 4733 1852 4789 tabulae

197 4803 416 4859 ibidem
441 4813 816 4872 repertorum,
844 4805 902 4859 in
931 4803 1144 4874 quibus
1167 4805 1391 4860 decreta
1417 4804 1487 4858 ab
1505 4805 1708 4860 ordine
1723 4819 1852 4860 am-

196 4875 470 4944 plissimo
501 4877 560 4928 in
596 4875 866 4930 honorem
909 4875 1152 4929 alterius
1181 4875 1350 4930 Drusi
1385 4875 1605 4945 (nempe
1632 4876 1848 4931 Tiberii

193 4945 444 5000 Caesaris
499 4945 630 5018 ﬁlii)
684 4953 1070 5018 recensentur.
1115 4947 1262 5001 Sunt
1304 4959 1435 5000 vero
1488 4945 1680 5018 eadem
1726 4963 1849 5018 qua:

197 5024 480 5072 memorat
516 5017 751 5072 Tacitus
783 5017 1089 5073 Annalium
1137 5018 1238 5073 lib.
1267 5031 1344 5082 v1,
1380 5030 1534 5071 num.
1565 5014 1618 5084 9,
1654 5014 1850 5087 nempe

197 5088 420 5142 similia
468 5091 544 5144 iis
575 5103 701 5158 quae
740 5089 1080 5144 Germanico
1116 5089 1566 5143 decernebantur
1587 5089 1694 5143 sub
1729 5090 1852 5144 Au-

199 5166 373 5229 gusto
401 5161 603 5215 Annal.
646 5160 746 5215 lib.
778 5175 840 5228 u,
871 5174 1028 5214 num.
1060 5159 1148 5216 83.
1180 5163 1450 5214 Memoriae
1472 5161 1638 5213 Drusi
1665 5161 1850 5214 eadem

199 5246 328 5301 qua
349 5234 407 5283 in
438 5232 817 5286 Germanicum
839 5232 1222 5285 decernuntur.
1261 5233 1336 5286 Ex
1385 5232 1477 5284 his
1517 5229 1850 5301 fragmentis

202 5299 448 5358 ineditis
500 5303 828 5359 tabularum
881 5317 1166 5358 uinearum
1214 5302 1448 5357 familia:
1493 5299 1744 5358 Claudite
1790 5304 1848 5357 in

779 5383 1187 5438 GERMANICU
1237 5383 1524 5436 CAESARI
1580 5384 1672 5436 ΤΙ.
1747 5384 1902 5437 AVG.

780 5455 921 5510 DIVI
946 5453 1306 5511 AVGVSTIN.
1338 5455 1402 5508 D.
1431 5454 1587 5508 IVLI.
1621 5453 1908 5508 PRONEP.

1960 451 2194 537 familia:
2238 451 2405 537 Julia:
2444 458 2608 537 circa
2639 451 2787 537 hunc
2817 451 3324 537 'arcumArepertis'
3357 465 3415 519 in
3442 467 3604 521 vinea

1960 525 2198 600 Moroni,
2227 525 2402 600 editis
2427 541 2458 582 a
2483 529 2630 600 V.C.
2658 531 2817 584 Joan.
2864 531 2993 584 abb.
3029 525 3297 597 Aig‘nolio
3328 541 3448 600 post
3476 537 3607 590 dis-

1957 603 2090 673 sert.
2125 596 2498 673 De_Columna
2529 598 2802 673 Antonini
2842 602 2948 666 Pii,
2982 596 3180 658 nullus
3208 596 3469 673 superest
3492 607 3611 661 du-

1962 666 2182 745 bitandi
2209 667 2534 745 locusquin
2562 672 2910 745 adADrusum
2945 673 3173 728 Claudii
3225 666 3465 740 Augusti
3504 689 3609 745 pa-

1961 740 2401 815 trem,et_Drusi
2433 741 2648 815 Tiberii
2675 741 2779 815 tllii
2814 750 3078 810 patruum
3110 758 3281 800 arcus
3305 747 3402 801 ille
3427 740 3610 815 perti-

1962 814 2108 861 neat.
2135 808 2240 886 Sed
2297 808 3073 886 prtecmterisdemonstrant
3121 822 3236 870 tres
3264 808 3610 886 inscriptio—

1963 891 2059 958 nes
2134 880 2983 958 in.sch_edis_Einsidlensibus
3036 893 3269 958 repertae
3322 880 3466 943 cum'
3506 889 3608 944 hoc

1963 951 2281 1016 itinerario,
2317 953 2625 1028 descripta;
2652 955 2708 1008 in
2757 964 2916 1028 porta
2948 951 3150 1028 Appia,
3179 971 3348 1027 quam
3379 961 3610 1028 Papiam

1959 1029 2224 1089 corrupte
2258 1024 2571 1089 nominant,
2613 1025 2689 1079 ita
2711 1027 2879 1080 editae
2908 1040 2940 1081 a
2965 1024 3300 1084 Mabillonio
3334 1024 3607 1085 Vethn-

1963 1090 2075 1144 nal.
2118 1098 2252 1147 tom.
2283 1095 2351 1148 IV
2377 1108 2498 1165 pag.
2531 1093 2636 1151 504
2665 1103 2720 1150 et
2748 1095 2873 1153 505.

2477 1189 2568 1247 76.
2601 1197 2662 1248 In
2690 1195 2852 1248 Porta
2886 1197 3080 1264 Papia.

2169 1279 2427 1336 NERONI
2481 1281 2680 1337 IVLIO.
2712 1285 2778 1337 D.
2813 1285 2869 1337 F.
2919 1286 3324 1342 GERMANICO

2166 1369 2252 1446 Ti.
2275 1369 2490 1446 Caesari
2520 1373 2845 1427 Germanici
2869 1375 3134 1443 Augusti,
3165 1377 3380 1446 nepoti,
3403 1378 3466 1433 lu

2169 1439 2248 1513 lio
2275 1443 2340 1495 Il.
2375 1443 2431 1495 F.
2466 1443 2607 1513 Aug.
2654 1451 2942 1512 pronepot.
2966 1439 3107 1500 'Divi

2167 1511 2324 1587 Eont.
2355 1511 2842 1587 Giesari'Augusti
2880 1523 3068 1584 nepot.
3117 1516 3242 1572 Divi
3278 1523 3465 1587 nepot.

2170 1582 2330 1637 Pont.
2356 1583 2561 1639 Caesari
2598 1582 3016 1640 PontiﬁciDlVl
3044 1589 3206 1642 Pron.
3237 1582 3464 1644 Caesari

2165 1652 2290 1707 Cos.
2321 1658 2584 1728 ter._lmp.
2628 1663 2731 1711 ter.
2758 1657 3102 1728 Augurique
3127 1659 3462 1715 tribuniciae

2171 1726 2470 1791 potestatis
2501 1728 2636 1780 VIII.

2556 1811 2646 1868 77.
2710 1817 2837 1869 Item
2902 1816 3000 1869 ibi.

2167 1883 2560 1958 lmp._C_:_esari.
2593 1887 2777 1958 LIVIA
2802 1885 2859 1954 (')
2897 1889 2936 1940 Ι.
2964 1887 3090 1942 Divi
3121 1889 3176 1942 F.
3212 1888 3452 1958 August.

2166 1955 2334 2008 Drusi
2359 1956 2409 2008 Ρ.
2447 1955 2700 2010 Pontific.
2731 1958 2994 2024 Maximo,
3025 1958 3196 2014 Uxori
3221 1955 3462 2015 Caesaris

2166 2025 2307 2098 Aug.
2337 2026 2460 2080 Cos.
2496 2028 2587 2080 Ill.
2613 2029 2750 2095 lmp.
2793 2027 3124 2083 tribunicia:
3157 2037 3252 2098 pot

2165 2096 2301 2169 VIII.
2335 2097 2484 2169 Patri
2518 2099 2878 2169 patriaaAug.
2906 2100 3020 2153 XV.
3061 2096 3179 2153 Viri.
3203 2100 3257 2153 S.
3286 2099 3342 2152 F.
3378 2099 3493 2154 VII.

2163 2167 2252 2220 vir
2282 2168 2518 2235 Epulon.
2540 2167 2997 2238 Cos.XlII.'Imp.
3019 2171 3187 2225 XVII.
3218 2169 3496 2225 tribunic.

2165 2268 2372 2332 potest.
2413 2265 2602 2320 XXX.

2587 2350 2677 2408 78.
2707 2356 2838 2408 Item
2861 2355 2959 2406 ibi.

2157 2439 2363 2495 Caesari
2397 2444 2439 2494 Ι.
2471 2442 2678 2497 Caesari
2712 2445 2914 2498 Druso.
2946 2441 3102 2498 Julio
3126 2443 3213 2497 Ti.
3245 2443 3488 2501 Claudio

2160 2528 2425 2598 Augusti.
2457 2531 2513 2584 F.
2554 2531 2795 2595 Augusti
2826 2532 2881 2584 F.
2915 2530 3241 2587 Germanici
3270 2535 3322 2587 F.
3354 2534 3528 2590 Drusi

2163 2599 2574 2676 Germanici_F.
2599 2603 2757 2676 DIVt.
2788 2607 2967 2676 nepot‘
2985 2602 3108 2676 Div_i
3141 2610 3326 2676 nepot.
3352 2605 3490 2676 Aug.

2163 2679 2454 2739 pronepot.
2479 2674 2683 2726 Neroni
2704 2671 3042 2728 Germanico
3068 2673 3274 2728 Pontif.
3297 2674 3422 2730 Cos.

2166 2743 2404 2815 Augori.
2433 2743 2558 2815 cos.
2583 2744 2783 2815 design
2835 2743 3166 2800 Germinico
3206 2747 3464 2815 Impera-

2170 2811 2283 2866 tori
2321 2814 2568 2883 principi
2592 2811 2933 2882 juve'ntutis.

2021 2882 2158 2936 Tres
2182 2882 2592 2952 inscriptiones
2622 2887 3004 2942 Einsidlensis
3023 2887 3243 2942 codicis
3271 2888 3349 2943 ita
3376 2888 3606 2943 redden-

1953 2952 2057 3007 das
2085 2953 2180 3008 hic
2221 2967 2343 3010 esse
2371 2955 2652 3027 judicavi,
2702 2960 2785 3011 uti
2813 2971 2845 3012 a
2884 2959 3222 3016 Mabillonio
3252 2965 3388 3014 sunt
3413 2960 3600 3026 editae,

2405 2245 2585 2256 ——_

942 3021 1011 3077 49
1057 3032 1112 3078 et
1158 3021 1246 3088 58,
1302 3024 1580 3092 Capenam
1622 3024 1904 3093 portamC
1953 3029 2072 3078 tum
2120 3032 2184 3079 ut
2238 3021 2590 3081 ostenderem
2643 3021 2838 3084 arcum
2899 3030 3051 3088 hunc
3101 3031 3451 3087 Drusianum
3504 3021 3605 3086 Via

1950 3095 2133 3163 Appia
2165 3103 2414 3152 erectum
2443 3111 2473 3152 a
2503 3105 2729 3167 senatu,
2757 3100 3086 3158 etdicatum
3124 3102 3410 3157 memoriae
3433 3103 3604 3158 Drusi

1951 3167 2273 3243 Germanici
2305 3168 2492 3243 (quem
2541 3170 2758 3243 idcirco
2786 3173 3118 3243 Anonymus
3143 3173 3392 3242 appellat
3419 3189 3608 3227 arcum

1952 3184 2273 3221 uermantm
2305 3184 2319 3236 ι
2367 3184 2492 3223 uem
2541 3184 2758 3224 lﬂCll'CO
2786 3184 3118 3243 Anonymus
3143 3184 3392 3242 appellat
3419 3189 3608 3227 arcum

1952 3184 2364 3312 recordationig
2393 3239 2588 3312 fuisse
2645 3241 3094 3312 circumquaque
3138 3251 3404 3298 ornatum
3471 3244 3610 3312 plu-

1957 3309 2124 3383 rimis
2141 3309 2622 3383 inscriptionibus
2639 3312 2850 3383 dicatis
2873 3309 3074 3368 honori
3092 3309 3486 3383 Claudiorum,
3505 3326 3605 3368 seu

1954 3380 2260 3441 Neronum.
2294 3377 2351 3434 in
2386 3377 2662 3454 familiam
2693 3382 2902 3436 Juliam
2928 3383 2999 3438 ab
3017 3385 3273 3454 Augusto
3299 3377 3606 3454 adoptato-

1958 3464 2105 3516 rum,
2154 3456 2272 3505 tum
2308 3457 2370 3506 ut
2411 3453 2859 3508 demonstrarem
2914 3452 3257 3522 anonymum
3303 3452 3468 3506 illum
3498 3453 3606 3508 de—

1958 3523 2292 3594 scriptorem
2310 3525 2784 3594 epigrammatum
2805 3524 2924 3577 sive
2943 3523 3387 3591 inscriptionum
3412 3523 3601 3594 Urbis,

1961 3591 2148 3663 nihilo
2166 3590 2480 3648 felicius‘in
2517 3595 2608 3648 his
2630 3600 2935 3661 versatum,
2964 3590 3137 3663 quam
3161 3593 3219 3647 in
3246 3593 3606 3649 sectionibus

1959 3661 2358 3734 suiltinerarii
2398 3664 2806 3732 permiscendis
2831 3661 3205 3734 potiusquam
3240 3663 3602 3720 ordinandis.

1957 3733 2369 3806 Inscriptiones
2415 3735 2565 3790 enim
2611 3735 2724 3789 illm
2766 3735 2992 3805 aliquot
3037 3733 3105 3790 ex
3148 3743 3314 3806 gente
3336 3735 3510 3806 Julio,
3549 3742 3606 3791 et

1959 3804 2276 3877 praecipuos
2321 3819 2388 3860 ex
2437 3811 2599 3875 gente
2649 3804 2885 3863 Claudia
2935 3804 3280 3877 singillatim
3326 3805 3602 3873 referunt,

1953 3875 2120 3948 Julia:
2169 3877 2356 3948 gentis
2385 3877 2689 3948 agnatione
2718 3878 2977 3945 donatos,
3026 3875 3153 3945 post
3181 3877 3547 3945 adoptionem
3574 3891 3605 3932 a

1955 3946 2172 4000 Caesare
2201 3946 2460 4017 Augusto
2487 3949 2658 4003 Liviae
2689 3949 2892 4003 marito
2923 3948 3161 4002 factam:
3192 3961 3318 4017 qum
3345 3947 3608 4003 fortassis

1958 4017 2151 4088 eodem
2186 4019 2389 4072 ordine
2434 4019 2632 4074 incisa:
2664 4017 2892 4074 fuerant
2943 4033 3007 4088 ac
3033 4027 3282 4088 quatuor
3310 4018 3424 4073 illa:
3453 4019 3604 4088 apud

1951 4086 2260 4143 Gruterum
2308 4088 2405 4144 fol.
2459 4103 2677 4155 ccxxvt,
2715 4103 2876 4144 num.
2937 4087 2992 4152 9,
3023 4086 3276 4158 ejusdem
3321 4086 3509 4144 aetatis
3553 4095 3610 4144 et

1955 4159 2190 4215 familia:
2217 4161 2368 4215 viros
2397 4174 2463 4216 ac
2488 4159 2729 4217 feminas
2770 4161 3110 4226 indicantes,
3139 4174 3335 4230 nempe
3360 4162 3608 4216 Drusum

1957 4238 2014 4288 et
2045 4233 2370 4302 Antoniam,
2415 4233 2645 4287 Claudii
2682 4233 3046 4302 imperatoris
3081 4239 3359 4301 parentes,
3393 4233 3609 4303 Agrip-

1961 4305 2154 4374 pinam
2202 4317 2431 4358 uxorem
2465 4311 2520 4358 et
2560 4307 2830 4360 Neronem
2879 4303 3084 4358 tilium.
3135 4304 3340 4358 Verum
3371 4303 3442 4357 ab
3464 4316 3612 4358 ano-

1877 4392 1932 4452 D
1965 4389 2131 4444 nymo
2191 4375 2544 4452 descriptore
2600 4377 2977 4452 itauexceptze
3025 4381 3161 4430 sunt
3215 4388 3290 4452 ex
3329 4388 3488 4452 arcu,
3545 4380 3609 4429 ut

1964 4460 2162 4501 versus
2190 4447 2554 4502 continuatos
2584 4447 2894 4501 crediderit
2932 4451 3218 4516 segmenta
3245 4446 3605 4516 singularum

1961 4519 2028 4573 ad
2076 4517 2325 4570 eamdem
2362 4523 2567 4571 rectam
2621 4518 2826 4572 lineam
2882 4525 3134 4571 extensa.
3181 4517 3366 4584 Quare
3400 4517 3606 4570 mirum

1964 4590 2020 4644 in
2047 4587 2272 4642 modum
2304 4587 2547 4656 implexa
2577 4594 2633 4642 et
2662 4587 2987 4656 perturbata
3014 4593 3150 4642 sunt
3171 4591 3459 4656 segmenta
3483 4587 3604 4651 illa,

1963 4674 2074 4715 non
2119 4672 2285 4712 secus
2337 4655 2403 4712 ac
2459 4655 2757 4714 evenit’in
2822 4671 2958 4713 arcu
3019 4671 3131 4712 non
3187 4655 3488 4724 dissimili,
3539 4669 3607 4710 ex

1963 4731 2122 4786 saxis
2149 4729 2444 4799 quadratis
2472 4737 2658 4784 erecto
2687 4729 2899 4797 Spoleti
2959 4741 3129 4796 prope
3167 4727 3468 4799 ecclesiam
3495 4725 3609 4799 Ca—

1963 4798 2300 4881 nonicorum
2357 4799 2760 4881 pegularium,‘
2798 4800 2999 4881 iisdem
3033 4798 3396 4881 principibus
3420 4798 3608 4881 gentis

1959 4872 2212 4927 Claudiae
2265 4871 2319 4922 in
2346 4867 2551 4925 Juliam
2604 4872 2903 4939 cooptatis,
2957 4869 3296 4924 Germanico
3330 4873 3386 4939 et
3422 4867 3607 4939 Druso

1959 4943 2176 4998 Tiberii
2217 4939 2359 4994 ﬁliis
2401 4941 2455 4993 in
2490 4941 2634 4995 hanc
2685 4937 3026 4994 sententiam
3071 4939 3206 4993 olim
3256 4937 3488 4997 excisis,
3544 4941 3607 4990 ut

1958 5030 2024 5070 ex
2055 5012 2265 5068 litteris
2285 5024 2349 5064 su
2361 5010 2721 5078 persititibus
2740 5011 3124 5080 cognoscitur,
3146 5008 3279 5080 licet
3301 5007 3602 5076 implexam

1959 5085 2062 5140 alii
2095 5081 2447 5138 reddiderint
2504 5081 2821 5144 lectionem,
2867 5093 2997 5134 cum
3033 5093 3142 5133 non
3181 5079 3606 5150 distinguerent

1934 5162 2177 5226 partem
2227 5165 2492 5207 versuum
2545 5151 2906 5226 singulorum
2933 5151 3002 5226 ad
3043 5151 3444 5226 Germanicum
3476 5163 3610 5226 per-

1962 5221 2294 5352 tinentigm,
2353 5238 2385 5279 a
2419 5229 2575 5294 parte
2630 5221 2889 5294 proxima
2934 5223 3003 5278 ad
3054 5223 3226 5278 Drusi
3259 5221 3604 5294 epigraphen

1962 5313 2018 5352 re
2045 5312 2174 5352 eren
2221 5312 2283 5352 a:

1960 5312 2249 5356 reterenaa
2271 5317 2283 5352 ε

1961 5384 2016 5437 Ρ.
2072 5378 2294 5434 DRVSO
2341 5377 2629 5432 CAESARI
2671 5377 2756 5431 TI.
2804 5376 2963 5432 AVG.
3001 5375 3040 5430 F

1960 5451 2099 5511 DIVI
2129 5449 2486 5505 AVGVSTIN.
2523 5450 2659 5503 DIVI
2691 5449 2824 5503 IVLI
2857 5449 3040 5504 PRON

897 5551 1036 5606 IMP.
1063 5553 1130 5609 ιι.
1185 5550 1344 5608 AVG.
1378 5550 1662 5606 FLAMINI
1686 5550 1846 5606 AVG.
1886 5550 2031 5607 cos.
2071 5525 2141 5603 i1".
2173 5550 2218 5604 τ
2257 5546 2476 5602 amor.
2511 5526 2804 5603 IiTPON'r.

281 5703 338 5774 (')
361 5704 422 5762 Id
450 5708 542 5763 est
567 5697 796 5762 LIVIB.

2320 5617 2563 5676 ...S.C.
