3998 6176
457 235 565 294 355

526 361 843 432 Separatim
869 362 1022 417 enim
1043 360 1357 432 legendum
1389 362 1504 417 fuit
1528 363 1776 431 primum
1803 372 1849 415 ε’

596 451 938 506 Germanico
956 449 1165 504 Caesari
1197 449 1413 504 Tiberii
1438 450 1684 519 Augusti
1707 449 1855 505 Filio

594 522 724 575 Divi
756 520 1001 590 Augusti
1039 520 1230 589 nepoti
1261 521 1388 575 Divi
1416 521 1559 576 Julii
1590 520 1890 589 Pronepoti

519 592 929 717 Deirlrligeratori
954 593 1023 645 II.
1082 591 1304 662 Auguri
1336 592 1593 647 Flamine
1616 591 1885 664 Augusti.

607 677 624 717 ι
710 676 769 717 e:

592 751 779 806 Druso
807 750 1016 806 Caesari
1039 749 1257 805 Tiberii
1289 749 1534 821 Augusti
1562 750 1710 806 Filio

593 821 990 892 DiviAugusti
1027 822 1217 892 nepoti
1255 823 1381 876 Divi
1412 822 1551 877 Julii
1585 822 1887 890 Pronepoti

593 891 934 948 Consulill.
966 891 1264 947 Tribunic.
1297 899 1481 961 potest
1512 894 1577 946 II.
1624 892 1884 948 Pontiﬁci

947 976 1016 1017 ex
1059 969 1292 1018 senatus
1333 963 1604 1019 Consulto

520 1051 594 1106 At
636 1051 726 1106 illi
771 1052 1132 1124 continenter
1163 1052 1540 1120 producentes
1571 1051 1832 1124 singulos
1878 1064 2096 1124 versus,

448 1136 515 1178 ac
539 1124 589 1177 si
632 1135 729 1191 per
758 1128 1062 1192 utramque
1115 1122 1551 1193 inscriptionem
1585 1122 1973 1193 excurrerent,
2022 1123 2101 1177 ita

449 1193 845 1262 imprudenter
871 1193 1166 1263 legebant:

515 1278 856 1354 Germanico
892 1281 1100 1354 Caesari
1131 1280 1348 1354 Tiberii
1380 1281 1627 1354 Augusti
1658 1282 1779 1339 ﬁlio

587 1354 774 1434 Druso
797 1352 1004 1434 Caesari
1026 1353 1112 1407 Ti.
1140 1351 1377 1434 Angli
1400 1351 1527 1434 Divi
1549 1354 1794 1434 Augusti
1820 1368 1882 1434 1_1.

585 1423 722 1495 Divi
744 1423 883 1477 Julii
938 1436 1100 1492 pron.
1132 1423 1253 1478 divi
1282 1425 1527 1495 Augusti
1550 1423 1676 1494 nep.
1728 1426 1856 1480 Divi

584 1493 727 1566 Julii
759 1508 917 1566 pron.
956 1495 1094 1566 lmp.
1126 1495 1199 1566 ll.
1214 1493 1463 1566 Augusti
1496 1493 1740 1551 Flamini

586 1563 729 1636 Aug.
764 1564 998 1620 Consuli
1021 1567 1089 1619 Il.
1133 1563 1410 1621 tribunic.
1445 1575 1562 1623 not.
1596 1569 1662 1622 II.
1694 1569 1850 1623 Pon—

588 1635 734 1691 tiﬁCi
1023 1650 1092 1691 ex
1201 1636 1256 1692 S.
1332 1637 1372 1692 C

512 1707 729 1779 Eodem
761 1719 953 1779 errore
998 1714 1453 1776 praeoccupatum
1503 1707 1685 1764 fuisse
1712 1707 2094 1779 Anonymum,

446 1778 735 1834 itinerarii
764 1778 1045 1833 sectiones
1068 1783 1125 1833 et
1157 1784 1407 1833 veterum
1435 1778 1889 1849 inscriptionum
1910 1784 2097 1848 partes

444 1849 903 1920 permiscentem,
932 1854 1159 1905 constat
1187 1863 1255 1904 ex
1275 1864 1449 1920 supra
1472 1850 1750 1905 recitatis.
1780 1851 1922 1919 Quis
1943 1850 2096 1920 enim

442 1917 554 1992 non
585 1921 792 1979 videat.
843 1917 903 1975 in
928 1933 1174 1992 eatque
1208 1934 1264 1973 n.
1313 1917 1385 1976 77
1417 1926 1607 1977 notata
1639 1920 1771 1988 fuit,
1803 1917 1929 1992 'pag
1967 1917 2094 1982 504,

440 1991 871 2057 Mabilloniana,
902 1989 1179 2046 confundi
1228 1993 1287 2046 in
1321 2006 1491 2047 unam
1527 2000 1638 2047 tres
1664 1989 1972 2047 distinctas
1997 1992 2098 2046 in—

442 2062 809 2135 scriptiones,
831 2062 1101 2133 Augusti,
1125 2064 1300 2117 Liviae
1312 2070 1369 2119 et
1390 2063 1606 2118 Tiberii
1625 2062 1749 2119 ‘?Ad
1772 2065 2095 2135 Augustum

408 2138 422 2150 '
446 2133 736 2203 pertinent
758 2132 997 2187 litterae:

585 2221 727 2274 IMP.
753 2219 1013 2274 CJESARI
1061 2220 1201 2274 DIVI
1233 2222 1292 2275 F.
1320 2222 1637 2279 AUGUSTO

591 2288 927 2345 PONTIFICI
961 2289 1243 2346 MAXIMO
1281 2293 1484 2348 PATRI
1512 2293 1778 2349 PATRL/E

585 2360 729 2416 COS.
755 2361 901 2414 XIII.
934 2362 1076 2414 IMP.
1109 2362 1275 2417 XVII.
1311 2364 1651 2420 TRIBUNIC.
1702 2365 1806 2420 PO.

580 2458 764 2514 TEST.
792 2458 978 2513 xxx.
1006 2439 1093 2512 ἦ

511 2531 596 2585 Ita
624 2530 777 2585 enim
810 2529 1167 2599 supplendus
1195 2535 1282 2586 est
1306 2545 1463 2587 num.
1492 2533 1660 2588 XXX

509 2601 591 2657 Ad
624 2600 844 2656 Liviam
904 2602 1028 2656 istae
1058 2601 1419 2658 referuntur:

900 2688 1108 2743 LIVIAI

900 2759 1112 2815 UXORI
1136 2759 1436 2816 CAESARIS
1467 2761 1628 2819 AUG.

510 2847 592 2905 Ad
625 2848 930 2926 Tiberium
952 2849 1279 2926 complures
1310 2850 1472 2926 tituli
1515 2851 1609 2906 his
1635 2851 1849 2926 eisdem
1881 2854 2094 2926 verbis,

437 2925 495 3005 et
518 2919 786 3005 versibus
817 2918 1054 3005 inclusi,
1086 2919 1219 3005 licet
1247 2922 1880 3005 numerisnegligenter
1903 2918 2099 3005 excepl

1257 238 1351 290 AD
1388 234 1821 290 ANASTASIUM
1862 231 2376 290 PROLEGOMENA
2412 237 2589 293 EDIT.
2631 234 3059 294 ROM.-VATIC.

2126 357 2187 417 A
2216 362 2672 419 evidentioribus
2687 366 2850 419 aetate
2870 363 3035 420 illius
3054 360 3452 430 descriptoris,
3475 359 3577 430 qui
3606 361 3664 415 in
3691 374 3881 416 suum

3754 233 3884 293 356

2213 433 2465 489 codicem
2496 435 2913 489 Einsidlensem
2954 434 3034 489 ita
3065 431 3410 488 tranferebat
3433 444 3465 485 a
3486 444 3548 486 se
3576 437 3887 502 Spectatas

2216 505 2273 557 in
2298 510 2461 572 porta
2480 508 2685 575 Appia,
2708 518 2873 575 quam
2897 506 3126 574 Papiam
3168 502 3322 575 fecit.
3359 501 3887 575 Conﬁrmantivero

2212 576 2479 631 universa
2503 573 2613 631 ista
2635 573 3215 631 documenta’vitiosze
3232 573 3554 642 rhapsodia:
3569 573 3811 642 hospitu
3823 586 3883 626 m

2211 646 2540 717 ex_dissitis
2571 647 2906 717 regionibus
2936 647 3045 702 huc
3070 644 3525 717 adventantium,
3558 648 3616 699 et
3646 644 3883 713 raptim

2212 715 2581 786 referentium
2616 715 2672 772 in
2718 731 2877 773 suam
2912 716 3327 786 ephemeridem
3376 729 3442 770 ea
3482 728 3609 786 quae
3636 719 3888 784 specta—

2210 785 2367 855 bant,
2389 802 2556 857 quam
2588 787 2915 858 frequenter
2938 785 2994 842 in
3017 786 3272 858 numeris
3291 785 3694 858 describendis
3715 798 3880 858 erraf

2211 864 2356 943 rem,
2376 856 2605 943 etiamsi
2626 856 2967 943 ρυῖςνεριιεξε
2984 856 3884 943 palmulas,litterisznarmeti

2213 928 2448 999 incisas,
2476 943 2542 984 ac
2566 925 2678 985 sub
2694 925 2793 987 dio
2819 925 3052 999 positas,
3076 934 3133 985 et
3152 929 3319 998 pleno
3340 927 3459 983 sole
3478 925 3768 999 perfusas,
3803 927 3885 981 si-

2209 998 2514 1071 biquepro
2552 1000 2746 1057 lubitu
2772 998 3061 1071 eXpositas
3105 1013 3218 1070 pra:
3248 999 3435 1055 oculis
3458 998 3887 1071 baberentiut

2211 1070 2453 1140 proinde
2473 1085 2769 1128 sumamus
2803 1069 2861 1127 id
2892 1069 3118 1142 optimo
3133 1072 3284 1140 jure,
3319 1070 3470 1140 quod
3498 1070 3673 1125 toties
3706 1069 3887 1142 indi-

2208 1142 2487 1214 cavimus,
2517 1143 2817 1213 Catalogos
2836 1140 3122 1214 externos
3140 1154 3496 1214 summorum
3524 1140 3883 1214 pontiﬁcum

2207 1212 2518 1283 exigendOs
2552 1227 2677 1269 esse
2717 1212 2785 1271 ad
2820 1213 2985 1270 ﬁdem
3024 1212 3354 1283 Italicorum
3400 1212 3795 1283 vetustiorum
3826 1220 3888 1267 et

2208 1281 2346 1338 Urbi
2372 1285 2808 1353 proximiorum,
2835 1284 3015 1339 multo
3043 1282 3377 1353 praeclarius
3396 1282 3885 1353 respondentium

2211 1356 2528 1425 prototypis
2553 1357 2810 1411 omnium
2835 1355 3069 1411 illorum
3096 1354 3506 1425 exemplorum,
3533 1354 3594 1409 in
3620 1353 3889 1425 basilica

2209 1424 2449 1481 Paulina
2469 1426 2720 1496 aliisque
2742 1425 3229 1496 patriarchalibus
3252 1424 3492 1481 urbanis
3510 1430 3567 1481 et
3586 1424 3890 1496 suburba-

2208 1497 2302 1551 nis
2328 1496 2466 1551 olim
2514 1495 2826 1567 expressis.
2864 1498 3070 1554 Verum
3100 1510 3170 1552 ex
3207 1496 3553 1552 diverticulo
3584 1495 3645 1551 in
3693 1496 3882 1551 viam.

2206 1567 2523 1639 Sequamur
2554 1568 2747 1638 itaque
2788 1568 3026 1624 ductum
3057 1568 3358 1639 Anonymi,
3404 1574 3460 1622 et
3487 1568 3655 1622 Porta
3679 1567 3887 1623 Sancti

2123 1660 2176 1721 Β
2208 1638 2488 1721 Petri_suo
2512 1641 2572 1721 in
2596 1640 2900 1721 Itinerario
2927 1641 3180 1721 Romano
3208 1639 3491 1695 sectiones
3529 1652 3598 1695 ac
3627 1639 3885 1694 semitas

2210 1711 2502 1779 proximas
2535 1712 2615 1766 ita
2640 1711 3061 1782 consignantis.

2843 1808 3080 1864 SECTIO
3152 1810 3221 1864 II.

2283 1894 2341 1958 A
2372 1899 2588 1960 Porta
2607 1897 2682 1960 δ’.
2717 1898 2919 1961 Petri
2938 1914 3149 1979 usque
3168 1898 3260 1961 ad
3271 1900 3483 1979 porta
3501 1896 3872 1962 Asinaria.

2776 2015 2906 2070 PER
2935 2013 3007 2086 (a)
3033 2014 3290 2071 ARCUM.

2855 2106 2923 2159 In
2972 2105 3200 2159 sinistra

2276 2188 2358 2315 (b2l
2377 2191 2578 2247 Circus
2604 2190 2951 2275 Flamineus.
2983 2192 3043 2248 bi
3063 2194 3269 2248 Sancta
3295 2191 3484 2265 Agnes

2277 2262 2319 2314 T
2364 2275 2533 2315 ermae
2557 2263 2963 2315 Alexandrina).

2277 2262 2533 2317 Thermae
2557 2263 2963 2321 Alexandrinae

2274 2333 2654 2402 S.Eustachii,
2680 2336 2945 2391 Rotunda

2274 2404 2528 2459 Thermze
2559 2404 2688 2460 Com
2701 2407 2977 2462 modianae

2277 2472 2341 2545 (c)
2361 2474 2715 2530 Minerviam.
2758 2477 2841 2532 lbi
2869 2478 2925 2532 S.
2954 2477 3134 2534 Maria

2275 2545 2359 2600 Ad
2386 2549 2649 2602 sa'nctum
2680 2550 2930 2605 Marcum

2276 2617 2483 2672 Forum
2512 2619 2742 2688 Trajani
2768 2626 2825 2675 et
2848 2621 3114 2675 columna
3142 2620 3286 2687 ejus.

2848 2692 2917 2745 In
2965 2691 3209 2746 demtera.

2278 2760 2343 2813 B.
2384 2761 2678 2817 Laurentii
2703 2761 2762 2816 in
2797 2762 3040 2819 Damaso

2275 2829 2582 2903 Theatrum
2614 2832 2869 2903 Pompeii

2272 2900 2349 3026 gl)
2374 2903 2686 2988 cypressys

2316 3013 2328 3024 .
2352 2975 2648 3026 Laurentii
2681 2991 2686 3026 1

439 2975 538 3058 tis,
566 2997 623 3046 et
652 2997 852 3046 contra
882 2975 1054 3046 ﬁdem
1078 2975 1326 3047 aliarum
1353 2975 2092 3071 inscriptIonoum'Varia'tils,
2118 3006 2168 3071 α
2272 2975 2328 3026 S'
2352 2975 2648 3058 Lfmrfmm
2681 2977 2742 3031 in
2790 2975 3044 3032 Minerva

439 3076 503 3099 av
539 3061 754 3099 nnihnc
797 3061 872 3099 ita
903 3068 1035 3099 cum
1085 3064 1425 3099 rnctitnnnrli
2272 3043 2622 3099 Capitolium

436 3076 509 3118 ex
538 3061 755 3133 quibus
797 3061 876 3116 ita
902 3068 1041 3117 sunt
1085 3064 1452 3119 restituendi.

823 3161 910 3215 TI.
941 3158 1205 3215 CIESARI

823 3231 985 3286 AUG.
1018 3232 1077 3285 F.
1111 3233 1250 3286 DIVI
1271 3235 1336 3287 N.

823 3300 966 3357 COS.
1000 3304 1066 3356 H.
1095 3303 1236 3356 IMP.
1264 3305 1355 3358 IlI.

821 3374 931 3428 TR.
968 3374 1024 3426 P.
1059 3374 1199 3427 VIII.
1225 3374 1485 3430 AUGURI

822 3443 939 3499 VII.
966 3443 1130 3499 νιΒο
1154 3445 1446 3502 EPULON.

499 3533 610 3603 Qui
635 3532 866 3604 scilicet
889 3531 1049 3587 tituli
1079 3545 1145 3586 ac
1195 3534 1421 3589 numeri
1446 3534 1677 3591 Tiberio
1706 3537 2087 3604 signabantur

429 3618 581 3679 anno
611 3618 737 3679 agree
779 3603 1037 3674 vulgaris
1076 3604 1406 3679 quinto,_L.
1456 3606 1682 3679 Valerio
1731 3603 1987 3679 Messala,
2014 3613 2080 3668 G.

425 3676 799 3747 Corn.Cinna
832 3688 978 3729 coss.
1012 3676 1241 3743 quando
1283 3677 1477 3744 plures
1504 3678 1746 3747 populos
1778 3682 1835 3735 in
1861 3676 2089 3738 Germa-

429 3747 527 3802 nia
563 3746 707 3800 vicit
755 3749 812 3799 et
863 3748 1170 3813 (κεῖθι-ο(ιυί
1222 3746 1644 3804 consueverunt
1698 3751 1776 3806 ita
1824 3754 2083 3809 ordinari

426 3818 600 3891 etia_m
626 3820 753 3891 post
769 3816 1037 3891 adeptum
1056 3816 1377 3891 imperium
1398 3818 1470 3872 ab
1495 3820 1740 3891 Augusti
1772 3832 1970 3891 morte,
1995 3825 2084 3881 uti

426 3900 494 3964 ex
523 3886 871 3964 Gruteriana
894 3885 1276 3964 inscriptione
1292 3885 1634 3964 constat‘fol.
1657 3904 1887 3964 ccxxxv,
1922 3885 2080 3951 num.

430 3955 519 4026 40,
572 3962 630 4012 et
656 3971 723 4012 ex
783 3956 888 4011 bac
915 3955 1158 4020 Antiati,
1212 3959 1487 4014 translata
1520 3959 1579 4014 in
1606 3955 2085 4021 museum'Alba-

426 4041 586 4083 num.

710 4100 783 4154 II.
813 4098 1077 4154 CIESARI
1101 4098 1245 4154 DIVI

707 4168 1016 4225 AUGUSTI.
1045 4169 1103 4223 F.
1129 4171 1288 4226 DIVI.
1318 4172 1471 4227 IVLI.

707 4239 973 4296 NEPOTI.
1026 4238 1184 4295 AUG.
1240 4241 1574 4301 PONTIFICI

708 4337 1004 4431 MAxmo
1028 4338 1169 4396 cos.
1190 4319 1273 4394 'v'T

706 4437 845 4492 IMP.
880 4436 1149 4530 νωὲ.
1195 4437 1342 4494 POT.
1372 4440 1679 4498 XXXVIII.

709 4539 972 4596 AUGURI
1000 4540 1117 4594 XV.
1158 4535 1296 4596 VIR.
1329 4537 1499 4595 SACR

703 4638 1017 4695 FACIEND.
1058 4641 1168 4695 VII.
1216 4637 1353 4695 VIR.
1382 4639 1655 4696 EPULON

632 4711 692 4765 L.
722 4711 1120 4768 SCRIBONIVS
1149 4714 1209 4767 L.
1238 4711 1298 4765 F.
1327 4710 1479 4766 VOT.
1512 4712 1753 4768 CELER.

700 4781 899 4836 EDIL.
930 4784 1029 4838 EX
1062 4787 1125 4838 D.
1154 4785 1220 4838 D.

773 4853 908 4909 PRO
954 4856 1154 4911 LUDIS

485 4942 789 5015 Possemus
815 4956 928 4999 non
952 4942 1275 5000 difﬁculter
1299 4944 1557 5015 reliquos
1587 4945 1877 5015 principes
1899 4944 2075 5004 fami-

416 5011 511 5066 lia:
533 5012 805 5085 Claudia,
837 5014 1107 5085 Drusum,
1150 5011 1598 5085 Germanicum,w
1619 5011 1895 5073 Neronem
1925 5020 2076 5075 Ger-

416 5082 630 5164 manici
659 5084 868 5164 ﬁlium,
892 5087 954 5164 '_I‘.
979 5082 1283 5164 Claudium
1307 5082 1711 5164 Drusiﬁlium,
1741 5089 1840 5159 qui
1878 5096 2072 5158 postea
2183 5082 2345 5147 niani
2378 5107 2444 5150 ac
2467 5095 2792 5164 Theodosii,

2112 4366 2169 4427 D

2314 3045 2622 3131 ³Ρῖέο¹ίιὲἓπι
2648 3118 2685 3131 η
2714 3119 2726 3131 .
2854 3119 2868 3131 .

2269 3114 2326 3170 S.
2398 3116 2602 3189 Sergii.
2648 3118 2729 3174 lbi
2754 3118 3098 3175 umbilicum
3120 3119 3310 3175 Romae

2270 3184 2333 3258 (c)
2384 3188 2575 3244 Sancti
2637 3189 2891 3262 Georgii.

2306 3275 2372 3329 R.
2455 3276 2877 3355 [REDEUNDO]
2937 3280 3069 3335 PER
3141 3278 3383 3335 ARCUM
3457 3278 3733 3335 SEVERI.

2836 3370 2905 3423 In
2961 3369 3210 3425 sinistra.

2267 3450 2334 3524 (f)
2378 3454 2603 3511 Tiberis

2266 3525 2321 3579 S.
2354 3526 2652 3582 Hadriani.
2685 3529 2891 3584 Forum
2927 3529 3244 3585 Romanum

2266 3595 2419 3650 Subu
2447 3599 2560 3653 RA.
2585 3599 2641 3654 S.
2676 3600 2848 3655 Lucia
2879 3600 2940 3654 in
2969 3599 3181 3657 Ortheo

2263 3666 2453 3737 sancti
2478 3670 2763 3737 Silvestri,
2797 3675 2853 3725 et
2888 3671 3081 3727 Sancti
3124 3672 3354 3728 Martini

2356 3740 2640 3796 Palatium
2664 3742 2829 3810 juxta
2857 3742 3215 3799 Hierusalem

2319 3812 2626 3863 Ierusalem

2319 3811 2626 3867 ierusalem

2265 3879 2338 4024 ἑή)
2365 3882 2867 3952 Amphitheatrum

2284 3952 2324 4021 ἱ)
2378 3954 2579 4008 Forma
2651 3956 2867 4010 Laterai

2284 3952 2324 4021 ἱ)
2378 3954 2579 4008 Forma
2651 3956 3044 4012 Lateranense.
3095 3957 3529 4014 Monasterium.
3609 3958 3859 4014 Honorii

2265 4024 2434 4078 Porta
2464 4025 2812 4081 Praenestina

2261 4092 2561 4221 (j)t§:181cta
2615 4096 2844 4168 Helena,
2903 4104 3140 4155 sanctus
3193 4100 3584 4169 Marcellinus,
3641 4106 3700 4157 et
3751 4102 3864 4156 Pe—

2363 4180 2481 4222 rus.
3576 4204 3589 4212 .

2856 4242 2924 4295 In
2971 4241 3194 4297 dextera

2268 4327 2474 4400 Sancta
2503 4327 2681 4400 Maria
2704 4327 2959 4400 Antiqua

2269 4398 2460 4454 Sancti
2491 4398 2705 4455 Cosmm
2724 4409 2780 4456 et
2804 4398 3066 4456 Damiani

2266 4469 2522 4541 Palatius
2550 4470 2783 4541 Neroni,
2814 4471 3103 4528 Aecclesia
3126 4473 3312 4530 sancti
3342 4473 3493 4530 Petri
3514 4475 3585 4530 ad
3606 4475 3862 4532 Vincula

2262 4540 2446 4612 Arcus
2486 4541 2598 4597 Titi
2629 4549 2687 4598 et
2710 4540 3041 4612 Vespasiani

2262 4610 2336 4685 (lc)
2365 4612 2646 4685 Palatium
2678 4610 2929 4683 Trajani,
2953 4614 3453 4685 Amphitheatrum

2259 4681 2340 4737 Ad
2368 4683 2634 4741 Sanctum
2665 4681 3005 4741 Clementem

2279 4753 2315 4824 ι)
2345 4757 2750 4813 Monasterium
2777 4757 3040 4813 Honorii.
3080 4759 3280 4816 Forma
3315 4759 3633 4816 Claudiana

2299 4826 2679 4884 atriarcbium
2705 4829 3099 4885 Lateranense.

2697 4935 2901 4992 NOTIE
2947 4937 3334 4996 BLANCHINI.

2254 5020 2695 5097 (a)_Peria_rcum.
2728 5024 2940 5081 Arcum
2993 5027 3220 5084 scilicet
3260 5027 3545 5097 Gratiani,
3579 5027 3853 5085 Valenti-

2848 5113 3004 5167 quem
3048 5102 3365 5168 proximum
3389 5102 3549 5170 ponti
3594 5099 3652 5155 S.
3698 5102 3854 5154 Petri

417 5153 863 5242 impera‘vitiiet;
891 5158 1138 5242 Drusum
1168 5159 1385 5213 Tiberii
1414 5158 1606 5242 ﬁlium
1794 5153 2075 5242 recogrlo:
2185 5164 2614 5242 ipsedescribit,
2635 5153 2891 5242 unacum
2907 5153 3242 5242 epigraphe,
3261 5153 3851 5242 interinscriptiones

415 5236 602 5299 gere,
621 5225 868 5299 aptando
888 5228 1141 5299 singulis
1180 5233 1465 5299 segmenta
1501 5225 1953 5297 inscriptionum
1976 5230 2066 5289 76.

412 5291 504 5365 77,
535 5291 626 5363 78,
651 5293 722 5349 ab
741 5291 1093 5366 Einsidlevnsi
1142 5291 1422 5366 ano'nymo
1456 5291 1782 5366 perturbata
1820 5302 1870 5357 si
1924 5306 2066 5360 tanti

413 5372 563 5421 esset
596 5366 712 5421 haec
734 5364 1003 5433 pluribus
1027 5364 1312 5437 prosequi,
1337 5364 1470 5437 quae
1488 5368 1577 5423 hic
1611 5376 1827 5427 tantum
1854 5374 2069 5429 deliba-

411 5436 624 5514 vimus,
656 5442 721 5514 ut
771 5452 959 5514 (grown
996 5436 1396 5514 recordationis
1422 5438 1867 5514 illustraremus,
1893 5461 2066 5514 prope

2180 5236 2688 5311 suaegcollectionis
2716 5238 2786 5294 ab
2816 5236 3169 5311 Eins’id'len'si
3195 5243 3391 5299 codice
3421 5236 3657 5311 excepta
3677 5257 3738 5299 n.
3779 5240 3851 5299 45

2177 5306 2457 5390 editionis
2485 5308 2775 5390 Mabillon.
2794 5326 2938 5390 _pag._
2960 5310 3083 5379 487,
3112 5314 3282 5382 cujus
3302 5315 3474 5390 etiam
3508 5306 3685 5390 paulo
3711 5321 3850 5371 ante

2177 5382 2548 5453 meminimus
2582 5382 2640 5434 in
2687 5383 2842 5437 notis
2873 5382 2941 5438 ad
2973 5390 3191 5453 portam
3225 5387 3409 5441 sancti
3442 5385 3618 5439 Petri.

2247 5448 2319 5520 (ὁ)
2376 5449 2562 5523 Circus
2610 5454 2943 5508 Flumineus.
2973 5448 3078 5510 Ἰὸὶ
3115 5455 3319 5511 Sancta
3359 5456 3565 5523 Agnes.
3619 5456 3848 5511 Flami-

403 5508 2064 5599 IjoﬁoT-Appiumiuuitinerario‘descriptum.‘e’t‘c6n‘ﬁr—
2173 5508 2335 5599 nium
2363 5521 2581 5578 circum
2601 5508 3451 5599 confunditcumEgonaIi,—in
3487 5508 3604 5598 quo
3619 5508 3844 5585 FSa'uEta

412 5590 696 5660 maremus
712 5592 780 5635 ex
800 5578 1283 5660 inscriptionibus
1304 5582 1545 5660 gentisJ
1555 5578 1686 5639 tiliae
1705 5591 1770 5660 et
1783 5585 2055 5660 Claudiae,

411 5648 472 5704 in
497 5649 691 5706 eadem
722 5652 963 5720 repertis
986 5648 1174 5708 ‘etiam
1221 5648 1417 5709 nostra
1442 5658 1625 5724 aetate,
1655 5656 1836 5713 multo
1865 5648 2056 5715 autem

2167 5590 2376 5662 Agnes.

2236 5660 2303 5733 (c)
2347 5665 2695 5721 Minerviam.
2748 5667 2807 5724 Id
2860 5671 2948 5725 est
2994 5669 3363 5743 Minervium,
3411 5683 3513 5728 seu
3554 5672 3842 5744 templum
