3998 6176
243 217 346 279 357

231 433 412 488 supra
442 416 781 474 Minervam.

302 490 385 560 (ά)
428 489 571 544 Vide
603 496 740 560 sect.
777 503 865 555 Ill,
897 488 989 543 lit.
1022 504 1070 551 e,
1105 488 1276 545 infra.

298 562 369 631 (e)
418 560 615 615 Sancti
639 559 878 627 Georgii.
910 560 1247 631 lngvelabro.

299 629 374 701 (Γ)
431 631 668 687 Tiberis.
716 631 914 686 Statua
968 629 1218 701 insignis
1270 629 1512 687 fortasse
1547 629 1881 686 Tiberinum

231 703 481 760 ﬂuvium
546 706 984 771 repraesentans.
1035 715 1162 771 quae
1212 715 1364 757 nunc
1419 702 1478 757 in
1531 701 1880 771 Capitolium

232 772 513 829 translata
545 779 635 828 est
658 787 727 829 ex
748 772 1144 828 Corneliorum
1167 772 1312 843 vico,
1341 773 1453 827 sita
1474 772 1628 827 circa
1662 772 1715 826 S.
1746 772 1886 842 Aga-

232 845 339 900 thaa
367 845 431 899 in
465 844 724 900 Saburra
742 842 935 914 (supra
983 842 1182 898 collem
1233 842 1404 898 hOdie
1434 843 1654 899 dictum
1695 843 1883 914 monte

229 914 624 987 Bagnanapoli
658 913 964 987 ad_'Balnea
991 913 1436 987 Pauli__£milii)
1463 915 1557 987 uti
1592 913 1883 987 Nardinus

226 981 592 1042 obs’ervat‘ex
618 985 767 1042 Rufo
799 991 856 1041 et
887 985 1110 1039 Victore
1140 983 1242 1039 lib.
1267 998 1343 1051 1v,
1366 981 1489 1054 cap.
1526 984 1578 1051 6,
1604 997 1728 1054 pag.
1757 981 1879 1039 488.

291 1058 371 1126 (9)
411 1058 697 1112 Palatium
700 1058 875 1125 juxta
893 1055 1254 1126 Hierusalem.
1280 1055 1643 1112 Licinianum
1658 1055 1877 1111 dictum

228 1128 356 1196 fuit,
388 1128 597 1184 eodem
623 1128 882 1183 Nardino
910 1125 1314 1196 comprobante
1338 1141 1407 1182 ex
1434 1127 1739 1182 Anastasio
1770 1140 1882 1182 no-

224 1194 426 1258 stro'in
454 1200 587 1255 Vita
627 1198 940 1269 Simplicii,
976 1194 1112 1253 seet.
1161 1194 1263 1253 '72:
1311 1199 1415 1251 Hic
1457 1197 1795 1265 dedicavit...
1831 1202 1881 1252 et

221 1271 390 1326 altam
425 1271 719 1325 basilicam
749 1273 898 1325 intra
926 1269 1118 1323 Urbem
1127 1269 1297 1337 juxta
1310 1269 1587 1338 palatium
1616 1270 1882 1323 Lacinia-

220 1357 348 1397 num
384 1342 567 1396 beata:
600 1343 864 1411 martyris
914 1340 1181 1406 Bibianae,
1231 1339 1327 1393 ubi
1373 1354 1566 1408 corpus
1619 1339 1737 1407 ejus
1783 1355 1881 1394 re-

292 1415 479 1468 iescit.

220 1429 904 1554 affixiiphitheatrum.
961 1481 1259 1538 Castrense
1306 1495 1479 1552 prope
1521 1480 1779 1538 titulum.
1818 1482 1875 1537 S.

222 1550 429 1612 Crucis-
463 1550 533 1611 ad
570 1554 941 1611 Hierusalem.

287 1627 347 1698 (ἰ)
377 1628 586 1681 Forma
605 1627 987 1698 Lateranense.
1021 1623 1068 1693 Q

222 1695 336 1768 cis,
356 1704 422 1754 et
443 1699 673 1754 Portam
712 1696 1115 1780 Praenestinam
1162 1695 1354 1767 (hodie
1371 1699 1534 1764 porta
1574 1696 1879 1764 Maggiore)

222 1782 287 1824 ex
313 1770 508 1825 ductu
531 1768 766 1824 Claudii
790 1781 851 1823 in
887 1766 1129 1824 Caelium
1162 1772 1407 1822 montem
1445 1766 1514 1822 ad
1539 1768 1876 1822 Lateranum

223 1853 403 1910 aquas
438 1840 809 1910 perducebat.

291 1912 359 1981 (j)
411 1909 627 1967 Sancta
656 1911 881 1965 Helena.
927 1909 1550 1981 SanctusuMarcellinus
1575 1913 1626 1963 et
1661 1910 1872 1981 Petrus.

228 1979 397 2039 Extra
422 1989 650 2039 portam
672 1982 1077 2037 Praenestinam
1103 1979 1380 2036 milliarlo
1406 1981 1655 2036 secundo
1689 1980 1879 2035 eccle-

232 1997 397 2039 ISle
501 1997 650 2038 rtam
674 1997 1077 2037 Praenesunam
1103 1997 1380 2036 munarto
1406 1997 1655 2036 secundo
1689 1997 1879 2035 θοειθτ

232 2056 320 2134 site
346 1997 828 2134 substructiones
864 2051 1032 2134 hodie
1055 2057 1367 2134 supersunt
1407 2064 1594 2134 supra
1609 2057 1880 2107 cmmete-

238 2125 719 2182 riumeorumdem
742 2129 1065 2180 sanctorum
1096 2122 1326 2178 nomine
1354 2122 1722 2179 celebratum.

298 2198 372 2267 (Β)
402 2198 691 2252 Palatium
723 2196 970 2264 Trajani.
1002 2194 1257 2249 Thermas
1286 2194 1537 2267 Traiani.

293 2265 357 2339 (ι)
400 2269 813 2323 Monasterium
856 2267 1104 2320 Honorii.
1146 2267 1343 2339 Forma
1386 2265 1712 2339 Claudiana.
1759 2267 1876 2320 Pa—

233 2335 558 2393 triarchium
578 2340 964 2393 Lateranense.
1006 2338 1183 2407 Prope
1225 2335 1461 2392 formam
1503 2336 1874 2391 Claudianam

224 2416 338 2480 post
360 2413 615 2478 formam
635 2408 1013 2480 Aquwductus
1031 2408 1363 2479 patriarchii
1402 2407 1787 2480 Lateranensis
1814 2408 1874 2463 in

229 2479 343 2537 Vita
388 2481 700 2538 Paschalis
748 2495 787 2543 ι,
861 2479 1108 2550 legimus
1150 2480 1400 2549 positum
1466 2479 1875 2550 monasterium

234 2558 566 2610 sanctorum
598 2552 783 2624 Sergii
807 2558 863 2608 et
908 2549 1139 2624 Bacchi.
1173 2552 1240 2606 Et
1280 2550 1340 2604 in
1374 2550 1511 2624 _Vita
1560 2549 1761 2624 Leonis
1810 2551 1880 2604 lII

229 2626 646 2681 monasterium
668 2620 994 2680 sanctorum
1021 2621 1259 2678 Andreae
1275 2626 1331 2677 et
1373 2620 1743 2676 Barholomaai
1774 2633 1884 2690 ap—

228 2698 475 2770 pellatur
502 2698 758 2770 Honprii.
780 2696 927 2750 Num
958 2695 1075 2770 duo
1107 2699 1298 2750 essent
1338 2692 1885 2770 monasteria,viro—

224 2762 342 2827 rum
372 2782 591 2836 unum,
616 2766 956 2822 feminarum
974 2766 1219 2821 alterum
1246 2764 1506 2836 proxima
1530 2762 1881 2836 patriarchio

226 2834 599 2898 Lateranensi
632 2844 689 2895 et
725 2836 921 2893 formae
957 2836 1209 2904 Claudii,
1248 2834 1724 2906 quemadmodum
1762 2835 1877 2889 duo

225 2913 442 2987 ibidem
472 2915 619 2967 sunt
640 2909 969 2987 nosocomia
999 2905 1306 2987 utriusque
1333 2920 1505 2987 sexus
1526 2905 1757 2987 aegrotis
1778 2917 1874 2987 se:

1074 1638 1157 1679 uae
1188 1624 1339 1679 inter
1375 1623 1612 1680 titulum
1642 1623 1697 1679 S.
1726 1623 1880 1679 Cru—

1413 222 1810 282 DESCRIPTIO
1846 223 2211 281 REGIONUM
2248 226 2465 282 URBIS.

238 348 375 405 olim
421 344 713 415 Minervae,
764 357 920 401 nunc
955 356 1088 402 vero
1135 344 1375 401 ecclesia
1421 351 1630 403 sanctae
1689 346 1967 405 MariaaA

2556 348 2778 405 ARCUS
2803 349 3063 406 SEVERI.

2644 441 2713 494 In
2743 439 2987 494 dea-tera.

2061 524 2286 582 Tiberis

2062 616 2118 668 S.
2149 615 2422 671 Hadriani

2595 707 2663 778 (θ)
2693 709 2760 761 In
2790 711 3039 765 sinistra.

2061 791 2137 864 (al)
2164 792 2429 851 Cavallus
2466 795 2835 853 Constantini

2513 918 2751 975 FORUM
2776 920 3123 979 ROMANUM

2641 1012 2705 1065 In
2744 1010 2990 1067 dextera.

2059 1092 2127 1165 (e)
2153 1094 2344 1152 Sancti
2385 1095 2456 1168 Cy
2467 1097 2612 1153 riaci

2057 1182 2262 1239 Sancta
2285 1184 2523 1257 Agatha.
2557 1186 2641 1241 Ibi
2666 1186 2947 1260 imagines
2966 1189 3129 1245 Pauli
3150 1193 3207 1247 et
3228 1196 3436 1248 sancta:
3451 1193 3645 1250 Marias.

2682 1314 2947 1370 SUBURA

2630 1403 2699 1456 In
2728 1403 2973 1459 dextera.

2057 1484 2311 1542 Thermaa
2339 1486 2703 1545 Constantini

2059 1570 2125 1644 (Γ)
2153 1575 2344 1632 Sancti
2377 1578 2583 1634 Vitalis
2611 1579 2669 1634 in
2692 1580 2819 1636 vico
2842 1580 3033 1654 longo,
3063 1582 3162 1639 ubi
3193 1584 3371 1640 caval.
3406 1589 3527 1656 opt.

2058 1660 2130 1733 (g)
2156 1663 2375 1721 Sancta:
2402 1667 2733 1737 Euphemias
2765 1670 2823 1724 in
2851 1668 2991 1726 Vico
3023 1672 3283 1728 Patricii.

2632 1776 2701 1828 In
2726 1777 2977 1840 sinistra,

2056 1876 2412 1934 Pudentiana
2432 1879 2605 1951 Virgo
2632 1880 2691 1934 in
2724 1881 2859 1936 Vico
2892 1883 3153 1939 Patricii.

2051 1964 2127 2038 (ἡ)
2159 1967 2455 2023 Laurentii
2482 1969 2541 2024 in
2589 1969 2916 2041 Formonso,
2960 1971 3063 2027 ubi
3116 1973 3215 2029 ille
3256 1981 3484 2033 assatus
3525 1986 3631 2035 est;

2055 2058 2266 2113 Iterum
2294 2071 2393 2127 per
2414 2056 2718 2114 Suburam.
2750 2059 3003 2115 Thermas
3022 2062 3251 2131 Trajani
3283 2064 3352 2120 ad
3379 2065 3636 2122 vincula.

2456 2175 2658 2230 ΝΟΤλλΕ
2687 2176 3072 2235 BLANCHINI.

2056 2284 2135 2353 (α)
2153 2286 2241 2338 In'
2278 2287 2342 2339 D.
2376 2301 2437 2338 in
2471 2285 2714 2340 demtera.
2758 2286 3021 2343 Mendum
3066 2287 3457 2346 manifestum.
3498 2292 3637 2349 Per—

1988 2357 2274 2412 mutandze
2318 2357 2638 2412 necessario
2680 2357 2885 2412 littera:
2924 2359 2969 2412 Ι)
3013 2367 3069 2414 et
3118 2359 3174 2415 S.
3216 2362 3277 2414 In
3330 2361 3436 2417 hoc
3482 2364 3636 2419 enim

1990 2428 2387 2499 progressuad
2437 2428 2627 2482 laevam
2666 2429 3026 2497 procedentis
3071 2437 3402 2499 spectantur
3442 2434 3636 2490 circus

1988 2497 2262 2574 Agonalis
2290 2496 2474 2574 (quem
2504 2504 2720 2574 se_ct._1i
2757 2504 2813 2553 et
2841 2500 2934 2555 hic
2960 2496 3306 2574 Flaminium
3343 2517 3635 2574 perperam

1990 2567 2304 2639 appellat),
2342 2568 2626 2635 Rotunda,
2659 2569 2915 2626 Thermae
2959 2567 3396 2639 Commodianée,
3439 2567 3548 2632 etc.
3580 2581 3637 2632 et

1990 2641 2060 2718 ad
2091 2640 2380 2718 dexteram
2411 2640 2683 2718 visuntur
2725 2642 2909 2697 sancti
2959 2645 3253 2700 Laurentii
3282 2645 3341 2701 in
3368 2647 3632 2718 Damaso,

1991 2711 2278 2766 theatrum
2310 2711 2583 2781 Pompeii,
2612 2717 2721 2768 etc.

2061 2781 2131 2852 (b)
2179 2784 2245 2836 In
2289 2783 2344 2838 S.
2389 2782 2589 2858 Sancti
2620 2783 2927 2858 Laurentii.
2976 2786 3296 2858 Legendum
3336 2791 3396 2843 in
3437 2793 3529 2853 D.,
3574 2792 3635 2844 in

1987 2854 2242 2923 Dantem,
2325 2854 2411 2909 uti
2459 2853 2631 2923 paulo
2660 2862 2791 2911 ante
2815 2853 3077 2912 dixeram
3101 2858 3292 2913 littera
3313 2877 3367 2913 a.

2056 2922 2125 2994 (ο)
2160 2925 2215 2980 S.
2267 2922 2574 2996 Laurentii.
2627 2927 2849 2982 Ecclsia
2898 2925 3030 2996 fuit,
3069 2927 3178 2984 sub
3208 2927 3505 2987 AdrianoI
3532 2931 3634 2987 di-

224 2985 483 3072 anus
502 2981 797 3072 saliaria
825 2975 1687 3072 9913alauaaﬁtﬂ'sﬁafﬂ
1736 2975 1869 3072 ead
1900 3003 1949 3067 c
1984 2975 2859 3072 eain‘pmi'ss",sm‘aaaia
2876 2975 3030 3072 asia;
3053 2975 3503 3072 etiam:
3529 2975 3628 3057 an

218 3048 524 3126 Rasponus
560 3053 796 3109 Honorii
827 3048 1463 3126 monasterioattribuit
1492 3048 1588 3126 lib.
1618 3060 1709 3126 _m,
1742 3061 1864 3126 cap.

219 3125 300 3196 l3,
329 3118 410 3183 de
436 3128 560 3182 Lat.
596 3122 1007 3196 Patriarchio);
1035 3135 1106 3177 an
1135 3120 1288 3196 idem
1327 3119 1735 3196 monasterium
1768 3118 1872 3174 du-

217 3190 354 3269 plici
390 3197 631 3254 nomine
654 3190 1018 3269 insignitum",
1048 3205 1161 3247 non
1183 3191 1326 3269 satis
1357 3191 1560 3269 liquet.
1600 3190 1864 3269 Virorum

220 3261 640 3326 monasterium
684 3266 757 3322 ab
780 3261 1052 3321 'Honorio
1095 3277 1236 3331 papa
1292 3262 1615 3330 fundatum,
1679 3267 1733 3316 et
1797 3261 1868 3316 ab

218 3341 474 3397 Adriano
498 3342 523 3395 Ι
542 3339 873 3394 restitutum
895 3335 1150 3392 ostendit
1170 3335 1466 3403 Rasponus
1481 3346 1548 3387 ex
1564 3332 1868 3389 Anastasio

218 3412 320 3469 sub
346 3412 719 3467 invocatione
759 3413 1069 3462 sanctorum
1105 3405 1344 3459 Andrez
1378 3409 1427 3459 et
1467 3404 1865 3458 Bartholomaei.

219 3483 633 3539 Monasterium
659 3493 793 3536 vero
820 3484 940 3548 post
966 3481 1200 3546 formam
1228 3476 1602 3548 Aquaaductus
1620 3476 1867 3544 patriar-

219 3555 321 3608 ε)ήὶ
339 3554 738 3609 Lateranensis
753 3546 995 3621 positum
1034 3548 1315 3621 claruisse
1340 3546 1513 3621 titulo
1559 3551 1870 3621 sanctorum

221 3625 395 3694 Sergii
410 3631 463 3680 et
484 3624 688 3679 Bacchi
704 3615 970 3679 novimus
984 3635 1051 3694 ex
1074 3620 1202 3675 Vita
1222 3617 1512 3694 Paschalis
1534 3616 1705 3694 primi
1731 3633 1746 3681 ;
1766 3615 1867 3672 ubi

220 3690 555 3752 ancillarum
578 3696 675 3748 Dei
703 3693 1043 3761 congregatio
1077 3707 1199 3761 quae
1246 3690 1447 3745 ibidem
1490 3690 1689 3750 inerat,
1715 3703 1868 3756 pau—

214 3771 444 3838 pertatis
467 3768 663 3838 inopia
689 3766 872 3819 nullas
901 3764 1252 3838 omnipotenti
1287 3763 1513 3838 Domino
1542 3761 1867 3838 sanctisque

219 3829 367 3895 illius
399 3829 601 3893 laudes
617 3836 903 3891 decantare
921 3829 1282 3896 cum—ualeret,
1328 3839 1435 3888 etc.
1453 3829 1557 3886 Sed
1592 3829 1863 3897 providus

217 3909 479 3967 Pontifex
506 3922 620 3965 non
647 3908 833 3964 solum
851 3907 1070 3961 ancillis
1090 3907 1189 3959 Dei
1213 3903 1531 3960 necessaria
1556 3900 1865 3956 ministra-

218 3982 314 4052 vit,
347 3994 553 4038 verum
584 3985 643 4035 et
665 3978 875 4052 adjecit
896 3975 1305 4052 monasterium
1330 3974 1733 4052 monacho-rum,
1766 3972 1864 4052 qi-

219 4042 339 4109 tans
360 4056 424 4107 in
450 4042 901 4121 facultatibus,et
918 4052 980 4103 in
1008 4048 1260 4121 familiis,
1285 4048 1504 4116 massis,
1524 4045 1724 4121 vineis,
1756 4042 1863 4095 do-

218 4126 415 4187 mibus,
448 4112 705 4194 quorum,
736 4112 1165 4194 congregationi
1204 4112 1413 4194 munus
1440 4112 1691 4194 contulit
1709 4112 1859 4194 (_non

216 4185 494 4252 secus’ac
557 4185 1154 4250 Paschalis'de'cessor
1203 4189 1495 4245 Adrianus
1543 4185 1864 4242 contulerat

216 4266 518 4323 monachis
556 4265 892 4321 Sanctorum
938 4262 1176 4319 Andreae
1214 4266 1271 4316 et
1324 4255 1754 4326 Bartholomaei)
1799 4260 1863 4310 ut

1982 3078 2139 3143 nune
2164 3066 2378 3143 visitur
2404 3069 2460 3143 S_.
2498 3068 2806 3143 Camarina
2827 3069 2898 3125 de
2927 3070 3229 3143 Eunariis;
3257 3072 3327 3127 de
3353 3086 3463 3143 qua
3484 3066 3493 3072 ⁷
3518 3072 3635 3130 haac

1980 3135 2149 3192 habet
2178 3138 2540 3194 Martinellus
2562 3151 2686 3209 pag.
2712 3137 2851 3195 36s:
2881 3160 2907 3191 α
2931 3139 2987 3195 S.
3034 3135 3322 3198 Laurentii
3364 3135 3425 3197 in
3460 3145 3635 3198 Pala—

1979 3210 2130 3270 tinis,
2162 3213 2215 3263 et
2240 3210 2514 3262 Pallacim'
2566 3211 2975 3265 monasterium
3026 3212 3247 3267 noviter
3288 3216 3634 3269 restauravit

1976 3276 2309 3334 Adrianusl
2339 3285 2395 3334 et
2415 3280 2717 3348 conjunxit
2736 3294 2864 3335 cum
2889 3280 3006 3335 alio
3053 3285 3399 3339 monasterio
3445 3286 3632 3339 sancti

1977 3348 2269 3425 Stephani,
2316 3349 2957 3425 juxta‘ipsumuposili.
2986 3352 3136 3425 quod
3186 3355 3631 3425 cognominatur

1976 3420 2239 3493 Baganda
2257 3439 2279 3493 ;ﬁ
2306 3426 2361 3476 et
2386 3421 2678 3493 ordinavit
2709 3421 2791 3476 ibi
2819 3420 3135 3493 monachos,
3166 3424 3235 3479 ad
3260 3420 3628 3493 psallendum

1980 3491 2041 3545 in
2068 3491 2241 3547 titulo
2261 3492 2313 3547 S.
2356 3492 2611 3546 Marci.»
2658 3494 2732 3546 De
2781 3493 2975 3546 eodem
3015 3491 3288 3548 Biblioth‘.
3340 3494 3398 3549 in
3450 3496 3632 3551 Leone

1976 3562 2070 3628 Ill,
2092 3563 2369 3634 Gregorio
2406 3562 2477 3616 ιν
2500 3568 2555 3616 et
2582 3562 2894 3634 Benedicto
2922 3564 2997 3616 ΙΙΙ
3024 3562 3362 3634 Grimaldus
3394 3565 3625 3634 inquit:

1980 3652 2008 3684 α
2049 3632 2422 3708 Istaecclesia
2440 3639 2560 3687 erat
2579 3633 2636 3686 in
2657 3633 2924 3708 opposito
2949 3632 3158 3708 palatii
3182 3632 3626 3708 Matthaeiorum,

1975 3709 2032 3758 et
2059 3704 2233 3773 periit
2268 3705 2326 3758 in
2357 3703 2784 3759 constructione
2830 3704 3162 3758 monasterii
3195 3712 3403 3760 sanctae
3429 3703 3633 3763 CathaL

1976 3774 2136 3829 rinae.
2172 3775 2434 3846 Meminit
2463 3773 2623 3829 bulla
2641 3774 2934 3830 Caelestini
2961 3774 3144 3845 tertii,
3168 3775 3229 3830 in
3252 3789 3363 3846 qua
3394 3784 3631 3835 vocatur

1972 3846 2145 3901 etiam
2174 3845 2469 3901 Clausura.
2515 3863 2542 3894 ι»

2043 3917 2303 3972 Sectione
2334 3931 2374 3972 ιι
2408 3916 2584 3985 hujus
2606 3916 2895 3972 ltinerarii
2939 3915 3159 3973 dicitur
3187 3918 3361 3973 etiam
3385 3918 3441 3974 S.
3477 3920 3627 3975 Lau-

1974 3988 2149 4045 rentii
2177 3988 2236 4042 in
2259 3989 2530 4053 Minerva,
2571 4002 2638 4043 ex
2670 4002 2783 4057 quo
2816 3988 3111 4043 indicatur
3138 3989 3311 4045 etiam
3355 3989 3516 4047 locus
3544 3990 3629 4046 di-

1971 4067 2100 4116 ctus
2133 4059 2213 4114 ibi
2240 4072 2469 4129 quoque
2491 4059 2803 4127 Cypressus.
2836 4059 3077 4131 Videtur
3094 4061 3247 4115 enim
3282 4060 3626 4131 respondere

1971 4132 2105 4203 vico
2126 4131 2227 4203 qui
2276 4134 2673 4203 paucosante
2694 4143 2876 4203 annos
2907 4129 3215 4186 vacabatur
3247 4129 3456 4203 l’Olmo,
3502 4130 3628 4188 for—

1973 4200 2241 4257 tassis’ab
2267 4202 2411 4255 ulmo
2436 4200 2638 4256 arbore
2662 4201 2720 4255 in
2745 4201 2929 4257 locum
2954 4205 3194 4271 cypressi
3209 4203 3288 4259 ibi
3313 4200 3629 4273 aliquando

1972 4273 2292 4329 substituta
2316 4272 2469 4328 circa
2515 4273 2692 4329 aadem
2735 4285 2955 4328 sacram
2994 4278 3051 4328 et
3095 4274 3507 4332 monasterium
3553 4275 3616 4329 S.

214 4339 339 4420 υωε
364 4339 684 4420 metisque
710 4336 863 4390 ίιιίιιε
880 4333 1079 4420 lavdes
1098 4338 1153 4420 ξε
1175 4333 1601 4420 emanasse:
1646 4328 1941 4420 1??!sz
1971 4328 2288 4420 Laurentii-

213 4410 565 4487 modulanter
588 4402 977 4487 invenerabili
1024 4405 1246 4487 ecclesia
1300 4402 1602 4487 Salvatqris
1887 4402 1940 4420 ν
1972 4458 1981 4471 .
2043 4414 2120 4487 (d)
2149 4416 2403 4487 Cavallus
2426 4414 2790 4471 Constantini.
2831 4414 3125 4487 Nardinus
3162 4411 3424 4472 observat
3452 4417 3627 4474 Noti-

212 4481 401 4537 Nostri
427 4483 568 4536 Isso
598 4479 802 4535 Christi
818 4480 927 4533 sita
942 4478 1117 4547 juxta
1144 4478 1444 4532 Lateranas
1490 4472 1861 4527 decantarent.

792 4595 1088 4665 SECTIO
1159 4594 1286 4663 ΙΙΙ.

210 4713 266 4776 Δ
288 4716 497 4792 porta
526 4710 603 4775 ιδ’.
636 4708 1215 4853 Ρεινὶἰέεὲτῄἵήιέἕ
1242 4706 1552 4771 sanctam
1585 4701 1867 4765 Laetam

839 4809 920 4854 ἰη
967 4805 1233 4853 UTI/led.

800 4887 877 4960 (α)
905 4890 992 4943 In"
1017 4888 1263 4943 dextera.
1356 4880 1361 4886 ⁴

280 4983 367 5037 Ιιι·
393 4982 461 5037 D.
494 4980 703 5037 Circus
734 4978 1062 5035 Flamineus

280 5061 554 5117 Rotunda

276 5140 537 5197 Thermaa
562 5139 985 5197 Commodianaa

277 5220 489 5277 Forum
514 5220 770 5291 Trajani,
803 5225 859 5276 et
880 5220 1158 5276 Columna
1188 5216 1315 5286 ejus

854 5311 922 5364 In
949 5311 1198 5365 sinistra.

279 5399 360 5467 (b)
382 5401 445 5456 In
474 5400 529 5456 S.
558 5398 754 5455 Sancti
788 5398 1080 5456 Laurentii
1111 5398 1171 5452 in
1200 5397 1439 5451 Damaso

277 5481 587 5538 Theatrum
618 5479 870 5550 Pompei.
897 5479 1210 5550 Cypressus

276 5560 346 5632 (ο)
362 5562 557 5619 Sancti
584 5560 903 5618 Laurentii.
931 5558 1282 5630 Capitolium

258 5641 471 5700 -Sancti
501 5641 717 5715 Sergii,
745 5640 847 5699 ubi
874 5638 1217 5697 umbilicum
1243 5637 1433 5695 Romae

1972 4485 2114 4542 tiam
2144 4486 2374 4556 Imperii
2399 4487 2458 4541 in
2492 4487 2721 4558 regione
2746 4499 2872 4558 vni,
2900 4485 3050 4558 dicta
3080 4488 3624 4558 Eorumjlomanum,

1974 4555 2445 4627 indicare’equum
2476 4555 2823 4627 Constantini
2848 4556 2908 4611 in
2941 4557 3065 4626 ipso
3096 4556 3240 4613 foro.
3271 4555 3415 4613 Male
3434 4565 3626 4614 autem

1975 4641 2088 4685 non
2119 4626 2413 4685 ominatur
2443 4643 2495 4697 p.
2534 4626 2660 4693 253,
2696 4629 2832 4684 dum
2867 4633 3030 4695 putat
3057 4629 3324 4697 sequiore
3356 4633 3519 4684 aetate
3545 4629 3627 4685 ita

1973 4700 2315 4770 appellatam
2346 4705 2663 4770 equestrem
2697 4704 2943 4770 statuam
2976 4698 3288 4770 Domitiani
3346 4699 3623 4755 celebrem

1936 4832 1945 4839 λ
1973 4769 2143 4827 Statii
2160 4770 2537 4827 carminibus.
2559 4769 2841 4827 Fortassis
2856 4769 3028 4824 etiam
3044 4769 3420 4826 Constantino
3434 4770 3624 4825 dicata

1974 4840 2109 4907 fuit,
2153 4842 2357 4897 abraso
2403 4842 2715 4897 Domitiani
2763 4840 3013 4912 nomine,
3054 4853 3155 4896 seu
3193 4840 3319 4912 basi
3372 4844 3621 4911 mutata;

1975 4927 2087 4971 non
2133 4927 2299 4969 secus
2341 4925 2407 4966 ac
2447 4912 2779 4981 trimphalis
2817 4924 2987 4966 arcus
3019 4924 3184 4981 quem
3214 4911 3618 4981 ipsiierectum

1972 4980 2914 5055 spectamus,construitsenatus
2945 4980 3304 5051 populusque
3334 4980 3624 5037 Romanus

1973 5051 2042 5112 ei
2070 5056 2266 5111 diruto
2289 5051 2518 5121 Trajani
2547 5066 2704 5108 arcu.

2036 5126 2101 5199 (e)
2139 5126 2329 5182 Sancti
2367 5124 2600 5199 Cyriaci.
2642 5124 2701 5199 id
2740 5127 2828 5179 est
2846 5122 3069 5199 Quirici
3114 5128 3171 5178 et
3200 5122 3424 5199 Juiittai
3448 5138 3624 5199 prope

1973 5191 2158 5256 forum
2193 5191 2589 5264 Nerva:[Apud
2632 5191 3016 5264 Anastasium,
3053 5208 3209 5251 num.
3240 5191 3363 5266 474,
3411 5191 3624 5267 legitur

1973 5270 2183 5327 titulus
2209 5270 2266 5325 S.
2292 5268 2536 5340 Cyriaci.
2568 5270 2699 5340 Erat
2726 5268 2777 5323 is
2808 5267 2865 5340 in
2886 5268 3148 5323 Thermis
3173 5267 3537 5340 Diocletiani,
3558 5274 3623 5323 ut

1974 5343 2033 5398 in
2065 5342 2282 5412 synodo
2312 5336 2563 5412 Romana
2588 5339 2694 5396 sub
2722 5339 2951 5396 Gelasio
2978 5353 3154 5410 papa:
3183 5340 3381 5412 Sixtus
3412 5336 3514 5412 _IV,A
3534 5352 3623 5394 eo-

1970 5408 2295 5470 dem‘ferme
2318 5409 2515 5468 diruto
2538 5426 2650 5481 prae
2677 5408 2993 5478 vetustate,
3025 5408 3339 5467 cardinalis
3382 5408 3619 5481 titulum

1972 5484 2276 5541 transtulit
2302 5484 2370 5540 ad
2402 5476 2699 5539 ecclesiam
2743 5485 2924 5539 sancti
2955 5476 3176 5553 Cyriaci
3207 5492 3379 5553 prope
3427 5476 3617 5537 forum

1968 5558 2185 5627 Nervaa,
2205 5555 2277 5611 de
2298 5554 2741 5627 qualequimur.
2766 5555 2949 5624 Hujus
2968 5550 3096 5608 vero
3115 5550 3438 5627 antiquitas
3458 5556 3614 5607 tanta

1967 5634 2074 5699 est,
2116 5620 2183 5684 ut
2221 5641 2249 5683 a
2296 5620 2521 5694 Vigilio‘
2552 5639 2694 5698 papa
2730 5620 3113 5683 consecratam
3139 5620 3322 5681 fuisse
3364 5634 3617 5680 mensam
