  <div class='ocr_page' id='page_1' title='image "/cluster/home/n/w/nwhite01/storage/ocr_20150623/127/hvd.32044054759881/185.png"; bbox 0 0 3998 6176; ppageno 0'>
   <div class='ocr_carea' id='block_1_1' title="bbox 381 220 488 280">
    <p class='ocr_par' dir='ltr' id='par_1_1' title="bbox 381 220 488 280">
     <span class='ocr_line' id='line_1_1' title="bbox 381 220 488 280; baseline -0.028 0"><span class='ocrx_word' id='word_1_1' title='bbox 381 220 488 280; x_wconf 81' lang='grc'><strong>359</strong></span> 
     </span>
    </p>
   </div>
   <div class='ocr_carea' id='block_1_2' title="bbox 1174 213 2991 273">
    <p class='ocr_par' dir='ltr' id='par_1_2' title="bbox 1174 213 2991 273">
     <span class='ocr_line' id='line_1_2' title="bbox 1174 213 2991 273; baseline -0.001 -3"><span class='ocrx_word' id='word_1_2' title='bbox 1174 215 1266 270; x_wconf 81' lang='lat' dir='ltr'><strong>AD</strong></span> <span class='ocrx_word' id='word_1_3' title='bbox 1304 213 1738 270; x_wconf 80' lang='lat' dir='ltr'><strong>ANASTASIUM</strong></span> <span class='ocrx_word' id='word_1_4' title='bbox 1779 213 2292 271; x_wconf 80' lang='lat' dir='ltr'><strong>PROLEGOMENA</strong></span> <span class='ocrx_word' id='word_1_5' title='bbox 2328 217 2486 272; x_wconf 88' lang='lat' dir='ltr'><strong>EDIT</strong></span> <span class='ocrx_word' id='word_1_6' title='bbox 2498 255 2511 269; x_wconf 94' lang='lat'><strong>.</strong></span> <span class='ocrx_word' id='word_1_7' title='bbox 2559 214 2991 273; x_wconf 83' lang='lat' dir='ltr'><strong>ROM.—VATIC.</strong></span> 
     </span>
    </p>
   </div>
   <div class='ocr_carea' id='block_1_3' title="bbox 3689 210 3803 269">
    <p class='ocr_par' dir='ltr' id='par_1_3' title="bbox 3689 210 3803 269">
     <span class='ocr_line' id='line_1_3' title="bbox 3689 210 3803 269; baseline 0 0"><span class='ocrx_word' id='word_1_8' title='bbox 3689 210 3803 269; x_wconf 86' lang='lat'><strong>360</strong></span> 
     </span>
    </p>
   </div>
   <div class='ocr_carea' id='block_1_4' title="bbox 379 333 3802 412">
    <p class='ocr_par' dir='ltr' id='par_1_4' title="bbox 379 333 3802 412">
     <span class='ocr_line' id='line_1_4' title="bbox 379 333 3802 412; baseline -0.002 -16"><span class='ocrx_word' id='word_1_9' title='bbox 379 341 583 397; x_wconf 89' lang='lat' dir='ltr'><strong>altaris</strong></span> <span class='ocrx_word' id='word_1_10' title='bbox 631 352 1003 412; x_wconf 71' lang='lat' dir='ltr'><strong>marmoream</strong></span> <span class='ocrx_word' id='word_1_11' title='bbox 1043 351 1112 392; x_wconf 86' lang='lat' dir='ltr'><strong>ex</strong></span> <span class='ocrx_word' id='word_1_12' title='bbox 1163 338 1545 412; x_wconf 78' lang='lat' dir='ltr'><strong>inscriptione</strong></span> <span class='ocrx_word' id='word_1_13' title='bbox 1594 338 1659 412; x_wconf 83' lang='lat' dir='ltr'><strong>i_n_</strong></span> <span class='ocrx_word' id='word_1_14' title='bbox 1689 338 2111 412; x_wconf 78' lang='lat' dir='ltr'><strong>_ea_repertaA</strong></span> <span class='ocrx_word' id='word_1_15' title='bbox 2149 344 2438 397; x_wconf 85' lang='lat' dir='ltr'><strong>memorat.</strong></span> <span class='ocrx_word' id='word_1_16' title='bbox 2461 341 2554 396; x_wconf 88' lang='lat' dir='ltr'><strong>sed</strong></span> <span class='ocrx_word' id='word_1_17' title='bbox 2586 341 2846 412; x_wconf 80' lang='lat' dir='ltr'><strong>intelligo</strong></span> <span class='ocrx_word' id='word_1_18' title='bbox 2884 340 3198 412; x_wconf 84' lang='lat' dir='ltr'><strong>obeliscum</strong></span> <span class='ocrx_word' id='word_1_19' title='bbox 3237 337 3380 412; x_wconf 81' lang='lat' dir='ltr'><strong>circi</strong></span> <span class='ocrx_word' id='word_1_20' title='bbox 3429 333 3802 401; x_wconf 81' lang='lat' dir='ltr'><strong>Sallustiani,</strong></span> 
     </span>
    </p>
   </div>
   <div class='ocr_carea' id='block_1_5' title="bbox 382 408 3810 482">
    <p class='ocr_par' dir='ltr' id='par_1_5' title="bbox 382 408 3810 482">
     <span class='ocr_line' id='line_1_5' title="bbox 382 408 3810 482; baseline -0.002 -15"><span class='ocrx_word' id='word_1_21' title='bbox 382 412 698 482; x_wconf 86' lang='lat' dir='ltr'><strong>perceperit</strong></span> <span class='ocrx_word' id='word_1_22' title='bbox 718 410 1038 482; x_wconf 85' lang='lat' dir='ltr'><strong>Alexander</strong></span> <span class='ocrx_word' id='word_1_23' title='bbox 1068 410 1226 482; x_wconf 76' lang='lat' dir='ltr'><strong>card.</strong></span> <span class='ocrx_word' id='word_1_24' title='bbox 1245 409 1565 482; x_wconf 83' lang='lat' dir='ltr'><strong>Mediceus.</strong></span> <span class='ocrx_word' id='word_1_25' title='bbox 1599 408 1740 482; x_wconf 83' lang='lat' dir='ltr'><strong>Vide</strong></span> <span class='ocrx_word' id='word_1_26' title='bbox 1766 408 2032 482; x_wconf 74' lang='lat' dir='ltr'><strong>Carolum</strong></span> <span class='ocrx_word' id='word_1_27' title='bbox 2145 414 2386 482; x_wconf 89' lang='lat' dir='ltr'><strong>quemin</strong></span> <span class='ocrx_word' id='word_1_28' title='bbox 2412 413 2692 480; x_wconf 84' lang='lat' dir='ltr'><strong>proximis</strong></span> <span class='ocrx_word' id='word_1_29' title='bbox 2713 408 2900 468; x_wconf 72' lang='lat' dir='ltr'><strong>hortis</strong></span> <span class='ocrx_word' id='word_1_30' title='bbox 2915 408 3318 466; x_wconf 88' lang='lat' dir='ltr'><strong>Ludovisianis</strong></span> <span class='ocrx_word' id='word_1_31' title='bbox 3341 408 3625 478; x_wconf 78' lang='lat' dir='ltr'><strong>jacentem</strong></span> <span class='ocrx_word' id='word_1_32' title='bbox 3655 418 3810 460; x_wconf 89' lang='lat' dir='ltr'><strong>con-</strong></span> 
     </span>
    </p>
   </div>
   <div class='ocr_carea' id='block_1_6' title="bbox 379 479 2030 547">
    <p class='ocr_par' dir='ltr' id='par_1_6' title="bbox 379 479 2030 547">
     <span class='ocr_line' id='line_1_6' title="bbox 379 479 2030 547; baseline -0.004 -10"><span class='ocrx_word' id='word_1_33' title='bbox 379 479 574 538; x_wconf 80' lang='lat' dir='ltr'><strong>Piazza</strong></span> <span class='ocrx_word' id='word_1_34' title='bbox 597 483 668 538; x_wconf 89' lang='lat' dir='ltr'><strong>de</strong></span> <span class='ocrx_word' id='word_1_35' title='bbox 705 480 1038 535; x_wconf 80' lang='lat' dir='ltr'><strong>Ilierarchia</strong></span> <span class='ocrx_word' id='word_1_36' title='bbox 1090 480 1491 547; x_wconf 87' lang='lat' dir='ltr'><strong>Cardinalitia,</strong></span> <span class='ocrx_word' id='word_1_37' title='bbox 1546 480 1614 534; x_wconf 92' lang='lat' dir='ltr'><strong>ad</strong></span> <span class='ocrx_word' id='word_1_38' title='bbox 1663 479 1895 534; x_wconf 92' lang='lat' dir='ltr'><strong>titulum</strong></span> <span class='ocrx_word' id='word_1_39' title='bbox 1939 479 2030 533; x_wconf 90' lang='lat' dir='ltr'><strong>SS.</strong></span> 
     </span>
    </p>
   </div>
   <div class='ocr_carea' id='block_1_7' title="bbox 378 551 2034 622">
    <p class='ocr_par' dir='ltr' id='par_1_7' title="bbox 378 551 2034 622">
     <span class='ocr_line' id='line_1_7' title="bbox 378 551 2034 622; baseline -0.003 -13"><span class='ocrx_word' id='word_1_40' title='bbox 378 553 603 622; x_wconf 90' lang='lat' dir='ltr'><strong>Quirici</strong></span> <span class='ocrx_word' id='word_1_41' title='bbox 636 553 755 622; x_wconf 90' lang='lat' dir='ltr'><strong>(seu</strong></span> <span class='ocrx_word' id='word_1_42' title='bbox 778 551 1024 622; x_wconf 85' lang='lat' dir='ltr'><strong>Cyriaci)</strong></span> <span class='ocrx_word' id='word_1_43' title='bbox 1052 557 1108 622; x_wconf 85' lang='lat' dir='ltr'><strong>et</strong></span> <span class='ocrx_word' id='word_1_44' title='bbox 1134 551 1379 622; x_wconf 15' lang='lat' dir='ltr'><strong>rJulitlaa,</strong></span> <span class='ocrx_word' id='word_1_45' title='bbox 1405 556 1462 604; x_wconf 89' lang='lat' dir='ltr'><strong>et</strong></span> <span class='ocrx_word' id='word_1_46' title='bbox 1499 551 1885 620; x_wconf 85' lang='lat' dir='ltr'><strong>antiquatum,</strong></span> <span class='ocrx_word' id='word_1_47' title='bbox 1934 563 2034 605; x_wconf 92' lang='lat' dir='ltr'><strong>seu</strong></span> 
     </span>
    </p>
   </div>
   <div class='ocr_carea' id='block_1_8' title="bbox 381 621 1510 694">
    <p class='ocr_par' dir='ltr' id='par_1_8' title="bbox 381 621 1510 694">
     <span class='ocr_line' id='line_1_8' title="bbox 381 621 1510 694; baseline -0.006 -14"><span class='ocrx_word' id='word_1_48' title='bbox 381 621 753 694; x_wconf 17' lang='lat' dir='ltr'><strong>siuppreSSum</strong></span> <span class='ocrx_word' id='word_1_49' title='bbox 782 623 835 677; x_wconf 93' lang='lat' dir='ltr'><strong>S.</strong></span> <span class='ocrx_word' id='word_1_50' title='bbox 870 621 1094 694; x_wconf 82' lang='lat' dir='ltr'><strong>Cyriaci</strong></span> <span class='ocrx_word' id='word_1_51' title='bbox 1131 621 1189 694; x_wconf 81' lang='lat' dir='ltr'><strong>in</strong></span> <span class='ocrx_word' id='word_1_52' title='bbox 1229 621 1510 694; x_wconf 81' lang='lat' dir='ltr'><strong>Thermis.</strong></span> 
     </span>
    </p>
   </div>
   <div class='ocr_carea' id='block_1_9' title="bbox 452 693 1067 766">
    <p class='ocr_par' dir='ltr' id='par_1_9' title="bbox 452 693 1067 766">
     <span class='ocr_line' id='line_1_9' title="bbox 452 693 1067 766; baseline -0.02 -12"><span class='ocrx_word' id='word_1_53' title='bbox 452 693 518 766; x_wconf 70' lang='grc' dir='ltr'><strong>(Γ)</strong></span> <span class='ocrx_word' id='word_1_54' title='bbox 564 695 753 766; x_wconf 81' lang='lat' dir='ltr'><strong>Sancti</strong></span> <span class='ocrx_word' id='word_1_55' title='bbox 799 693 1019 766; x_wconf 66' lang='lat' dir='ltr'><strong>Vitatis.</strong></span> <span class='ocrx_word' id='word_1_56' title='bbox 1032 731 1067 744; x_wconf 92' lang='lat'><strong>..</strong></span> 
     </span>
    </p>
   </div>
   <div class='ocr_carea' id='block_1_10' title="bbox 382 761 2034 831">
    <p class='ocr_par' dir='ltr' id='par_1_10' title="bbox 382 761 2034 831">
     <span class='ocr_line' id='line_1_10' title="bbox 382 761 2034 831; baseline -0.002 -11"><span class='ocrx_word' id='word_1_57' title='bbox 382 761 637 822; x_wconf 79' lang='lat' dir='ltr'><strong>mulacra</strong></span> <span class='ocrx_word' id='word_1_58' title='bbox 667 765 785 820; x_wconf 92' lang='lat' dir='ltr'><strong>duo</strong></span> <span class='ocrx_word' id='word_1_59' title='bbox 819 764 876 817; x_wconf 92' lang='lat' dir='ltr'><strong>in</strong></span> <span class='ocrx_word' id='word_1_60' title='bbox 910 761 1152 816; x_wconf 90' lang='lat' dir='ltr'><strong>thermis</strong></span> <span class='ocrx_word' id='word_1_61' title='bbox 1190 761 1556 817; x_wconf 88' lang='lat' dir='ltr'><strong>Constantini</strong></span> <span class='ocrx_word' id='word_1_62' title='bbox 1589 761 1920 831; x_wconf 43' lang='lat' dir='ltr'><strong>reperta,’et</strong></span> <span class='ocrx_word' id='word_1_63' title='bbox 1966 763 2034 816; x_wconf 90' lang='lat' dir='ltr'><strong>ad</strong></span> 
     </span>
    </p>
   </div>
   <div class='ocr_carea' id='block_1_11' title="bbox 382 832 2034 903">
    <p class='ocr_par' dir='ltr' id='par_1_11' title="bbox 382 832 2034 903">
     <span class='ocr_line' id='line_1_11' title="bbox 382 832 2034 903; baseline -0.003 -11"><span class='ocrx_word' id='word_1_64' title='bbox 382 835 592 892; x_wconf 85' lang='lat' dir='ltr'><strong>fontem</strong></span> <span class='ocrx_word' id='word_1_65' title='bbox 619 836 676 890; x_wconf 93' lang='lat' dir='ltr'><strong>in</strong></span> <span class='ocrx_word' id='word_1_66' title='bbox 689 832 1333 903; x_wconf 86' lang='lat' dir='ltr'><strong>Qnirinaliconstituta.</strong></span> <span class='ocrx_word' id='word_1_67' title='bbox 1355 847 1480 902; x_wconf 71' lang='lat' dir='ltr'><strong>quae</strong></span> <span class='ocrx_word' id='word_1_68' title='bbox 1500 845 1701 888; x_wconf 87' lang='lat' dir='ltr'><strong>nomen</strong></span> <span class='ocrx_word' id='word_1_69' title='bbox 1721 833 1856 888; x_wconf 88' lang='lat' dir='ltr'><strong>colli</strong></span> <span class='ocrx_word' id='word_1_70' title='bbox 1877 834 2034 901; x_wconf 90' lang='lat' dir='ltr'><strong>dant,</strong></span> 
     </span>
    </p>
   </div>
   <div class='ocr_carea' id='block_1_12' title="bbox 380 905 814 961">
    <p class='ocr_par' dir='ltr' id='par_1_12' title="bbox 380 905 814 961">
     <span class='ocr_line' id='line_1_12' title="bbox 380 905 814 961; baseline -0.012 0"><span class='ocrx_word' id='word_1_71' title='bbox 380 909 571 961; x_wconf 79' lang='lat' dir='ltr'><strong>Monte</strong></span> <span class='ocrx_word' id='word_1_72' title='bbox 595 905 814 960; x_wconf 81' lang='lat' dir='ltr'><strong>Cavallo</strong></span> 
     </span>
    </p>
   </div>
   <div class='ocr_carea' id='block_1_13' title="bbox 450 973 2042 1048">
    <p class='ocr_par' dir='ltr' id='par_1_13' title="bbox 450 973 2042 1048">
     <span class='ocr_line' id='line_1_13' title="bbox 450 973 2042 1048; baseline -0.003 -17"><span class='ocrx_word' id='word_1_73' title='bbox 450 976 523 1048; x_wconf 87' lang='lat' dir='ltr'><strong>(g)</strong></span> <span class='ocrx_word' id='word_1_74' title='bbox 578 976 633 1030; x_wconf 91' lang='lat' dir='ltr'><strong>S.</strong></span> <span class='ocrx_word' id='word_1_75' title='bbox 676 975 987 1048; x_wconf 62' lang='lat' dir='ltr'><strong>Euphemiz</strong></span> <span class='ocrx_word' id='word_1_76' title='bbox 1019 975 1082 1048; x_wconf 81' lang='lat' dir='ltr'><strong>_in</strong></span> <span class='ocrx_word' id='word_1_77' title='bbox 1137 975 1266 1028; x_wconf 80' lang='lat' dir='ltr'><strong>Vico</strong></span> <span class='ocrx_word' id='word_1_78' title='bbox 1313 974 1540 1048; x_wconf 61' lang='lat' dir='ltr'><strong>Patricii</strong></span> <span class='ocrx_word' id='word_1_79' title='bbox 1611 976 1745 1030; x_wconf 83' lang='lat' dir='ltr'><strong>Erat</strong></span> <span class='ocrx_word' id='word_1_80' title='bbox 1784 974 1860 1048; x_wconf 28' lang='lat' dir='ltr'><strong>ini</strong></span> <span class='ocrx_word' id='word_1_81' title='bbox 1904 973 2042 1048; x_wconf 77' lang='lat' dir='ltr'><strong>Vico</strong></span> 
     </span>
    </p>
   </div>
   <div class='ocr_carea' id='block_1_14' title="bbox 381 1044 2038 1113">
    <p class='ocr_par' dir='ltr' id='par_1_14' title="bbox 381 1044 2038 1113">
     <span class='ocr_line' id='line_1_14' title="bbox 381 1044 2038 1113; baseline -0.002 -11"><span class='ocrx_word' id='word_1_82' title='bbox 381 1044 630 1103; x_wconf 85' lang='lat' dir='ltr'><strong>Patricio</strong></span> <span class='ocrx_word' id='word_1_83' title='bbox 647 1053 809 1100; x_wconf 91' lang='lat' dir='ltr'><strong>vetus</strong></span> <span class='ocrx_word' id='word_1_84' title='bbox 828 1045 1070 1099; x_wconf 89' lang='lat' dir='ltr'><strong>ecclesia</strong></span> <span class='ocrx_word' id='word_1_85' title='bbox 1090 1050 1146 1098; x_wconf 90' lang='lat' dir='ltr'><strong>et</strong></span> <span class='ocrx_word' id='word_1_86' title='bbox 1169 1046 1577 1100; x_wconf 83' lang='lat' dir='ltr'><strong>monasterium</strong></span> <span class='ocrx_word' id='word_1_87' title='bbox 1602 1051 1810 1100; x_wconf 65' lang='lat' dir='ltr'><strong>sanctae</strong></span> <span class='ocrx_word' id='word_1_88' title='bbox 1825 1044 2038 1113; x_wconf 90' lang='lat' dir='ltr'><strong>Euphe,</strong></span> 
     </span>
    </p>
   </div>
   <div class='ocr_carea' id='block_1_15' title="bbox 381 1114 2046 1188">
    <p class='ocr_par' dir='ltr' id='par_1_15' title="bbox 381 1114 2046 1188">
     <span class='ocr_line' id='line_1_15' title="bbox 381 1114 2046 1188; baseline -0.003 -15"><span class='ocrx_word' id='word_1_89' title='bbox 381 1120 531 1188; x_wconf 70' lang='lat' dir='ltr'><strong>miaz,</strong></span> <span class='ocrx_word' id='word_1_90' title='bbox 553 1123 610 1172; x_wconf 89' lang='lat' dir='ltr'><strong>et</strong></span> <span class='ocrx_word' id='word_1_91' title='bbox 629 1115 955 1188; x_wconf 80' lang='lat' dir='ltr'><strong>archangeli</strong></span> <span class='ocrx_word' id='word_1_92' title='bbox 990 1114 1304 1188; x_wconf 83' lang='lat' dir='ltr'><strong>Michaelis,</strong></span> <span class='ocrx_word' id='word_1_93' title='bbox 1335 1121 1475 1188; x_wconf 79' lang='lat' dir='ltr'><strong>teste</strong></span> <span class='ocrx_word' id='word_1_94' title='bbox 1523 1116 1824 1170; x_wconf 85' lang='lat' dir='ltr'><strong>Anastasio</strong></span> <span class='ocrx_word' id='word_1_95' title='bbox 1887 1128 2046 1188; x_wconf 71' lang='lat' dir='ltr'><strong>nurn-</strong></span> 
     </span>
    </p>
   </div>
   <div class='ocr_carea' id='block_1_16' title="bbox 379 1181 2040 1257">
    <p class='ocr_par' dir='ltr' id='par_1_16' title="bbox 379 1181 2040 1257">
     <span class='ocr_line' id='line_1_16' title="bbox 379 1181 2040 1257; baseline -0.004 -12"><span class='ocrx_word' id='word_1_96' title='bbox 379 1181 595 1250; x_wconf 67' lang='lat' dir='ltr'><strong>338.&#39;et</strong></span> <span class='ocrx_word' id='word_1_97' title='bbox 625 1181 874 1257; x_wconf 70' lang='lat' dir='ltr'><strong>quidem&#39;</strong></span> <span class='ocrx_word' id='word_1_98' title='bbox 884 1188 1046 1257; x_wconf 89' lang='lat' dir='ltr'><strong>juxta</strong></span> <span class='ocrx_word' id='word_1_99' title='bbox 1090 1185 1324 1240; x_wconf 91' lang='lat' dir='ltr'><strong>titulum</strong></span> <span class='ocrx_word' id='word_1_100' title='bbox 1355 1187 1646 1254; x_wconf 90' lang='lat' dir='ltr'><strong>Pudentis,</strong></span> <span class='ocrx_word' id='word_1_101' title='bbox 1689 1199 1845 1257; x_wconf 87' lang='lat' dir='ltr'><strong>num.</strong></span> <span class='ocrx_word' id='word_1_102' title='bbox 1918 1181 2040 1253; x_wconf 76' lang='grc'><strong>407,</strong></span> 
     </span>
    </p>
   </div>
   <div class='ocr_carea' id='block_1_17' title="bbox 383 1256 2043 1324">
    <p class='ocr_par' dir='ltr' id='par_1_17' title="bbox 383 1256 2043 1324">
     <span class='ocr_line' id='line_1_17' title="bbox 383 1256 2043 1324; baseline -0.003 -10"><span class='ocrx_word' id='word_1_103' title='bbox 383 1260 442 1314; x_wconf 91' lang='lat' dir='ltr'><strong>in</strong></span> <span class='ocrx_word' id='word_1_104' title='bbox 480 1260 607 1315; x_wconf 85' lang='lat' dir='ltr'><strong>Vita</strong></span> <span class='ocrx_word' id='word_1_105' title='bbox 649 1256 710 1313; x_wconf 92' lang='lat' dir='ltr'><strong>S.</strong></span> <span class='ocrx_word' id='word_1_106' title='bbox 769 1256 974 1312; x_wconf 90' lang='lat' dir='ltr'><strong>Leonis</strong></span> <span class='ocrx_word' id='word_1_107' title='bbox 1018 1258 1112 1324; x_wconf 87' lang='lat' dir='ltr'><strong>IIl,</strong></span> <span class='ocrx_word' id='word_1_108' title='bbox 1165 1257 1248 1310; x_wconf 92' lang='lat' dir='ltr'><strong>uti</strong></span> <span class='ocrx_word' id='word_1_109' title='bbox 1303 1257 1626 1312; x_wconf 83' lang='lat' dir='ltr'><strong>observavit</strong></span> <span class='ocrx_word' id='word_1_110' title='bbox 1679 1256 2043 1312; x_wconf 92' lang='lat' dir='ltr'><strong>Floravantes</strong></span> 
     </span>
    </p>
   </div>
   <div class='ocr_carea' id='block_1_18' title="bbox 381 1324 2044 1398">
    <p class='ocr_par' dir='ltr' id='par_1_18' title="bbox 381 1324 2044 1398">
     <span class='ocr_line' id='line_1_18' title="bbox 381 1324 2044 1398; baseline -0.003 -13"><span class='ocrx_word' id='word_1_111' title='bbox 381 1329 745 1385; x_wconf 87' lang='lat' dir='ltr'><strong>Martinellus</strong></span> <span class='ocrx_word' id='word_1_112' title='bbox 815 1328 872 1382; x_wconf 91' lang='lat' dir='ltr'><strong>in</strong></span> <span class='ocrx_word' id='word_1_113' title='bbox 915 1341 1018 1382; x_wconf 90' lang='lat' dir='ltr'><strong>sua</strong></span> <span class='ocrx_word' id='word_1_114' title='bbox 1065 1329 1238 1382; x_wconf 82' lang='lat' dir='ltr'><strong>Roma</strong></span> <span class='ocrx_word' id='word_1_115' title='bbox 1281 1327 1470 1394; x_wconf 88' lang='lat' dir='ltr'><strong>Sacra,</strong></span> <span class='ocrx_word' id='word_1_116' title='bbox 1513 1341 1650 1398; x_wconf 86' lang='lat' dir='ltr'><strong>pag.</strong></span> <span class='ocrx_word' id='word_1_117' title='bbox 1703 1324 1827 1392; x_wconf 81' lang='lat'><strong>357,</strong></span> <span class='ocrx_word' id='word_1_118' title='bbox 1873 1340 2044 1396; x_wconf 89' lang='lat' dir='ltr'><strong>quam</strong></span> 
     </span>
    </p>
   </div>
   <div class='ocr_carea' id='block_1_19' title="bbox 380 1397 2047 1472">
    <p class='ocr_par' dir='ltr' id='par_1_19' title="bbox 380 1397 2047 1472">
     <span class='ocr_line' id='line_1_19' title="bbox 380 1397 2047 1472; baseline -0.002 -16"><span class='ocrx_word' id='word_1_119' title='bbox 380 1401 648 1472; x_wconf 67' lang='lat' dir='ltr'><strong>Eugeniae</strong></span> <span class='ocrx_word' id='word_1_120' title='bbox 672 1398 1247 1472; x_wconf 72' lang='lat' dir='ltr'><strong>martyrisecclesiam</strong></span> <span class='ocrx_word' id='word_1_121' title='bbox 1268 1397 1623 1453; x_wconf 84' lang='lat' dir='ltr'><strong>cardinalitii</strong></span> <span class='ocrx_word' id='word_1_122' title='bbox 1642 1398 1818 1472; x_wconf 67' lang='lat' dir='ltr'><strong>tituli</strong></span> <span class='ocrx_word' id='word_1_123' title='bbox 1835 1398 2047 1472; x_wconf 68' lang='lat' dir='ltr'><strong>honore</strong></span> 
     </span>
    </p>
   </div>
   <div class='ocr_carea' id='block_1_20' title="bbox 379 1468 2048 1537">
    <p class='ocr_par' dir='ltr' id='par_1_20' title="bbox 379 1468 2048 1537">
     <span class='ocr_line' id='line_1_20' title="bbox 379 1468 2048 1537; baseline -0.004 -10"><span class='ocrx_word' id='word_1_124' title='bbox 379 1468 671 1527; x_wconf 75' lang='lat' dir='ltr'><strong>decoravit</strong></span> <span class='ocrx_word' id='word_1_125' title='bbox 689 1470 743 1525; x_wconf 92' lang='lat' dir='ltr'><strong>S.</strong></span> <span class='ocrx_word' id='word_1_126' title='bbox 780 1470 916 1524; x_wconf 85' lang='lat' dir='ltr'><strong>Pius</strong></span> <span class='ocrx_word' id='word_1_127' title='bbox 941 1469 1199 1537; x_wconf 86' lang='lat' dir='ltr'><strong>V.Hujus</strong></span> <span class='ocrx_word' id='word_1_128' title='bbox 1228 1474 1412 1523; x_wconf 89' lang='lat' dir='ltr'><strong>tamen</strong></span> <span class='ocrx_word' id='word_1_129' title='bbox 1457 1468 1962 1524; x_wconf 87' lang='lat' dir='ltr'><strong>successorSixtus</strong></span> <span class='ocrx_word' id='word_1_130' title='bbox 2004 1469 2048 1522; x_wconf 92' lang='lat' dir='ltr'><strong>V</strong></span> 
     </span>
    </p>
   </div>
   <div class='ocr_carea' id='block_1_21' title="bbox 381 1539 2048 1612">
    <p class='ocr_par' dir='ltr' id='par_1_21' title="bbox 381 1539 2048 1612">
     <span class='ocr_line' id='line_1_21' title="bbox 381 1539 2048 1612; baseline -0.002 -15"><span class='ocrx_word' id='word_1_131' title='bbox 381 1543 504 1598; x_wconf 87' lang='lat' dir='ltr'><strong>solo</strong></span> <span class='ocrx_word' id='word_1_132' title='bbox 548 1541 814 1612; x_wconf 64' lang='lat' dir='ltr'><strong>aequavit,</strong></span> <span class='ocrx_word' id='word_1_133' title='bbox 841 1541 990 1612; x_wconf 87' lang='lat' dir='ltr'><strong>dum</strong></span> <span class='ocrx_word' id='word_1_134' title='bbox 1053 1539 1474 1612; x_wconf 68' lang='lat' dir='ltr'><strong>amplissimam</strong></span> <span class='ocrx_word' id='word_1_135' title='bbox 1511 1540 1658 1612; x_wconf 84' lang='lat' dir='ltr'><strong>viam</strong></span> <span class='ocrx_word' id='word_1_136' title='bbox 1710 1539 1968 1609; x_wconf 88' lang='lat' dir='ltr'><strong>aperiret</strong></span> <span class='ocrx_word' id='word_1_137' title='bbox 2015 1552 2048 1593; x_wconf 89' lang='lat' dir='ltr'><strong>a</strong></span> 
     </span>
    </p>
   </div>
   <div class='ocr_carea' id='block_1_22' title="bbox 381 1609 2048 1680">
    <p class='ocr_par' dir='ltr' id='par_1_22' title="bbox 381 1609 2048 1680">
     <span class='ocr_line' id='line_1_22' title="bbox 381 1609 2048 1680; baseline -0.002 -12"><span class='ocrx_word' id='word_1_138' title='bbox 381 1609 633 1668; x_wconf 75' lang='lat' dir='ltr'><strong>basilica</strong></span> <span class='ocrx_word' id='word_1_139' title='bbox 668 1611 967 1666; x_wconf 90' lang='lat' dir='ltr'><strong>Liberiana</strong></span> <span class='ocrx_word' id='word_1_140' title='bbox 997 1611 1065 1665; x_wconf 93' lang='lat' dir='ltr'><strong>ad</strong></span> <span class='ocrx_word' id='word_1_141' title='bbox 1093 1610 1414 1665; x_wconf 91' lang='lat' dir='ltr'><strong>columnam</strong></span> <span class='ocrx_word' id='word_1_142' title='bbox 1435 1609 1696 1679; x_wconf 84' lang='lat' dir='ltr'><strong>Trajani;</strong></span> <span class='ocrx_word' id='word_1_143' title='bbox 1732 1623 1903 1680; x_wconf 91' lang='lat' dir='ltr'><strong>prope</strong></span> <span class='ocrx_word' id='word_1_144' title='bbox 1951 1623 2048 1665; x_wconf 91' lang='lat' dir='ltr'><strong>cu-</strong></span> 
     </span>
    </p>
   </div>
   <div class='ocr_carea' id='block_1_23' title="bbox 1119 691 2037 762">
    <p class='ocr_par' dir='ltr' id='par_1_23' title="bbox 1119 691 2037 762">
     <span class='ocr_line' id='line_1_23' title="bbox 1119 691 2037 762; baseline 0 -18"><span class='ocrx_word' id='word_1_145' title='bbox 1119 692 1431 762; x_wconf 66' lang='lat' dir='ltr'><strong>ubicavall.</strong></span> <span class='ocrx_word' id='word_1_146' title='bbox 1485 695 1592 759; x_wconf 87' lang='lat' dir='ltr'><strong>opt.</strong></span> <span class='ocrx_word' id='word_1_147' title='bbox 1640 691 1902 762; x_wconf 85' lang='lat' dir='ltr'><strong>Intellige</strong></span> <span class='ocrx_word' id='word_1_148' title='bbox 1947 691 2037 746; x_wconf 90' lang='lat' dir='ltr'><strong>si—</strong></span> 
     </span>
    </p>
   </div>
   <div class='ocr_carea' id='block_1_24' title="bbox 381 1655 2127 1754">
    <p class='ocr_par' dir='ltr' id='par_1_24' title="bbox 381 1655 2127 1754">
     <span class='ocr_line' id='line_1_24' title="bbox 381 1655 2127 1754; baseline -0.003 -15"><span class='ocrx_word' id='word_1_149' title='bbox 381 1655 1110 1754; x_wconf 53' lang='lat' dir='ltr'><strong>f6¥ﬁm7£6ﬁameri£m</strong></span> <span class='ocrx_word' id='word_1_150' title='bbox 1131 1655 1449 1754; x_wconf 68' lang='lat' dir='ltr'><strong>puellarum</strong></span> <span class='ocrx_word' id='word_1_151' title='bbox 1470 1655 2044 1754; x_wconf 40' lang='lat' dir='ltr'><strong>MJndic’ahtivtIminw-</strong></span> <span class='ocrx_word' id='word_1_152' title='bbox 2072 1655 2127 1716; x_wconf 82' lang='grc' dir='ltr'>Β</span> 
     </span>
    </p>
   </div>
   <div class='ocr_carea' id='block_1_25' title="bbox 382 1751 2042 1820">
    <p class='ocr_par' dir='ltr' id='par_1_25' title="bbox 382 1751 2042 1820">
     <span class='ocr_line' id='line_1_25' title="bbox 382 1751 2042 1820; baseline -0.004 -10"><span class='ocrx_word' id='word_1_153' title='bbox 382 1751 580 1810; x_wconf 80' lang='lat' dir='ltr'><strong>stituit</strong></span> <span class='ocrx_word' id='word_1_154' title='bbox 607 1753 864 1808; x_wconf 87' lang='lat' dir='ltr'><strong>Clemens</strong></span> <span class='ocrx_word' id='word_1_155' title='bbox 883 1753 1017 1814; x_wconf 88' lang='lat' dir='ltr'><strong>VIII,</strong></span> <span class='ocrx_word' id='word_1_156' title='bbox 1050 1751 1323 1820; x_wconf 88' lang='lat' dir='ltr'><strong>providus</strong></span> <span class='ocrx_word' id='word_1_157' title='bbox 1346 1753 1528 1814; x_wconf 90' lang='lat' dir='ltr'><strong>Pater,</strong></span> <span class='ocrx_word' id='word_1_158' title='bbox 1565 1758 1625 1807; x_wconf 90' lang='lat' dir='ltr'><strong>ut</strong></span> <span class='ocrx_word' id='word_1_159' title='bbox 1660 1751 2042 1820; x_wconf 86' lang='lat' dir='ltr'><strong>patrocinium</strong></span> 
     </span>
    </p>
   </div>
   <div class='ocr_carea' id='block_1_26' title="bbox 379 1821 2047 1894">
    <p class='ocr_par' dir='ltr' id='par_1_26' title="bbox 379 1821 2047 1894">
     <span class='ocr_line' id='line_1_26' title="bbox 379 1821 2047 1894; baseline -0.002 -14"><span class='ocrx_word' id='word_1_160' title='bbox 379 1826 506 1894; x_wconf 91' lang='lat' dir='ltr'><strong>ejus</strong></span> <span class='ocrx_word' id='word_1_161' title='bbox 535 1823 785 1894; x_wconf 81' lang='lat' dir='ltr'><strong>virginis</strong></span> <span class='ocrx_word' id='word_1_162' title='bbox 814 1830 869 1878; x_wconf 93' lang='lat' dir='ltr'><strong>et</strong></span> <span class='ocrx_word' id='word_1_163' title='bbox 901 1821 1190 1891; x_wconf 86' lang='lat' dir='ltr'><strong>martyris,</strong></span> <span class='ocrx_word' id='word_1_164' title='bbox 1222 1823 1473 1894; x_wconf 73' lang='lat' dir='ltr'><strong>Romano</strong></span> <span class='ocrx_word' id='word_1_165' title='bbox 1491 1822 1698 1894; x_wconf 86' lang='lat' dir='ltr'><strong>p0pulo</strong></span> <span class='ocrx_word' id='word_1_166' title='bbox 1731 1823 1789 1894; x_wconf 87' lang='lat' dir='ltr'><strong>in</strong></span> <span class='ocrx_word' id='word_1_167' title='bbox 1841 1822 2047 1894; x_wconf 87' lang='lat' dir='ltr'><strong>primis</strong></span> 
     </span>
    </p>
   </div>
   <div class='ocr_carea' id='block_1_27' title="bbox 383 1892 2046 1962">
    <p class='ocr_par' dir='ltr' id='par_1_27' title="bbox 383 1892 2046 1962">
     <span class='ocr_line' id='line_1_27' title="bbox 383 1892 2046 1962; baseline -0.002 -12"><span class='ocrx_word' id='word_1_168' title='bbox 383 1892 723 1962; x_wconf 80' lang='lat' dir='ltr'><strong>venerabile,</strong></span> <span class='ocrx_word' id='word_1_169' title='bbox 747 1895 864 1950; x_wconf 72' lang='lat' dir='ltr'><strong>aede</strong></span> <span class='ocrx_word' id='word_1_170' title='bbox 895 1905 1055 1948; x_wconf 91' lang='lat' dir='ltr'><strong>sacra</strong></span> <span class='ocrx_word' id='word_1_171' title='bbox 1081 1900 1137 1947; x_wconf 90' lang='lat' dir='ltr'><strong>et</strong></span> <span class='ocrx_word' id='word_1_172' title='bbox 1157 1892 1422 1962; x_wconf 88' lang='lat' dir='ltr'><strong>collegio,</strong></span> <span class='ocrx_word' id='word_1_173' title='bbox 1467 1892 1720 1961; x_wconf 88' lang='lat' dir='ltr'><strong>ejusdem</strong></span> <span class='ocrx_word' id='word_1_174' title='bbox 1773 1893 2046 1948; x_wconf 83' lang='lat' dir='ltr'><strong>laudibus</strong></span> 
     </span>
    </p>
   </div>
   <div class='ocr_carea' id='block_1_28' title="bbox 380 1962 2050 2033">
    <p class='ocr_par' dir='ltr' id='par_1_28' title="bbox 380 1962 2050 2033">
     <span class='ocr_line' id='line_1_28' title="bbox 380 1962 2050 2033; baseline -0.003 -11"><span class='ocrx_word' id='word_1_175' title='bbox 380 1967 632 2033; x_wconf 87' lang='lat' dir='ltr'><strong>addicto,</strong></span> <span class='ocrx_word' id='word_1_176' title='bbox 673 1971 940 2020; x_wconf 92' lang='lat' dir='ltr'><strong>testatum</strong></span> <span class='ocrx_word' id='word_1_177' title='bbox 965 1963 1198 2018; x_wconf 79' lang='lat' dir='ltr'><strong>faceret.</strong></span> <span class='ocrx_word' id='word_1_178' title='bbox 1250 1962 1540 2018; x_wconf 89' lang='lat' dir='ltr'><strong>Videndus</strong></span> <span class='ocrx_word' id='word_1_179' title='bbox 1564 1977 1628 2018; x_wconf 91' lang='lat' dir='ltr'><strong>ea</strong></span> <span class='ocrx_word' id='word_1_180' title='bbox 1665 1965 1734 2019; x_wconf 90' lang='lat' dir='ltr'><strong>de</strong></span> <span class='ocrx_word' id='word_1_181' title='bbox 1766 1977 1824 2018; x_wconf 93' lang='lat' dir='ltr'><strong>re</strong></span> <span class='ocrx_word' id='word_1_182' title='bbox 1857 1963 2050 2018; x_wconf 83' lang='lat' dir='ltr'><strong>lauda-</strong></span> 
     </span>
    </p>
   </div>
   <div class='ocr_carea' id='block_1_29' title="bbox 383 2034 2045 2105">
    <p class='ocr_par' dir='ltr' id='par_1_29' title="bbox 383 2034 2045 2105">
     <span class='ocr_line' id='line_1_29' title="bbox 383 2034 2045 2105; baseline -0.001 -14"><span class='ocrx_word' id='word_1_183' title='bbox 383 2044 477 2092; x_wconf 89' lang='lat' dir='ltr'><strong>tus</strong></span> <span class='ocrx_word' id='word_1_184' title='bbox 506 2037 703 2105; x_wconf 8' lang='lat' dir='ltr'><strong>Piazﬁza</strong></span> <span class='ocrx_word' id='word_1_185' title='bbox 745 2037 804 2090; x_wconf 92' lang='lat' dir='ltr'><strong>in</strong></span> <span class='ocrx_word' id='word_1_186' title='bbox 850 2035 1024 2090; x_wconf 90' lang='lat' dir='ltr'><strong>titulo</strong></span> <span class='ocrx_word' id='word_1_187' title='bbox 1073 2046 1379 2104; x_wconf 90' lang='lat' dir='ltr'><strong>suppresso</strong></span> <span class='ocrx_word' id='word_1_188' title='bbox 1445 2039 1653 2089; x_wconf 65' lang='lat' dir='ltr'><strong>sanctae</strong></span> <span class='ocrx_word' id='word_1_189' title='bbox 1694 2034 2045 2105; x_wconf 69' lang='lat' dir='ltr'><strong>Euphemiaa,</strong></span> 
     </span>
    </p>
   </div>
   <div class='ocr_carea' id='block_1_30' title="bbox 384 2104 2047 2246">
    <p class='ocr_par' dir='ltr' id='par_1_30' title="bbox 384 2104 2047 2246">
     <span class='ocr_line' id='line_1_30' title="bbox 384 2104 2047 2246; baseline -0.001 -15"><span class='ocrx_word' id='word_1_190' title='bbox 384 2120 526 2246; x_wconf 52' lang='grc' dir='ltr'><strong>μιῧῶ</strong></span> <span class='ocrx_word' id='word_1_191' title='bbox 547 2104 862 2229; x_wconf 47' lang='lat' dir='ltr'><strong>6Igzgt&#39;trentii</strong></span> <span class='ocrx_word' id='word_1_192' title='bbox 911 2176 973 2228; x_wconf 72' lang='lat' dir='ltr'><strong>in</strong></span> <span class='ocrx_word' id='word_1_193' title='bbox 1020 2177 1328 2230; x_wconf 84' lang='lat' dir='ltr'><strong>Formonso.</strong></span> <span class='ocrx_word' id='word_1_194' title='bbox 1389 2175 1629 2230; x_wconf 88' lang='lat' dir='ltr'><strong>Perinde</strong></span> <span class='ocrx_word' id='word_1_195' title='bbox 1671 2176 1950 2246; x_wconf 86' lang='lat' dir='ltr'><strong>scriptum</strong></span> <span class='ocrx_word' id='word_1_196' title='bbox 1987 2175 2047 2230; x_wconf 91' lang='lat' dir='ltr'><strong>in</strong></span> 
     </span>
    </p>
   </div>
   <div class='ocr_carea' id='block_1_31' title="bbox 380 2246 2039 2316">
    <p class='ocr_par' dir='ltr' id='par_1_31' title="bbox 380 2246 2039 2316">
     <span class='ocr_line' id='line_1_31' title="bbox 380 2246 2039 2316; baseline -0.001 -15"><span class='ocrx_word' id='word_1_197' title='bbox 380 2246 630 2316; x_wconf 82' lang='lat' dir='ltr'><strong>Virgilio</strong></span> <span class='ocrx_word' id='word_1_198' title='bbox 665 2246 969 2300; x_wconf 88' lang='lat' dir='ltr'><strong>Vaticano:</strong></span> <span class='ocrx_word' id='word_1_199' title='bbox 1021 2249 1372 2300; x_wconf 84' lang='lat' dir='ltr'><strong>Formonsum</strong></span> <span class='ocrx_word' id='word_1_200' title='bbox 1418 2252 1612 2316; x_wconf 83' lang='lat' dir='ltr'><strong>pastor</strong></span> <span class='ocrx_word' id='word_1_201' title='bbox 1632 2247 1900 2314; x_wconf 81' lang='lat' dir='ltr'><strong>Corydon,</strong></span> <span class='ocrx_word' id='word_1_202' title='bbox 1932 2253 2039 2301; x_wconf 87' lang='lat' dir='ltr'><strong>etc.</strong></span> 
     </span>
    </p>
   </div>
   <div class='ocr_carea' id='block_1_32' title="bbox 381 2317 2047 2386">
    <p class='ocr_par' dir='ltr' id='par_1_32' title="bbox 381 2317 2047 2386">
     <span class='ocr_line' id='line_1_32' title="bbox 381 2317 2047 2386; baseline -0.001 -15"><span class='ocrx_word' id='word_1_203' title='bbox 381 2318 428 2371; x_wconf 88' lang='lat' dir='ltr'><strong>A</strong></span> <span class='ocrx_word' id='word_1_204' title='bbox 462 2318 727 2372; x_wconf 89' lang='lat' dir='ltr'><strong>Formoso</strong></span> <span class='ocrx_word' id='word_1_205' title='bbox 752 2329 894 2384; x_wconf 91' lang='lat' dir='ltr'><strong>papa</strong></span> <span class='ocrx_word' id='word_1_206' title='bbox 925 2317 1310 2371; x_wconf 86' lang='lat' dir='ltr'><strong>instauratum</strong></span> <span class='ocrx_word' id='word_1_207' title='bbox 1339 2325 1393 2371; x_wconf 92' lang='lat' dir='ltr'><strong>et</strong></span> <span class='ocrx_word' id='word_1_208' title='bbox 1424 2317 1642 2372; x_wconf 90' lang='lat' dir='ltr'><strong>idcirco</strong></span> <span class='ocrx_word' id='word_1_209' title='bbox 1668 2318 1889 2372; x_wconf 90' lang='lat' dir='ltr'><strong>dictum</strong></span> <span class='ocrx_word' id='word_1_210' title='bbox 1920 2318 2047 2386; x_wconf 82' lang='lat' dir='ltr'><strong>opi-</strong></span> 
     </span>
    </p>
   </div>
   <div class='ocr_carea' id='block_1_33' title="bbox 383 2386 2037 2454">
    <p class='ocr_par' dir='ltr' id='par_1_33' title="bbox 383 2386 2037 2454">
     <span class='ocr_line' id='line_1_33' title="bbox 383 2386 2037 2454; baseline -0.001 -11"><span class='ocrx_word' id='word_1_211' title='bbox 383 2396 554 2443; x_wconf 89' lang='lat' dir='ltr'><strong>natur</strong></span> <span class='ocrx_word' id='word_1_212' title='bbox 574 2386 908 2441; x_wconf 90' lang='lat' dir='ltr'><strong>Grimaldus</strong></span> <span class='ocrx_word' id='word_1_213' title='bbox 923 2387 1070 2454; x_wconf 92' lang='lat' dir='ltr'><strong>apud</strong></span> <span class='ocrx_word' id='word_1_214' title='bbox 1095 2387 1360 2442; x_wconf 88' lang='lat' dir='ltr'><strong>Carolum</strong></span> <span class='ocrx_word' id='word_1_215' title='bbox 1383 2388 1544 2441; x_wconf 86' lang='lat' dir='ltr'><strong>Piaza</strong></span> <span class='ocrx_word' id='word_1_216' title='bbox 1561 2388 1632 2442; x_wconf 84' lang='lat' dir='ltr'><strong>de</strong></span> <span class='ocrx_word' id='word_1_217' title='bbox 1646 2389 1861 2442; x_wconf 88' lang='lat' dir='ltr'><strong>Titulis</strong></span> <span class='ocrx_word' id='word_1_218' title='bbox 1876 2388 2037 2442; x_wconf 85' lang='lat' dir='ltr'><strong>Card.</strong></span> 
     </span>
    </p>
   </div>
   <div class='ocr_carea' id='block_1_34' title="bbox 383 2456 2046 2527">
    <p class='ocr_par' dir='ltr' id='par_1_34' title="bbox 383 2456 2046 2527">
     <span class='ocr_line' id='line_1_34' title="bbox 383 2456 2046 2527; baseline 0 -15"><span class='ocrx_word' id='word_1_219' title='bbox 383 2460 589 2514; x_wconf 91' lang='lat' dir='ltr'><strong>Verum</strong></span> <span class='ocrx_word' id='word_1_220' title='bbox 609 2465 738 2512; x_wconf 85' lang='lat' dir='ltr'><strong>ante</strong></span> <span class='ocrx_word' id='word_1_221' title='bbox 763 2456 1014 2527; x_wconf 79' lang='lat' dir='ltr'><strong>Formosi</strong></span> <span class='ocrx_word' id='word_1_222' title='bbox 1037 2463 1256 2511; x_wconf 65' lang='lat' dir='ltr'><strong>aetatem</strong></span> <span class='ocrx_word' id='word_1_223' title='bbox 1279 2458 1450 2512; x_wconf 80' lang='lat' dir='ltr'><strong>annis</strong></span> <span class='ocrx_word' id='word_1_224' title='bbox 1474 2457 1600 2524; x_wconf 88' lang='lat' dir='ltr'><strong>plus</strong></span> <span class='ocrx_word' id='word_1_225' title='bbox 1619 2472 1786 2527; x_wconf 89' lang='lat' dir='ltr'><strong>quam</strong></span> <span class='ocrx_word' id='word_1_226' title='bbox 1846 2464 2046 2512; x_wconf 90' lang='lat' dir='ltr'><strong>cente-</strong></span> 
     </span>
    </p>
   </div>
   <div class='ocr_carea' id='block_1_35' title="bbox 385 2526 2045 2584">
    <p class='ocr_par' dir='ltr' id='par_1_35' title="bbox 385 2526 2045 2584">
     <span class='ocr_line' id='line_1_35' title="bbox 385 2526 2045 2584; baseline -0.002 1"><span class='ocrx_word' id='word_1_227' title='bbox 385 2530 479 2584; x_wconf 92' lang='lat' dir='ltr'><strong>nis</strong></span> <span class='ocrx_word' id='word_1_228' title='bbox 507 2530 718 2584; x_wconf 89' lang='lat' dir='ltr'><strong>dictam</strong></span> <span class='ocrx_word' id='word_1_229' title='bbox 787 2526 967 2582; x_wconf 83' lang='lat' dir='ltr'><strong>fuisse</strong></span> <span class='ocrx_word' id='word_1_230' title='bbox 996 2526 1293 2581; x_wconf 89' lang='lat' dir='ltr'><strong>ecclesiam</strong></span> <span class='ocrx_word' id='word_1_231' title='bbox 1339 2528 1395 2581; x_wconf 92' lang='lat' dir='ltr'><strong>S.</strong></span> <span class='ocrx_word' id='word_1_232' title='bbox 1417 2526 1702 2581; x_wconf 80' lang='lat' dir='ltr'><strong>Laurentii</strong></span> <span class='ocrx_word' id='word_1_233' title='bbox 1719 2529 1793 2580; x_wconf 85' lang='lat' dir='ltr'><strong>ad</strong></span> <span class='ocrx_word' id='word_1_234' title='bbox 1818 2531 2045 2583; x_wconf 89' lang='lat' dir='ltr'><strong>Formo—</strong></span> 
     </span>
    </p>
   </div>
   <div class='ocr_carea' id='block_1_36' title="bbox 383 2599 2044 2669">
    <p class='ocr_par' dir='ltr' id='par_1_36' title="bbox 383 2599 2044 2669">
     <span class='ocr_line' id='line_1_36' title="bbox 383 2599 2044 2669; baseline 0 -15"><span class='ocrx_word' id='word_1_235' title='bbox 383 2615 522 2660; x_wconf 87' lang='lat' dir='ltr'><strong>sam,</strong></span> <span class='ocrx_word' id='word_1_236' title='bbox 549 2603 661 2654; x_wconf 81' lang='lat' dir='ltr'><strong>sive</strong></span> <span class='ocrx_word' id='word_1_237' title='bbox 685 2599 760 2652; x_wconf 80' lang='lat' dir='ltr'><strong>ad</strong></span> <span class='ocrx_word' id='word_1_238' title='bbox 783 2601 1096 2654; x_wconf 86' lang='lat' dir='ltr'><strong>Formosum</strong></span> <span class='ocrx_word' id='word_1_239' title='bbox 1119 2616 1136 2662; x_wconf 83' lang='lat'><strong>,-</strong></span> <span class='ocrx_word' id='word_1_240' title='bbox 1158 2601 1282 2651; x_wconf 79' lang='lat' dir='ltr'><strong>etin</strong></span> <span class='ocrx_word' id='word_1_241' title='bbox 1307 2599 1556 2651; x_wconf 82' lang='lat' dir='ltr'><strong>Formosa</strong></span> <span class='ocrx_word' id='word_1_242' title='bbox 1595 2599 1928 2669; x_wconf 84' lang='lat' dir='ltr'><strong>colligimus</strong></span> <span class='ocrx_word' id='word_1_243' title='bbox 1976 2613 2044 2654; x_wconf 85' lang='lat' dir='ltr'><strong>ex</strong></span> 
     </span>
    </p>
   </div>
   <div class='ocr_carea' id='block_1_37' title="bbox 385 2667 2044 2736">
    <p class='ocr_par' dir='ltr' id='par_1_37' title="bbox 385 2667 2044 2736">
     <span class='ocr_line' id='line_1_37' title="bbox 385 2667 2044 2736; baseline 0 -12"><span class='ocrx_word' id='word_1_244' title='bbox 385 2671 726 2726; x_wconf 90' lang='lat' dir='ltr'><strong>Bibliothec.</strong></span> <span class='ocrx_word' id='word_1_245' title='bbox 775 2671 836 2723; x_wconf 93' lang='lat' dir='ltr'><strong>in</strong></span> <span class='ocrx_word' id='word_1_246' title='bbox 869 2670 992 2723; x_wconf 90' lang='lat' dir='ltr'><strong>Vita</strong></span> <span class='ocrx_word' id='word_1_247' title='bbox 1031 2669 1085 2723; x_wconf 91' lang='lat' dir='ltr'><strong>S.</strong></span> <span class='ocrx_word' id='word_1_248' title='bbox 1120 2669 1381 2734; x_wconf 86' lang='lat' dir='ltr'><strong>Adriani,</strong></span> <span class='ocrx_word' id='word_1_249' title='bbox 1434 2682 1567 2723; x_wconf 90' lang='lat' dir='ltr'><strong>num</strong></span> <span class='ocrx_word' id='word_1_250' title='bbox 1590 2667 1714 2736; x_wconf 86' lang='lat'><strong>339,</strong></span> <span class='ocrx_word' id='word_1_251' title='bbox 1744 2667 1799 2724; x_wconf 76' lang='lat' dir='ltr'><strong>et</strong></span> <span class='ocrx_word' id='word_1_252' title='bbox 1826 2670 1885 2724; x_wconf 92' lang='lat' dir='ltr'><strong>in</strong></span> <span class='ocrx_word' id='word_1_253' title='bbox 1917 2671 2044 2724; x_wconf 85' lang='lat' dir='ltr'><strong>Vita</strong></span> 
     </span>
    </p>
   </div>
   <div class='ocr_carea' id='block_1_38' title="bbox 383 2736 2046 2810">
    <p class='ocr_par' dir='ltr' id='par_1_38' title="bbox 383 2736 2046 2810">
     <span class='ocr_line' id='line_1_38' title="bbox 383 2736 2046 2810; baseline -0.001 -14"><span class='ocrx_word' id='word_1_254' title='bbox 383 2742 440 2796; x_wconf 94' lang='lat' dir='ltr'><strong>S.</strong></span> <span class='ocrx_word' id='word_1_255' title='bbox 475 2742 680 2797; x_wconf 91' lang='lat' dir='ltr'><strong>Leonis</strong></span> <span class='ocrx_word' id='word_1_256' title='bbox 727 2742 816 2808; x_wconf 87' lang='lat' dir='ltr'><strong>III,</strong></span> <span class='ocrx_word' id='word_1_257' title='bbox 848 2753 1004 2794; x_wconf 91' lang='lat' dir='ltr'><strong>num.</strong></span> <span class='ocrx_word' id='word_1_258' title='bbox 1028 2737 1154 2806; x_wconf 83' lang='lat'><strong>383,</strong></span> <span class='ocrx_word' id='word_1_259' title='bbox 1188 2736 1294 2795; x_wconf 80' lang='lat'><strong>385</strong></span> <span class='ocrx_word' id='word_1_260' title='bbox 1323 2746 1379 2794; x_wconf 92' lang='lat' dir='ltr'><strong>et</strong></span> <span class='ocrx_word' id='word_1_261' title='bbox 1409 2739 1574 2810; x_wconf 89' lang='lat' dir='ltr'><strong>alibi,</strong></span> <span class='ocrx_word' id='word_1_262' title='bbox 1612 2740 1781 2796; x_wconf 89' lang='lat' dir='ltr'><strong>hodie</strong></span> <span class='ocrx_word' id='word_1_263' title='bbox 1822 2740 2046 2796; x_wconf 90' lang='lat' dir='ltr'><strong>dicitur</strong></span> 
     </span>
    </p>
   </div>
   <div class='ocr_carea' id='block_1_39' title="bbox 382 2812 1168 2880">
    <p class='ocr_par' dir='ltr' id='par_1_39' title="bbox 382 2812 1168 2880">
     <span class='ocr_line' id='line_1_39' title="bbox 382 2812 1168 2880; baseline -0.006 -12"><span class='ocrx_word' id='word_1_264' title='bbox 382 2814 440 2868; x_wconf 89' lang='lat' dir='ltr'><strong>S.</strong></span> <span class='ocrx_word' id='word_1_265' title='bbox 474 2813 761 2867; x_wconf 78' lang='lat' dir='ltr'><strong>Laurentii</strong></span> <span class='ocrx_word' id='word_1_266' title='bbox 805 2812 1168 2880; x_wconf 79' lang='lat' dir='ltr'><strong>Panisperna.</strong></span> 
     </span>
    </p>
   </div>
   <div class='ocr_carea' id='block_1_40' title="bbox 963 2954 1464 3025">
    <p class='ocr_par' dir='ltr' id='par_1_40' title="bbox 963 2954 1464 3025">
     <span class='ocr_line' id='line_1_40' title="bbox 963 2954 1464 3025; baseline 0 -2"><span class='ocrx_word' id='word_1_267' title='bbox 963 2954 1260 3024; x_wconf 85' lang='lat' dir='ltr'><strong>SECTIO</strong></span> <span class='ocrx_word' id='word_1_268' title='bbox 1337 2955 1464 3025; x_wconf 79' lang='lat' dir='ltr'><strong>IV.</strong></span> 
     </span>
    </p>
   </div>
   <div class='ocr_carea' id='block_1_41' title="bbox 382 3076 2047 3161">
    <p class='ocr_par' dir='ltr' id='par_1_41' title="bbox 382 3076 2047 3161">
     <span class='ocr_line' id='line_1_41' title="bbox 382 3076 2047 3161; baseline 0.001 -20"><span class='ocrx_word' id='word_1_269' title='bbox 382 3078 440 3141; x_wconf 83' lang='lat' dir='ltr'><strong><em>A</em></strong></span> <span class='ocrx_word' id='word_1_270' title='bbox 459 3081 671 3161; x_wconf 73' lang='lat' dir='ltr'><strong>porta</strong></span> <span class='ocrx_word' id='word_1_271' title='bbox 699 3077 774 3139; x_wconf 67' lang='grc' dir='ltr'><strong>δ’.</strong></span> <span class='ocrx_word' id='word_1_272' title='bbox 817 3078 1016 3140; x_wconf 70' lang='lat' dir='ltr'><strong>Petri</strong></span> <span class='ocrx_word' id='word_1_273' title='bbox 1050 3094 1278 3161; x_wconf 52' lang='lat' dir='ltr'><strong>argue</strong></span> <span class='ocrx_word' id='word_1_274' title='bbox 1329 3076 1422 3140; x_wconf 80' lang='lat' dir='ltr'><strong>ad</strong></span> <span class='ocrx_word' id='word_1_275' title='bbox 1439 3081 1715 3158; x_wconf 71' lang='lat' dir='ltr'><strong>portam</strong></span> <span class='ocrx_word' id='word_1_276' title='bbox 1754 3082 1821 3142; x_wconf 77' lang='lat' dir='ltr'><strong>et</strong></span> <span class='ocrx_word' id='word_1_277' title='bbox 1860 3078 2047 3161; x_wconf 71' lang='lat' dir='ltr'><strong>ciam</strong></span> 
     </span>
    </p>
   </div>
   <div class='ocr_carea' id='block_1_42' title="bbox 1028 3156 1407 3220">
    <p class='ocr_par' dir='ltr' id='par_1_42' title="bbox 1028 3156 1407 3220">
     <span class='ocr_line' id='line_1_42' title="bbox 1028 3156 1407 3220; baseline -0.005 -1"><span class='ocrx_word' id='word_1_278' title='bbox 1028 3156 1407 3220; x_wconf 65' lang='lat' dir='ltr'><strong>Salariam.</strong></span> 
     </span>
    </p>
   </div>
   <div class='ocr_carea' id='block_1_43' title="bbox 953 3271 1460 3344">
    <p class='ocr_par' dir='ltr' id='par_1_43' title="bbox 953 3271 1460 3344">
     <span class='ocr_line' id='line_1_43' title="bbox 953 3271 1460 3344; baseline 0 -18"><span class='ocrx_word' id='word_1_279' title='bbox 953 3273 1028 3344; x_wconf 88' lang='lat' dir='ltr'><strong>(a)</strong></span> <span class='ocrx_word' id='word_1_280' title='bbox 1047 3273 1178 3326; x_wconf 83' lang='lat' dir='ltr'><strong>PER</strong></span> <span class='ocrx_word' id='word_1_281' title='bbox 1203 3271 1460 3328; x_wconf 81' lang='lat' dir='ltr'><strong>ARCUM.</strong></span> 
     </span>
    </p>
   </div>
   <div class='ocr_carea' id='block_1_44' title="bbox 1038 3361 1383 3414">
    <p class='ocr_par' dir='ltr' id='par_1_44' title="bbox 1038 3361 1383 3414">
     <span class='ocr_line' id='line_1_44' title="bbox 1038 3361 1383 3414; baseline -0.003 0"><span class='ocrx_word' id='word_1_282' title='bbox 1038 3361 1105 3414; x_wconf 90' lang='lat' dir='ltr'><strong>In</strong></span> <span class='ocrx_word' id='word_1_283' title='bbox 1134 3361 1383 3413; x_wconf 78' lang='lat' dir='ltr'><strong>sinistra.</strong></span> 
     </span>
    </p>
   </div>
   <div class='ocr_carea' id='block_1_45' title="bbox 453 3449 1036 3519">
    <p class='ocr_par' dir='ltr' id='par_1_45' title="bbox 453 3449 1036 3519">
     <span class='ocr_line' id='line_1_45' title="bbox 453 3449 1036 3519; baseline -0.002 -14"><span class='ocrx_word' id='word_1_284' title='bbox 453 3449 647 3505; x_wconf 90' lang='lat' dir='ltr'><strong>Sancti</strong></span> <span class='ocrx_word' id='word_1_285' title='bbox 677 3449 1036 3519; x_wconf 89' lang='lat' dir='ltr'><strong>Apollinaris</strong></span> 
     </span>
    </p>
   </div>
   <div class='ocr_carea' id='block_1_46' title="bbox 454 3537 1307 3594">
    <p class='ocr_par' dir='ltr' id='par_1_46' title="bbox 454 3537 1307 3594">
     <span class='ocr_line' id='line_1_46' title="bbox 454 3537 1307 3594; baseline -0.001 -1"><span class='ocrx_word' id='word_1_286' title='bbox 454 3538 644 3594; x_wconf 88' lang='lat' dir='ltr'><strong>Sancti</strong></span> <span class='ocrx_word' id='word_1_287' title='bbox 669 3537 965 3594; x_wconf 87' lang='lat' dir='ltr'><strong>Laurentii</strong></span> <span class='ocrx_word' id='word_1_288' title='bbox 1001 3537 1060 3592; x_wconf 91' lang='lat' dir='ltr'><strong>in</strong></span> <span class='ocrx_word' id='word_1_289' title='bbox 1087 3537 1307 3593; x_wconf 89' lang='lat' dir='ltr'><strong>Lucina</strong></span> 
     </span>
    </p>
   </div>
   <div class='ocr_carea' id='block_1_47' title="bbox 923 3660 1503 3718">
    <p class='ocr_par' dir='ltr' id='par_1_47' title="bbox 923 3660 1503 3718">
     <span class='ocr_line' id='line_1_47' title="bbox 923 3660 1503 3718; baseline -0.005 -1"><span class='ocrx_word' id='word_1_290' title='bbox 923 3660 1162 3718; x_wconf 81' lang='lat' dir='ltr'><strong>FORMA</strong></span> <span class='ocrx_word' id='word_1_291' title='bbox 1180 3660 1503 3717; x_wconf 85' lang='lat' dir='ltr'><strong>VIRGINIS.</strong></span> 
     </span>
    </p>
   </div>
   <div class='ocr_carea' id='block_1_48' title="bbox 455 3750 888 3820">
    <p class='ocr_par' dir='ltr' id='par_1_48' title="bbox 455 3750 888 3820">
     <span class='ocr_line' id='line_1_48' title="bbox 455 3750 888 3820; baseline 0.005 -17"><span class='ocrx_word' id='word_1_292' title='bbox 455 3750 527 3820; x_wconf 87' lang='lat' dir='ltr'><strong>(b)</strong></span> <span class='ocrx_word' id='word_1_293' title='bbox 555 3750 888 3806; x_wconf 92' lang='lat' dir='ltr'><strong>Oboliscum</strong></span> 
     </span>
    </p>
   </div>
   <div class='ocr_carea' id='block_1_49' title="bbox 454 3837 1489 3908">
    <p class='ocr_par' dir='ltr' id='par_1_49' title="bbox 454 3837 1489 3908">
     <span class='ocr_line' id='line_1_49' title="bbox 454 3837 1489 3908; baseline -0.002 -16"><span class='ocrx_word' id='word_1_294' title='bbox 454 3837 518 3908; x_wconf 90' lang='lat' dir='ltr'><strong>(c)</strong></span> <span class='ocrx_word' id='word_1_295' title='bbox 554 3838 746 3892; x_wconf 86' lang='lat' dir='ltr'><strong>Sancti</strong></span> <span class='ocrx_word' id='word_1_296' title='bbox 775 3839 1056 3895; x_wconf 89' lang='lat' dir='ltr'><strong>Silvestri.</strong></span> <span class='ocrx_word' id='word_1_297' title='bbox 1091 3838 1174 3892; x_wconf 90' lang='lat' dir='ltr'><strong>Ibi</strong></span> <span class='ocrx_word' id='word_1_298' title='bbox 1201 3837 1489 3892; x_wconf 89' lang='lat' dir='ltr'><strong>balneum.</strong></span> 
     </span>
    </p>
   </div>
   <div class='ocr_carea' id='block_1_50' title="bbox 455 3927 1337 3998">
    <p class='ocr_par' dir='ltr' id='par_1_50' title="bbox 455 3927 1337 3998">
     <span class='ocr_line' id='line_1_50' title="bbox 455 3927 1337 3998; baseline 0.005 -18"><span class='ocrx_word' id='word_1_299' title='bbox 455 3927 531 3998; x_wconf 85' lang='lat' dir='ltr'><strong>(d)</strong></span> <span class='ocrx_word' id='word_1_300' title='bbox 559 3927 750 3981; x_wconf 88' lang='lat' dir='ltr'><strong>Sancti</strong></span> <span class='ocrx_word' id='word_1_301' title='bbox 793 3927 1001 3982; x_wconf 88' lang='lat' dir='ltr'><strong>Felicis</strong></span> <span class='ocrx_word' id='word_1_302' title='bbox 1029 3928 1088 3982; x_wconf 92' lang='lat' dir='ltr'><strong>in</strong></span> <span class='ocrx_word' id='word_1_303' title='bbox 1121 3927 1337 3986; x_wconf 90' lang='lat' dir='ltr'><strong>Pineis.</strong></span> 
     </span>
    </p>
   </div>
   <div class='ocr_carea' id='block_1_51' title="bbox 456 4013 1716 4092">
    <p class='ocr_par' dir='ltr' id='par_1_51' title="bbox 456 4013 1716 4092">
     <span class='ocr_line' id='line_1_51' title="bbox 456 4013 1716 4092; baseline 0.002 -22"><span class='ocrx_word' id='word_1_304' title='bbox 456 4017 519 4070; x_wconf 94' lang='lat' dir='ltr'><strong>In</strong></span> <span class='ocrx_word' id='word_1_305' title='bbox 550 4017 615 4068; x_wconf 91' lang='lat' dir='ltr'><strong>D.</strong></span> <span class='ocrx_word' id='word_1_306' title='bbox 649 4013 937 4084; x_wconf 85' lang='lat' dir='ltr'><strong>(e)Circus</strong></span> <span class='ocrx_word' id='word_1_307' title='bbox 959 4016 1304 4074; x_wconf 87' lang='lat' dir='ltr'><strong>Flamineus.</strong></span> <span class='ocrx_word' id='word_1_308' title='bbox 1328 4020 1412 4074; x_wconf 90' lang='lat' dir='ltr'><strong>Ibi</strong></span> <span class='ocrx_word' id='word_1_309' title='bbox 1437 4021 1492 4076; x_wconf 93' lang='lat' dir='ltr'><strong>S.</strong></span> <span class='ocrx_word' id='word_1_310' title='bbox 1512 4019 1716 4092; x_wconf 81' lang='lat' dir='ltr'><strong>Agnes.</strong></span> 
     </span>
    </p>
   </div>
   <div class='ocr_carea' id='block_1_52' title="bbox 453 4103 1644 4164">
    <p class='ocr_par' dir='ltr' id='par_1_52' title="bbox 453 4103 1644 4164">
     <span class='ocr_line' id='line_1_52' title="bbox 453 4103 1644 4164; baseline 0.003 -6"><span class='ocrx_word' id='word_1_311' title='bbox 453 4103 709 4158; x_wconf 66' lang='lat' dir='ltr'><strong>Thermaa</strong></span> <span class='ocrx_word' id='word_1_312' title='bbox 737 4103 1135 4160; x_wconf 64' lang='lat' dir='ltr'><strong>Alexandrinae</strong></span> <span class='ocrx_word' id='word_1_313' title='bbox 1156 4112 1211 4161; x_wconf 89' lang='lat' dir='ltr'><strong>et</strong></span> <span class='ocrx_word' id='word_1_314' title='bbox 1235 4108 1288 4162; x_wconf 93' lang='lat' dir='ltr'><strong>S.</strong></span> <span class='ocrx_word' id='word_1_315' title='bbox 1321 4109 1644 4164; x_wconf 87' lang='lat' dir='ltr'><strong>Eustachii.</strong></span> 
     </span>
    </p>
   </div>
   <div class='ocr_carea' id='block_1_53' title="bbox 455 4190 1585 4262">
    <p class='ocr_par' dir='ltr' id='par_1_53' title="bbox 455 4190 1585 4262">
     <span class='ocr_line' id='line_1_53' title="bbox 455 4190 1585 4262; baseline 0.005 -16"><span class='ocrx_word' id='word_1_316' title='bbox 455 4190 740 4262; x_wconf 83' lang='lat' dir='ltr'><strong>Rotunda,</strong></span> <span class='ocrx_word' id='word_1_317' title='bbox 763 4197 818 4246; x_wconf 88' lang='lat' dir='ltr'><strong>et</strong></span> <span class='ocrx_word' id='word_1_318' title='bbox 846 4192 1099 4248; x_wconf 60' lang='lat' dir='ltr'><strong>Thermas</strong></span> <span class='ocrx_word' id='word_1_319' title='bbox 1139 4195 1585 4252; x_wconf 73' lang='lat' dir='ltr'><strong>Commodianze.</strong></span> 
     </span>
    </p>
   </div>
   <div class='ocr_carea' id='block_1_54' title="bbox 453 4281 1052 4336">
    <p class='ocr_par' dir='ltr' id='par_1_54' title="bbox 453 4281 1052 4336">
     <span class='ocr_line' id='line_1_54' title="bbox 453 4281 1052 4336; baseline 0 0"><span class='ocrx_word' id='word_1_320' title='bbox 453 4281 730 4336; x_wconf 88' lang='lat' dir='ltr'><strong>Columna</strong></span> <span class='ocrx_word' id='word_1_321' title='bbox 753 4281 1052 4336; x_wconf 84' lang='lat' dir='ltr'><strong>Antonini.</strong></span> 
     </span>
    </p>
   </div>
   <div class='ocr_carea' id='block_1_55' title="bbox 453 4368 1791 4440">
    <p class='ocr_par' dir='ltr' id='par_1_55' title="bbox 453 4368 1791 4440">
     <span class='ocr_line' id='line_1_55' title="bbox 453 4368 1791 4440; baseline 0.004 -17"><span class='ocrx_word' id='word_1_322' title='bbox 453 4369 510 4423; x_wconf 95' lang='lat' dir='ltr'><strong>S.</strong></span> <span class='ocrx_word' id='word_1_323' title='bbox 536 4368 816 4436; x_wconf 89' lang='lat' dir='ltr'><strong>Susanna,</strong></span> <span class='ocrx_word' id='word_1_324' title='bbox 839 4375 894 4424; x_wconf 92' lang='lat' dir='ltr'><strong>et</strong></span> <span class='ocrx_word' id='word_1_325' title='bbox 923 4383 1070 4440; x_wconf 89' lang='lat' dir='ltr'><strong>aqua</strong></span> <span class='ocrx_word' id='word_1_326' title='bbox 1095 4372 1165 4428; x_wconf 91' lang='lat' dir='ltr'><strong>de</strong></span> <span class='ocrx_word' id='word_1_327' title='bbox 1186 4375 1384 4430; x_wconf 89' lang='lat' dir='ltr'><strong>Forma</strong></span> <span class='ocrx_word' id='word_1_328' title='bbox 1418 4377 1791 4431; x_wconf 73' lang='lat' dir='ltr'><strong>Lateranense</strong></span> 
     </span>
    </p>
   </div>
   <div class='ocr_carea' id='block_1_56' title="bbox 456 4455 1712 4534">
    <p class='ocr_par' dir='ltr' id='par_1_56' title="bbox 456 4455 1712 4534">
     <span class='ocr_line' id='line_1_56' title="bbox 456 4455 1712 4534; baseline 0.006 -25"><span class='ocrx_word' id='word_1_329' title='bbox 456 4456 524 4528; x_wconf 72' lang='grc' dir='ltr'><strong>(Γ)</strong></span> <span class='ocrx_word' id='word_1_330' title='bbox 550 4455 803 4512; x_wconf 66' lang='lat' dir='ltr'><strong>Thermas</strong></span> <span class='ocrx_word' id='word_1_331' title='bbox 831 4457 1219 4526; x_wconf 70' lang='lat' dir='ltr'><strong>Sallustianae,</strong></span> <span class='ocrx_word' id='word_1_332' title='bbox 1254 4468 1309 4517; x_wconf 89' lang='lat' dir='ltr'><strong>et</strong></span> <span class='ocrx_word' id='word_1_333' title='bbox 1343 4463 1712 4534; x_wconf 87' lang='lat' dir='ltr'><strong>pyramidem.</strong></span> 
     </span>
    </p>
   </div>
   <div class='ocr_carea' id='block_1_57' title="bbox 918 4567 1537 4626">
    <p class='ocr_par' dir='ltr' id='par_1_57' title="bbox 918 4567 1537 4626">
     <span class='ocr_line' id='line_1_57' title="bbox 918 4567 1537 4626; baseline 0.003 -4"><span class='ocrx_word' id='word_1_334' title='bbox 918 4567 1121 4622; x_wconf 72' lang='grc' dir='ltr'><strong>ΝΟΤΕ</strong></span> <span class='ocrx_word' id='word_1_335' title='bbox 1153 4570 1537 4626; x_wconf 83' lang='lat' dir='ltr'><strong>BLANCHINI.</strong></span> 
     </span>
    </p>
   </div>
   <div class='ocr_carea' id='block_1_58' title="bbox 454 4653 2033 4730">
    <p class='ocr_par' dir='ltr' id='par_1_58' title="bbox 454 4653 2033 4730">
     <span class='ocr_line' id='line_1_58' title="bbox 454 4653 2033 4730; baseline 0.007 -24"><span class='ocrx_word' id='word_1_336' title='bbox 454 4653 527 4724; x_wconf 86' lang='lat' dir='ltr'><strong>(a)</strong></span> <span class='ocrx_word' id='word_1_337' title='bbox 563 4654 666 4707; x_wconf 78' lang='lat' dir='ltr'><strong>Per</strong></span> <span class='ocrx_word' id='word_1_338' title='bbox 694 4670 898 4711; x_wconf 89' lang='lat' dir='ltr'><strong>arcum.</strong></span> <span class='ocrx_word' id='word_1_339' title='bbox 940 4659 1224 4730; x_wconf 90' lang='lat' dir='ltr'><strong>Gratiani,</strong></span> <span class='ocrx_word' id='word_1_340' title='bbox 1255 4659 1641 4716; x_wconf 91' lang='lat' dir='ltr'><strong>Valentiniani</strong></span> <span class='ocrx_word' id='word_1_341' title='bbox 1665 4661 2033 4728; x_wconf 84' lang='lat' dir='ltr'><strong>etTheodos.,</strong></span> 
     </span>
    </p>
   </div>
   <div class='ocr_carea' id='block_1_59' title="bbox 382 4728 1257 4799">
    <p class='ocr_par' dir='ltr' id='par_1_59' title="bbox 382 4728 1257 4799">
     <span class='ocr_line' id='line_1_59' title="bbox 382 4728 1257 4799; baseline 0 -16"><span class='ocrx_word' id='word_1_342' title='bbox 382 4728 803 4799; x_wconf 80' lang='lat' dir='ltr'><strong>de_guo__supra</strong></span> <span class='ocrx_word' id='word_1_343' title='bbox 828 4737 965 4782; x_wconf 78' lang='lat' dir='ltr'><strong>sect.</strong></span> <span class='ocrx_word' id='word_1_344' title='bbox 993 4743 1054 4799; x_wconf 81' lang='grc' dir='ltr'>ιι,</span> <span class='ocrx_word' id='word_1_345' title='bbox 1086 4730 1172 4784; x_wconf 92' lang='lat' dir='ltr'><strong>lit.</strong></span> <span class='ocrx_word' id='word_1_346' title='bbox 1203 4728 1257 4784; x_wconf 66' lang='grc' dir='ltr'><strong>ξι.</strong></span> 
     </span>
    </p>
   </div>
   <div class='ocr_carea' id='block_1_60' title="bbox 453 4795 2036 4873">
    <p class='ocr_par' dir='ltr' id='par_1_60' title="bbox 453 4795 2036 4873">
     <span class='ocr_line' id='line_1_60' title="bbox 453 4795 2036 4873; baseline 0.007 -24"><span class='ocrx_word' id='word_1_347' title='bbox 453 4797 524 4868; x_wconf 87' lang='lat' dir='ltr'><strong>(b)</strong></span> <span class='ocrx_word' id='word_1_348' title='bbox 579 4795 902 4873; x_wconf 67' lang='lat' dir='ltr'><strong>Oboliscum.</strong></span> <span class='ocrx_word' id='word_1_349' title='bbox 952 4795 1054 4873; x_wconf 33' lang='lat' dir='ltr'><strong>De:</strong></span> <span class='ocrx_word' id='word_1_350' title='bbox 1074 4800 1326 4858; x_wconf 93' lang='lat' dir='ltr'><strong>obelisco</strong></span> <span class='ocrx_word' id='word_1_351' title='bbox 1368 4803 1562 4873; x_wconf 89' lang='lat' dir='ltr'><strong>Campi</strong></span> <span class='ocrx_word' id='word_1_352' title='bbox 1609 4803 1798 4858; x_wconf 88' lang='lat' dir='ltr'><strong>Martii</strong></span> <span class='ocrx_word' id='word_1_353' title='bbox 1849 4803 2036 4860; x_wconf 89' lang='lat' dir='ltr'><strong>adhuc</strong></span> 
     </span>
    </p>
   </div>
   <div class='ocr_carea' id='block_1_61' title="bbox 378 4870 2036 4950">
    <p class='ocr_par' dir='ltr' id='par_1_61' title="bbox 378 4870 2036 4950">
     <span class='ocr_line' id='line_1_61' title="bbox 378 4870 2036 4950; baseline 0.003 -25"><span class='ocrx_word' id='word_1_354' title='bbox 378 4871 602 4950; x_wconf 78' lang='lat' dir='ltr'><strong>jacente</strong></span> <span class='ocrx_word' id='word_1_355' title='bbox 635 4881 806 4950; x_wconf 69' lang='lat' dir='ltr'><strong>prcpe</strong></span> <span class='ocrx_word' id='word_1_356' title='bbox 844 4870 1154 4950; x_wconf 75' lang='lat' dir='ltr'><strong>Ecclesiam</strong></span> <span class='ocrx_word' id='word_1_357' title='bbox 1193 4873 1245 4950; x_wconf 84' lang='lat' dir='ltr'><strong>S.</strong></span> <span class='ocrx_word' id='word_1_358' title='bbox 1280 4870 1572 4930; x_wconf 82' lang='lat' dir='ltr'><strong>Laurentii</strong></span> <span class='ocrx_word' id='word_1_359' title='bbox 1609 4875 1667 4929; x_wconf 91' lang='lat' dir='ltr'><strong>in</strong></span> <span class='ocrx_word' id='word_1_360' title='bbox 1717 4875 1931 4930; x_wconf 90' lang='lat' dir='ltr'><strong>Lucina</strong></span> <span class='ocrx_word' id='word_1_361' title='bbox 1977 4876 2036 4930; x_wconf 90' lang='lat' dir='ltr'><strong>in</strong></span> 
     </span>
    </p>
   </div>
   <div class='ocr_carea' id='block_1_62' title="bbox 385 4943 1444 5014">
    <p class='ocr_par' dir='ltr' id='par_1_62' title="bbox 385 4943 1444 5014">
     <span class='ocr_line' id='line_1_62' title="bbox 385 4943 1444 5014; baseline 0.002 -18"><span class='ocrx_word' id='word_1_362' title='bbox 385 4943 627 5014; x_wconf 66' lang='lat' dir='ltr'><strong>privatis</strong></span> <span class='ocrx_word' id='word_1_363' title='bbox 652 4943 874 4998; x_wconf 71' lang='lat' dir='ltr'><strong>:edibus</strong></span> <span class='ocrx_word' id='word_1_364' title='bbox 900 4957 1071 5012; x_wconf 88' lang='lat' dir='ltr'><strong>supra</strong></span> <span class='ocrx_word' id='word_1_365' title='bbox 1098 4943 1222 4999; x_wconf 86' lang='lat' dir='ltr'><strong>dixi</strong></span> <span class='ocrx_word' id='word_1_366' title='bbox 1250 4959 1444 5014; x_wconf 90' lang='lat' dir='ltr'><strong>supra.</strong></span> 
     </span>
    </p>
   </div>
   <div class='ocr_carea' id='block_1_63' title="bbox 456 5010 2036 5097">
    <p class='ocr_par' dir='ltr' id='par_1_63' title="bbox 456 5010 2036 5097">
     <span class='ocr_line' id='line_1_63' title="bbox 456 5010 2036 5097; baseline 0.008 -37"><span class='ocrx_word' id='word_1_367' title='bbox 456 5010 742 5097; x_wconf 38' lang='lat' dir='ltr'><strong>(c):S‘¢‘tn‘ct.i</strong></span> <span class='ocrx_word' id='word_1_368' title='bbox 763 5010 1026 5097; x_wconf 59' lang='lat' dir='ltr'><strong>Silpcstri.</strong></span> <span class='ocrx_word' id='word_1_369' title='bbox 1062 5016 1212 5071; x_wconf 81' lang='lat' dir='ltr'><strong>Dicti</strong></span> <span class='ocrx_word' id='word_1_370' title='bbox 1245 5019 1303 5069; x_wconf 76' lang='lat' dir='ltr'><strong>in</strong></span> <span class='ocrx_word' id='word_1_371' title='bbox 1327 5010 1540 5088; x_wconf 71' lang='lat' dir='ltr'><strong>Capite,</strong></span> <span class='ocrx_word' id='word_1_372' title='bbox 1577 5016 1717 5073; x_wconf 87' lang='lat' dir='ltr'><strong>olim</strong></span> <span class='ocrx_word' id='word_1_373' title='bbox 1743 5016 1832 5072; x_wconf 91' lang='lat' dir='ltr'><strong>SS.</strong></span> <span class='ocrx_word' id='word_1_374' title='bbox 1892 5017 2036 5072; x_wconf 92' lang='lat' dir='ltr'><strong>Dio-</strong></span> 
     </span>
    </p>
   </div>
   <div class='ocr_carea' id='block_1_64' title="bbox 386 5083 2040 5234">
    <p class='ocr_par' dir='ltr' id='par_1_64' title="bbox 386 5083 2040 5234">
     <span class='ocr_line' id='line_1_64' title="bbox 386 5083 1537 5152; baseline 0.017 -19"><span class='ocrx_word' id='word_1_375' title='bbox 386 5083 538 5152; x_wconf 88' lang='lat' dir='ltr'><strong>nysii</strong></span> <span class='ocrx_word' id='word_1_376' title='bbox 566 5085 620 5132; x_wconf 84' lang='lat' dir='ltr'><strong>et</strong></span> <span class='ocrx_word' id='word_1_377' title='bbox 648 5083 925 5139; x_wconf 88' lang='lat' dir='ltr'><strong>Silvestri.</strong></span> <span class='ocrx_word' id='word_1_378' title='bbox 1407 5083 1423 5088; x_wconf 66' lang='grc'><em>’</em></span> <span class='ocrx_word' id='word_1_379' title='bbox 1529 5083 1537 5088; x_wconf 52' lang='grc'><em>’</em></span> 
     </span>
     <span class='ocr_line' id='line_1_65' title="bbox 423 5148 2040 5234; baseline 0.009 -32"><span class='ocrx_word' id='word_1_380' title='bbox 423 5148 528 5234; x_wconf 78' lang='lat' dir='ltr'><strong>_(d)</strong></span> <span class='ocrx_word' id='word_1_381' title='bbox 556 5148 744 5234; x_wconf 56' lang='lat' dir='ltr'><strong>sancti</strong></span> <span class='ocrx_word' id='word_1_382' title='bbox 774 5156 1048 5234; x_wconf 65' lang='lat' dir='ltr'><strong>Felicis-in</strong></span> <span class='ocrx_word' id='word_1_383' title='bbox 1067 5159 1269 5234; x_wconf 54' lang='lat' dir='ltr'><strong>Pineis.</strong></span> <span class='ocrx_word' id='word_1_384' title='bbox 1304 5160 1536 5234; x_wconf 71' lang='lat' dir='ltr'><strong>Praestat</strong></span> <span class='ocrx_word' id='word_1_385' title='bbox 1582 5159 1766 5228; x_wconf 82' lang='lat' dir='ltr'><strong>legere</strong></span> <span class='ocrx_word' id='word_1_386' title='bbox 1795 5159 1851 5212; x_wconf 91' lang='lat' dir='ltr'><strong>in</strong></span> <span class='ocrx_word' id='word_1_387' title='bbox 1896 5161 2040 5234; x_wconf 54' lang='lat' dir='ltr'><strong>Bin—</strong></span> 
     </span>
    </p>
   </div>
   <div class='ocr_carea' id='block_1_65' title="bbox 383 5227 2038 5297">
    <p class='ocr_par' dir='ltr' id='par_1_65' title="bbox 383 5227 2038 5297">
     <span class='ocr_line' id='line_1_66' title="bbox 383 5227 2038 5297; baseline 0.004 -20"><span class='ocrx_word' id='word_1_388' title='bbox 383 5227 479 5297; x_wconf 65' lang='lat' dir='ltr'><strong>cis,</strong></span> <span class='ocrx_word' id='word_1_389' title='bbox 503 5227 795 5278; x_wconf 88' lang='lat' dir='ltr'><strong>eratenim</strong></span> <span class='ocrx_word' id='word_1_390' title='bbox 821 5227 876 5277; x_wconf 95' lang='lat' dir='ltr'><strong>in</strong></span> <span class='ocrx_word' id='word_1_391' title='bbox 905 5227 1051 5281; x_wconf 91' lang='lat' dir='ltr'><strong>colle</strong></span> <span class='ocrx_word' id='word_1_392' title='bbox 1070 5229 1284 5287; x_wconf 81' lang='lat' dir='ltr'><strong>Pincio.</strong></span> <span class='ocrx_word' id='word_1_393' title='bbox 1319 5243 1425 5283; x_wconf 89' lang='lat' dir='ltr'><strong>non</strong></span> <span class='ocrx_word' id='word_1_394' title='bbox 1463 5227 1678 5297; x_wconf 87' lang='lat' dir='ltr'><strong>longea</strong></span> <span class='ocrx_word' id='word_1_395' title='bbox 1711 5235 1868 5296; x_wconf 89' lang='lat' dir='ltr'><strong>porta</strong></span> <span class='ocrx_word' id='word_1_396' title='bbox 1896 5230 2038 5284; x_wconf 87' lang='lat' dir='ltr'><strong>Pin—</strong></span> 
     </span>
    </p>
   </div>
   <div class='ocr_carea' id='block_1_66' title="bbox 383 5295 2038 5370">
    <p class='ocr_par' dir='ltr' id='par_1_66' title="bbox 383 5295 2038 5370">
     <span class='ocr_line' id='line_1_67' title="bbox 383 5295 2038 5370; baseline 0.005 -22"><span class='ocrx_word' id='word_1_397' title='bbox 383 5295 568 5370; x_wconf 79' lang='lat' dir='ltr'><strong>ciana,</strong></span> <span class='ocrx_word' id='word_1_398' title='bbox 603 5300 666 5349; x_wconf 90' lang='lat' dir='ltr'><strong>ut</strong></span> <span class='ocrx_word' id='word_1_399' title='bbox 687 5297 1008 5370; x_wconf 74' lang='lat' dir='ltr'><strong>communis</strong></span> <span class='ocrx_word' id='word_1_400' title='bbox 1032 5299 1500 5370; x_wconf 76' lang='lat' dir='ltr'><strong>antiquariorum</strong></span> <span class='ocrx_word' id='word_1_401' title='bbox 1527 5295 1726 5366; x_wconf 84' lang='lat' dir='ltr'><strong>opinio</strong></span> <span class='ocrx_word' id='word_1_402' title='bbox 1780 5298 1907 5370; x_wconf 78' lang='lat' dir='ltr'><strong>fert,</strong></span> <span class='ocrx_word' id='word_1_403' title='bbox 1943 5301 2038 5355; x_wconf 86' lang='lat' dir='ltr'><strong>vi-</strong></span> 
     </span>
    </p>
   </div>
   <div class='ocr_carea' id='block_1_67' title="bbox 382 5364 1193 5434">
    <p class='ocr_par' dir='ltr' id='par_1_67' title="bbox 382 5364 1193 5434">
     <span class='ocr_line' id='line_1_68' title="bbox 382 5364 1193 5434; baseline -0.001 -13"><span class='ocrx_word' id='word_1_404' title='bbox 382 5366 565 5421; x_wconf 87' lang='lat' dir='ltr'><strong>denda</strong></span> <span class='ocrx_word' id='word_1_405' title='bbox 598 5365 747 5434; x_wconf 90' lang='lat' dir='ltr'><strong>apud</strong></span> <span class='ocrx_word' id='word_1_406' title='bbox 787 5364 1193 5421; x_wconf 68' lang='lat' dir='ltr'><strong>Martinellum.</strong></span> 
     </span>
    </p>
   </div>
   <div class='ocr_carea' id='block_1_68' title="bbox 449 5434 2028 5518">
    <p class='ocr_par' dir='ltr' id='par_1_68' title="bbox 449 5434 2028 5518">
     <span class='ocr_line' id='line_1_69' title="bbox 449 5434 2028 5518; baseline 0.006 -29"><span class='ocrx_word' id='word_1_407' title='bbox 449 5434 514 5518; x_wconf 47' lang='lat' dir='ltr'><strong>te)</strong></span> <span class='ocrx_word' id='word_1_408' title='bbox 543 5439 731 5518; x_wconf 64' lang='lat' dir='ltr'><strong>Cia-cas</strong></span> <span class='ocrx_word' id='word_1_409' title='bbox 757 5436 1088 5518; x_wconf 57' lang='lat' dir='ltr'><strong>Flumineus.</strong></span> <span class='ocrx_word' id='word_1_410' title='bbox 1124 5437 1662 5518; x_wconf 54' lang='lat' dir='ltr'><strong>Flaminiumyocat</strong></span> <span class='ocrx_word' id='word_1_411' title='bbox 1698 5439 2028 5513; x_wconf 86' lang='lat' dir='ltr'><strong>Agonalem,</strong></span> 
     </span>
    </p>
   </div>
   <div class='ocr_carea' id='block_1_69' title="bbox 387 5507 1535 5576">
    <p class='ocr_par' dir='ltr' id='par_1_69' title="bbox 387 5507 1535 5576">
     <span class='ocr_line' id='line_1_70' title="bbox 387 5507 1535 5576; baseline -0.001 -14"><span class='ocrx_word' id='word_1_412' title='bbox 387 5507 473 5562; x_wconf 91' lang='lat' dir='ltr'><strong>uti</strong></span> <span class='ocrx_word' id='word_1_413' title='bbox 505 5508 777 5576; x_wconf 89' lang='lat' dir='ltr'><strong>superius</strong></span> <span class='ocrx_word' id='word_1_414' title='bbox 801 5507 1068 5563; x_wconf 90' lang='lat' dir='ltr'><strong>adnotavi</strong></span> <span class='ocrx_word' id='word_1_415' title='bbox 1098 5513 1234 5562; x_wconf 90' lang='lat' dir='ltr'><strong>sect.</strong></span> <span class='ocrx_word' id='word_1_416' title='bbox 1270 5521 1332 5575; x_wconf 79' lang='grc' dir='ltr'>ιι,</span> <span class='ocrx_word' id='word_1_417' title='bbox 1367 5507 1453 5564; x_wconf 89' lang='lat' dir='ltr'><strong>lit.</strong></span> <span class='ocrx_word' id='word_1_418' title='bbox 1480 5509 1535 5562; x_wconf 90' lang='lat' dir='ltr'><strong>b.</strong></span> 
     </span>
    </p>
   </div>
   <div class='ocr_carea' id='block_1_70' title="bbox 450 5576 2031 5655">
    <p class='ocr_par' dir='ltr' id='par_1_70' title="bbox 450 5576 2031 5655">
     <span class='ocr_line' id='line_1_71' title="bbox 450 5576 2031 5655; baseline 0.006 -23"><span class='ocrx_word' id='word_1_419' title='bbox 450 5576 518 5648; x_wconf 74' lang='grc' dir='ltr'><strong>(Γ)</strong></span> <span class='ocrx_word' id='word_1_420' title='bbox 555 5577 793 5634; x_wconf 64' lang='lat' dir='ltr'><strong>Thema</strong></span> <span class='ocrx_word' id='word_1_421' title='bbox 819 5578 1268 5649; x_wconf 75' lang='lat' dir='ltr'><strong>,Sallustianac,et</strong></span> <span class='ocrx_word' id='word_1_422' title='bbox 1279 5580 1642 5651; x_wconf 79' lang='lat' dir='ltr'><strong>pyramidem.</strong></span> <span class='ocrx_word' id='word_1_423' title='bbox 1675 5583 2031 5655; x_wconf 88' lang='lat' dir='ltr'><strong>Pyramidem</strong></span> 
     </span>
    </p>
   </div>
   <div class='ocr_carea' id='block_1_71' title="bbox 2075 2993 2124 3055">
    <p class='ocr_par' dir='ltr' id='par_1_71' title="bbox 2075 2993 2124 3055">
     <span class='ocr_line' id='line_1_72' title="bbox 2075 2993 2124 3055; baseline 0 0"><span class='ocrx_word' id='word_1_424' title='bbox 2075 2993 2124 3055; x_wconf 80' lang='grc' dir='ltr'>Ο</span> 
     </span>
    </p>
   </div>
   <div class='ocr_carea' id='block_1_72' title="bbox 2145 484 2444 553">
    <p class='ocr_par' dir='ltr' id='par_1_72' title="bbox 2145 484 2444 553">
     <span class='ocr_line' id='line_1_73' title="bbox 2145 484 2444 553; baseline -0.01 -15"><span class='ocrx_word' id='word_1_425' title='bbox 2145 484 2444 553; x_wconf 90' lang='lat' dir='ltr'><strong>spicimus.</strong></span> 
     </span>
    </p>
   </div>
   <div class='ocr_carea' id='block_1_73' title="bbox 2749 589 3252 682">
    <p class='ocr_par' dir='ltr' id='par_1_73' title="bbox 2749 589 3252 682">
     <span class='ocr_line' id='line_1_74' title="bbox 2749 589 3252 682; baseline 0 -28"><span class='ocrx_word' id='word_1_426' title='bbox 2749 589 3050 660; x_wconf 75' lang='lat' dir='ltr'><strong>SECTlO</strong></span> <span class='ocrx_word' id='word_1_427' title='bbox 3106 589 3199 660; x_wconf 92' lang='lat' dir='ltr'><strong>v.</strong></span> <span class='ocrx_word' id='word_1_428' title='bbox 3246 675 3252 682; x_wconf 23' lang='lat'><strong><em>.</em></strong></span> 
     </span>
    </p>
   </div>
   <div class='ocr_carea' id='block_1_74' title="bbox 2145 709 3806 794">
    <p class='ocr_par' dir='ltr' id='par_1_74' title="bbox 2145 709 3806 794">
     <span class='ocr_line' id='line_1_75' title="bbox 2145 709 3806 794; baseline -0.006 -21"><span class='ocrx_word' id='word_1_429' title='bbox 2145 711 2202 773; x_wconf 85' lang='lat' dir='ltr'><strong><em>A</em></strong></span> <span class='ocrx_word' id='word_1_430' title='bbox 2237 717 2447 794; x_wconf 74' lang='lat' dir='ltr'><strong>porta</strong></span> <span class='ocrx_word' id='word_1_431' title='bbox 2477 714 2838 777; x_wconf 75' lang='lat' dir='ltr'><strong>Flaminea</strong></span> <span class='ocrx_word' id='word_1_432' title='bbox 2876 729 3086 792; x_wconf 71' lang='lat' dir='ltr'><strong>usque</strong></span> <span class='ocrx_word' id='word_1_433' title='bbox 3143 709 3268 774; x_wconf 71' lang='lat' dir='ltr'><strong>Via</strong></span> <span class='ocrx_word' id='word_1_434' title='bbox 3315 710 3806 772; x_wconf 72' lang='lat' dir='ltr'><strong>Lateranense.</strong></span> 
     </span>
    </p>
   </div>
   <div class='ocr_carea' id='block_1_75' title="bbox 2803 811 3134 865">
    <p class='ocr_par' dir='ltr' id='par_1_75' title="bbox 2803 811 3134 865">
     <span class='ocr_line' id='line_1_76' title="bbox 2803 811 3134 865; baseline -0.012 0"><span class='ocrx_word' id='word_1_435' title='bbox 2803 813 2871 865; x_wconf 90' lang='lat' dir='ltr'><strong>In</strong></span> <span class='ocrx_word' id='word_1_436' title='bbox 2891 811 3134 864; x_wconf 76' lang='lat' dir='ltr'><strong>sinistra.</strong></span> 
     </span>
    </p>
   </div>
   <div class='ocr_carea' id='block_1_76' title="bbox 2229 900 2586 956">
    <p class='ocr_par' dir='ltr' id='par_1_76' title="bbox 2229 900 2586 956">
     <span class='ocr_line' id='line_1_77' title="bbox 2229 900 2586 956; baseline 0.006 -2"><span class='ocrx_word' id='word_1_437' title='bbox 2229 900 2586 956; x_wconf 87' lang='lat' dir='ltr'><strong>Pariturium</strong></span> 
     </span>
    </p>
   </div>
   <div class='ocr_carea' id='block_1_77' title="bbox 2220 981 3808 1057">
    <p class='ocr_par' dir='ltr' id='par_1_77' title="bbox 2220 981 3808 1057">
     <span class='ocr_line' id='line_1_78' title="bbox 2220 981 3808 1057; baseline -0.004 -14"><span class='ocrx_word' id='word_1_438' title='bbox 2220 987 2413 1043; x_wconf 89' lang='lat' dir='ltr'><strong>Sancti</strong></span> <span class='ocrx_word' id='word_1_439' title='bbox 2433 988 2718 1057; x_wconf 86' lang='lat' dir='ltr'><strong>Silvestri,</strong></span> <span class='ocrx_word' id='word_1_440' title='bbox 2741 993 2798 1043; x_wconf 90' lang='lat' dir='ltr'><strong>et</strong></span> <span class='ocrx_word' id='word_1_441' title='bbox 2817 987 2904 1043; x_wconf 91' lang='lat' dir='ltr'><strong>sic</strong></span> <span class='ocrx_word' id='word_1_442' title='bbox 2927 1000 3025 1056; x_wconf 90' lang='lat' dir='ltr'><strong>per</strong></span> <span class='ocrx_word' id='word_1_443' title='bbox 3054 984 3338 1055; x_wconf 89' lang='lat' dir='ltr'><strong>porticum</strong></span> <span class='ocrx_word' id='word_1_444' title='bbox 3362 996 3546 1053; x_wconf 91' lang='lat' dir='ltr'><strong>usque</strong></span> <span class='ocrx_word' id='word_1_445' title='bbox 3572 981 3808 1038; x_wconf 88' lang='lat' dir='ltr'><strong>colum-</strong></span> 
     </span>
    </p>
   </div>
   <div class='ocr_carea' id='block_1_78' title="bbox 2296 1075 2779 1132">
    <p class='ocr_par' dir='ltr' id='par_1_78' title="bbox 2296 1075 2779 1132">
     <span class='ocr_line' id='line_1_79' title="bbox 2296 1075 2779 1132; baseline -0.002 0"><span class='ocrx_word' id='word_1_446' title='bbox 2296 1090 2425 1132; x_wconf 89' lang='lat' dir='ltr'><strong>nam</strong></span> <span class='ocrx_word' id='word_1_447' title='bbox 2445 1075 2779 1132; x_wconf 79' lang='lat' dir='ltr'><strong>ANTONINI</strong></span> 
     </span>
    </p>
   </div>
   <div class='ocr_carea' id='block_1_79' title="bbox 2222 1163 2923 1237">
    <p class='ocr_par' dir='ltr' id='par_1_79' title="bbox 2222 1163 2923 1237">
     <span class='ocr_line' id='line_1_80' title="bbox 2222 1163 2923 1237; baseline 0 -17"><span class='ocrx_word' id='word_1_448' title='bbox 2222 1165 2422 1220; x_wconf 91' lang='lat' dir='ltr'><strong>Forma</strong></span> <span class='ocrx_word' id='word_1_449' title='bbox 2450 1165 2713 1237; x_wconf 91' lang='lat' dir='ltr'><strong>Virginis</strong></span> <span class='ocrx_word' id='word_1_450' title='bbox 2744 1163 2923 1220; x_wconf 81' lang='lat' dir='ltr'><strong>fracta</strong></span> 
     </span>
    </p>
   </div>
   <div class='ocr_carea' id='block_1_80' title="bbox 2223 1249 3813 1322">
    <p class='ocr_par' dir='ltr' id='par_1_80' title="bbox 2223 1249 3813 1322">
     <span class='ocr_line' id='line_1_81' title="bbox 2223 1249 3813 1322; baseline -0.003 -14"><span class='ocrx_word' id='word_1_451' title='bbox 2223 1253 2414 1308; x_wconf 90' lang='lat' dir='ltr'><strong>Sancti</strong></span> <span class='ocrx_word' id='word_1_452' title='bbox 2458 1254 2732 1310; x_wconf 90' lang='lat' dir='ltr'><strong>Marcelli.</strong></span> <span class='ocrx_word' id='word_1_453' title='bbox 2780 1255 2988 1309; x_wconf 91' lang='lat' dir='ltr'><strong>Iterum</strong></span> <span class='ocrx_word' id='word_1_454' title='bbox 3032 1266 3130 1322; x_wconf 90' lang='lat' dir='ltr'><strong>per</strong></span> <span class='ocrx_word' id='word_1_455' title='bbox 3181 1251 3466 1322; x_wconf 91' lang='lat' dir='ltr'><strong>porticum</strong></span> <span class='ocrx_word' id='word_1_456' title='bbox 3507 1263 3692 1320; x_wconf 91' lang='lat' dir='ltr'><strong>usque</strong></span> <span class='ocrx_word' id='word_1_457' title='bbox 3732 1249 3813 1304; x_wconf 88' lang='lat' dir='ltr'><strong>ad</strong></span> 
     </span>
    </p>
   </div>
   <div class='ocr_carea' id='block_1_81' title="bbox 2330 1341 2652 1412">
    <p class='ocr_par' dir='ltr' id='par_1_81' title="bbox 2330 1341 2652 1412">
     <span class='ocr_line' id='line_1_82' title="bbox 2330 1341 2652 1412; baseline -0.003 -16"><span class='ocrx_word' id='word_1_458' title='bbox 2330 1341 2652 1412; x_wconf 88' lang='lat' dir='ltr'><strong>Apostolos.</strong></span> 
     </span>
    </p>
   </div>
   <div class='ocr_carea' id='block_1_82' title="bbox 2228 1429 3148 1486">
    <p class='ocr_par' dir='ltr' id='par_1_82' title="bbox 2228 1429 3148 1486">
     <span class='ocr_line' id='line_1_83' title="bbox 2228 1429 3148 1486; baseline 0.001 -2"><span class='ocrx_word' id='word_1_459' title='bbox 2228 1431 2284 1484; x_wconf 93' lang='lat' dir='ltr'><strong>In</strong></span> <span class='ocrx_word' id='word_1_460' title='bbox 2314 1431 2415 1485; x_wconf 89' lang='lat' dir='ltr'><strong>Via</strong></span> <span class='ocrx_word' id='word_1_461' title='bbox 2448 1431 2729 1486; x_wconf 88' lang='lat' dir='ltr'><strong>Flaminia</strong></span> <span class='ocrx_word' id='word_1_462' title='bbox 2756 1429 2898 1486; x_wconf 85' lang='lat' dir='ltr'><strong>foris</strong></span> <span class='ocrx_word' id='word_1_463' title='bbox 2921 1443 3148 1486; x_wconf 89' lang='lat' dir='ltr'><strong>murum</strong></span> 
     </span>
    </p>
   </div>
   <div class='ocr_carea' id='block_1_83' title="bbox 2226 1517 3077 1574">
    <p class='ocr_par' dir='ltr' id='par_1_83' title="bbox 2226 1517 3077 1574">
     <span class='ocr_line' id='line_1_84' title="bbox 2226 1517 3077 1574; baseline 0 -2"><span class='ocrx_word' id='word_1_464' title='bbox 2226 1519 2286 1572; x_wconf 92' lang='lat' dir='ltr'><strong>In</strong></span> <span class='ocrx_word' id='word_1_465' title='bbox 2310 1519 2537 1573; x_wconf 90' lang='lat' dir='ltr'><strong>dextera</strong></span> <span class='ocrx_word' id='word_1_466' title='bbox 2566 1518 2757 1574; x_wconf 84' lang='lat' dir='ltr'><strong>Sancti</strong></span> <span class='ocrx_word' id='word_1_467' title='bbox 2789 1517 3077 1574; x_wconf 89' lang='lat' dir='ltr'><strong>Valentini</strong></span> 
     </span>
    </p>
   </div>
   <div class='ocr_carea' id='block_1_84' title="bbox 2229 1607 2807 1663">
    <p class='ocr_par' dir='ltr' id='par_1_84' title="bbox 2229 1607 2807 1663">
     <span class='ocr_line' id='line_1_85' title="bbox 2229 1607 2807 1663; baseline 0.003 -2"><span class='ocrx_word' id='word_1_468' title='bbox 2229 1607 2289 1661; x_wconf 91' lang='lat' dir='ltr'><strong>In</strong></span> <span class='ocrx_word' id='word_1_469' title='bbox 2318 1607 2557 1662; x_wconf 89' lang='lat' dir='ltr'><strong>sinistra</strong></span> <span class='ocrx_word' id='word_1_470' title='bbox 2581 1607 2807 1663; x_wconf 90' lang='lat' dir='ltr'><strong>Tiberis</strong></span> 
     </span>
    </p>
   </div>
   <div class='ocr_carea' id='block_1_85' title="bbox 2773 1697 3107 1751">
    <p class='ocr_par' dir='ltr' id='par_1_85' title="bbox 2773 1697 3107 1751">
     <span class='ocr_line' id='line_1_86' title="bbox 2773 1697 3107 1751; baseline 0 -1"><span class='ocrx_word' id='word_1_471' title='bbox 2773 1699 2840 1750; x_wconf 90' lang='lat' dir='ltr'><strong>In</strong></span> <span class='ocrx_word' id='word_1_472' title='bbox 2865 1697 3107 1751; x_wconf 66' lang='lat' dir='ltr'><strong>dextera.</strong></span> 
     </span>
    </p>
   </div>
   <div class='ocr_carea' id='block_1_86' title="bbox 2225 1785 3099 1842">
    <p class='ocr_par' dir='ltr' id='par_1_86' title="bbox 2225 1785 3099 1842">
     <span class='ocr_line' id='line_1_87' title="bbox 2225 1785 3099 1842; baseline -0.005 -1"><span class='ocrx_word' id='word_1_473' title='bbox 2225 1786 2419 1842; x_wconf 90' lang='lat' dir='ltr'><strong>Sancti</strong></span> <span class='ocrx_word' id='word_1_474' title='bbox 2455 1785 2748 1842; x_wconf 89' lang='lat' dir='ltr'><strong>Laurentii</strong></span> <span class='ocrx_word' id='word_1_475' title='bbox 2782 1785 2843 1840; x_wconf 94' lang='lat' dir='ltr'><strong>in</strong></span> <span class='ocrx_word' id='word_1_476' title='bbox 2863 1785 3099 1841; x_wconf 88' lang='lat' dir='ltr'><strong>Lucina.</strong></span> 
     </span>
    </p>
   </div>
   <div class='ocr_carea' id='block_1_87' title="bbox 2227 1872 2557 1930">
    <p class='ocr_par' dir='ltr' id='par_1_87' title="bbox 2227 1872 2557 1930">
     <span class='ocr_line' id='line_1_88' title="bbox 2227 1872 2557 1930; baseline 0.006 -1"><span class='ocrx_word' id='word_1_477' title='bbox 2227 1872 2557 1930; x_wconf 90' lang='lat' dir='ltr'><strong>Oboliscum</strong></span> 
     </span>
    </p>
   </div>
   <div class='ocr_carea' id='block_1_88' title="bbox 2226 1962 2805 2019">
    <p class='ocr_par' dir='ltr' id='par_1_88' title="bbox 2226 1962 2805 2019">
     <span class='ocr_line' id='line_1_89' title="bbox 2226 1962 2805 2019; baseline 0.002 -2"><span class='ocrx_word' id='word_1_478' title='bbox 2226 1963 2500 2018; x_wconf 89' lang='lat' dir='ltr'><strong>Columna</strong></span> <span class='ocrx_word' id='word_1_479' title='bbox 2526 1962 2805 2019; x_wconf 85' lang='lat' dir='ltr'><strong>Antonini</strong></span> 
     </span>
    </p>
   </div>
   <div class='ocr_carea' id='block_1_89' title="bbox 2223 2051 2722 2107">
    <p class='ocr_par' dir='ltr' id='par_1_89' title="bbox 2223 2051 2722 2107">
     <span class='ocr_line' id='line_1_90' title="bbox 2223 2051 2722 2107; baseline 0.004 -2"><span class='ocrx_word' id='word_1_480' title='bbox 2223 2051 2327 2106; x_wconf 89' lang='lat' dir='ltr'><strong>Via</strong></span> <span class='ocrx_word' id='word_1_481' title='bbox 2348 2053 2722 2107; x_wconf 89' lang='lat' dir='ltr'><strong>Lateranense</strong></span> 
     </span>
    </p>
   </div>
   <div class='ocr_carea' id='block_1_90' title="bbox 2225 2140 2917 2196">
    <p class='ocr_par' dir='ltr' id='par_1_90' title="bbox 2225 2140 2917 2196">
     <span class='ocr_line' id='line_1_91' title="bbox 2225 2140 2917 2196; baseline 0.003 -2"><span class='ocrx_word' id='word_1_482' title='bbox 2225 2140 2478 2195; x_wconf 66' lang='lat' dir='ltr'><strong>Thermaa</strong></span> <span class='ocrx_word' id='word_1_483' title='bbox 2515 2140 2917 2196; x_wconf 69' lang='lat' dir='ltr'><strong>Alexandrina:</strong></span> 
     </span>
    </p>
   </div>
   <div class='ocr_carea' id='block_1_91' title="bbox 2224 2228 3135 2298">
    <p class='ocr_par' dir='ltr' id='par_1_91' title="bbox 2224 2228 3135 2298">
     <span class='ocr_line' id='line_1_92' title="bbox 2224 2228 3135 2298; baseline -0.002 -14"><span class='ocrx_word' id='word_1_484' title='bbox 2224 2230 2414 2284; x_wconf 86' lang='lat' dir='ltr'><strong>Sancti</strong></span> <span class='ocrx_word' id='word_1_485' title='bbox 2447 2229 2766 2298; x_wconf 89' lang='lat' dir='ltr'><strong>Eustachii,</strong></span> <span class='ocrx_word' id='word_1_486' title='bbox 2795 2234 2851 2284; x_wconf 88' lang='lat' dir='ltr'><strong>et</strong></span> <span class='ocrx_word' id='word_1_487' title='bbox 2871 2228 3135 2285; x_wconf 85' lang='lat' dir='ltr'><strong>Rotunda</strong></span> 
     </span>
    </p>
   </div>
   <div class='ocr_carea' id='block_1_92' title="bbox 2224 2317 2949 2372">
    <p class='ocr_par' dir='ltr' id='par_1_92' title="bbox 2224 2317 2949 2372">
     <span class='ocr_line' id='line_1_93' title="bbox 2224 2317 2949 2372; baseline 0.001 -1"><span class='ocrx_word' id='word_1_488' title='bbox 2224 2317 2478 2372; x_wconf 64' lang='lat' dir='ltr'><strong>Thermas</strong></span> <span class='ocrx_word' id='word_1_489' title='bbox 2529 2317 2660 2372; x_wconf 94' lang='lat' dir='ltr'><strong>Com</strong></span> <span class='ocrx_word' id='word_1_490' title='bbox 2672 2318 2949 2372; x_wconf 78' lang='lat' dir='ltr'><strong>modiame</strong></span> 
     </span>
    </p>
   </div>
   <div class='ocr_carea' id='block_1_93' title="bbox 2223 2404 3380 2475">
    <p class='ocr_par' dir='ltr' id='par_1_93' title="bbox 2223 2404 3380 2475">
     <span class='ocr_line' id='line_1_94' title="bbox 2223 2404 3380 2475; baseline -0.003 -16"><span class='ocrx_word' id='word_1_491' title='bbox 2223 2404 2590 2475; x_wconf 84' lang='lat' dir='ltr'><strong>Minervium,</strong></span> <span class='ocrx_word' id='word_1_492' title='bbox 2624 2411 2680 2459; x_wconf 90' lang='lat' dir='ltr'><strong>et</strong></span> <span class='ocrx_word' id='word_1_493' title='bbox 2706 2406 2773 2459; x_wconf 91' lang='lat' dir='ltr'><strong>ad</strong></span> <span class='ocrx_word' id='word_1_494' title='bbox 2800 2406 3066 2460; x_wconf 91' lang='lat' dir='ltr'><strong>Sanctum</strong></span> <span class='ocrx_word' id='word_1_495' title='bbox 3100 2406 3380 2459; x_wconf 86' lang='lat' dir='ltr'><strong>Marcum.</strong></span> 
     </span>
    </p>
   </div>
   <div class='ocr_carea' id='block_1_94' title="bbox 2666 2492 3284 2548">
    <p class='ocr_par' dir='ltr' id='par_1_94' title="bbox 2666 2492 3284 2548">
     <span class='ocr_line' id='line_1_95' title="bbox 2666 2492 3284 2548; baseline -0.003 -1"><span class='ocrx_word' id='word_1_496' title='bbox 2666 2492 2869 2548; x_wconf 67' lang='lat' dir='ltr'><strong>NOTIE</strong></span> <span class='ocrx_word' id='word_1_497' title='bbox 2899 2493 3284 2548; x_wconf 85' lang='lat' dir='ltr'><strong>BLANCHINI.</strong></span> 
     </span>
    </p>
   </div>
   <div class='ocr_carea' id='block_1_95' title="bbox 2259 2578 3813 2652">
    <p class='ocr_par' dir='ltr' id='par_1_95' title="bbox 2259 2578 3813 2652">
     <span class='ocr_line' id='line_1_96' title="bbox 2259 2578 3813 2652; baseline -0.002 -16"><span class='ocrx_word' id='word_1_498' title='bbox 2259 2581 2445 2638; x_wconf 90' lang='lat' dir='ltr'><strong>Sectio</strong></span> <span class='ocrx_word' id='word_1_499' title='bbox 2467 2582 2577 2637; x_wconf 90' lang='lat' dir='ltr'><strong>ista</strong></span> <span class='ocrx_word' id='word_1_500' title='bbox 2615 2583 2886 2652; x_wconf 90' lang='lat' dir='ltr'><strong>superius</strong></span> <span class='ocrx_word' id='word_1_501' title='bbox 2910 2581 3194 2652; x_wconf 90' lang='lat' dir='ltr'><strong>explicata</strong></span> <span class='ocrx_word' id='word_1_502' title='bbox 3221 2580 3366 2635; x_wconf 90' lang='lat' dir='ltr'><strong>Sect.</strong></span> <span class='ocrx_word' id='word_1_503' title='bbox 3389 2579 3480 2649; x_wconf 89' lang='lat' dir='ltr'><strong>IV,</strong></span> <span class='ocrx_word' id='word_1_504' title='bbox 3505 2578 3661 2634; x_wconf 89' lang='lat' dir='ltr'><strong>notis</strong></span> <span class='ocrx_word' id='word_1_505' title='bbox 3693 2592 3813 2634; x_wconf 90' lang='lat' dir='ltr'><strong>non</strong></span> 
     </span>
    </p>
   </div>
   <div class='ocr_carea' id='block_1_96' title="bbox 2156 2671 2398 2742">
    <p class='ocr_par' dir='ltr' id='par_1_96' title="bbox 2156 2671 2398 2742">
     <span class='ocr_line' id='line_1_97' title="bbox 2156 2671 2398 2742; baseline 0 -16"><span class='ocrx_word' id='word_1_506' title='bbox 2156 2671 2398 2742; x_wconf 90' lang='lat' dir='ltr'><strong>indiget.</strong></span> 
     </span>
    </p>
   </div>
   <div class='ocr_carea' id='block_1_97' title="bbox 2722 2795 3227 2867">
    <p class='ocr_par' dir='ltr' id='par_1_97' title="bbox 2722 2795 3227 2867">
     <span class='ocr_line' id='line_1_98' title="bbox 2722 2795 3227 2867; baseline -0.01 0"><span class='ocrx_word' id='word_1_507' title='bbox 2722 2795 3023 2867; x_wconf 87' lang='lat' dir='ltr'><strong>SECTIO</strong></span> <span class='ocrx_word' id='word_1_508' title='bbox 3099 2797 3185 2867; x_wconf 88' lang='lat' dir='ltr'><strong>VI</strong></span> <span class='ocrx_word' id='word_1_509' title='bbox 3203 2839 3227 2862; x_wconf 88' lang='lat'><strong>.</strong></span> 
     </span>
    </p>
   </div>
   <div class='ocr_carea' id='block_1_98' title="bbox 2151 2918 3813 3001">
    <p class='ocr_par' dir='ltr' id='par_1_98' title="bbox 2151 2918 3813 3001">
     <span class='ocr_line' id='line_1_99' title="bbox 2151 2918 3813 3001; baseline -0.001 -20"><span class='ocrx_word' id='word_1_510' title='bbox 2151 2918 2207 2981; x_wconf 82' lang='lat' dir='ltr'><strong>A</strong></span> <span class='ocrx_word' id='word_1_511' title='bbox 2218 2923 2429 2999; x_wconf 66' lang='lat' dir='ltr'><strong>porta</strong></span> <span class='ocrx_word' id='word_1_512' title='bbox 2444 2921 2890 2984; x_wconf 76' lang='lat' dir='ltr'><strong>Numentana</strong></span> <span class='ocrx_word' id='word_1_513' title='bbox 2911 2937 3122 3001; x_wconf 76' lang='lat' dir='ltr'><strong>usque</strong></span> <span class='ocrx_word' id='word_1_514' title='bbox 3142 2921 3394 2981; x_wconf 71' lang='lat' dir='ltr'><strong>Forum</strong></span> <span class='ocrx_word' id='word_1_515' title='bbox 3404 2919 3813 2982; x_wconf 71' lang='lat' dir='ltr'><strong>Romanum.</strong></span> 
     </span>
    </p>
   </div>
   <div class='ocr_carea' id='block_1_99' title="bbox 2224 3015 3140 3086">
    <p class='ocr_par' dir='ltr' id='par_1_99' title="bbox 2224 3015 3140 3086">
     <span class='ocr_line' id='line_1_100' title="bbox 2224 3015 3140 3086; baseline 0.001 -17"><span class='ocrx_word' id='word_1_516' title='bbox 2224 3015 2296 3086; x_wconf 89' lang='lat' dir='ltr'><strong>(a)</strong></span> <span class='ocrx_word' id='word_1_517' title='bbox 2315 3019 2376 3070; x_wconf 92' lang='lat' dir='ltr'><strong>In</strong></span> <span class='ocrx_word' id='word_1_518' title='bbox 2402 3016 2457 3072; x_wconf 91' lang='lat' dir='ltr'><strong>S.</strong></span> <span class='ocrx_word' id='word_1_519' title='bbox 2479 3016 2734 3072; x_wconf 68' lang='lat' dir='ltr'><strong>Thermaa</strong></span> <span class='ocrx_word' id='word_1_520' title='bbox 2753 3017 3140 3072; x_wconf 67' lang='lat' dir='ltr'><strong>Diocletianaa.</strong></span> 
     </span>
    </p>
   </div>
   <div class='ocr_carea' id='block_1_100' title="bbox 2227 3103 3346 3176">
    <p class='ocr_par' dir='ltr' id='par_1_100' title="bbox 2227 3103 3346 3176">
     <span class='ocr_line' id='line_1_101' title="bbox 2227 3103 3346 3176; baseline 0.001 -18"><span class='ocrx_word' id='word_1_521' title='bbox 2227 3103 2298 3176; x_wconf 89' lang='lat' dir='ltr'><strong>(b)</strong></span> <span class='ocrx_word' id='word_1_522' title='bbox 2325 3104 2518 3160; x_wconf 88' lang='lat' dir='ltr'><strong>Sancti</strong></span> <span class='ocrx_word' id='word_1_523' title='bbox 2548 3105 2800 3176; x_wconf 90' lang='lat' dir='ltr'><strong>Cyriaci.</strong></span> <span class='ocrx_word' id='word_1_524' title='bbox 2828 3104 2892 3176; x_wconf 86' lang='lat' dir='ltr'><strong>(c)</strong></span> <span class='ocrx_word' id='word_1_525' title='bbox 2921 3105 3114 3160; x_wconf 77' lang='lat' dir='ltr'><strong>Sancti</strong></span> <span class='ocrx_word' id='word_1_526' title='bbox 3139 3103 3346 3161; x_wconf 89' lang='lat' dir='ltr'><strong>Vitalis</strong></span> 
     </span>
    </p>
   </div>
   <div class='ocr_carea' id='block_1_101' title="bbox 2223 3193 3086 3250">
    <p class='ocr_par' dir='ltr' id='par_1_101' title="bbox 2223 3193 3086 3250">
     <span class='ocr_line' id='line_1_102' title="bbox 2223 3193 3086 3250; baseline 0 -2"><span class='ocrx_word' id='word_1_527' title='bbox 2223 3195 2288 3248; x_wconf 93' lang='lat' dir='ltr'><strong>In</strong></span> <span class='ocrx_word' id='word_1_528' title='bbox 2317 3194 2380 3247; x_wconf 94' lang='lat' dir='ltr'><strong>D.</strong></span> <span class='ocrx_word' id='word_1_529' title='bbox 2415 3194 2669 3249; x_wconf 70' lang='lat' dir='ltr'><strong>Thermae</strong></span> <span class='ocrx_word' id='word_1_530' title='bbox 2698 3193 3086 3250; x_wconf 70' lang='lat' dir='ltr'><strong>Sallustianae.</strong></span> 
     </span>
    </p>
   </div>
   <div class='ocr_carea' id='block_1_102' title="bbox 2223 3281 3448 3353">
    <p class='ocr_par' dir='ltr' id='par_1_102' title="bbox 2223 3281 3448 3353">
     <span class='ocr_line' id='line_1_103' title="bbox 2223 3281 3448 3353; baseline -0.001 -17"><span class='ocrx_word' id='word_1_531' title='bbox 2223 3281 2425 3336; x_wconf 88' lang='lat' dir='ltr'><strong>Sancta</strong></span> <span class='ocrx_word' id='word_1_532' title='bbox 2450 3283 2708 3338; x_wconf 90' lang='lat' dir='ltr'><strong>Susanna</strong></span> <span class='ocrx_word' id='word_1_533' title='bbox 2729 3281 2805 3353; x_wconf 89' lang='lat' dir='ltr'><strong>(d)</strong></span> <span class='ocrx_word' id='word_1_534' title='bbox 2827 3288 2885 3338; x_wconf 89' lang='lat' dir='ltr'><strong>et</strong></span> <span class='ocrx_word' id='word_1_535' title='bbox 2905 3282 3117 3338; x_wconf 89' lang='lat' dir='ltr'><strong>Cavalli</strong></span> <span class='ocrx_word' id='word_1_536' title='bbox 3147 3281 3448 3337; x_wconf 88' lang='lat' dir='ltr'><strong>Marmorei</strong></span> 
     </span>
    </p>
   </div>
   <div class='ocr_carea' id='block_1_103' title="bbox 2222 3370 2950 3441">
    <p class='ocr_par' dir='ltr' id='par_1_103' title="bbox 2222 3370 2950 3441">
     <span class='ocr_line' id='line_1_104' title="bbox 2222 3370 2950 3441; baseline 0.001 -16"><span class='ocrx_word' id='word_1_537' title='bbox 2222 3370 2276 3425; x_wconf 92' lang='lat' dir='ltr'><strong>S.</strong></span> <span class='ocrx_word' id='word_1_538' title='bbox 2310 3370 2542 3441; x_wconf 68' lang='lat' dir='ltr'><strong>Agathaa</strong></span> <span class='ocrx_word' id='word_1_539' title='bbox 2571 3373 2630 3426; x_wconf 90' lang='lat' dir='ltr'><strong>in</strong></span> <span class='ocrx_word' id='word_1_540' title='bbox 2673 3371 2950 3427; x_wconf 91' lang='lat' dir='ltr'><strong>Diaconia</strong></span> 
     </span>
    </p>
   </div>
   <div class='ocr_carea' id='block_1_104' title="bbox 2221 3459 3140 3531">
    <p class='ocr_par' dir='ltr' id='par_1_104' title="bbox 2221 3459 3140 3531">
     <span class='ocr_line' id='line_1_105' title="bbox 2221 3459 3140 3531; baseline 0 -15"><span class='ocrx_word' id='word_1_541' title='bbox 2221 3460 2630 3516; x_wconf 88' lang='lat' dir='ltr'><strong>Monasterium</strong></span> <span class='ocrx_word' id='word_1_542' title='bbox 2658 3465 2865 3516; x_wconf 76' lang='lat' dir='ltr'><strong>sanctae</strong></span> <span class='ocrx_word' id='word_1_543' title='bbox 2907 3459 3140 3531; x_wconf 63' lang='lat' dir='ltr'><strong>Agathae</strong></span> 
     </span>
    </p>
   </div>
   <div class='ocr_carea' id='block_1_105' title="bbox 2222 3548 2864 3604">
    <p class='ocr_par' dir='ltr' id='par_1_105' title="bbox 2222 3548 2864 3604">
     <span class='ocr_line' id='line_1_106' title="bbox 2222 3548 2864 3604; baseline 0 -1"><span class='ocrx_word' id='word_1_544' title='bbox 2222 3548 2475 3604; x_wconf 54' lang='lat' dir='ltr'><strong>Thermas</strong></span> <span class='ocrx_word' id='word_1_545' title='bbox 2503 3549 2864 3604; x_wconf 89' lang='lat' dir='ltr'><strong>Constantini</strong></span> 
     </span>
    </p>
   </div>
   <div class='ocr_carea' id='block_1_106' title="bbox 2223 3637 3174 3694">
    <p class='ocr_par' dir='ltr' id='par_1_106' title="bbox 2223 3637 3174 3694">
     <span class='ocr_line' id='line_1_107' title="bbox 2223 3637 3174 3694; baseline 0 -2"><span class='ocrx_word' id='word_1_546' title='bbox 2223 3639 2285 3692; x_wconf 90' lang='lat' dir='ltr'><strong>In</strong></span> <span class='ocrx_word' id='word_1_547' title='bbox 2317 3639 2423 3694; x_wconf 90' lang='lat' dir='ltr'><strong>Via</strong></span> <span class='ocrx_word' id='word_1_548' title='bbox 2450 3640 2805 3693; x_wconf 88' lang='lat' dir='ltr'><strong>Numentana</strong></span> <span class='ocrx_word' id='word_1_549' title='bbox 2829 3637 2973 3693; x_wconf 85' lang='lat' dir='ltr'><strong>foris</strong></span> <span class='ocrx_word' id='word_1_550' title='bbox 3005 3651 3174 3694; x_wconf 92' lang='lat' dir='ltr'><strong>muru</strong></span> 
     </span>
    </p>
   </div>
   <div class='ocr_carea' id='block_1_107' title="bbox 2223 3727 3066 3798">
    <p class='ocr_par' dir='ltr' id='par_1_107' title="bbox 2223 3727 3066 3798">
     <span class='ocr_line' id='line_1_108' title="bbox 2223 3727 3066 3798; baseline 0 -15"><span class='ocrx_word' id='word_1_551' title='bbox 2223 3729 2286 3783; x_wconf 92' lang='lat' dir='ltr'><strong>In</strong></span> <span class='ocrx_word' id='word_1_552' title='bbox 2315 3728 2565 3784; x_wconf 90' lang='lat' dir='ltr'><strong>Sinistra</strong></span> <span class='ocrx_word' id='word_1_553' title='bbox 2597 3733 2808 3783; x_wconf 76' lang='lat' dir='ltr'><strong>sanctae</strong></span> <span class='ocrx_word' id='word_1_554' title='bbox 2832 3727 3066 3798; x_wconf 67' lang='lat' dir='ltr'><strong>Agathaa</strong></span> 
     </span>
    </p>
   </div>
   <div class='ocr_carea' id='block_1_108' title="bbox 2223 3816 3136 3873">
    <p class='ocr_par' dir='ltr' id='par_1_108' title="bbox 2223 3816 3136 3873">
     <span class='ocr_line' id='line_1_109' title="bbox 2223 3816 3136 3873; baseline -0.002 -1"><span class='ocrx_word' id='word_1_555' title='bbox 2223 3819 2285 3872; x_wconf 91' lang='lat' dir='ltr'><strong>In</strong></span> <span class='ocrx_word' id='word_1_556' title='bbox 2311 3820 2549 3873; x_wconf 76' lang='lat' dir='ltr'><strong>Dextera</strong></span> <span class='ocrx_word' id='word_1_557' title='bbox 2576 3817 2761 3872; x_wconf 89' lang='lat' dir='ltr'><strong>sancti</strong></span> <span class='ocrx_word' id='word_1_558' title='bbox 2786 3816 3136 3872; x_wconf 89' lang='lat' dir='ltr'><strong>Nicomedis.</strong></span> 
     </span>
    </p>
   </div>
   <div class='ocr_carea' id='block_1_109' title="bbox 2221 3906 2695 3962">
    <p class='ocr_par' dir='ltr' id='par_1_109' title="bbox 2221 3906 2695 3962">
     <span class='ocr_line' id='line_1_110' title="bbox 2221 3906 2695 3962; baseline -0.004 0"><span class='ocrx_word' id='word_1_559' title='bbox 2221 3907 2412 3962; x_wconf 90' lang='lat' dir='ltr'><strong>Sancti</strong></span> <span class='ocrx_word' id='word_1_560' title='bbox 2441 3906 2695 3961; x_wconf 86' lang='lat' dir='ltr'><strong>Marcelli</strong></span> 
     </span>
    </p>
   </div>
   <div class='ocr_carea' id='block_1_110' title="bbox 2221 3993 2636 4063">
    <p class='ocr_par' dir='ltr' id='par_1_110' title="bbox 2221 3993 2636 4063">
     <span class='ocr_line' id='line_1_111' title="bbox 2221 3993 2636 4063; baseline 0 -13"><span class='ocrx_word' id='word_1_561' title='bbox 2221 3994 2304 4050; x_wconf 84' lang='lat' dir='ltr'><strong>Ad</strong></span> <span class='ocrx_word' id='word_1_562' title='bbox 2334 3993 2636 4063; x_wconf 88' lang='lat' dir='ltr'><strong>Apostolos</strong></span> 
     </span>
    </p>
   </div>
   <div class='ocr_carea' id='block_1_111' title="bbox 2222 4083 2683 4152">
    <p class='ocr_par' dir='ltr' id='par_1_111' title="bbox 2222 4083 2683 4152">
     <span class='ocr_line' id='line_1_112' title="bbox 2222 4083 2683 4152; baseline 0.002 -15"><span class='ocrx_word' id='word_1_563' title='bbox 2222 4084 2427 4138; x_wconf 88' lang='lat' dir='ltr'><strong>Forum</strong></span> <span class='ocrx_word' id='word_1_564' title='bbox 2455 4083 2683 4152; x_wconf 89' lang='lat' dir='ltr'><strong>Trajani</strong></span> 
     </span>
    </p>
   </div>
   <div class='ocr_carea' id='block_1_112' title="bbox 2221 4171 2722 4226">
    <p class='ocr_par' dir='ltr' id='par_1_112' title="bbox 2221 4171 2722 4226">
     <span class='ocr_line' id='line_1_113' title="bbox 2221 4171 2722 4226; baseline 0 -1"><span class='ocrx_word' id='word_1_565' title='bbox 2221 4171 2414 4225; x_wconf 90' lang='lat' dir='ltr'><strong>Sancti</strong></span> <span class='ocrx_word' id='word_1_566' title='bbox 2447 4171 2722 4226; x_wconf 87' lang='lat' dir='ltr'><strong>Hadriani</strong></span> 
     </span>
    </p>
   </div>
   <div class='ocr_carea' id='block_1_113' title="bbox 2667 4261 3283 4318">
    <p class='ocr_par' dir='ltr' id='par_1_113' title="bbox 2667 4261 3283 4318">
     <span class='ocr_line' id='line_1_114' title="bbox 2667 4261 3283 4318; baseline -0.002 -2"><span class='ocrx_word' id='word_1_567' title='bbox 2667 4261 2869 4317; x_wconf 70' lang='grc' dir='ltr'><strong>ΝΟΤΛΕ</strong></span> <span class='ocrx_word' id='word_1_568' title='bbox 2898 4262 3283 4318; x_wconf 83' lang='lat' dir='ltr'><strong>BLANCHINI.</strong></span> 
     </span>
    </p>
   </div>
   <div class='ocr_carea' id='block_1_114' title="bbox 2061 4328 3811 4422">
    <p class='ocr_par' dir='ltr' id='par_1_114' title="bbox 2061 4328 3811 4422">
     <span class='ocr_line' id='line_1_115' title="bbox 2061 4328 3811 4422; baseline -0.001 -16"><span class='ocrx_word' id='word_1_569' title='bbox 2061 4328 2116 4388; x_wconf 86' lang='lat' dir='ltr'><strong>D</strong></span> <span class='ocrx_word' id='word_1_570' title='bbox 2163 4401 2168 4406; x_wconf 90' lang='lat'><strong>.</strong></span> <span class='ocrx_word' id='word_1_571' title='bbox 2220 4349 2293 4422; x_wconf 89' lang='lat' dir='ltr'><strong>(a)</strong></span> <span class='ocrx_word' id='word_1_572' title='bbox 2343 4350 2529 4406; x_wconf 84' lang='lat' dir='ltr'><strong>Codex</strong></span> <span class='ocrx_word' id='word_1_573' title='bbox 2587 4350 2857 4406; x_wconf 91' lang='lat' dir='ltr'><strong>mutilius</strong></span> <span class='ocrx_word' id='word_1_574' title='bbox 2903 4351 2961 4406; x_wconf 91' lang='lat' dir='ltr'><strong>in</strong></span> <span class='ocrx_word' id='word_1_575' title='bbox 3013 4351 3446 4407; x_wconf 87' lang='lat' dir='ltr'><strong>enumeratione</strong></span> <span class='ocrx_word' id='word_1_576' title='bbox 3475 4349 3722 4422; x_wconf 15' lang='lat' dir='ltr'><strong>iviarum</strong></span> <span class='ocrx_word' id='word_1_577' title='bbox 3777 4364 3811 4405; x_wconf 88' lang='lat' dir='ltr'><strong>a</strong></span> 
     </span>
    </p>
   </div>
   <div class='ocr_carea' id='block_1_115' title="bbox 2149 4421 3811 4493">
    <p class='ocr_par' dir='ltr' id='par_1_115' title="bbox 2149 4421 3811 4493">
     <span class='ocr_line' id='line_1_116' title="bbox 2149 4421 3811 4493; baseline -0.001 -16"><span class='ocrx_word' id='word_1_578' title='bbox 2149 4428 2310 4491; x_wconf 89' lang='lat' dir='ltr'><strong>porta</strong></span> <span class='ocrx_word' id='word_1_579' title='bbox 2343 4422 2612 4477; x_wconf 87' lang='lat' dir='ltr'><strong>Pinciana</strong></span> <span class='ocrx_word' id='word_1_580' title='bbox 2639 4428 2695 4477; x_wconf 91' lang='lat' dir='ltr'><strong>et</strong></span> <span class='ocrx_word' id='word_1_581' title='bbox 2731 4422 2953 4478; x_wconf 90' lang='lat' dir='ltr'><strong>Salaria</strong></span> <span class='ocrx_word' id='word_1_582' title='bbox 2984 4422 2999 4492; x_wconf 94' lang='lat'>(</span> <span class='ocrx_word' id='word_1_583' title='bbox 3025 4437 3150 4493; x_wconf 71' lang='lat' dir='ltr'><strong>quae</strong></span> <span class='ocrx_word' id='word_1_584' title='bbox 3192 4422 3428 4478; x_wconf 90' lang='lat' dir='ltr'><strong>omnino</strong></span> <span class='ocrx_word' id='word_1_585' title='bbox 3455 4421 3709 4493; x_wconf 89' lang='lat' dir='ltr'><strong>desunt)</strong></span> <span class='ocrx_word' id='word_1_586' title='bbox 3739 4434 3811 4476; x_wconf 85' lang='lat' dir='ltr'><strong>ex</strong></span> 
     </span>
    </p>
   </div>
   <div class='ocr_carea' id='block_1_116' title="bbox 2147 4492 3807 4576">
    <p class='ocr_par' dir='ltr' id='par_1_116' title="bbox 2147 4492 3807 4576">
     <span class='ocr_line' id='line_1_117' title="bbox 2147 4492 3807 4576; baseline -0.001 -28"><span class='ocrx_word' id='word_1_587' title='bbox 2147 4499 2311 4576; x_wconf 77' lang='lat' dir='ltr'><strong>porta</strong></span> <span class='ocrx_word' id='word_1_588' title='bbox 2361 4495 2710 4576; x_wconf 55' lang='lat' dir='ltr'><strong>Nomentana</strong></span> <span class='ocrx_word' id='word_1_589' title='bbox 2749 4493 2937 4565; x_wconf 91' lang='lat' dir='ltr'><strong>(nunc</strong></span> <span class='ocrx_word' id='word_1_590' title='bbox 2973 4492 3111 4566; x_wconf 88' lang='lat' dir='ltr'><strong>Pia)</strong></span> <span class='ocrx_word' id='word_1_591' title='bbox 3145 4494 3219 4547; x_wconf 89' lang='lat' dir='ltr'><strong>ad</strong></span> <span class='ocrx_word' id='word_1_592' title='bbox 3247 4497 3444 4549; x_wconf 81' lang='lat' dir='ltr'><strong>Forum</strong></span> <span class='ocrx_word' id='word_1_593' title='bbox 3481 4492 3807 4546; x_wconf 84' lang='lat' dir='ltr'><strong>Romanum</strong></span> 
     </span>
    </p>
   </div>
   <div class='ocr_carea' id='block_1_117' title="bbox 2147 4563 3810 4705">
    <p class='ocr_par' dir='ltr' id='par_1_117' title="bbox 2147 4563 3810 4705">
     <span class='ocr_line' id='line_1_118' title="bbox 2147 4563 3810 4705; baseline -0.004 -11"><span class='ocrx_word' id='word_1_594' title='bbox 2147 4563 2505 4705; x_wconf 52' lang='grc' dir='ltr'><strong>υθῖὃυὲἐιξίειξ</strong></span> <span class='ocrx_word' id='word_1_595' title='bbox 2534 4636 2769 4704; x_wconf 78' lang='lat' dir='ltr'><strong>Cyriaci.</strong></span> <span class='ocrx_word' id='word_1_596' title='bbox 2807 4637 2863 4690; x_wconf 92' lang='lat' dir='ltr'><strong>in</strong></span> <span class='ocrx_word' id='word_1_597' title='bbox 2907 4634 3148 4691; x_wconf 90' lang='lat' dir='ltr'><strong>thermis</strong></span> <span class='ocrx_word' id='word_1_598' title='bbox 3190 4635 3533 4691; x_wconf 86' lang='lat' dir='ltr'><strong>Diocletiani</strong></span> <span class='ocrx_word' id='word_1_599' title='bbox 3583 4633 3810 4688; x_wconf 88' lang='lat' dir='ltr'><strong>idcirco</strong></span> 
     </span>
    </p>
   </div>
   <div class='ocr_carea' id='block_1_118' title="bbox 2147 4707 3469 4776">
    <p class='ocr_par' dir='ltr' id='par_1_118' title="bbox 2147 4707 3469 4776">
     <span class='ocr_line' id='line_1_119' title="bbox 2147 4707 3469 4776; baseline -0.002 -16"><span class='ocrx_word' id='word_1_600' title='bbox 2147 4707 2441 4776; x_wconf 81' lang='lat' dir='ltr'><strong>appellati,</strong></span> <span class='ocrx_word' id='word_1_601' title='bbox 2468 4708 2552 4762; x_wconf 91' lang='lat' dir='ltr'><strong>uti</strong></span> <span class='ocrx_word' id='word_1_602' title='bbox 2583 4714 2718 4762; x_wconf 90' lang='lat' dir='ltr'><strong>sect.</strong></span> <span class='ocrx_word' id='word_1_603' title='bbox 2752 4709 2844 4773; x_wconf 90' lang='lat' dir='ltr'><strong>IIl,</strong></span> <span class='ocrx_word' id='word_1_604' title='bbox 2873 4707 2962 4761; x_wconf 90' lang='lat' dir='ltr'><strong>lit.</strong></span> <span class='ocrx_word' id='word_1_605' title='bbox 3001 4708 3030 4760; x_wconf 89' lang='lat' dir='ltr'><strong>b</strong></span> <span class='ocrx_word' id='word_1_606' title='bbox 3061 4707 3469 4776; x_wconf 89' lang='lat' dir='ltr'><strong>explicuimus.</strong></span> 
     </span>
    </p>
   </div>
   <div class='ocr_carea' id='block_1_119' title="bbox 2209 4721 3808 4862">
    <p class='ocr_par' dir='ltr' id='par_1_119' title="bbox 2209 4721 3808 4862">
     <span class='ocr_line' id='line_1_120' title="bbox 2209 4721 3469 4776; baseline -0.001 -17"><span class='ocrx_word' id='word_1_607' title='bbox 2209 4722 2218 4759; x_wconf 71' lang='grc' dir='ltr'><strong>ι</strong></span> <span class='ocrx_word' id='word_1_608' title='bbox 2262 4721 2441 4776; x_wconf 80' lang='lat' dir='ltr'><strong>enati,</strong></span> <span class='ocrx_word' id='word_1_609' title='bbox 2468 4721 2552 4762; x_wconf 83' lang='lat' dir='ltr'><strong>uti</strong></span> <span class='ocrx_word' id='word_1_610' title='bbox 2583 4721 2718 4762; x_wconf 84' lang='lat' dir='ltr'><strong>seet.</strong></span> <span class='ocrx_word' id='word_1_611' title='bbox 2752 4721 2844 4773; x_wconf 87' lang='lat' dir='ltr'><strong>Ill,</strong></span> <span class='ocrx_word' id='word_1_612' title='bbox 2873 4721 2962 4761; x_wconf 84' lang='grc' dir='ltr'>ιιι.</span> <span class='ocrx_word' id='word_1_613' title='bbox 3001 4721 3030 4760; x_wconf 89' lang='grc' dir='ltr'><em>ο</em></span> <span class='ocrx_word' id='word_1_614' title='bbox 3061 4721 3469 4776; x_wconf 82' lang='lat' dir='ltr'><strong>explicuimus.</strong></span> 
     </span>
     <span class='ocr_line' id='line_1_121' title="bbox 2209 4721 3808 4862; baseline -0.001 -30"><span class='ocrx_word' id='word_1_615' title='bbox 2209 4721 2283 4859; x_wconf 45' lang='lat' dir='ltr'><strong>IL)</strong></span> <span class='ocrx_word' id='word_1_616' title='bbox 2307 4779 2496 4862; x_wconf 64' lang='lat' dir='ltr'><strong>Sancti</strong></span> <span class='ocrx_word' id='word_1_617' title='bbox 2539 4779 2752 4862; x_wconf 67' lang='lat' dir='ltr'><strong>Vitatis</strong></span> <span class='ocrx_word' id='word_1_618' title='bbox 2779 4778 2923 4832; x_wconf 88' lang='lat' dir='ltr'><strong>dicti</strong></span> <span class='ocrx_word' id='word_1_619' title='bbox 2966 4779 3024 4832; x_wconf 79' lang='lat' dir='ltr'><strong>in</strong></span> <span class='ocrx_word' id='word_1_620' title='bbox 3062 4780 3190 4833; x_wconf 79' lang='lat' dir='ltr'><strong>Vico</strong></span> <span class='ocrx_word' id='word_1_621' title='bbox 3237 4778 3416 4846; x_wconf 83' lang='lat' dir='ltr'><strong>longo,</strong></span> <span class='ocrx_word' id='word_1_622' title='bbox 3445 4775 3660 4832; x_wconf 79' lang='lat' dir='ltr'><strong>titulus</strong></span> <span class='ocrx_word' id='word_1_623' title='bbox 3691 4776 3808 4830; x_wconf 83' lang='lat' dir='ltr'><strong>Ve—</strong></span> 
     </span>
    </p>
   </div>
   <div class='ocr_carea' id='block_1_120' title="bbox 2149 4852 3801 4990">
    <p class='ocr_par' dir='ltr' id='par_1_120' title="bbox 2149 4852 3801 4990">
     <span class='ocr_line' id='line_1_122' title="bbox 2149 4852 2761 4919; baseline 0.002 -17"><span class='ocrx_word' id='word_1_624' title='bbox 2149 4852 2335 4918; x_wconf 62' lang='lat' dir='ltr'><strong>stinae,</strong></span> <span class='ocrx_word' id='word_1_625' title='bbox 2372 4852 2472 4919; x_wconf 89' lang='lat' dir='ltr'><strong>qui</strong></span> <span class='ocrx_word' id='word_1_626' title='bbox 2502 4855 2761 4918; x_wconf 89' lang='lat' dir='ltr'><strong>superest</strong></span> 
     </span>
     <span class='ocr_line' id='line_1_123' title="bbox 2165 4918 3801 4990; baseline -0.002 -16"><span class='ocrx_word' id='word_1_627' title='bbox 2165 4989 2174 4990; x_wconf 16' lang='grc' dir='ltr'>ί</span> <span class='ocrx_word' id='word_1_628' title='bbox 2219 4918 2296 4989; x_wconf 87' lang='lat' dir='ltr'><strong>(d)</strong></span> <span class='ocrx_word' id='word_1_629' title='bbox 2329 4919 2540 4974; x_wconf 75' lang='lat' dir='ltr'><strong>Cavalli</strong></span> <span class='ocrx_word' id='word_1_630' title='bbox 2569 4922 2876 4974; x_wconf 79' lang='lat' dir='ltr'><strong>Marmorei.</strong></span> <span class='ocrx_word' id='word_1_631' title='bbox 2911 4920 3091 4990; x_wconf 85' lang='lat' dir='ltr'><strong>Supra</strong></span> <span class='ocrx_word' id='word_1_632' title='bbox 3142 4920 3314 4975; x_wconf 84' lang='lat' dir='ltr'><strong>etiam</strong></span> <span class='ocrx_word' id='word_1_633' title='bbox 3341 4919 3497 4974; x_wconf 82' lang='lat' dir='ltr'><strong>dixit</strong></span> <span class='ocrx_word' id='word_1_634' title='bbox 3526 4921 3801 4990; x_wconf 26' lang='lat' dir='ltr'><strong>sectam,</strong></span> 
     </span>
    </p>
   </div>
   <div class='ocr_carea' id='block_1_121' title="bbox 2147 4989 3807 5062">
    <p class='ocr_par' dir='ltr' id='par_1_121' title="bbox 2147 4989 3807 5062">
     <span class='ocr_line' id='line_1_124' title="bbox 2147 4989 3807 5062; baseline 0 -18"><span class='ocrx_word' id='word_1_635' title='bbox 2147 4989 2336 5044; x_wconf 77' lang='lat' dir='ltr'><strong>Sancti</strong></span> <span class='ocrx_word' id='word_1_636' title='bbox 2370 4993 2567 5046; x_wconf 73' lang='lat' dir='ltr'><strong>Vitatis</strong></span> <span class='ocrx_word' id='word_1_637' title='bbox 2595 4995 2655 5045; x_wconf 78' lang='lat' dir='ltr'><strong>in</strong></span> <span class='ocrx_word' id='word_1_638' title='bbox 2691 4994 2819 5046; x_wconf 78' lang='lat' dir='ltr'><strong>Vico</strong></span> <span class='ocrx_word' id='word_1_639' title='bbox 2842 4989 3018 5062; x_wconf 86' lang='lat' dir='ltr'><strong>longo,</strong></span> <span class='ocrx_word' id='word_1_640' title='bbox 3046 4991 3142 5044; x_wconf 82' lang='lat' dir='ltr'><strong>ubi</strong></span> <span class='ocrx_word' id='word_1_641' title='bbox 3189 4991 3390 5046; x_wconf 76' lang='lat' dir='ltr'><strong>cavalli</strong></span> <span class='ocrx_word' id='word_1_642' title='bbox 3409 4992 3618 5060; x_wconf 79' lang='lat' dir='ltr'><strong>optimi.</strong></span> <span class='ocrx_word' id='word_1_643' title='bbox 3662 4989 3807 5044; x_wconf 87' lang='lat' dir='ltr'><strong>Vide</strong></span> 
     </span>
    </p>
   </div>
   <div class='ocr_carea' id='block_1_122' title="bbox 2149 5061 2896 5118">
    <p class='ocr_par' dir='ltr' id='par_1_122' title="bbox 2149 5061 2896 5118">
     <span class='ocr_line' id='line_1_125' title="bbox 2149 5061 2896 5118; baseline 0.001 -3"><span class='ocrx_word' id='word_1_644' title='bbox 2149 5067 2312 5118; x_wconf 90' lang='lat' dir='ltr'><strong>notas</strong></span> <span class='ocrx_word' id='word_1_645' title='bbox 2341 5061 2423 5117; x_wconf 90' lang='lat' dir='ltr'><strong>ibi</strong></span> <span class='ocrx_word' id='word_1_646' title='bbox 2452 5062 2658 5117; x_wconf 87' lang='lat' dir='ltr'><strong>relatas</strong></span> <span class='ocrx_word' id='word_1_647' title='bbox 2681 5062 2776 5117; x_wconf 92' lang='lat' dir='ltr'><strong>lit.</strong></span> <span class='ocrx_word' id='word_1_648' title='bbox 2813 5063 2896 5117; x_wconf 89' lang='lat' dir='ltr'><strong>bb.</strong></span> 
     </span>
    </p>
   </div>
   <div class='ocr_carea' id='block_1_123' title="bbox 2713 5188 3226 5258">
    <p class='ocr_par' dir='ltr' id='par_1_123' title="bbox 2713 5188 3226 5258">
     <span class='ocr_line' id='line_1_126' title="bbox 2713 5188 3226 5258; baseline -0.014 -2"><span class='ocrx_word' id='word_1_649' title='bbox 2713 5188 3012 5257; x_wconf 86' lang='lat' dir='ltr'><strong>SECTIO</strong></span> <span class='ocrx_word' id='word_1_650' title='bbox 3070 5188 3226 5258; x_wconf 88' lang='lat' dir='ltr'><strong>VII.</strong></span> 
     </span>
    </p>
   </div>
   <div class='ocr_carea' id='block_1_124' title="bbox 2143 5308 3799 5392">
    <p class='ocr_par' dir='ltr' id='par_1_124' title="bbox 2143 5308 3799 5392">
     <span class='ocr_line' id='line_1_127' title="bbox 2143 5308 3799 5392; baseline -0.001 -20"><span class='ocrx_word' id='word_1_651' title='bbox 2143 5308 2201 5372; x_wconf 76' lang='grc' dir='ltr'><em>Δ</em></span> <span class='ocrx_word' id='word_1_652' title='bbox 2225 5315 2426 5391; x_wconf 73' lang='lat' dir='ltr'><strong>porta</strong></span> <span class='ocrx_word' id='word_1_653' title='bbox 2451 5311 2819 5374; x_wconf 69' lang='lat' dir='ltr'><strong>Tiburtina</strong></span> <span class='ocrx_word' id='word_1_654' title='bbox 2865 5327 3076 5392; x_wconf 73' lang='lat' dir='ltr'><strong>usque</strong></span> <span class='ocrx_word' id='word_1_655' title='bbox 3102 5312 3354 5372; x_wconf 76' lang='lat' dir='ltr'><strong>Forum</strong></span> <span class='ocrx_word' id='word_1_656' title='bbox 3393 5313 3799 5374; x_wconf 74' lang='lat' dir='ltr'><strong>Romanam.</strong></span> 
     </span>
    </p>
   </div>
   <div class='ocr_carea' id='block_1_125' title="bbox 2217 5409 3033 5466">
    <p class='ocr_par' dir='ltr' id='par_1_125' title="bbox 2217 5409 3033 5466">
     <span class='ocr_line' id='line_1_128' title="bbox 2217 5409 3033 5466; baseline -0.001 -2"><span class='ocrx_word' id='word_1_657' title='bbox 2217 5410 2277 5464; x_wconf 92' lang='lat' dir='ltr'><strong>In</strong></span> <span class='ocrx_word' id='word_1_658' title='bbox 2308 5411 2369 5464; x_wconf 93' lang='lat' dir='ltr'><strong>D.</strong></span> <span class='ocrx_word' id='word_1_659' title='bbox 2396 5410 2646 5464; x_wconf 73' lang='lat' dir='ltr'><strong>Thermae</strong></span> <span class='ocrx_word' id='word_1_660' title='bbox 2670 5409 3033 5466; x_wconf 75' lang='lat' dir='ltr'><strong>Sallustiana:</strong></span> 
     </span>
    </p>
   </div>
   <div class='ocr_carea' id='block_1_126' title="bbox 2213 5497 3375 5569">
    <p class='ocr_par' dir='ltr' id='par_1_126' title="bbox 2213 5497 3375 5569">
     <span class='ocr_line' id='line_1_129' title="bbox 2213 5497 3375 5569; baseline -0.002 -15"><span class='ocrx_word' id='word_1_661' title='bbox 2213 5499 2416 5555; x_wconf 89' lang='lat' dir='ltr'><strong>Sancta</strong></span> <span class='ocrx_word' id='word_1_662' title='bbox 2435 5498 2712 5569; x_wconf 90' lang='lat' dir='ltr'><strong>Susanna,</strong></span> <span class='ocrx_word' id='word_1_663' title='bbox 2745 5505 2801 5555; x_wconf 88' lang='lat' dir='ltr'><strong>et</strong></span> <span class='ocrx_word' id='word_1_664' title='bbox 2831 5497 3044 5554; x_wconf 91' lang='lat' dir='ltr'><strong>Cavalli</strong></span> <span class='ocrx_word' id='word_1_665' title='bbox 3072 5497 3375 5554; x_wconf 90' lang='lat' dir='ltr'><strong>marmorei</strong></span> 
     </span>
    </p>
   </div>
   <div class='ocr_carea' id='block_1_127' title="bbox 2215 5585 2692 5643">
    <p class='ocr_par' dir='ltr' id='par_1_127' title="bbox 2215 5585 2692 5643">
     <span class='ocr_line' id='line_1_130' title="bbox 2215 5585 2692 5643; baseline 0.004 -2"><span class='ocrx_word' id='word_1_666' title='bbox 2215 5585 2406 5642; x_wconf 90' lang='lat' dir='ltr'><strong>Sancii</strong></span> <span class='ocrx_word' id='word_1_667' title='bbox 2439 5586 2692 5643; x_wconf 88' lang='lat' dir='ltr'><strong>Marcelli</strong></span> 
     </span>
    </p>
   </div>
  </div>
