3998 6176
466 383 572 446 367

1257 382 1349 438 AD
1391 381 1903 440 PROLEGOMENA
1951 382 2383 441 ANASTASIUM
2432 385 2611 442 EDIT.-
2647 379 3075 437 ROM.—VATIC.

3766 376 3886 436 368

886 747 1508 850 APPENDIX
1581 746 1754 850 AD
1827 744 2576 854 OPUSCULUM
2650 740 3456 852 PR/ECEDENS.

1487 969 1602 1032 DE
1667 969 2182 1034 REGIONIBUS
2249 971 2498 1033 URBIS
2561 970 2838 1032 ROME.

1942 1152 2354 1169 *—

527 1282 668 1338 Cum
725 1281 896 1338 hocce
926 1277 1206 1350 opusculo
1253 1277 1510 1349 septimi,
1554 1276 1639 1334 vel
1691 1276 1876 1333 octavi
1908 1275 2106 1332 saeculi
2129 1299 2186 1359 Α
2220 1277 2463 1332 maxime
2508 1276 2866 1333 doctissimis
2903 1277 3048 1333 viris
3090 1274 3495 1348 intelligimus,
3547 1275 3880 1347 praesertim

465 1371 674 1427 itinera
696 1371 848 1427 intra
887 1369 1091 1425 Urbem
1122 1368 1410 1438 descripta
1447 1368 1568 1423 sint
1593 1379 1691 1437 per
1717 1366 2107 1437 quatordecim

467 1461 639 1515 istius
666 1460 926 1530 regiones
947 1463 1152 1529 quarto
1192 1462 1322 1512 ante
1352 1457 1540 1526 ipsum
1567 1455 1776 1511 saeculo
1802 1469 1833 1510 a
1859 1453 2027 1524 Rufo,
2054 1458 2111 1508 et

466 1563 495 1602 a
516 1549 742 1604 Victore
765 1548 1103 1617 descriptas,
1127 1544 1683 1616 placuiteditoribus
1706 1543 2107 1598 Analectorum

466 1636 554 1692 illi
612 1637 898 1710 praeﬁgere
949 1636 1184 1692 titulum
1241 1637 1544 1704 Descriptio
1599 1635 1877 1701 regionum
1930 1631 2106 1686 Urbis.

465 1729 764 1796 Propterea
789 1727 1122 1783 censuimus
1143 1724 1410 1781 nonnihil
1440 1724 1706 1793 prodesse
1723 1723 1791 1777 ad
1817 1722 2110 1778 illustran-

463 1819 601 1875 dum
627 1816 1015 1889 Anastasium,
1047 1825 1103 1872 et
1133 1815 1313 1886 Vitas,
1352 1814 1447 1869 ubi
1468 1814 1729 1885 regiones
1759 1813 1927 1868 Urbis
1959 1826 2111 1882 prte—

463 1923 594 1980 sepe
619 1909 969 1964 indicantur.

536 2000 741 2056 Verum
787 2000 1048 2069 regiones
1077 1995 1400 2066 Anastasio,
1425 1999 1482 2050 et
1520 1993 1984 2050 bibliothecariis
2014 2007 2110 2048 re—

465 2089 718 2160 censitae,
750 2094 887 2143 sunt
923 2093 1137 2156 septem
1175 2086 1328 2155 illae;
1376 2085 1718 2156 quandoque
1747 2089 2112 2139 occurrentes

463 2179 635 2234 etiam
662 2178 720 2232 in
763 2176 932 2231 libris
958 2175 1289 2231 Ritualibus
1328 2175 1556 2229 ordinis
1588 2174 1848 2244 Romani,
1886 2174 1944 2228 in
1969 2187 2111 2244 quas

466 2267 679 2322 summi
702 2265 1001 2338 pontifices
1023 2265 1361 2336 redegerunt
1377 2271 1630 2320 vetustas
1652 2264 2108 2335 quatuordecim,

464 2355 536 2411 ab
589 2356 848 2426 Augusto
892 2354 1258 2424 constitutas,
1297 2360 1354 2408 et
1406 2354 1465 2408 in
1508 2355 1770 2423 antiquis
1818 2353 2114 2423 lapidibus

466 2445 807 2517 singillatim
838 2449 1220 2516 enumeratas,
1241 2443 1526 2512 praecipue
1550 2456 1681 2498 vero
1710 2443 1768 2496 in
1789 2443 2114 2511 Capitolino

469 2548 749 2592 marmore
778 2534 886 2590 sub
905 2532 1157 2588 Adriano
1183 2532 1334 2602 apud
1360 2536 1668 2587 Gruterum
1686 2531 1842 2587 edito
1864 2532 1958 2587 fol.
1985 2530 2114 2606 248,

2218 1366 2554 1422 Mabillonio
2600 1366 2660 1420 in
2683 1366 3100 1422 Commentario
3131 1365 3201 1421 ad
3240 1364 3513 1422 Ordinem
3548 1366 3880 1422 Romanum

2222 1454 2302 1510 ita
2327 1454 2601 1511 scribenti
2634 1469 2758 1527 pag.
2787 1453 2888 1510 48:

2294 1563 2320 1596 α
2365 1543 2669 1614 Explorata
2706 1550 2793 1600 est
2821 1544 2990 1600 Urbis
3028 1544 3243 1601 divisio
3271 1545 3331 1601 in
3363 1549 3574 1616 septem
3604 1544 3883 1615 regiones

2219 1633 2656 1706 ecclesiasticas,
2699 1649 2827 1689 cum
2871 1648 2937 1689 ex
2967 1634 3213 1706 Augusti
3240 1635 3466 1691 decreto
3500 1636 3887 1706 in_quatuor-

2218 1723 2403 1778 decim
2457 1723 2662 1779 fuisset
2702 1724 3058 1780 distributa:
3101 1726 3198 1780 sed
3241 1724 3405 1796 longe
3435 1724 3742 1780 obscurior
3766 1728 3881 1794 est,

2221 1826 2347 1881 qum
2377 1821 2563 1868 tamen
2586 1813 2751 1884 longe
2778 1815 3060 1884 posterior
3080 1812 3444 1883 fuit,divisio
3469 1814 3567 1868 illa
3589 1813 3887 1869 ecclesia-

2220 1902 2384 1972 stica,
2411 1907 2605 1971 utpote
2630 1903 2796 1958 modo
2825 1903 3097 1975 obsoleta,
3140 1917 3310 1974 quam
3337 1903 3550 1972 civilis,
3590 1904 3879 1958 hactenus

2214 1997 2458 2046 retenta.
2484 1991 2750 2046 omnium
2777 1993 2991 2062 Optime
3017 1993 3309 2047 Nardinus
3338 1993 3538 2058 situm,
3563 2006 3628 2048 ac
3651 1993 3878 2046 limites

2221 2081 2502 2150 cujusque
2535 2081 2788 2150 regionis
2823 2081 3225 2136 ecclesiasticae
3265 2081 3580 2151 assignavit
3613 2095 3682 2136 ex
3712 2085 3881 2136 Ana-

2220 2171 2418 2241 stasio,
2444 2170 2544 2240 qui
2574 2177 2818 2226 montem
2839 2172 3183 2227 Aventinum
3215 2171 3272 2225 in
3306 2172 3510 2240 prima,
3535 2171 3593 2224 in
3615 2172 3876 2228 secunda

2222 2261 2371 2316 viam
2423 2261 2835 2327 Mamertinum,
2883 2260 3181 2316 basilicam
3225 2263 3289 2316 δ.
3343 2261 3638 2316 Laurentii
3695 2275 3876 2332 super

2223 2356 2480 2405 sanctum
2523 2349 2862 2404 Clementem
2929 2350 2988 2405 in
3031 2350 3219 2418 tertia,
3277 2355 3330 2404 et
3362 2355 3534 2418 caput
3581 2351 3758 2405 Tauri
3807 2353 3862 2406 in

2225 2443 2427 2511 quinta
2447 2438 2708 2494 collocat.
2747 2439 2904 2494 Alias
2932 2440 3197 2509 designat
3235 2439 3384 2494 idem
3406 2445 3608 2494 auctor
3632 2453 3701 2494 ex
3725 2453 3866 2495 con-

2219 2533 2460 2600 jectura.
2483 2529 2582 2582 His
2611 2529 2754 2584 adde
2782 2530 2840 2583 in
2869 2529 3098 2600 regione
3117 2535 3317 2600 quarta
3345 2529 3580 2584 titulum
3608 2530 3868 2599 Vestina,

468 2639 525 2680 n.
558 2625 613 2695 8,
649 2639 892 2695 quarum
922 2623 982 2678 in
1014 2622 1202 2678 locum
1253 2628 1658 2677 successerunt
1683 2621 1854 2690 paulo
1883 2622 2110 2678 diversa
2151 2633 2291 2698 Bex
2316 2619 2488 2674 veteri
2514 2618 2889 2688 inscriptione
2921 2633 3046 2689 quas
3076 2620 3290 2690 legitur
3329 2619 3389 2673 in
3420 2619 3607 2675 Roma
3633 2619 3875 2674 subter-

467 2715 1008 2784 circumscriptione
1037 2711 1470 2782 quatuordecim
1509 2711 1768 2782 regiones
1796 2712 1963 2768 Urbis
2003 2714 2113 2770 ho-

465 2805 562 2862 die
576 2805 745 2860 dictai
758 2805 939 2859 Rio-ni.
959 2803 1229 2858 Videmur
1246 2802 1440 2873 itaque
1459 2803 1713 2857 Vitarum
1736 2803 2108 2874 expositioni,

465 2902 522 2951 et
552 2895 829 2951 lectorum
863 2893 1158 2948 commodo
1201 2889 1434 2946 felicius
1457 2891 1802 2963 consulturi,
1831 2893 1880 2947 si
1912 2900 2114 2962 prieter

467 2986 688 3040 viarum
727 2983 964 3050 indicia,
999 2994 1381 3052 proponamus
1409 2995 1507 3050 per
1532 2981 1753 3036 brevem
1795 2981 2115 3038 indicatio-

468 3087 594 3130 nem
625 3082 742 3128 tum
772 3073 1069 3143 regionum
1097 3072 1530 3141 quatuordecim
1560 3071 1632 3125 ab
1660 3070 1920 3141 Augusto
1948 3073 2113 3140 posi—

465 3170 654 3220 tarum
699 3169 754 3218 et
784 3163 892 3217 sub
921 3161 1238 3216 Theodosio
1270 3161 1530 3229 principe
1583 3173 1681 3229 per
1709 3161 2008 3229 Victorem,
2056 3166 2113 3216 et

465 3254 677 3310 Itufum
702 3254 1122 3323 descriptarum
1151 3265 1248 3321 per
1280 3253 1503 3321 potiora
1527 3251 1772 3306 aedilicia
1805 3252 1863 3306 in
1906 3251 2110 3307 iisdem

466 3345 691 3400 inclusa
728 3363 744 3415 ς
787 3350 906 3399 tum
951 3350 1163 3412 septem
1202 3340 1721 3396 ecclesiasticarum
1762 3343 1848 3412 (ut
1884 3344 2109 3412 vocant)

463 3448 606 3505 quas
630 3433 928 3504 pontifices
952 3431 1134 3488 nostri
1159 3431 1395 3486 totidem
1423 3431 1686 3485 diaconis
1705 3431 2113 3486 administran-

459 3524 562 3579 das
578 3523 1075 3592 concrediderunt,
1101 3534 1204 3576 nec
1226 3533 1337 3575 non
1352 3519 1744 3590 subdiaconis,
1760 3533 1825 3574 ac
1844 3519 2109 3587 notariis,

461 3615 530 3669 ad
559 3622 685 3670 acta
716 3627 1027 3683 martyrum
1049 3611 1351 3668 scribenda
1381 3615 1436 3665 et
1475 3610 1816 3682 colligenda.
1851 3609 2112 3680 Utrisque

461 3704 712 3758 nitidius
745 3705 1194 3772 perciperentur,
1246 3701 1296 3755 si
1336 3701 1768 3756 delinearentur
1808 3699 1869 3754 in
1897 3697 2112 3754 Tabula

462 3806 575 3848 una
622 3805 754 3847 cum
781 3792 1023 3847 indiciis
1061 3791 1304 3860 viarum,
1337 3791 1534 3846 addita
1576 3791 1749 3844 etiam
1783 3795 1942 3858 parte
1986 3789 2110 3858 agri

461 3882 806 3952 suburbani,
844 3895 969 3951 quae
1016 3883 1488 3936 commonstraret
1539 3880 1860 3935 cmmeteria
1897 3883 2114 3950 Marty-

2225 2722 2406 2764 raneae
2446 2714 2597 2763 tomo
2625 2711 2694 2778 Il,
2739 2722 2839 2763 seu
2888 2709 2991 2763 lib.
3027 2721 3104 2780 iv,
3137 2723 3260 2778 cap.
3305 2707 3395 2778 ‘25,
3441 2708 3538 2763 ubi
3594 2708 3874 2765 laudatur

2218 2800 2636 2862 Abundantius,
2677 2799 2958 2868 acolythus
2982 2814 3095 2867 reg.
3131 2804 3341 2868 quarta
3379 2803 3441 2854 tt.
3474 2800 3723 2854 Vestinae.
3761 2802 3873 2870 Qui

2220 2892 2431 2948 titulus
2455 2891 2546 2946 SS.
2592 2891 2873 2958 Gervasii,
2905 2895 2961 2945 et
2987 2890 3254 2962 Protasii,
3301 2904 3402 2946 seu
3448 2891 3631 2946 sancti
3664 2891 3875 2946 Vitalis

2221 2989 2414 3053 postea
2442 2981 2783 3051 appellatus.
2814 2999 2841 3030 »

2291 3073 2532 3128 Nardini
2560 3071 2897 3126 sententiam
2930 3069 3112 3140 igitur
3126 3069 3196 3125 de
3223 3068 3556 3142 regionibus
3575 3069 3875 3126 ecclesias-

2222 3161 2375 3233 ticis,
2397 3175 2565 3232 quam
2583 3176 2712 3231 cap.
2729 3158 2797 3231 ,4,
2825 3159 2962 3216 libri
2985 3161 3221 3216 secundi
3244 3161 3600 3231 perscripsit,
3632 3160 3712 3214 ita
3737 3162 3876 3216 red-

2217 3251 2368 3307 dam.
2404 3254 2712 3306 Prazmonet
2739 3253 2996 3321 Augusto
3024 3250 3311 3319 placuisse
3338 3262 3637 3304 numerum
3672 3252 3874 3321 regio—

2221 3356 2356 3398 num
2391 3342 2577 3412 Urbis,
2611 3341 2712 3412 qui
2746 3342 3180 3410 quaternarium
3203 3354 3314 3396 non
3336 3340 3641 3396 excedebat
3661 3353 3732 3396 ex
3761 3354 3874 3396 an-

2218 3433 2385 3503 tiqua
2425 3433 2752 3502 partitione,
2795 3431 3203 3486 commodioris
3243 3431 3544 3501 regiminis
3582 3445 3758 3487 causa
3799 3433 3870 3488 ad

2221 3523 2657 3593 quatuordecim
2698 3535 2927 3593 augere,
2969 3535 3212 3592 quarum
3264 3522 3404 3577 ﬁnes
3456 3536 3524 3577 ex
3569 3524 3874 3578 recensitis

2221 3625 2320 3682 per
2363 3614 2665 3684 Victorem,
2715 3619 2771 3668 et
2800 3611 3030 3684 Rufum,
3075 3617 3132 3667 et
3159 3613 3435 3667 Notitiam
3465 3613 3698 3682 Imperii
3724 3614 3872 3669 aedi—

2221 3702 2374 3758 ﬁciis
2391 3716 2460 3758 ac
2502 3703 2646 3759 locis
2670 3701 3093 3757 illustrioribus
3115 3702 3281 3758 hodie
3302 3702 3473 3757 etiam
3493 3703 3766 3772 cognitis,
3787 3716 3874 3758 co-

2222 3799 2391 3849 natus
2421 3798 2508 3849 est
2537 3793 2660 3861 ipse
2698 3791 2866 3848 nobis
2902 3791 3172 3848 exhibere
3210 3791 3547 3863 punctuatis
3596 3791 3775 3847 lineis
3815 3792 3870 3846 in

2223 3883 2404 3954 ﬁgura
2435 3898 2559 3956 pag.
2598 3882 2686 3939 50.
2722 3885 2862 3938 Tum
2894 3883 3123 3938 subdit:

462 3987 588 4028 rum
623 3973 846 4042 potiora
875 3971 1027 4025 intra
1047 3969 1363 4025 secundum
1381 3975 1482 4024 aut
1509 3970 1742 4024 tertium
1767 3969 2013 4038 lapidem
2040 3968 2111 4025 ab
2142 3976 2190 4038 C
2291 3977 2472 4044 Major
2513 3974 2817 4043 difﬁcultas
2849 3975 3033 4029 subest
3070 3972 3292 4044 (ﬁnium
3342 3970 3680 4042 regionibus
3713 3971 3872 4027 assi-

459 4064 631 4119 Urbis
654 4062 956 4117 muenibus.
990 4060 1051 4115 Id
1081 4074 1210 4116 vero
1238 4066 1503 4130 praestare
1537 4059 1693 4114 facili
1722 4061 1950 4130 negotio
1976 4061 2111 4131 quis

462 4154 692 4225 poterit,
740 4153 789 4208 si
822 4154 992 4208 unica
1048 4152 1230 4223 ﬁgura
1281 4151 1694 4220 complectatur
1741 4164 1908 4206 unam
1957 4151 2105 4219 apud

461 4245 780 4301 Nardinum
815 4243 1056 4298 incisam
1099 4243 1156 4296 in
1193 4243 1300 4296 fine
1327 4241 1461 4295 libri
1505 4241 1699 4311 primi,
1732 4247 1788 4296 et
1825 4243 1990 4313 duas,
2021 4241 2106 4296 vel

460 4343 576 4392 tres
619 4352 650 4390 a
697 4335 959 4390 Fabretto
1003 4335 1320 4388 delineatas
1348 4334 1408 4388 in
1442 4333 1718 4402 opusculo
1762 4335 1992 4390 erudito
2039 4335 2109 4388 de

458 4427 642 4496 Aquis
685 4429 742 4479 et
783 4423 1240 4494 aquieductibus.
1293 4423 1561 4478 Numeris
1595 4419 1644 4493 4,
1673 4422 1780 4478 238
1805 4431 1861 4479 et
1901 4421 2026 4479 248.
2059 4423 2108 4479 A

459 4515 816 4572 Nardiniana
837 4513 1070 4585 colliget
1101 4513 1362 4584 regiones
1388 4513 1820 4584 quatuordecim
1870 4513 2097 4569 civiles.

459 4606 507 4663 A
537 4605 920 4662 Fabrettianis
952 4604 1315 4659 mutuabitur
1339 4604 1481 4673 vias,
1502 4608 1558 4658 et
1577 4604 1701 4675 agri
1721 4605 1957 4660 Romani
1981 4604 2112 4660 sub-

461 4696 670 4752 urbani
727 4708 1025 4752 mensuras
1071 4693 1522 4764 diligentissime
1572 4692 1643 4749 ab
1691 4707 1756 4749 eo
1799 4700 2012 4766 captas,
2055 4699 2113 4752 et

463 4793 716 4849 incisas:
747 4793 895 4848 unde
919 4792 1376 4848 cmmeteriorum
1409 4791 1533 4845 loca
1575 4804 1673 4859 per
1702 4792 1825 4847 vias
1849 4789 2112 4861 singulas

460 4884 776 4956 assignare,
799 4879 1102 4956 [adhibitis
1121 4881 1293 4937 etiam
1312 4882 1498 4953 Bosio,
1524 4881 1827 4953 Aringhio,
1853 4881 1921 4937 de
1939 4883 2114 4936 Roma

464 4975 857 5044 subterranea,
880 4981 936 5029 et
961 4973 1216 5029 Boldetto
1246 4973 1316 5028 de
1354 4971 1868 5028 Observationibus
1889 4972 1957 5027 ad
1981 4973 2114 5028 Coe-

467 5061 749 5137 meteria],
779 5077 887 5119 non
911 5064 1020 5119 erit
1051 5063 1317 5120 arduum.
1346 5061 1404 5119 Si
1449 5078 1547 5133 per
1581 5063 1997 5133 typographum
2029 5063 2114 5118 li-

467 5153 674 5220 cuerit,
704 5151 954 5207 tabulam
987 5153 1452 5224 topographicam
1473 5151 1808 5207 curabimus
1840 5153 2116 5224 Prolego-

471 5242 656 5299 menis
684 5241 743 5294 in
776 5241 885 5295 line
915 5245 1326 5312 apponendam.
1360 5243 1593 5296 Interim
1625 5255 1694 5296 ex
1723 5243 1980 5299 Nardino
2013 5243 2114 5297 in—

2221 4066 2596 4139 gnandorum)
2613 4081 2710 4135 per
2749 4072 2989 4137 tempora
3008 4067 3309 4135 primitiuae
3337 4065 3612 4127 Ecclesiae,
3642 4063 3875 4134 quando

2218 4158 2479 4228 regiones
2516 4156 2846 4212 distributae
2879 4155 3115 4211 fuerunt
3153 4169 3250 4224 per
3281 4155 3580 4224 pontifices
3603 4155 3876 4225 (nostros)

2218 4247 2483 4316 notariis,
2512 4260 2578 4300 ac
2605 4247 2903 4301 diaconis:
2934 4248 3011 4302 De
3034 4247 3362 4302 Clementel
3394 4244 3877 4300 scribitAnasta-

2217 4337 2371 4393 sius:
2422 4337 2632 4407 Septem
2669 4339 2910 4391 notarios
2944 4338 3186 4390 instituit
3229 4335 3429 4405 quibus
3477 4337 3723 4402 regiones
3775 4335 3873 4388 di-

2216 4430 2364 4495 visit,
2408 4433 2470 4481 ut
2495 4433 2645 4494 gesta
2690 4434 3016 4496 martyrum,
3063 4434 3168 4483 etc.
3218 4427 3323 4482 Ubi
3371 4442 3500 4482 cum
3548 4433 3756 4498 agatur
3804 4426 3878 4480 de

2219 4519 2648 4589 quatuordecim
2683 4520 2946 4589 antiquis
2983 4518 3318 4588 regionibus
3341 4519 3682 4574 distributis
3713 4518 3876 4572 intra

2219 4613 2431 4677 septem
2478 4609 2754 4678 notarios,
2795 4607 3074 4664 credibile
3110 4615 3217 4678 est,
3261 4607 3488 4664 duabus
3535 4607 3877 4678 regionibus

2220 4697 2483 4770 singulos
2533 4698 2788 4754 notarios
2833 4698 3214 4770 praeposuisse
3259 4698 3603 4754 Clementem
3654 4699 3876 4770 (plures

2223 4789 2435 4860 quippe
2457 4801 2568 4844 non
2594 4788 2920 4858 requirebat
2951 4791 3011 4844 in
3051 4788 3303 4860 singulis
3328 4791 3576 4861 exiguus
3597 4803 3878 4845 numerus

2219 4881 2698 4950 Christianorum,
2733 4881 2834 4950 qui
2861 4886 3098 4951 eratper
3129 4881 3334 4937 Urbem
3350 4880 3528 4936 ferme
3555 4880 3875 4951 aequabili-

2221 4977 2308 5028 ter
2330 4973 2732 5045 dispertitus);
2766 4981 2866 5031 aut
2899 4988 2999 5046 pro
3040 4975 3205 5030 modo
3238 4973 3474 5043 majoris
3504 4973 3754 5038 numeri,
3786 4971 3875 5026 vel

2222 5063 2485 5136 minoris,
2517 5076 2572 5120 et
2611 5067 2670 5120 in
2696 5079 3040 5137 unaquaque
3077 5066 3308 5138 regione
3345 5063 3582 5132 diversi,
3635 5076 3668 5116 a
3709 5063 3880 5117 beato

2217 5154 2500 5210 Clemente
2525 5156 2809 5226 regionem
2829 5157 3006 5213 alicui
3036 5171 3228 5230 unam,
3250 5156 3418 5212 alteri
3445 5155 3610 5223 duas,
3644 5153 3733 5208 vel
3763 5159 3882 5208 tres

2221 5242 2403 5301 fuisse
2431 5246 2773 5316 assignatas.
2802 5247 2954 5304 Idem
2973 5248 3314 5304 Anastasius
3335 5245 3590 5316 prodidit
3621 5245 3695 5300 de
3729 5245 3880 5300 Eva-

469 5333 682 5388 dicatis
724 5331 1157 5400 quatuordecim
1202 5329 1538 5402 regionibus
1567 5329 1840 5388 civilibus
1866 5331 2111 5403 Augusti
2147 5341 2198 5402 D
2226 5335 2388 5406 risto,
2413 5341 2627 5405 septem
2657 5339 2931 5394 diaconos
2956 5338 3138 5395 fuisse
3157 5341 3227 5395 ab
3247 5351 3312 5394 eo
3336 5337 3724 5396 constitutos:
3754 5335 3884 5406 qui-

469 5424 696 5480 decreto
717 5419 1012 5492 deﬁnitus,
1030 5427 1086 5474 et
1115 5421 1297 5491 figura
1328 5421 1398 5475 ab
1424 5421 1548 5488 ipso
1577 5420 1861 5477 delineata
1887 5429 2117 5479 utemur

474 5529 598 5585 pag.
628 5512 718 5583 50,
765 5510 1034 5570 nonnihil
1070 5516 1252 5567 tamen
1279 5511 1615 5582 corrigenda
1651 5525 1721 5568 ex
1759 5512 2022 5570 Fabretto
2056 5517 2113 5572 in

471 5605 704 5677 regione
736 5605 938 5674 prima,
970 5607 1197 5674 propter
1222 5603 1398 5658 situm
1431 5605 1637 5659 veteris
1658 5611 1834 5674 porta:
1857 5605 2112 5677 Capenae,

468 5710 502 5752 a
519 5695 780 5752 Fabretto
796 5695 990 5751 verius
1006 5694 1321 5750 indicatum
1340 5693 1447 5749 sub
1466 5694 1650 5751 hortis
1668 5694 2110 5752 Matthieiorum.

472 5787 737 5855 Ejusdem
760 5785 931 5841 etiam
965 5785 1205 5842 Nardini
1238 5787 1576 5842 sententiam
1605 5787 1676 5842 de
1702 5791 1915 5856 septem
1945 5788 2119 5843 eccle-

473 5876 732 5932 siasticis
763 5876 1095 5948 regionibus
1114 5877 1312 5937 Latine
1338 5879 1659 5949 reddemus,
1684 5891 1854 5948 quam
1883 5877 2112 5949 probari

2227 5423 2335 5480 bus
2360 5424 2647 5483 Fabianus
2670 5442 2868 5500 regens
2892 5430 3202 5485 Ecclesiam
3234 5431 3388 5486 circa
3414 5443 3630 5485 annum
3653 5426 3879 5484 Christi

2223 5518 2330 5576 238
2350 5521 2553 5576 divisit
2583 5523 3015 5592 quatuordecim
3036 5524 3296 5595 regiones
3321 5522 3592 5578 urbanas.
3615 5522 3885 5588 Regiones

2223 5611 2465 5666 urbanas
2484 5617 2684 5682 septem
2711 5614 3030 5669 diaeontbus
3055 5615 3263 5676 divisit,
3285 5619 3484 5685 septem
3505 5627 3726 5682 quoque
3740 5611 3887 5665 sub-

2223 5701 2475 5756 diaconos
2505 5705 2725 5765 creavit.
2758 5706 2854 5774 qui
2871 5712 3071 5775 septem
3098 5708 3330 5760 notariis
3366 5707 3736 5774 imminerent,
3769 5707 3884 5758 etc.

2220 5791 2546 5862 Hucusque,
2580 5792 2717 5849 licet
2746 5795 2982 5866 notarii,
3012 5809 3078 5851 ac
3101 5795 3334 5853 diaconi
3362 5795 3638 5850 dicantur
3657 5801 3886 5862 septem

2224 5883 2649 5955 tantummodo;
2697 5888 2944 5943 attamen
2995 5887 3256 5958 regiones
3307 5889 3586 5958 apparent
3636 5883 3885 5941 totidem
