3998 6176
205 209 304 269 369

187 434 458 490 ethnicos
496 432 874 504 habebantur,
919 449 1100 507 neque
1144 436 1414 509 leguntur
1458 438 1777 495 imminuta
1815 453 1848 496 a

190 537 433 579 numero
464 523 814 593 bissepteno.
847 523 1032 594 Quare
1053 526 1356 583 Ciaconius
1382 525 1608 584 fallitur
1634 530 1692 584 in
1719 531 1848 586 Vita

186 614 396 684 Hygini
435 613 515 668 ita
551 614 944 682 perscribens:
975 635 1000 667 α
1024 615 1107 672 Ad
1142 617 1571 684 promovendam
1605 618 1850 689 religio—

186 717 313 758 nem
345 703 591 770 Christi,
626 703 1110 772 pradicationem,
1142 705 1509 777 baptismum,
1543 711 1599 762 et
1628 708 1846 764 eucha-

185 792 412 848 ristiam
433 792 954 849 administrandam
978 799 1188 866 septem
1212 797 1456 867 primum
1477 797 1730 868 diaconi,
1750 812 1849 854 se-

185 889 335 953 ptem
365 881 709 954 regionibus
731 882 1004 954 prafecti,
1027 900 1149 956 qua
1171 887 1306 942 sola
1322 901 1389 942 ex
1405 884 1845 959 quatuordecim

181 972 253 1028 ab
285 972 566 1028 incendio
605 973 852 1029 Neronis
890 974 1058 1029 salvae
1088 980 1144 1030 et
1177 976 1491 1033 incolumes
1520 982 1839 1046 evaserunt,

181 1065 492 1117 attestante
529 1062 750 1132 Tacito,
793 1062 893 1133 qui
920 1063 1042 1118 ait:
1067 1065 1134 1118 In
1159 1067 1402 1132 regiones
1436 1067 1846 1136 quatuordecim

185 1155 348 1208 Roma
389 1151 690 1214 dividitur,
723 1168 960 1222 quarum
997 1158 1234 1222 quatuor
1266 1157 1493 1224 integra
1528 1157 1842 1221 manebant,

186 1249 282 1297 tres
325 1243 445 1296 solo
477 1247 636 1296 tenus
677 1243 918 1311 dejecta,
950 1249 1147 1314 septem
1184 1246 1414 1315 reliquis
1448 1263 1632 1316 pauca
1675 1252 1848 1303 tecto—

179 1349 296 1387 rum
341 1335 584 1400 vestigia
629 1339 953 1403 supererant
993 1336 1172 1389 lacera
1214 1341 1263 1390 et
1307 1339 1585 1392 semiusta.
1635 1356 1661 1387 ι)
1702 1340 1843 1393 Nam

176 1436 361 1493 neque
388 1423 633 1479 Tacitus
663 1422 904 1478 afﬁrmat
933 1424 1086 1482 solas
1114 1430 1326 1496 septem
1359 1427 1640 1483 mansisse
1671 1427 1844 1484 habi—

177 1519 343 1580 tatas,
388 1514 491 1568 sed
539 1518 762 1569 tantum
807 1521 1091 1571 asseverat
1130 1521 1377 1587 quatuor
1424 1518 1686 1587 intactas,
1727 1523 1841 1574 tres

182 1602 515 1658 destructas
541 1609 870 1674 septemque
891 1605 1098 1674 partim
1128 1606 1342 1663 laceras
1365 1607 1495 1663 inde
1518 1612 1798 1678 spectatas
1821 1625 1833 1662 :

177 1706 363 1763 neque
391 1697 526 1762 post
553 1692 885 1749 incendium
913 1695 1106 1750 minus
1135 1695 1309 1764 culta,
1333 1701 1390 1752 et
1413 1697 1836 1754 habitatoribus

179 1779 456 1852 frequens
497 1783 676 1838 Roma
720 1781 858 1853 fuit,
889 1797 1059 1853 quam
1089 1790 1254 1840 antea
1292 1783 1515 1854 fuisset,
1549 1793 1834 1845 asserente

176 1871 369 1926 Tacito
403 1871 738 1928 restitutam
775 1870 974 1942 fuisse,
1007 1887 1075 1929 ac
1104 1873 1370 1930 refectam
1401 1875 1827 1949 elegantiorem.

175 1959 490 2030 Colligitur
520 1963 694 2018 etiam
722 1976 790 2018 ex
825 1963 1202 2034 inscriptione
1228 1965 1286 2020 in
1312 1965 1658 2036 Capitolinis
1686 1981 1832 2024 con-

181 2057 532 2106 servatorum
561 2051 786 2108 adibus
810 2059 1113 2122 asservata,
1147 2053 1351 2110 Urbem
1385 2055 1444 2110 in
1474 2058 1829 2126 quatuorde-

187 2139 294 2194 cim
322 2141 590 2212 regiones
619 2155 880 2212 peraeque
899 2142 1141 2198 divisam
1173 2143 1345 2199 etiam
1367 2149 1530 2201 atate
1549 2145 1788 2204 Adriani
1813 2167 1829 2220 ;

189 2243 306 2298 qua
351 2230 488 2286 talis
534 2237 622 2287 est
671 2231 894 2302 qualem
938 2231 1273 2303 Panvinius,
1314 2238 1371 2290 et
1411 2233 1694 2293 Gruterus
1737 2251 1834 2294 re-

181 2315 387 2391 ferunt,
428 2319 570 2377 licet
598 2321 840 2376 Nardini
872 2321 1052 2377 editio
1081 2323 1281 2378 variet.

385 2419 542 2472 IMP.
578 2418 892 2473 CAESARI
915 2420 1075 2472 DIVI

390 2490 704 2544 ΤΗΑΙΑΝΙ
725 2489 1085 2544 PARTHICI.
1118 2492 1251 2546 FIL.

384 2562 552 2615 DIVI
586 2561 888 2616 NERVAE
920 2561 1184 2618 NEPOTI

385 2631 716 2688 TRAIANO
747 2632 1129 2689 HADRIANO

385 2731 551 2787 mm
562 2729 745 2786 VNIC.
785 2731 1108 2786 POTESTA
1119 2734 1176 2787 T.
1210 2712 1308 2788 ii.

460 2831 582 2884 MP.
617 2810 679 2886 1—1.
713 2831 837 2886 COS
869 2845 950 2886 ιιι.
985 2833 1042 2884 Ρ.
1079 2833 1139 2886 Ρ.

381 2902 488 2955 MA
501 2900 740 2957 GISTRI
773 2903 980 2958 VICOR
993 2904 1096 2958 VM
1127 2903 1329 2960 URBIS

382 2973 525 3027 ΗΕΘ
535 2973 656 3031 1οΝ
657 2975 763 3029 VM
797 2975 957 3028 XIIII

1503 217 1593 273 DE
1632 217 2046 276 REGIONIBUS
2081 219 2300 278 URBIS.

193 349 366 415 atque
412 344 622 400 eadem
677 342 859 401 fuisse
901 345 1050 416 apud
1097 345 1475 414 Christianos,
1527 362 1653 419 qua
1694 350 1844 419 apud
1875 331 1931 387 Α
1962 347 2107 405 tium

3503 235 3611 298 370

2160 369 2172 406 :
2223 353 2510 424 regionem
2565 356 2806 427 primam
2861 361 2932 417 ad
2974 363 3233 421 Paulum.
3296 367 3600 441 Regionem

1959 445 2174 498 sextam
2218 448 2274 498 et
2317 446 2614 515 septimam
2659 449 2728 504 ad
2775 455 3035 508 sanctum
3066 455 3312 524 Petrum,
3341 462 3449 514 etc.
3494 461 3599 520 Sed

1961 531 2386 590 hebdomadarii
2413 536 2510 591 isti
2538 552 2635 606 pro
2651 545 2903 610 quatuor
2920 543 3254 615 regionibus
3275 551 3602 614 constituti.

1958 635 2087 678 cum
2114 629 2326 693 septem
2366 633 2574 696 essent,
2605 632 2752 700 quod
2785 631 2931 687 alias
2961 639 3078 690 tres
3120 637 3382 708 regiones
3405 642 3602 700 Heruli

1959 721 2322 785 occuparent,
2367 717 2468 788 qui
2492 718 2791 777 catholica
2812 723 3080 780 Ecclesia
3102 726 3337 785 minime
3355 744 3610 789 commu-

1959 805 2238 874 nicarent,
2272 812 2335 862 ut
2363 813 2489 877 pote
2511 809 2610 878 qui
2644 816 2795 866 secta
2816 818 3004 869 essent
3028 813 3281 873 haretici
3303 817 3541 889 Ariani;
3573 840 3598 872 ι)

1957 897 2056 954 ubi
2101 899 2170 954 de
2213 904 2425 969 septem
2470 903 2863 959 tantummodo
2913 905 3249 976 regionibus
3288 909 3352 966 fit
3396 926 3602 969 sermo.

1955 989 2112 1044 Haud
2150 989 2317 1046 facile
2355 990 2626 1060 adducar,
2659 995 2722 1046 ut
2754 994 3000 1065 credam,
3037 994 3215 1052 fuisse
3251 1013 3284 1055 a
3321 1001 3382 1056 B.
3414 1003 3606 1062 Silve—

1955 1082 2075 1133 stro
2105 1084 2314 1149 septem
2339 1093 2511 1136 novas
2535 1081 2793 1152 regiones
2816 1083 3100 1154 inductas,
3135 1088 3295 1144 nulla
3323 1093 3604 1164 antiqua-

1957 1182 2084 1224 rum
2123 1169 2343 1225 ratione
2374 1169 2570 1226 habita
2599 1189 2611 1226 :
2645 1185 2774 1227 cum
2809 1173 2966 1230 nulla
3007 1176 3268 1234 subesset
3294 1193 3467 1238 causa
3497 1197 3604 1240 cur

1953 1257 2270 1314 Christiani
2299 1264 2498 1315 contra
2539 1260 2711 1317 Urbis
2743 1266 3237 1334 consuetudinem,
3280 1268 3513 1327 difﬁcile
3540 1273 3600 1329 id

1956 1349 2247 1418 negotium
2303 1353 2604 1406 tentarent.
2661 1353 2717 1408 Id
2772 1354 2965 1423 potius
3016 1356 3359 1414 crediderim
3413 1365 3600 1418 tractu

1953 1439 2229 1507 temporis
2271 1441 2545 1512 evenisse,
2579 1446 2643 1497 ut
2673 1443 2800 1498 dua
2858 1445 3131 1514 proxima
3183 1449 3444 1520 regiones
3497 1451 3599 1506 uni

1949 1529 2289 1585 concredita
2305 1531 2373 1587 ad
2401 1533 2820 1601 procurandum
2841 1533 2900 1588 in
2923 1548 3093 1591 unam
3116 1535 3291 1593 veluti
3315 1539 3603 1596 coalesce-

1951 1623 2096 1686 rent,
2157 1621 2214 1673 et
2259 1619 2315 1674 S.
2369 1619 2644 1676 Silvestro
2698 1621 3035 1679 decernente
3091 1625 3169 1680 ita
3227 1628 3598 1698 imposterum

1865 1736 1916 1797 B
1949 1707 2698 1797 servari,haberenturinde
2717 1717 2988 1781 perpetuo
3022 1717 3292 1785 tanquam
3328 1721 3597 1786 septena.

2017 1796 2287 1865 Quanam
2309 1812 2441 1854 vero
2474 1797 2710 1860 fuerint.
2743 1801 2826 1857 ha
2849 1806 3063 1872 septem
3081 1803 3292 1876 iugata
3312 1807 3595 1877 regiones,

1947 1898 2112 1941 nemo
2143 1887 2311 1942 nobis
2335 1887 2625 1959 edisserit,
2658 1904 2838 1961 neque
2863 1889 3032 1948 facile
3063 1893 3196 1963 quis
3225 1894 3586 1964 explicuerit.

1943 1975 2204 2030 Attamen
2251 1977 2307 2032 id
2350 1982 2567 2033 tentare
2607 1980 2888 2050 gradatim
2938 1980 3138 2050 placet.
3197 1983 3388 2040 Primo
3435 1987 3588 2040 enim

1945 2063 2120 2121 facem
2177 2066 2344 2122 nobis
2402 2065 2712 2137 praferunt
2764 2069 3001 2126 recitata
3051 2071 3221 2128 verba
3273 2074 3590 2130 Anastasii~

1944 2154 2084 2210 Cum
2133 2155 2388 2212 basilica
2431 2158 2490 2212 B.
2537 2157 2699 2214 Pauli
2748 2159 2977 2215 addicta
3021 2159 3159 2215 sita
3200 2161 3256 2215 S.
3287 2162 3590 2232 Simplicio

1947 2246 2104 2316 regio
2137 2246 2320 2315 prima
2366 2246 2595 2302 ethnica
2639 2253 2813 2318 porta
2841 2249 3096 2318 Capena,
3131 2253 3350 2306 tractus
3393 2265 3593 2321 nempe

1945 2347 2255 2390 excurrens
2299 2341 2460 2391 extra
2488 2336 2693 2392 Urbem
2727 2351 2909 2408 usque
2952 2339 3020 2393 ad
3075 2339 3373 2394 ecclesiam
3402 2341 3455 2395 S.
3491 2341 3595 2397 Se-

1946 2423 2196 2478 bastiani
2230 2424 2376 2480 foris
2407 2439 2622 2491 muros,
2663 2431 2719 2481 et
2746 2427 2929 2482 eidem
2956 2426 3212 2484 basilica
3244 2429 3540 2498 proximus
3572 2449 3587 2502 ;

1944 2514 2121 2585 Regio
2139 2515 2361 2570 decima
2384 2515 2553 2570 tertia
2570 2515 2972 2573 Aventinensis
2992 2518 3102 2588 ipsi
3123 2517 3377 2575 basilica
3401 2521 3590 2590 proxi-

1945 2603 2095 2658 mior
2115 2603 2338 2658 ratione
2368 2603 2599 2660 vicinia
2628 2607 2988 2679 conjuganda
3020 2607 3200 2664 fuisse
3220 2609 3447 2666 videtur
3475 2624 3588 2679 pra

1940 2694 2163 2749 cateris
2192 2708 2322 2750 cum
2357 2695 2457 2752 illa
2502 2697 2686 2766 prima
2715 2716 2727 2751 :
2764 2710 2934 2768 quam
2977 2698 3438 2770 conjugationem
3469 2711 3581 2756 non

1939 2782 2289 2852 probabilem
2331 2787 2517 2856 modo,
2551 2788 2646 2843 sed
2682 2791 2892 2842 certam
2926 2787 3115 2844 reddit
3145 2788 3294 2844 idem
3336 2787 3588 2844 Anasta-

1935 2872 2061 2928 sius
2093 2873 2152 2928 in
2179 2873 2308 2930 Vita
2333 2876 2575 2946 Eugenii
2609 2877 2726 2932 haec
2749 2877 3105 2947 perscribens
3127 2895 3140 2932 :
3165 2880 3446 2946 Eugenius
3475 2894 3587 2932 na-

1935 2963 2078 3020 tione
2097 2967 2369 3021 Romanus
2399 2967 2465 3020 de
2491 2968 2707 3034 regione
2728 2969 2915 3038 prima
2943 2966 3328 3026 Auentinense.
3358 2967 3587 3024 Conﬁr-

162 3063 444 3119 Praterea
476 3063 657 3118 tradit
683 3063 1043 3135 Anastasius,
1072 3077 1105 3119 a
1134 3065 1187 3121 S'.
1215 3064 1502 3122 Clemente
1529 3066 1820 3123 distribu-
1849 3094 1896 3155 ρ
1937 3059 2126 3162 1:13th
2157 3070 2225 3112 8X
2253 3057 2498 3162 θρίδξοξᾶ
2539 3054 2606 3162 ξ9
2650 3057 2787 3114 libri
2819 3072 2918 3162 X3“
2948 3059 3308 3162 S;(‘f{eg({1‘ii
3338 3061 3578 3162 Μξλὲιηίσε

167 3159 242 3208 tas
271 3151 467 3208 fuisse
492 3151 739 3209 notariis
764 3153 1026 3225 regiones
1059 3155 1511 3226 quatuordecim,
1548 3169 1658 3212 non
1692 3170 1817 3214 vero

1938 3147 2300 3217 Praecipzmus,
2343 3152 2404 3202 ut
2432 3149 2646 3202 hortum
2676 3150 2964 3218 quemdam
2990 3150 3231 3204 Politani
3251 3151 3576 3220 presbyteri,

165 3250 400 3312 septem.

226 3333 313 3387 Ad
341 3333 424 3400 id,
457 3331 623 3401 plura
655 3336 782 3402 post
807 3331 1033 3402 sacula,
1063 3331 1278 3404 quibus
1297 3333 1550 3388 Romano
1576 3333 1820 3404 imperio

165 3421 584 3476 incrementum
630 3421 853 3476 nullum
890 3427 1224 3492 accesserat,
1268 3427 1325 3478 et
1369 3423 1428 3476 in
1459 3421 1606 3478 Urbe
1645 3424 1820 3480 Roma

167 3510 490 3565 incolarum
541 3523 816 3566 numerus
863 3510 1025 3566 valde
1069 3511 1414 3568 imminutus
1459 3511 1644 3568 fuerat
1691 3518 1819 3584 post

163 3599 468 3655 orientalis
501 3599 730 3669 imperii
763 3605 938 3670 caput
972 3600 1529 3672 ConstantinOpolim
1561 3603 1819 3660 adiﬁca-

167 3694 298 3755 tam,
346 3690 547 3745 Victor
590 3689 896 3760 descripsit
938 3703 1049 3746 non
1095 3689 1246 3746 solas
1293 3696 1504 3762 septem
1557 3693 1816 3764 regiones

164 3777 231 3831 ab
281 3779 558 3834 incendio
614 3780 934 3835 Neroniano
991 3780 1352 3849 superstites,
1404 3781 1501 3836 sed
1561 3787 1813 3838 veterum

164 3869 603 3939 quatuordecim
636 3882 933 3924 numerum
971 3869 1320 3926 universum.
1350 3869 1649 3927 Assentior
1674 3872 1815 3941 qui-

160 3957 283 4012 dem
315 3958 468 4013 inter
495 3957 857 4013 Christianos
883 3964 1074 4028 postea
1099 3957 1441 4029 obtinuisse,
1468 3966 1530 4016 ut
1555 3960 1812 4030 regiones

160 4046 494 4102 dicerentur
523 4056 756 4117 septem.
787 4045 946 4115 Quod
980 4048 1030 4102 si
1066 4047 1125 4102 in
1158 4047 1286 4103 Vita
1317 4049 1378 4104 B.
1409 4049 1532 4105 Caii
1563 4049 1812 4106 Anasta-

160 4137 283 4194 sius
309 4137 540 4207 scribit,
569 4149 664 4192 eas
699 4137 913 4207 pariter
943 4136 1123 4194 fuisse
1150 4137 1370 4194 divisas
1397 4156 1409 4194 :
1441 4141 1542 4194 Hic
1569 4143 1812 4208 regiones

157 4227 348 4282 diuisit
367 4227 690 4282 diueonibus
711 4246 728 4293 ;
750 4233 805 4283 et
828 4227 878 4282 si
908 4227 966 4282 in
989 4227 1238 4283 concilio
1261 4228 1510 4287 Romano
1539 4233 1808 4300 secundo,

159 4318 382 4372 actione
423 4317 694 4387 secunda,
738 4315 951 4388 legitur
981 4317 1051 4372 de
1079 4322 1276 4372 sancto
1311 4317 1586 4377 Silvestro
1622 4340 1633 4376 :
1669 4324 1813 4378 Fecit

157 4413 355 4476 septem
401 4409 669 4474 regiones,
709 4411 760 4459 et
801 4406 1118 4461 diaconibus
1163 4407 1350 4461 divisit
1393 4427 1411 4473 ;
1455 4423 1682 4467 necesse
1727 4421 1813 4472 est

157 4497 450 4569 colligere,
493 4498 765 4568 antiquas
811 4496 943 4553 illas
987 4498 1417 4569 quatuordecim
1460 4513 1491 4554 a
1543 4501 1809 4571 pluribus

157 4585 534 4656 pontificibus
549 4587 706 4642 varie
726 4585 906 4643 fuisse
921 4587 1155 4658 divisas,
1178 4589 1519 4659 quandoque
1541 4595 1804 4666 notariis,

154 4676 471 4746 aliquando
518 4676 783 4732 diaconis
826 4677 1192 4748 distributas,
1241 4678 1296 4733 id
1347 4684 1433 4733 est
1480 4693 1647 4734 unam
1695 4698 1807 4752 pra

153 4765 338 4820 altera
376 4766 544 4822 modo
587 4766 944 4835 ampliorem,
988 4767 1154 4822 modo
1195 4767 1605 4839 angustiorem,
1640 4778 1808 4840 prout

151 4853 499 4909 Christiana
518 4853 894 4924 professionis
920 4855 1254 4912 hominibus
1269 4855 1586 4913 abundaret
1604 4861 1802 4930 magis,

149 4951 247 4998 aut
272 4943 728 4999 destitueretur:
754 4945 933 5000 donec
958 4944 1204 5000 sublatis
1227 4947 1726 5015 persecutionibus
1745 4951 1804 5004 Β.

149 5031 424 5088 Silvester
453 5035 521 5089 ad
547 5039 759 5104 septem
792 5048 904 5090 non
933 5034 1084 5090 ultra
1118 5035 1422 5092 mutabiles
1447 5050 1542 5092 eas
1569 5039 1804 5110 redegit.

147 5122 207 5177 In
254 5123 387 5177 Vita
424 5123 715 5193 Simplicii
763 5138 918 5194 papa
965 5125 1118 5179 circa
1159 5137 1372 5181 annum
1411 5127 1640 5183 Domini
1683 5125 1804 5202 464,

145 5213 494 5267 Anastasius
527 5215 607 5267 ita
636 5213 977 5283 perscribit:
1007 5234 1032 5265 ‹‹
1060 5213 1162 5269 Hic
1183 5215 1489 5271 constituit
1517 5217 1586 5273 ad
1612 5217 1667 5272 8.
1699 5218 1808 5272 Pe-

147 5308 308 5356 trum
339 5301 687 5372 apostolum,
715 5308 772 5357 et
799 5303 868 5359 ad
899 5309 1159 5358 mnctum
1192 5304 1431 5360 Paulum
1461 5305 1803 5376 apostolum,

143 5397 198 5444 et
227 5390 302 5445 ad
336 5397 600 5447 sanctum
647 5392 1018 5448 Laurentium
1052 5399 1353 5465 martyrem
1401 5395 1801 5465 hebdomadas,

147 5487 211 5534 ut
251 5481 574 5552 presbyteri
625 5488 920 5537 manerent
965 5481 1044 5537 ibi
1091 5489 1320 5554 pr0pter
1368 5485 1707 5555 panitentes
1751 5490 1808 5541 et

143 5566 525 5641 baptismum.
561 5570 871 5642 Regionem
898 5572 1126 5629 tertiam
1163 5573 1234 5630 ad
1262 5578 1522 5630 sanctum
1552 5575 1810 5630 Lauren-

1923 3236 2166 3305 positum
2192 3237 2251 3288 in
2270 3239 2486 3304 regione
2523 3240 2706 3306 prima
2725 3242 2852 3291 ante
2882 3240 3092 3306 gradus
3111 3238 3169 3292 S.
3201 3239 3438 3305 Sabina,
3476 3254 3580 3293 ea:-

1929 3327 2206 3379 cusatione
2225 3329 2545 3396 postposita,
2568 3332 2677 3384 etc.

1999 3413 2129 3470 Alia
2159 3415 2328 3471 verba
2354 3415 2643 3472 Anastasii
2675 3417 2732 3472 in
2765 3417 3087 3487 Simplicio,
3127 3419 3414 3486 Hegionem
3456 3425 3572 3475 ter-

1927 3505 2061 3558 tiam
2081 3505 2156 3558 ad
2170 3510 2418 3560 sanctum
2435 3507 2812 3568 Laurentium,
2831 3507 3141 3562 ostendunt
3155 3507 3277 3576 pari
3296 3506 3576 3566 facilitate

1927 3595 2112 3650 tertia
2151 3595 2371 3666 regioni
2417 3595 2688 3665 (ethnicis
2729 3594 2898 3650 dicta
2946 3595 3121 3652 Isidis
3155 3602 3210 3652 et
3252 3597 3568 3670 Sarapidis,

1925 3691 2170 3742 extensa
2192 3697 2322 3745 vero
2352 3698 2527 3754 supra
2548 3684 2860 3756 Esquilias,
2883 3699 2952 3741 ex
2976 3699 3042 3741 eo
3069 3686 3303 3743 circiter
3323 3688 3446 3744 loco
3469 3689 3569 3745 ubi

1926 3776 2096 3832 hodie
2149 3775 2473 3831 consistunt
2511 3774 2766 3831 ecclesia
2807 3776 2863 3832 S.
2905 3777 3056 3832 Petri
3108 3777 3177 3833 ad
3209 3777 3470 3847 Vincula,
3516 3785 3573 3835 et

1922 3866 2013 3922 SS.
2039 3865 2299 3922 Silvestri
2333 3871 2388 3920 et
2417 3865 2648 3921 Martini
2676 3867 2746 3922 de
2773 3865 3067 3923 Montibus
3097 3867 3262 3937 dicti,
3290 3867 3359 3922 ad
3396 3867 3568 3924 aliam

1921 3957 2273 4026 crepidinem
2301 3954 2488 4025 Caelii,
2525 3955 2622 4011 ubi
2649 3956 2740 4011 SS.
2765 3957 2915 4012 Petri
2947 3961 3004 4012 et
3023 3957 3342 4012 Marcellini
3364 3957 3572 4014 titulus

1921 4054 2144 4104 erectus
2165 4055 2271 4118 est,
2305 4047 2923 4119 includentiquidquid
2951 4047 3008 4103 in
3041 4048 3248 4103 declivi
3281 4053 3439 4118 parte
3459 4047 3571 4104 col-

1924 4138 2068 4195 lium
2091 4140 2241 4208 jacet
2271 4138 2422 4194 inter
2450 4138 2505 4193 S.
2545 4137 2854 4193 Clementis
2897 4137 3157 4207 titulum,
3185 4137 3568 4206 Amphithea-

1921 4233 2075 4286 trum
2120 4228 2395 4296 Flavium,
2438 4232 2495 4283 et
2523 4225 2843 4297 Suburam).
2879 4227 3082 4298 tertia,
3129 4227 3384 4297 inquam,
3432 4227 3569 4283 huic

1922 4321 2144 4392 regioni
2176 4320 2486 4376 ostendunt
2512 4318 2833 4388 copulatam
2864 4315 3045 4374 fuisse
3077 4317 3358 4388 quintam,
3405 4331 3569 4374 com—

1925 4413 2142 4484 plexam
2161 4411 2416 4481 reliquas
2435 4409 2824 4480 Esquiliarum
2848 4413 3038 4479 partes
3058 4421 3185 4463 cum
3210 4408 3356 4464 colle
3374 4409 3567 4463 Vimi-

1921 4501 2039 4557 nali
2073 4519 2088 4570 ;
2119 4514 2249 4556 cum
2304 4499 2460 4571 regio
2506 4498 2666 4554 nulla
2725 4502 2874 4554 esset
2941 4497 3260 4567 proximior
3308 4497 3566 4552 ecclesia

1916 4592 1971 4647 S.
2005 4589 2297 4647 Laurentii
2329 4596 2488 4644 extra
2514 4601 2726 4644 muros.
2755 4587 3138 4644 Conﬁrmatur
3164 4587 3275 4641 ista
3312 4587 3564 4654 conjun-

1917 4681 2034 4736 ctio
2058 4694 2126 4736 ex
2150 4677 2392 4750 epistola
2417 4675 2488 4734 58
2517 4677 2620 4734 lib.
2668 4691 2706 4732 ιι
2750 4677 2805 4732 8.
2849 4675 3113 4748 Gregorii
3147 4689 3322 4747 papa,
3352 4675 3411 4729 in
3449 4690 3561 4746 qua

1915 4771 2122 4826 domus
2148 4769 2457 4835 Merulana,
2479 4767 2578 4823 ubi
2601 4765 2990 4822 hodietitulus
3005 4767 3061 4821 S.
3080 4765 3332 4822 Matthai
3350 4764 3564 4822 visitur

1916 4861 1986 4915 ad
2039 4859 2180 4914 fines
2237 4858 2454 4928 quinta
2503 4855 2782 4912 referatur
2829 4855 2897 4910 ad
2949 4855 3238 4926 regionem
3283 4855 3554 4909 tertiam:

1917 4948 2057 5014 Quia
2097 4949 2269 5014 igitur
2315 4945 2534 4999 ecclesia
2555 4947 2790 5014 positam
2828 4945 2999 5013 juata
3050 4945 3267 4997 domum
3311 4942 3564 4996 Merula-

1917 5055 2047 5092 nam
2071 5038 2286 5105 regione
2313 5035 2492 5088 tertia.
2537 5033 2893 5105 Suifragatur
2928 5033 3098 5088 etiam
3129 5031 3472 5089 Anastasius
3500 5033 3560 5088 in

1918 5123 2401 5194 Adriano,dicens
2425 5119 2723 5177 ecclesiam
2741 5127 2795 5176 δ.
2814 5119 3121 5177 Clementis
3150 5121 3208 5176 in
3233 5120 3426 5178 ruinis
3441 5133 3564 5176 esse

1921 5215 2163 5286 positam
2192 5213 2446 5286 regionis
2471 5211 2653 5268 tertia
2681 5229 2693 5266 :
2728 5213 2969 5267 Titulum
2995 5227 3118 5268 vero
3145 5213 3289 5268 beati
3314 5213 3560 5270 Clemen-

1918 5307 2009 5373 tis,
2044 5305 2193 5376 quod
2225 5305 2394 5361 etiam
2441 5315 2709 5360 casurum
2749 5307 2888 5374 erat,
2915 5307 2970 5358 et
2997 5302 3056 5358 in
3091 5304 3278 5360 ruinis
3308 5301 3559 5372 positum

1916 5397 2170 5465 Regionis
2196 5397 2386 5458 tertia,
2420 5407 2544 5466 qua
2575 5392 2800 5450 scilicet
2827 5393 3066 5450 ecclesia
3095 5399 3182 5450 est
3213 5393 3273 5448 in
3311 5395 3563 5448 extremo

1921 5486 2178 5556 margine
2220 5485 2502 5556 secunda,
2547 5485 2644 5542 sed
2698 5484 2881 5542 tertia
2927 5484 3142 5553 subest,
3186 5480 3341 5536 circa
3392 5493 3562 5552 quam

1924 5575 2101 5645 hnjus
2143 5574 2328 5631 ruina
2377 5574 2576 5630 cadere
2615 5579 2943 5645 potuerunt.
2999 5569 3337 5628 Evidentius
3377 5575 3562 5627 tamen
