3998 6176
441 253 539 316 374

1211 251 1305 309 AD
1354 251 1786 308 ANASTASIUM
1840 244 2353 306 PROLEGOMENA
2407 248 2582 304 EDIT.
2636 247 3064 306 ROM.—VATIC.

3739 238 3856 306 372

451 379 772 451 percipitur
790 393 858 434 ex
884 377 1078 435 eodem
1101 377 1403 434 Anastasio
1432 376 1490 432 in
1526 377 1653 432 Vita
1677 373 1948 445 Stephani
1976 373 2048 427 ιιι
2078 389 2090 425 :
2123 369 2177 428 A
2211 371 2631 441 Calimontana,
2654 379 2754 430 aut
2773 373 3128 440 duodecima,
3159 372 3443 443 appellata
3478 375 3701 429 Piscina
3727 377 3858 429 Pu—

443 471 795 526 Restauravit
821 468 1103 522 basilicam
1146 467 1205 524 S.
1237 467 1522 520 Laurentii
1565 481 1728 534 super
1755 464 1810 518 S.
1850 462 2099 516 Clemen-

447 565 552 615 tem
580 561 798 626 regione
843 559 1026 612 tertia.
1060 557 1228 613 Nulla
1261 557 1478 627 pariter
1506 554 1815 611 dilﬁcultas
1859 549 2100 619 impedit.

447 649 760 720 quominus
816 660 1191 718 assequamur
1256 651 1539 715 quartam,
1573 645 1620 699 si
1686 641 2100 714 perpendamus

446 737 614 794 verba
637 737 692 792 S.
725 736 986 808 Gregorii
1023 735 1080 790 in
1109 732 1145 791 5
1171 734 1412 805 epistola
1439 733 1672 790 secundi
1704 731 1863 787 libri.
1892 729 2100 795 Quate-

447 843 553 882 nus
607 827 825 881 domum
877 827 1111 896 positam
1157 826 1218 878 in
1265 825 1365 878 hac
1413 824 1545 877 urbe
1613 824 1828 890 regione
1874 822 2094 888 quarta,

438 916 611 984 juxta
658 917 831 969 locum
880 915 978 983 qui
1019 913 1335 983 appellatur
1375 912 1625 967 Gallinas
1673 911 1827 964 albas
1867 908 2096 973 ;locum

451 1005 675 1060 scilicet
702 1017 734 1058 a
788 1001 957 1071 Rufo,
1002 1008 1059 1058 et
1105 1016 1138 1057 a
1178 1002 1404 1058 Victore
1454 1001 1798 1057 recensitum
1849 998 1908 1052 in
1940 999 2099 1052 sexta

452 1095 683 1164 regione
715 1093 871 1148 dicta
897 1092 1030 1146 Alta
1049 1093 1261 1161 semita,
1284 1092 1342 1146 in
1359 1090 1651 1161 Quirinali
1679 1090 1885 1159 posita,
1911 1093 1966 1142 et
1990 1085 2101 1140 ad-

456 1183 692 1239 hzcrenti
722 1187 938 1252 quarta:
978 1183 1046 1238 ad
1095 1181 1370 1251 templum
1403 1181 1583 1250 Pacis,
1629 1184 1873 1235 extensae
1914 1189 2100 1233 veroa

452 1272 578 1329 loco
607 1286 762 1329 nunc
792 1273 949 1328 dicto
981 1273 1275 1326 liPantani
1295 1272 1362 1326 ad
1386 1269 1665 1326 Suburam
1689 1268 2094 1324 recentiorum.

452 1365 588 1418 Duae
617 1377 768 1432 vero,
803 1377 947 1432 quas
974 1361 1314 1416 Anastasius
1344 1361 1565 1416 indicat
1591 1359 1882 1429 proximas
1922 1355 2102 1412 fuisse

454 1451 709 1508 basilicae
731 1451 1013 1507 Vaticana:
1045 1450 1103 1504 in
1137 1450 1265 1505 Vita
1294 1449 1604 1519 Simplicii,
1633 1462 1831 1517 nempe
1860 1452 2098 1513 sextam,

455 1546 510 1596 et
526 1540 845 1610 septimam,
867 1552 1125 1609 quaenam
1150 1537 1384 1603 fuerint,
1407 1535 1772 1593 manifestum
1799 1549 1921 1591 esse
1934 1535 2100 1589 vide—

456 1634 554 1684 tur
575 1648 589 1698 ;
610 1643 739 1685 cum
775 1628 935 1684 nulla
959 1642 1089 1697 pars
1121 1627 1288 1684 Urbis
1327 1627 1396 1698 (si
1420 1625 1909 1682 Transtiberinam
1937 1622 2099 1679 exci-

458 1717 602 1788 pias)
630 1718 935 1788 conjuncta
967 1717 1150 1788 magis
1174 1715 1450 1772 aﬂinitate
1477 1716 1587 1772 loci
1625 1728 1792 1785 quam
1828 1711 2100 1784 planities

455 1809 641 1878 campi
673 1807 1003 1878 antiquitus
1029 1807 1217 1862 divisa
1241 1806 1386 1862 duas
1420 1807 1478 1860 in
1499 1805 1782 1876 regiones,
1808 1816 2007 1871 nempe
2040 1803 2098 1856 in

455 1897 776 1967 septimam,
807 1911 934 1967 quae
962 1897 1054 1950 via
1086 1896 1226 1950 Lata
1254 1895 1494 1965 dicitur,
1528 1901 1585 1951 et
1609 1907 1835 1964 nonam,
1867 1893 1963 1948 cui
1992 1904 2102 1946 no—

456 2000 581 2041 men
613 1987 861 2042 inditum
891 1986 1094 2042 Circus
1123 1984 1443 2042 Flaminius
1473 2002 1486 2038 :
1524 1983 1736 2056 quibus
1769 1985 1843 2038 ita
1883 1981 2104 2052 jugatis

455 2074 858 2131 ecclesiasticae
871 2075 1126 2146 regionis
1137 2075 1393 2145 septima:
1405 2073 1735 2144 appellatio,
1753 2071 2099 2139 utarbitror,

461 2162 679 2219 tributa
706 2162 840 2219 fuit.
871 2165 1051 2219 Sexta:
1069 2169 1258 2219 autem
1278 2177 1501 2232 nomen,
1533 2159 1682 2235 [cum
1719 2167 1875 2217 sexta
1904 2160 2106 2216 ethni—

457 2266 653 2309 corum
687 2256 904 2323 quartae
941 2254 1247 2322 conjuncta
1265 2253 1384 2322 jam
1418 2252 1573 2309 dicta
1604 2251 1702 2322 sit]
1737 2255 1958 2322 oportet
1989 2250 2106 2305 tri-

461 2342 662 2398 butum
692 2339 872 2397 fuisse
900 2342 1121 2412 regioni
1155 2342 1612 2412 Quartaedecima‘.
1636 2340 2102 2408 Transtiberinaa,

460 2433 519 2488 in
553 2445 664 2502 qua
702 2431 758 2486 S.
805 2431 956 2485 Petri
989 2427 1238 2487 'ecclesia
1285 2432 1605 2502 consurgit.
1648 2431 1794 2486 Huic
1840 2429 1998 2485 nulla
2035 2443 2103 2485 ex

457 2521 594 2577 aliis
621 2519 870 2576 Urbanis
887 2520 1394 2592 regionibusuniri
1415 2520 1583 2576 facile
1603 2519 1790 2589 potuit
1806 2537 1820 2587 ς
1835 2518 2107 2573 Tiberino

459 2611 636 2668 ﬂuvio
674 2624 706 2666 a
745 2610 969 2666 caeteris
1009 2608 1280 2666 omnibus
1317 2622 1438 2664 eam
1486 2609 1650 2679 longe
1676 2613 1973 2677 separante
2006 2624 2021 2676 ;
2052 2612 2108 2660 et

459 2713 587 2756 cum
621 2699 722 2754 illa
765 2699 1152 2770 amplitudine
1198 2711 1303 2754 sua
1345 2697 1490 2753 satis
1537 2702 1775 2767 occupet
1819 2696 2106 2751 notarium

460 2789 780 2859 proprium,
836 2793 892 2842 et
943 2788 1270 2843 diaconum.
1328 2787 1649 2856 Supersunt
1699 2783 2108 2841 eChristianis

460 2876 798 2948 regionibus
821 2875 971 2947 dum,
996 2875 1264 2946 secunda,
1298 2880 1354 2930 et
1384 2875 1624 2946 quinta;
1657 2882 1713 2930 et
1733 2888 1800 2930 ex
1824 2879 2110 2945 quatuor—

463 2966 647 3022 decim
665 2966 917 3022 ethnicis
952 2966 1227 3036 quinque,
1256 2978 1456 3039 nempe
1475 2965 1746 3034 secunda,
1784 2970 1999 3032 octava,
2019 2963 2108 3018 de-

462 3055 633 3123 cima,
655 3055 956 3110 undecima
973 3054 1399 3109 etduodecima.
1420 3053 1502 3108 Ad
1517 3053 1822 3108 secundam
1837 3052 2113 3107 Christia-

465 3156 593 3199 nam
626 3143 977 3214 pertinuisse
1006 3143 1177 3198 etiam
1200 3148 1450 3198 octavam
1482 3142 1865 3210 ethnicorum,
1899 3141 2110 3196 dictam

466 3235 666 3288 Forum
692 3235 1012 3295 Romanum,
1045 3232 1297 3287 ostendit
1320 3232 1661 3287 Anastasius
1690 3250 1704 3300 ;
1729 3231 1866 3287 dum
1897 3230 2114 3286 Zacha—

469 3323 588 3380 rias
619 3322 874 3378 declarat
901 3324 954 3377 S.
984 3321 1215 3392 Georgii
1247 3321 1572 3377 diaconiam
1599 3321 1813 3376 dictam
1857 3321 1914 3375 in
1947 3319 2116 3375 Vela-

470 3411 594 3482 bro,
637 3411 761 3468 loco
809 3410 1034 3466 scilicet
1073 3411 1140 3465 ad
1174 3414 1426 3466 octavam
1477 3410 1738 3465 Veterum
1773 3410 2112 3480 pertinente,

471 3501 752 3558 recenseri
789 3501 846 3556 in
879 3500 1129 3556 secunda
1155 3515 1166 3553 :
1189 3502 1258 3554 In
1275 3499 1577 3553 venerabili
1604 3499 1861 3552 diaconia
1881 3501 2114 3552 nominis

474 3587 550 3664 [8.
581 3590 836 3662 Georgii]
879 3593 986 3645 sita
1016 3592 1076 3644 in
1105 3591 1205 3643 hac
1244 3592 1489 3646 Romana
1543 3590 1759 3643 civitate
1783 3589 1998 3656 regione
2027 3604 2122 3643 se—

467 3681 650 3735 cunda
678 3681 753 3734 ad
787 3680 976 3734 Velum
1017 3695 1264 3732 aureum.
1312 3680 1393 3734 Ita
1409 3679 1581 3733 etiam
1614 3677 1672 3732 in
1701 3679 1829 3733 Vita
1872 3678 2122 3733 Anasta—

474 3767 551 3822 sii
584 3766 668 3820 ait
699 3784 711 3820 :
744 3767 844 3819 Hic
865 3767 995 3831 fecit
1018 3765 1322 3834 basilicam,
1347 3781 1468 3834 quae
1494 3765 1698 3819 dicitur
1716 3766 2117 3831 Crescentiana,

474 3857 535 3909 in
562 3856 781 3922 regione
810 3853 1048 3907 secunda
1073 3855 1132 3906 in
1160 3854 1252 3906 via
1292 3854 1620 3906 Mamertina
1659 3855 1716 3907 in
1755 3855 1886 3908 urbe
1915 3857 2119 3909 Roma:

477 3957 647 4014 quam
665 3943 813 3998 viam
833 3941 1008 3996 ferme
1035 3942 1327 3997 evidenter
1346 3947 1570 3997 constat
1594 3941 1775 3998 fuisse
1794 3957 1965 4012 prope
1989 3958 2124 4001 car-

476 4045 660 4088 cerem
691 4030 800 4087 sub
823 4030 1109 4100 Capitolio
1128 4030 1346 4085 dictum
1372 4031 1769 4087 Mamertinum
1803 4033 1861 4087 in
1890 4034 2121 4105 regione

478 4122 607 4178 Fori
649 4121 888 4178 Romani
915 4139 928 4174 :
964 4126 1020 4176 et
1050 4119 1394 4176 rationabile
1438 4120 1666 4176 videtur
1693 4135 1946 4177 asserere
1975 4136 2121 4178 con—

473 4214 731 4284 junctam
776 4209 957 4265 fuisse
1017 4224 1146 4265 cum
1192 4215 1387 4264 octava
1445 4209 1674 4280 regione
1737 4212 2118 4276 undecimam,

477 4305 863 4370 nuncupatam
896 4299 1037 4353 Circi
1055 4300 1307 4360 Maximi,
1335 4304 1436 4354 aut
1463 4298 1662 4354 saltem
1697 4300 1862 4356 illius
1905 4309 2118 4370 partem

480 4389 731 4461 longiori
763 4388 937 4444 simul
986 4394 1041 4444 et
1069 4386 1392 4458 angustiori
1444 4393 1630 4444 tractu
1664 4390 1829 4459 juxta
1871 4391 2123 4446 Tiberim

483 4483 897 4536 excurrentem.
944 4477 1216 4533 Secundae
1248 4490 1451 4532 nomen
1483 4475 1724 4534 fortasse
1771 4479 2028 4535 obtinuit
2058 4494 2126 4535 ex

485 4583 551 4627 eo
595 4568 746 4640 quod
782 4568 980 4638 prima:
1007 4565 1321 4622 adhaereret
1352 4565 1458 4621 sub
1487 4567 1789 4623 Aventino.
1823 4568 1965 4622 Mihi
1997 4582 2126 4625 vero

483 4674 594 4716 non
623 4662 986 4729 opponantur
1034 4655 1172 4710 Acta
1213 4655 1272 4709 S.
1305 4655 1584 4725 Martium,
1620 4654 1718 4712 ubi
1750 4657 1991 4712 ecclesia
2026 4657 2128 4713 illa

482 4748 703 4805 dicitur
731 4745 986 4817 regionis
1010 4750 1185 4799 sextae
1211 4761 1227 4814 ;
1252 4757 1379 4799 nam
1409 4744 1502 4800 via
1531 4746 1888 4812 Mamertina,
1911 4751 1965 4802 et
1994 4748 2130 4802 dia-

476 4838 646 4894 conia
673 4837 730 4892 S.
761 4834 991 4907 Georgii
1009 4835 1076 4890 ad
1098 4833 1294 4891 Velum
1321 4847 1558 4890 aureum
1587 4835 1866 4891 dicuntur
1884 4837 1955 4892 ab
1972 4837 2131 4892 Ana-

485 4928 634 4984 tasio
664 4934 918 4997 spectare
959 4925 1028 4980 ad
1081 4924 1370 4997 regionem
1423 4925 1729 4980 secundam
1767 4944 1782 4997 ;
1815 4927 2128 4998 eodemque

485 5023 630 5072 teste
667 5016 1006 5087 Simplicius
1050 5015 1212 5086 ponit
1242 5015 1530 5087 regionem
1563 5022 1778 5071 sextam
1812 5017 2128 5086 proximam

485 5103 741 5160 basilicae
765 5107 820 5160 S.
848 5106 1036 5161 Petri:
1063 5120 1188 5176 qua:
1228 5105 1421 5161 omnia
1463 5105 1835 5174 comprobant
1868 5109 2134 5164 mendose

481 5192 834 5262 descriptum
863 5193 1040 5249 fuisse
1071 5208 1372 5250 numerum
1407 5194 1466 5246 in
1497 5193 1656 5247 Actis
1693 5193 1747 5247 S.
1779 5196 2035 5252 Martinm
2061 5199 2133 5253 ab

478 5280 836 5350 amanuensi,
859 5281 960 5350 qui
988 5281 1110 5337 loco
1129 5281 1404 5337 unitatisr
1425 5279 2051 5352 substituitquinarum
2073 5299 2125 5360 ν,

483 5377 539 5428 et
566 5387 634 5429 ex
665 5369 896 5441 regione
924 5382 961 5422 ιι
990 5367 1127 5422 fecit
1158 5382 1233 5422 ιν.
1261 5368 1474 5437 Quinta
1493 5367 1741 5438 denique
1765 5372 1920 5443 regio
1940 5374 2128 5429 eccle-

482 5461 730 5516 siasticm
753 5455 1087 5531 partitionis
1116 5469 1373 5526 quaenam
1403 5455 1518 5512 alia
1542 5455 1738 5530 fuerit,
1759 5459 1871 5515 nisi
1904 5461 2125 5520 decima

483 5551 745 5605 Veterum
793 5549 948 5604 dicta
994 5545 1270 5599 Palatium
1308 5551 1408 5599 aut
1446 5548 1712 5616 secunda,
1769 5549 1861 5604 cui
1917 5565 2120 5609 nomen

2210 461 2398 516 blica?
2426 465 2505 517 Ex
2557 462 3004 518 Bibliothecario
3061 464 3120 518 in
3163 462 3466 518 Anastasio
3518 466 3565 518 ΙΙ
3616 470 3861 534 apparet

2207 559 2640 620 c0gnomentum
2693 554 2938 607 Thauma
2980 552 3048 607 ad
3081 566 3201 608 eam
3253 553 3556 622 pertinere,
3593 567 3694 609 nec
3735 568 3857 610 non

2207 640 2366 696 aliud
2403 655 2602 697 nomen
2622 643 2798 712 Caput
2817 644 2988 696 Tauri
3004 660 3020 695 :
3034 645 3366 697 Anastasius
3384 640 3622 716 [inquit]
3636 647 3862 698 notione

2207 729 2480 784 Romanus
2509 747 2577 784 ea:
2595 735 2752 800 patre
2782 735 2936 786 Petro
2969 732 3033 785 de
3056 733 3270 798 regione
3296 731 3490 801 quinta
3519 734 3722 786 Tauma
3749 733 3859 788 Ca-

2201 823 2306 888 put
2325 820 2495 873 Tauri
2515 839 2532 873 :
2550 821 2619 876 de
2637 833 2750 891 qua
2768 821 2940 876 etiam
2987 821 3148 890 prius
3157 821 3385 898 dixerat
3410 821 3469 875 in
3493 821 3856 878 Alexandro:

2206 909 2436 964 Natione
2460 910 2734 963 Romanus
2775 925 2843 963 ea:
2880 914 3041 980 patre
3069 909 3392 964 Alexandro
3413 911 3478 964 de
3507 913 3725 978 regione
3753 927 3864 965 ca—

2198 1001 2305 1065 put
2336 999 2522 1051 Tauri.
2543 999 2855 1069 Utrumque
2882 1012 3080 1055 nomen
3108 998 3339 1056 exhibet
3362 999 3528 1055 nobis
3548 1001 3858 1056 decimam.

2208 1085 2346 1140 Nam
2401 1087 2646 1141 Thauma
2702 1088 2870 1158 [quod
2926 1089 3121 1142 Latine
3172 1095 3260 1143 est
3307 1089 3716 1159 admirandum]
3762 1091 3864 1145 vix

2208 1174 2460 1242 cuipiam
2476 1175 2714 1245 dignius
2731 1176 2915 1244 aptari
2935 1181 3117 1244 potest
3131 1189 3299 1246 quam
3319 1176 3538 1232 Palatio
3560 1179 3866 1248 Augusto-

2213 1276 2360 1331 rum,
2391 1265 2537 1333 quod
2571 1265 2870 1320 maximam
2907 1266 3163 1337 regionis
3185 1271 3396 1335 partem
3434 1267 3869 1336 complecteba-

2212 1359 2308 1410 tur
2337 1369 2350 1406 :
2385 1359 2441 1408 et
2483 1354 2658 1423 Caput
2691 1357 2881 1413 Tauri.
2923 1355 3007 1410 vel
3060 1355 3172 1411 fuit
3207 1357 3516 1425 peculiaris
3549 1357 3648 1412 ille
3697 1358 3868 1412 vicus

2210 1442 2456 1498 Palatini
2483 1443 2652 1499 collis
2675 1445 2869 1499 dictus
2901 1444 3094 1513 Capita
3117 1446 3354 1508 Bubula,
3378 1452 3479 1500 aut
3501 1460 3634 1516 pars
3655 1447 3869 1502 immi-

2213 1545 2352 1587 nens
2374 1534 2515 1589 Foro
2543 1534 2762 1604 Boario,
2813 1533 2884 1589 ab
2931 1548 3084 1590 aeneo
3131 1536 3318 1591 Tauro
3369 1549 3571 1592 nomen
3616 1535 3868 1594 fortasse

2209 1623 2432 1692 adepta.
2490 1624 2733 1679 Decimae
2782 1638 2911 1680 vero
2967 1627 3352 1682 necessarium
3407 1633 3493 1682 est
3549 1631 3864 1686 secundam

2132 1677 2183 1738 B
2213 1711 2393 1768 fuisse
2439 1714 2824 1783 conjunctam,
2873 1716 2969 1771 cui
3017 1729 3220 1772 nomen
3270 1716 3667 1773 leimontanm
3724 1719 3863 1794 fuit,

2213 1814 2314 1856 nec
2344 1815 2456 1858 non
2487 1801 2728 1859 fortasse
2751 1804 3148 1861 duodecimam
3180 1806 3270 1860 illi
3303 1806 3690 1875 subjacentem
3727 1825 3867 1879 per-

2211 1889 2366 1946 brevi
2399 1905 2534 1962 gyro
2562 1911 2574 1946 :
2597 1893 2713 1948 nisi
2734 1893 2851 1948 haec
2868 1895 3380 1963 copulareturcum
3406 1896 3611 1968 prima,
3638 1906 3860 1967 portam

2210 1981 2509 2051 Capenam,
2537 1987 2594 2037 et
2613 1982 2956 2039 Aventinum
3003 1985 3351 2040 includente.
3385 1987 3510 2041 Haac
3534 1985 3766 2043 fuerant
3795 2003 3861 2044 ex

2215 2072 2358 2127 meis
2399 2073 2748 2141 conjecturis
2789 2075 3119 2144 exponenda
3158 2075 3228 2130 de
3266 2082 3478 2144 septem
3524 2077 3864 2148 regionibus

2214 2161 2624 2218 ecclesiasticis
2649 2163 2814 2220 urbis
2855 2165 3061 2219 Romae.
3098 2166 3380 2220 Hactenus
3404 2165 3726 2222 Nardinum
3754 2182 3867 2224 au-

2214 2251 2506 2308 divimus:
2541 2253 2641 2322 qui
2688 2267 2819 2308 cum
2871 2253 3260 2309 Martinellum
3293 2255 3455 2326 sequi
3492 2255 3551 2310 in
3597 2255 3864 2326 pluribus

2217 2337 2482 2403 fateatur,
2518 2354 2744 2396 necesse
2784 2341 2951 2397 nobis
2990 2348 3078 2398 est
3117 2344 3370 2412 ejusdem
3415 2350 3589 2414 caput
3618 2343 3649 2400 4
3682 2346 3860 2402 Romae.

2219 2441 2410 2497 sacrae,
2438 2433 2540 2484 aut
2572 2436 2784 2498 partem
2812 2431 3197 2487 transcribere
3220 2433 3369 2502 quod
3401 2435 3857 2502 supradictarum

2220 2519 2595 2588 partitionum
2623 2519 2894 2576 elenchus
2924 2522 3056 2591 erit,
3085 2528 3140 2576 et
3170 2521 3545 2578 breviarium.

2293 2627 2320 2657 α
2353 2608 2432 2662 Ex
2452 2607 2742 2676 instituto,
2763 2609 2975 2680 inquit,
2999 2624 3176 2680 pauca
3193 2611 3262 2666 de
3284 2625 3458 2666 sacrae
3477 2611 3650 2667 Urbis
3675 2614 3864 2683 regio-

2220 2695 2394 2752 nibus
2417 2696 2857 2766 explicabimus.
2892 2699 3214 2756 Gentilium
3248 2701 3632 2757 Romanorum
3666 2702 3867 2758 Urbem

2220 2784 2290 2839 ab
2320 2783 2581 2857 Augusto
2605 2786 2820 2842 Ctesare
2853 2787 2912 2842 in
2936 2788 3199 2858 regiones
3223 2791 3658 2860 quatuordecim
3692 2790 3873 2847 fuisse

2218 2873 2484 2945 divisam,
2521 2875 2691 2930 refert
2719 2875 3030 2932 Suetonius
3063 2890 3185 2948 cap.
3228 2877 3317 2934 30.
3361 2880 3624 2935 Eamdem
3657 2881 3719 2935 in
3759 2883 3874 2936 Ne—

2143 2987 2191 3049 c
2222 2962 2463 3018 roniano
2492 2963 2758 3018 incendio
2791 2965 2991 3034 majori
3014 2980 3082 3021 ex
3114 2972 3270 3036 parte
3291 2968 3506 3023 arsisse
3534 2967 3875 3024 scribitTa-

2221 3051 2375 3106 citus
2418 3051 2510 3106 his
2560 3051 2792 3108 verbis:
2824 3055 2886 3108 In
2931 3055 3192 3126 regiones
3230 3057 3660 3126 quatuordecim
3700 3059 3874 3114 Roma

2222 3140 2529 3211 dividitur,
2564 3156 2804 3211 quarum
2828 3149 3076 3214 quatuor
3108 3145 3343 3217 integrae
3385 3147 3730 3217 manebant;
3762 3155 3876 3204 tres

2226 3228 2348 3285 solo
2379 3236 2547 3285 tenus
2571 3231 2836 3300 dejectaa:
2867 3240 3079 3302 septem
3113 3234 3358 3304 reliquis
3390 3249 3568 3304 pauca
3594 3242 3873 3292 tectorum

2225 3319 2467 3390 vestigia
2521 3326 2876 3390 supererant,
2927 3313 3113 3378 lacera
3160 3329 3217 3379 et
3271 3325 3564 3380 semiusta.
3621 3327 3691 3381 Et
3744 3327 3875 3382 licet

2226 3407 2477 3462 eamdem
2509 3408 2730 3465 decimo
2781 3411 3024 3466 Neronis
3062 3425 3211 3467 anno
3266 3414 3390 3468 suis
3434 3417 3821 3471 resurrexisse
3847 3430 3874 3470 e

2229 3495 2475 3553 ﬂammis
2510 3497 2777 3554 historici
2811 3506 3111 3570 testentur,
3147 3502 3536 3559 nihilominus
3565 3506 3875 3575 scriptores

2231 3587 2379 3642 sacri
2409 3587 2478 3642 de
2521 3593 2733 3657 septem
2786 3589 3121 3660 regionibus
3166 3597 3386 3647 tantum
3433 3593 3602 3648 verba
3633 3593 3871 3663 faciunt,

2231 3675 2381 3746 quod
2413 3675 2637 3731 duabus
2668 3674 2861 3734 forsan
2891 3679 3066 3734 simul
3089 3680 3332 3751 junctis,
3376 3695 3475 3752 per
3501 3681 3602 3737 has
3631 3696 3664 3736 a
3696 3684 3876 3739 mini-

2232 3765 2372 3821 stris
2392 3765 2658 3821 Ecclesiae
2683 3767 2947 3822 Romanae
2967 3781 3071 3824 sua
3090 3770 3284 3825 munia
3303 3772 3555 3827 exerceri
3581 3773 3876 3842 pontiﬁces

2231 3853 2606 3923 decreverint,
2642 3860 2706 3911 ut
2733 3855 2882 3911 infra
2912 3856 3191 3913 dicemus.
3235 3861 3344 3914 Has
3369 3860 3454 3915 sic
3478 3860 3549 3916 ab
3574 3861 3875 3917 Anastasio

2231 3943 2676 4000 Bibliothecario
2700 3946 3010 4002 recensitas
3035 3947 3379 4006 invenimus.

2305 4054 2331 4086 α
2366 4033 2543 4105 Regio
2575 4035 3024 4092 lAventinensis
3064 4037 3125 4092 in
3166 4039 3422 4111 Eugenio
3447 4041 3467 4095 Ι
3495 4040 3784 4111 pontiﬁce,
3825 4048 3879 4096 et

2235 4121 2295 4177 in
2315 4123 2616 4192 Simplicio
2649 4125 2685 4178 l.

2309 4231 2335 4263 α
2368 4213 2543 4284 Regio
2574 4215 2622 4267 II
2648 4213 2705 4267 in
2733 4227 2847 4284 qua
2889 4215 2992 4271 Via
3037 4217 3386 4273 Mamurtina
3433 4219 3492 4273 in
3523 4218 3831 4276 Anastasio
3859 4223 3879 4275 Ι

2237 4301 2504 4370 pontiﬁce
2530 4319 2542 4355 :
2565 4307 2621 4356 et
2643 4301 2909 4360 diacouia
2939 4304 2994 4360 S.
3027 4305 3259 4376 Georgii
3293 4307 3362 4361 ad
3389 4306 3587 4363 Velum
3617 4322 3878 4379 aureum,

2238 4389 2297 4444 in
2327 4390 2633 4445 Zaccharia
2662 4393 2703 4446 Ι.

2310 4499 2335 4530 α
2369 4479 2543 4550 Regio
2571 4481 2638 4535 [Ii
2662 4485 2894 4538 notatur
2918 4481 2975 4536 in
3006 4482 3307 4552 Simplicio
3337 4486 3378 4540 Ι.
3417 4486 3478 4540 In
3522 4484 3627 4541 hac
3658 4487 3770 4543 sita
3798 4496 3883 4544 est

2236 4565 2478 4623 basilica
2501 4569 2554 4623 S.
2577 4570 2891 4639 Laurentii,
2919 4571 2977 4626 in
2994 4573 3279 4642 Stephano
3304 4575 3393 4630 Ill.
3418 4576 3652 4632 Titulus
3675 4577 3730 4632 S.
3753 4577 3883 4632 Cle-

2240 4657 2468 4728 mentis,
2503 4657 2734 4728 ibidem,
2764 4664 2820 4714 et
2851 4659 2911 4714 in
2940 4660 3192 4718 Adriano
3236 4663 3274 4716 ι.

2312 4765 2338 4796 ‹‹
2370 4746 2544 4817 Regio
2573 4749 2643 4802 IV
2675 4727 2734 4801 in
2767 4761 2878 4817 qua
2904 4763 2972 4804 ex
3003 4755 3162 4820 patre
3190 4751 3387 4823 Sergio
3418 4757 3590 4808 natus
3613 4752 3726 4809 fuit
3749 4754 3883 4808 Ser—
3947 4727 3962 4740 ⁸

2239 4833 2370 4907 gius
2390 4836 2436 4889 ll
2467 4834 2741 4904 pontifex.
3142 4852 3150 4861 ·

2312 4943 2338 4974 ((
2366 4924 2538 4994 Regio
2569 4927 2632 4994 V,
2655 4926 2870 4981 Tauma
2904 4926 3087 4998 Caput
3114 4929 3310 4999 Tauri,
3341 4929 3398 4984 in
3431 4929 3753 4987 Alexandro
3778 4933 3800 4986 Ι
3829 4938 3886 4986 et

2241 5013 2541 5069 Anastasio
2569 5016 2635 5069 ll.

2317 5123 2343 5156 ‹‹
2373 5103 2544 5174 Regio
2589 5104 2656 5158 VI
2701 5102 2758 5158 in
2797 5104 3098 5175 Simplicio
3156 5119 3320 5177 papa.
3381 5110 3441 5163 In
3485 5121 3550 5164 ea
3614 5109 3882 5179 templum

2241 5193 2298 5250 S.
2331 5193 2604 5258 Martium,
2649 5197 2707 5247 et
2735 5206 2903 5249 arcus
2932 5195 3324 5267 Triumphalis
3352 5198 3619 5268 Septimii
3647 5199 3882 5268 Severii,

2242 5288 2304 5338 ut
2331 5283 2389 5339 in
2419 5283 2580 5338 Actis
2602 5281 2770 5338 dictae
2795 5291 3022 5339 sanctaz.

2311 5393 2337 5425 ‹‹
2370 5373 2544 5445 Regio
2571 5373 2663 5428 VII
2696 5375 2752 5428 in
2784 5374 3000 5429 eodem.

2315 5485 2340 5517 ‹‹
2401 5465 2462 5518 1n
2517 5463 2620 5519 has
2668 5463 2848 5536 igitur
2899 5463 3180 5536 regiones,
3233 5468 3506 5537 tanquam
3556 5468 3616 5524 in
3671 5471 3884 5540 majora

2238 5553 2504 5622 membra,
2543 5553 2837 5622 pontiﬁces
2868 5551 3087 5622 urbem,
3122 5555 3178 5608 ni
3205 5553 3484 5626 fallimur,
3519 5559 3883 5615 diviserunt;
