4032 6168
263 198 361 260 373

1561 197 1652 253 DE
1689 193 2101 252 REGIONIBUS
2137 195 2354 252 URBIS.

3559 191 3666 250 374

252 347 304 398 et
328 341 547 412 cuique
569 341 789 410 regioni
821 340 1056 412 notarii,
1085 338 1451 406 subdiaconi,
1478 338 1732 408 diaconi,
1765 351 1896 407 pre-
1924 315 1984 376 Α
2096 317 2420 412 Εηεέξὶοῗιίί]
2446 320 2592 412 θείη
2621 320 2841 412 θδίδίίῑίθ
2873 334 2985 377 una
3007 334 3135 376 cum
3157 319 3424 412 d_i3001_1i1_1
3447 331 3661 412 ειιιπῖει-

249 431 490 500 sbyteri,
522 432 623 501 qui
668 431 785 487 alio
818 431 1050 488 nomine
1089 435 1368 488 vocantur
1395 429 1668 500 episcopi,
1711 433 1766 483 et
1795 429 1900 483 de-

255 518 511 575 [ensores
541 519 797 575 ordinati
831 525 986 576 sunt.
1014 539 1041 570 ››

319 609 420 662 His
455 609 538 664 ita
569 622 638 664 ex
669 609 998 665 Martinello
1027 622 1094 664 ac
1136 608 1390 665 Nardino
1421 606 1758 669 observatis,
1794 605 1901 661 ob—

250 712 416 754 scura
465 712 593 754 esse
647 711 758 754 non
806 702 992 768 potest
1039 698 1326 769 regionem
1380 697 1898 752 ecclesiasticarum

255 788 511 858 partitio,
554 801 681 857 quae
721 787 802 842 ad.
834 787 1245 843 illustrandum
1285 785 1654 842 Anastasium
1699 785 1901 840 debuit

253 878 545 948 pramitti.
569 876 781 932 Subdit
805 878 1095 932 Nardinus
1123 877 1181 931 in
1217 876 1325 931 line
1350 876 1562 944 capitis
1585 876 1774 944 quarti
1805 887 1899 928 re-

247 968 522 1039 gionibus
540 967 974 1038 quatuordecim
997 967 1054 1021 in
1069 966 1216 1020 Urbe
1230 965 1724 1036 nuncvigentibus
1746 962 1896 1018 nihil

244 1070 362 1111 esse
394 1070 702 1112 commune
731 1071 861 1112 cum
891 1056 1127 1111 totidem
1149 1054 1220 1110 ab
1246 1055 1508 1126 Augusto
1524 1052 1893 1110 constitutis:

243 1153 294 1201 et
315 1152 577 1201 recentes
609 1147 713 1201 has
746 1145 949 1201 referri
973 1149 1236 1215 oportere
1265 1145 1333 1199 ad
1369 1157 1432 1200 ea
1467 1143 1716 1199 infausta
1749 1147 1896 1197 tem-

247 1250 399 1306 pora.
429 1235 650 1305 quibus
666 1237 958 1291 Romanus
983 1235 1230 1305 populus
1254 1232 1625 1290 factiosorum
1649 1232 1891 1300 ambitu,

241 1339 299 1378 ac
327 1325 722 1394 perduellium
748 1326 1003 1380 tumultu
1033 1325 1320 1379 excitatus
1347 1323 1670 1392 legitimum
1698 1321 1896 1391 ponti-

241 1414 364 1469 ﬁcis
399 1414 643 1469 maximi
671 1415 1031 1469 dominatum
1064 1418 1346 1483 excutere,
1383 1417 1436 1468 et
1469 1411 1772 1467 consulare
1802 1423 1898 1464 no-

243 1517 386 1570 men,
421 1516 487 1559 ac
523 1504 880 1559 senatorium
914 1502 1181 1558 invehere
1201 1516 1328 1558 cum
1353 1501 1594 1572 quadam
1626 1497 1900 1568 reipubli-

2011 407 2167 464 dicta
2197 410 2450 466 Thermas
2465 409 2886 479 Alexandrinae,
2906 414 2963 465 et
2992 409 3308 466 oratorium
3325 408 3657 479 Salvatoris,

2013 513 2138 569 qua:
2181 500 2373 555 omnia
2406 499 2691 570 hodieque
2723 503 3052 569 supersunt.

2081 587 2227 642 Illud
2263 602 2492 658 quoque
2528 603 2595 644 ex
2627 589 2950 645 Marti'iello
2982 587 3288 644 tenendum
3329 591 3434 646 est.
3468 585 3661 656 regio-

2013 689 2110 731 nes
2139 677 2256 731 dici
2295 678 2486 733 minus
2517 679 2748 748 proprie
2773 679 2921 747 apud
2954 677 3376 733 ecclesiasticos
3400 680 3664 730 auctores

2010 765 2180 821 etiam
2229 767 2451 822 minora
2494 767 2665 822 Urbis
2713 767 2984 836 membra,
3019 782 3118 823 seu
3158 768 3334 834 vicos,
3381 765 3520 821 olim
3552 778 3662 833 ap-

2012 855 2250 924 pellatos
2295 857 2366 912 ab
2392 858 2718 913 eorumdem
2770 863 2923 926 parte
2974 856 3307 920 insigniori,
3345 861 3407 911 ut
3435 855 3660 910 AVEN-

2005 945 2334 1015 TINENSIS,
2415 946 2638 1002 COELII
2709 946 2994 1015 MONTIS,
3066 943 3438 1015 FELLONIA,
3498 945 3658 1013 PIRI,

2007 1033 2168 1089 VIAE
2229 1035 2466 1105 LATAE,
2529 1035 2931 1103 MERULANA,
2998 1034 3311 1102 PATRICII,
3371 1037 3428 1088 et
3485 1034 3661 1089 POR-

2005 1123 2144 1179 TAE
2170 1125 2452 1180 METODII
2479 1144 2490 1179 :
2539 1125 2627 1180 vel
2655 1124 2724 1180 ab
2755 1124 2953 1195 aliquo
2983 1125 3236 1194 ejusdem
3267 1123 3381 1178 vici
3413 1123 3659 1179 aediﬁcio

2008 1213 2247 1285 insigni,
2306 1220 2369 1269 ut
2419 1214 2761 1283 COLOSSEI,
2815 1212 3285 1281 NAVMACHIAE,
3344 1212 3437 1267 AD
3483 1212 3659 1268 DVOS

2004 1303 2442 1372 ADAMANTES,
2500 1303 2718 1359 CAPVT
2773 1303 3002 1358 TAVRI.
3061 1302 3366 1372 THAVMA,
3421 1307 3476 1358 et
3528 1303 3658 1359 OR-

2002 1393 2174 1463 TAE;
2225 1393 2476 1463 itemque
2525 1393 2872 1448 GALLINAE
2916 1391 3158 1448 ALBAE.
3210 1392 3535 1462 Aliquando
3586 1393 3657 1448 ab

2005 1481 2268 1536 ecclesiis
2322 1481 2380 1536 in
2441 1482 2566 1538 vico
2626 1482 2760 1537 sitis
2822 1482 2979 1554 regio
3038 1495 3239 1538 nomen
3297 1483 3536 1552 accepit,
3595 1487 3659 1538 ut

238 1606 312 1648 ca:
336 1593 646 1662 popularis
665 1592 854 1662 specie
877 1592 1137 1647 tentavit.
1170 1571 1604 1646 Fueritnecnon
1624 1587 1892 1642 recentio-

2007 1571 2059 1626 S.
2094 1571 2464 1642 THEODORI,
2498 1573 2552 1627 S.
2585 1572 2894 1627 ADRIANI.
2941 1573 3186 1627 Tandem
3219 1572 3507 1642 regionem
3556 1572 3659 1627 BI—

241 1640 366 1739 τιιιιῖ
418 1640 1030 1754 iegiii'u'ri'iio'c'i?
1043 1640 1890 1749 557;.."igagiii'iterans,
1929 1640 1978 1700 Β
2007 1659 2397 1754 ΒρΒΕΤΙβΑΜ
2428 1640 2704 1732 repertam
2735 1675 2765 1714 ει
2797 1675 2856 1754 ξε
2887 1640 3440 1754 (ἥρ-ἰείη-ίιιιοὶὶεάιηςιΔ
3466 1661 3658 1730 epita-

240 1786 434 1843 parum
471 1770 648 1827 refert
668 1771 734 1826 ad
762 1770 1052 1826 Anastasii
1079 1776 1294 1826 textum
1329 1769 1756 1839 explicandum,
1791 1768 1890 1838 qui

241 1863 416 1918 multo
459 1867 595 1916 ante
624 1860 967 1917 absolvitur.
1021 1858 1272 1916 lleticere
1305 1866 1491 1914 tamen
1532 1869 1643 1914 non
1691 1856 1888 1928 debeo,

239 1951 674 2022 quatuordecim
712 1951 1009 2021 regionum
1049 1949 1315 2005 civilium
1357 1961 1680 2016 numerum,
1711 1951 1768 2001 et
1802 1946 1894 2002 si-

241 2047 354 2094 tum
383 2039 698 2094 undecimo
719 2039 892 2094 etiam
919 2038 1133 2094 Christi
1160 2035 1368 2092 saeculo
1393 2041 1814 2105 prmservatum,
1838 2041 1894 2091 et

238 2130 528 2201 signatum
571 2128 629 2182 in
679 2128 840 2183 Actis
881 2127 1155 2197 publicis.
1212 2128 1351 2181 Nam
1391 2126 1541 2180 inter
1567 2131 1768 2180 caetera
1797 2125 1894 2181 do-

238 2224 500 2274 cumenta
530 2217 749 2288 legitur
778 2216 877 2272 fol.
909 2214 1016 2272 539
1047 2217 1106 2271 in
1143 2222 1362 2288 regesto
1387 2213 1624 2270 Archivi
1650 2211 1892 2268 Far-fen-

239 2307 339 2375 sis,
366 2321 517 2377 sazpe
554 2311 862 2361 memorato
896 2307 955 2360 in
988 2306 1142 2361 notis
1187 2305 1256 2360 ad
1303 2303 1582 2374 opuscula
1621 2317 1727 2372 xu,
1759 2315 1884 2368 xm,

240 2411 346 2458 xiv,
363 2397 609 2452 traditio
622 2397 919 2451 domorum
942 2394 1422 2464 publicistabulis
1443 2398 1668 2464 peracta
1688 2406 1720 2447 a
1737 2391 1889 2447 clero

240 2487 516 2542 diaconiae
538 2486 724 2541 sancti
754 2484 1046 2540 Eustachii
1071 2498 1221 2540 anno
1243 2485 1440 2550 Quinto
1461 2483 1740 2538 Benedicti
1759 2480 1889 2551 (VII)

237 2579 426 2629 summi
456 2579 760 2646 pontiﬁcis,
811 2576 1036 2629 Henrici
1063 2589 1196 2629 vero
1233 2573 1318 2644 (II)
1348 2575 1691 2642 imperatoris
1732 2573 1887 2624 tertio

236 2682 326 2735 per
351 2666 704 2720 z’ndictionem
730 2681 821 2735 xv,
854 2680 1032 2718 mense
1073 2665 1332 2719 Januarii
1357 2660 1427 2717 Q3
1471 2661 1598 2733 (hoc
1623 2666 1708 2716 est
1737 2672 1888 2716 anno

237 2754 443 2809 Christi
480 2751 662 2824 4017),
707 2769 834 2825 quae.
871 2755 1077 2809 domus
1121 2753 1456 2809 indicantur
1476 2753 1670 2820 positae
1710 2752 1888 2804 Romae

238 2846 448 2911 regione
473 2860 621 2897 nona
651 2846 712 2896 in
755 2845 1060 2899 scorticlari
1089 2846 1233 2897 inter
1268 2843 1522 2896 Thermas
1551 2841 1888 2894 Alexandri-

235 2948 348 2999 nas,
376 2938 425 2985 et
455 2936 602 2986 inter
633 2933 726 2986 hos
751 2937 903 3002 ﬁnes,
947 2933 1014 2986 ab
1041 2948 1147 2986 uno
1193 2933 1358 2985 latere
1394 2935 1660 2985 tenentem
1706 2930 1886 2983 Bene-

2006 1749 2143 1819 pbio
2191 1751 2506 1806 etiamnum
2568 1749 2878 1820 superstite
2928 1749 2998 1804 ad
3038 1749 3092 1804 S.
3151 1749 3444 1804 Laurentii
3499 1754 3657 1804 extra

2005 1853 2218 1908 muros,
2255 1839 2322 1894 ad
2359 1853 2528 1910 quam
2566 1839 2852 1909 regionem
2885 1837 3087 1894 referri
3117 1839 3200 1894 ait
3242 1838 3653 1894 monasterium

2001 1929 2056 1984 S.
2088 1928 2327 1983 Andreae
2359 1933 2512 1983 retro
2544 1926 2842 1983 basilicam
2882 1927 3185 1982 duodecim
3226 1925 3652 1996 Apostolorum.

2002 2018 2156 2073 Hanc
2195 2017 2409 2087 pariter
2435 2017 2746 2088 regionem,
2777 2016 2946 2072 hodie
2976 2009 3190 2072 dictam
3214 2018 3483 2072 Montium
3509 2029 3542 2071 a
3567 2017 3658 2071 Vi-

1999 2110 2153 2162 vario
2179 2107 2528 2178 appellatum
2558 2111 2713 2178 puto,
2745 2106 2962 2176 insigni
2984 2105 3249 2174 aediﬁcio,
3273 2109 3329 2160 et
3358 2109 3516 2174 parte
3540 2106 3656 2159 Ca-

2000 2200 2103 2252 stri
2130 2199 2401 2252 Praetorii.
2437 2199 2576 2252 Nam
2602 2210 2634 2252 a
2667 2195 2874 2267 quinto
2900 2201 2955 2250 et
2980 2200 3140 2250 sexto
3167 2193 3377 2249 saeculo
3403 2197 3653 2248 centena:

2004 2286 2434 2356 inscriptiones,
2479 2291 2535 2341 et
2575 2285 2914 2340 membranae
2958 2289 3210 2339 veterum
3255 2282 3519 2337 codicum
3550 2294 3654 2337 nos

1997 2375 2220 2440 docent,
2281 2375 2662 2444 perscriptum
2714 2372 2896 2429 fuisse
2947 2371 3277 2427 BIBARIVM
3322 2370 3472 2441 quod
3532 2376 3655 2426 erat

1999 2464 2332 2520 VIVARIVM
2362 2463 2876 2534 pronuntiandum,
2903 2476 2934 2517 a
2965 2461 3173 2517 Gothis
3198 2465 3468 2529 corrupta
3493 2473 3648 2529 voce,

1999 2567 2111 2609 non
2143 2568 2306 2610 secus
2326 2558 2498 2624 atque
2528 2553 2584 2608 in
2609 2552 2885 2622 Hispania
2906 2551 3325 2622 przestiterunt.
3357 2549 3436 2604 Ne
3464 2549 3649 2620 igitur

1998 2646 2082 2697 tot
2135 2644 2366 2698 nomina
2419 2643 2673 2712 ejusdem
2729 2642 2985 2714 regionis
3044 2639 3354 2710 implexum
3411 2639 3650 2694 reddant

1994 2730 2287 2787 Anastasii
2320 2738 2558 2802 textum,
2596 2731 2713 2788 haec
2753 2731 3011 2788 addenda
3043 2729 3377 2786 censuimus
3403 2742 3471 2784 ex
3511 2727 3647 2784 lau-

1995 2820 2149 2875 datis
2189 2821 2526 2877 auctoribus
2569 2820 2818 2876 breviter
2847 2820 3202 2890 colligentes,
3239 2832 3338 2889 per
3369 2817 3646 2874 hactenus

1994 2911 2269 2967 deductas
2300 2910 2724 2967 observationes
2758 2909 2834 2965 ita
2872 2908 3088 2979 pariari
3121 2912 3335 2977 septem
3365 2906 3645 2963 ecclesia—

235 2989 430 3075 dictum
461 2989 867 3090 presbyterum,
892 2989 1011 3092 'qui
1048 3026 1127 3076 est
1170 3021 1335 3089 hujus
1383 3025 1581 3075 nostra:
1618 3020 1882 3073 diaconiae
1911 2989 1960 3051 Ο
1993 2998 2170 3092 δμῑίθξὶε
2198 2999 2458 3092 regiorjes
2477 3013 2605 3055 cum
2633 2998 2725 3092 b_i5
2741 2997 2992 3069 septenis
3008 2997 3079 3092 ἓξ)
3095 2995 3355 3092 ᾼξιὲυ-δίο
3379 2996 3644 3092 ἀθδίὲηα·

237 3113 403 3164 sancti
441 3111 748 3173 Eustachii,
781 3116 830 3166 et
877 3113 1174 3165 oratorium
1202 3111 1525 3181 Saluatoris,
1561 3115 1669 3165 etc.
1706 3109 1879 3180 Regio

243 3200 414 3270 igitur
466 3214 613 3256 nona
676 3207 816 3256 tunc
863 3200 1203 3272 signabatur
1256 3201 1406 3271 [quae
1455 3213 1608 3255 nunc
1659 3197 1882 3254 dicitur

405 3344 638 3400 Nomina
668 3343 1158 3398 ecclesiasticarum
1187 3345 1469 3411 regionum
1515 3342 1696 3397 Urbis.

759 3523 1210 3596 RegiOprima.
1289 3566 1302 3577 .
1387 3565 1399 3577 .
1482 3565 1493 3576 .
1576 3565 1588 3577 .
1671 3564 1684 3576 .
1765 3563 1777 3575 .
1860 3562 1873 3576 .

760 3702 937 3775 Regio
967 3705 1218 3760 secunda
1297 3745 1308 3757 .
1393 3745 1406 3756 .
1486 3745 1500 3762 .
1581 3745 1593 3757 .
1666 3745 1677 3757 .
1763 3744 1774 3755 .
1861 3741 1876 3756 .

761 3881 1205 3954 Regiotertia.
1288 3923 1298 3935 .
1382 3924 1394 3935 .
1475 3923 1485 3936 .
1570 3923 1582 3935 .
1668 3922 1680 3934 .
1761 3922 1772 3934 .
1857 3921 1870 3932 .

757 4044 932 4116 Regio
963 4050 1187 4115 quarta.
1287 4088 1296 4096 .
1384 4086 1396 4097 .
1477 4083 1488 4096 .
1574 4085 1585 4096 .
1667 4084 1678 4097 .
1758 4081 1771 4096 .
1852 4081 1865 4095 .

756 4206 933 4278 Regio
965 4206 1187 4277 quinta.
1281 4246 1292 4258 .
1374 4247 1386 4260 .
1473 4248 1484 4258 .
1566 4247 1577 4258 .
1664 4248 1676 4259 .
1759 4246 1770 4258 .
1851 4247 1865 4260 .

750 4386 926 4458 Regio
954 4393 1112 4444 sexta

752 4565 928 4638 Regio
957 4568 1199 4638 septima

1991 3089 2069 3145 tis
2101 3088 2161 3144 in
2193 3087 2333 3145 urbe
2364 3089 2557 3160 Roma,
2590 3089 2677 3144 uti
2709 3101 2954 3159 sequens
2983 3085 3194 3143 tabella
3239 3086 3421 3142 docet.

2129 3305 2389 3372 Regiones
2410 3300 2652 3369 Augusti
2672 3303 2873 3354 veteres
2895 3298 3094 3353 eisdem
3115 3298 3494 3354 ecclesiasticis

2618 3371 3024 3441 respondentes.

1985 3500 2163 3572 Regio
2201 3501 2242 3555 Ι.
2390 3501 2555 3554 Porta
2596 3496 2816 3566 Capena

1987 3590 2164 3661 Regio
2201 3588 2347 3644 XIII.
2391 3587 2698 3640 Aventinus

1985 3680 2162 3751 Regio
2201 3681 2268 3734 II.
2395 3675 2525 3730 σωιί
2551 3675 2816 3728 montium

1984 3769 2163 3840 Regio
2201 3768 2344 3824 VIII.
2391 3767 2589 3820 Forum
2617 3766 2920 3819 Romanum

1985 3857 2161 3928 Regio
2199 3857 2296 3911 XI.
2393 3853 2579 3908 Circus
2606 3854 2881 3906 Maximus

1982 3945 2159 4017 Regio
2197 3946 2288 3999 Ill.
2389 3944 2493 3997 Isis
2520 3945 2572 3996 et
2601 3941 2822 4010 Serapis

1980 4035 2157 4105 Regio
2195 4035 2259 4088 V.
2387 4031 2686 4100 Esquilina

1979 4123 2156 4195 Regio
2192 4123 2305 4177 IIII.
2395 4123 2503 4176 Via
2530 4119 2702 4174 Sacra

1978 4212 2154 4282 Regio
2184 4211 2278 4266 VI.
2381 4209 2517 4264 Alta
2546 4211 2738 4264 semita

1979 4301 2155 4373 Regio
2192 4301 2245 4355 X
2375 4300 2652 4355 Palatium

1978 4390 2154 4460 Regio
2191 4389 2316 4443 XII.
2378 4391 2593 4444 Piscina
2616 4388 2841 4458 publica

1978 4478 2153 4545 Regio
2191 4480 2362 4533 XIIII.
2383 4479 2774 4532 Transtiberim

1979 4566 2154 4638 Regio
2191 4566 2306 4621 Vll.
2392 4568 2497 4622 Via
2522 4567 2662 4620 Lata

1977 4657 2154 4729 Regio
2191 4657 2353 4712 VIIII.
2389 4657 2575 4713 Circus
2603 4657 2906 4712 Flaminius
