4032 6168
431 132 542 194 375

1235 147 1328 203 ΑΙ)
1362 148 1800 214 ANASTASIUM
1835 159 2347 228 PROLEGOMENA
2384 172 2561 232 EDIT.
2603 176 3038 244 ROM.-VATIC.

3730 157 3930 260 376V

449 271 3792 357 ﬁ“

1170 409 1282 472 EN
1288 411 1727 480 UMERATIO
1777 422 1883 484 AC
1925 423 2420 497 DESCRIPTIO
2461 437 3099 516 TOPOGRAPHICA

656 580 1623 721 C(EMETEBIORUM
1700 603 1857 725 SS.
1944 607 2628 742 MARTYRUM
2723 628 3105 755 ΡΒΟΡΕ
3183 639 3602 760 URBEM

1963 829 2312 885 DESUMPTA

1136 939 1253 1006 Ea;
1288 943 1614 1015 Historia
1639 950 2273 1029 Malmesbwiensis
2310 966 2496 1034 circa
2522 968 2730 1049 ﬁnem
2755 975 2990 1042 saeculi
3020 994 3116 1042 x1.

1919 1132 2326 1155 —_——

503 1235 838 1298 Willelmus
863 1244 1393 1335 bialmesburiensis
1421 1255 1491 1312 de
1520 1259 1698 1329 gestis
1728 1276 1923 1335 regum
1951 1265 2077 1323 An-

433 1324 660 1417 glorum
689 1342 865 1402 agens
889 1332 1040 1390 libro
1064 1351 1141 1406 1v,
1175 1339 1271 1395 ubi
1301 1324 1672 1417 prosequitur
1695 1324 1831 1408 Acta
1854 1355 2078 1412 Willel—

434 1414 511 1468 mi
540 1429 580 1470 ιι
610 1419 781 1490 regis,
804 1421 958 1479 circa
981 1437 1194 1484 annum
1217 1427 1373 1499 4096,
1394 1414 1523 1492 cum
1546 1437 1775 1496 Romam
1807 1445 2080 1512 perducat

431 1605 824 1665 comparantes
851 1614 949 1671 per
971 1604 1276 1678 religionis
1291 1610 1500 1684 ofﬁcia,
1529 1629 1710 1689 eoque
1739 1622 1966 1679 nomine
1995 1637 2078 1680 sa-

425 1695 578 1738 cram
613 1689 1129 1760 peregrinationem
1159 1700 1543 1770 suscipientes
1567 1706 1634 1760 ad
1668 1711 1925 1767 omnium
1964 1713 2080 1768 Ec-

423 1771 730 1830 clesiarum
749 1784 1006 1854 matrem,
1026 1796 1089 1838 ac
1113 1788 1466 1863 magistram,
1483 1798 1548 1849 ut
1565 1802 1876 1868 martyrum
1893 1808 2076 1860 cmtus

425 1863 677 1932 positum
707 1868 1094 1937 apostolorum
1119 1876 1454 1952 principem,
1475 1887 1532 1938 et
1554 1863 1866 1958 martyrum
1894 1897 2077 1949 coetus

425 1951 760 2012 innumeros
802 1968 1228 2034 venerarentur,
1275 1951 1578 2038 praemittit
1627 1951 2072 2050 descriptionem

415 2043 896 2117 cmmeteriorum,
927 2048 987 2104 in
1012 2052 1229 2121 quibus
1255 2061 1528 2117 memoria
1551 2043 1877 2124 eorumdein
1919 2085 2079 2128 mar-

420 2133 609 2199 tyrum
675 2132 1078 2225 celebraretur,
1099 2156 1166 2199 ex
1198 2160 1311 2216 quo
1355 2149 1568 2206 ibidem
1613 2156 1824 2225 sepulti
1873 2173 2077 2218 nomen

420 2219 625 2276 iisdem
650 2224 833 2280 sacris
866 2231 1101 2298 cryptis.
1145 2239 1201 2290 et
1225 2251 1400 2307 supra
1428 2239 1558 2298 illas
1588 2219 1846 2303 fundatis
1885 2249 2077 2306 eccle-

417 2308 546 2380 siis,
568 2313 688 2369 sive
708 2317 996 2388 oratoriis,
1020 2321 1318 2381 dederunt.
1346 2329 1407 2382 In
1429 2334 1768 2398 praecedenti
1794 2340 2074 2405 Opusculo

420 2401 671 2471 septimi,
701 2405 786 2460 vel
813 2409 997 2463 octavi
1018 2411 1213 2467 saeculi
1241 2414 1490 2475 delibata
1523 2433 1585 2476 ea
1605 2401 2072 2485 tantum-fuerant

408 2757 486 2814 sii
519 2758 680 2816 Vitas
702 2760 1099 2836 illustrandas,
1134 2768 1192 2824 in
1225 2771 1442 2841 quibus
1473 2780 1775 2850 utramque
1796 2784 2062 2853 paginam

411 2846 742 2919 frequenter
761 2852 1000 2923 implent
1021 2856 1299 2916 iudicatio
1316 2846 1908 2942 cmmeteriorum,-ub'i
1932 2889 2067 2946 pon-

411 2937 594 2995 tiﬁces
641 2942 1084 3018 sepeliebantur,
1117 2954 1174 3004 et
1218 2954 1627 3028 reparationes,
1673 2973 1738 3016 ac
1767 2937 2006 3020 donaria
2031 2979 2065 3023 a

411 3302 705 3366 portarum
735 3299 905 3357 Urbis
925 3315 991 3358 ac
1020 3303 1242 3362 viarum
1272 3313 1530 3378 procedit
1563 3317 1734 3373 etiam
1757 3320 2060 3380 Villelmus

408 3385 518 3441 iste
549 3387 607 3442 in
639 3402 744 3445 suo
769 3390 1109 3448 ltinerario:
1141 3396 1237 3452 cui
1270 3399 1443 3456 nullae
1478 3409 1885 3474 propemodum
1912 3421 2058 3468 notae

403 3476 470 3531 ad
482 3475 743 3533 hibenda:
764 3486 938 3549 sunt;
970 3495 1100 3538 cum
1132 3488 1432 3557 perspicue
1457 3494 1601 3549 satis
1625 3504 1869 3565 exponat
1888 3505 1944 3556 et
1973 3515 2060 3560 or-

403 3564 600 3621 dinate
629 3569 970 3625 sententiam
1001 3585 1183 3629 suam.
1218 3575 1404 3645 Quare
1431 3579 1597 3639 illius
1623 3564 1791 3642 verba
1813 3593 2060 3648 tantum-

408 3655 572 3710 modo
622 3658 1055 3716 transcribenda
1090 3666 1287 3722 curavi
1333 3682 1401 3723 ex
1449 3669 1590 3729 folio
1631 3671 1733 3730 434
1778 3678 2057 3738 editionis

403 3741 900 3802 Francofurtensis
947 3761 1097 3805 anno
1137 3749 1268 3808 4601
1320 3755 1629 3827 impressae.
1678 3765 1806 3821 Haec
1865 3773 2054 3826 autem

406 3834 576 3886 sunt:

405 4187 666 4258 gnitione
691 4205 882 4252 rerum
927 4198 1114 4271 rejici,
1161 4202 1276 4258 erit
1325 4217 1511 4262 sermo
1557 4209 1956 4284 quotidianus,
1998 4218 2055 4271 et

405 4274 569 4333 levis.

480 4385 507 4418 α
551 4368 736 4426 Prima
762 4377 924 4442 porta
952 4374 1236 4444 Cornelia,
1268 4395 1394 4452 quae
1433 4386 1599 4443 modo
1627 4386 1849 4445 dicitur
1889 4396 2051 4462 porta

405 4455 591 4512 sancti
627 4458 795 4531 Petri,
829 4467 886 4519 et
939 4465 1032 4521 via
1076 4467 1357 4528 Cornelia.
1413 4473 1582 4532 Juxta
1633 4489 1756 4533 eam
1809 4455 2050 4539 ecclesia

403 4542 556 4602 beati
589 4547 738 4605 Petri
772 4552 884 4608 sita
922 4559 1029 4626 est,
1055 4555 1114 4612 in
1156 4573 1268 4630 qua
1318 4576 1527 4634 corpus
1555 4566 1680 4635 ejus
1703 4567 1872 4637 jacet,
1905 4584 2048 4628 auro

402 4640 457 4691 et
484 4644 737 4710 argento,
765 4646 822 4697 et
849 4643 1145 4714 lapidibus
1174 4657 1388 4724 parata,
1411 4660 1469 4709 et
1497 4655 1697 4714 nullus
1749 4657 2046 4716 hominum

405 4726 521 4782 scit
547 4741 846 4786 numerum
872 4741 1183 4805 martyrum
1210 4741 1308 4810 qui
1337 4742 1395 4798 in
1423 4745 1615 4800 eadem
1636 4747 1876 4804 ecclesia
1899 4763 2047 4820 pau-

402 4821 550 4874 sant.
581 4820 643 4874 In
696 4821 890 4878 eadem
938 4823 1032 4881 via
1074 4833 1162 4884 est
1198 4830 1437 4888 ecclesia
1483 4835 1681 4908 altera,
1725 4837 1784 4893 in
1811 4853 1921 4910 qua
1953 4853 2051 4895 re-

405 4908 712 4978 quiescunt
740 4921 948 4971 sancta:
971 4915 1224 4989 virgines
1244 4920 1447 4979 Ruﬁna
1467 4930 1523 4981 et
1544 4908 1914 4985 Secunda—In
1939 4935 2051 4988 ter-

403 4995 485 5051 tia
504 5005 641 5055 sunt
659 5001 898 5076 Marius,
920 5009 978 5062 et
1001 5008 1241 5081 Martha,
1263 5014 1318 5066 et
1335 5011 1584 5072 Audifax
1612 5023 1669 5073 et
1686 5017 1913 5076 Abacuc
1939 5020 2046 5077 ﬁlii

399 5097 598 5143 eorum

475 5195 502 5228 α
541 5175 799 5266 Secunda
827 5187 986 5250 porta
1015 5181 1326 5259 Flaminea,
1351 5204 1477 5259 quae
1507 5193 1673 5249 modo
1721 5196 2047 5266 appellatur

400 5266 585 5322 sancti
605 5264 916 5338 Valentini,
943 5275 1000 5326 et
1028 5273 1316 5331 Flaminea
1353 5278 1462 5349 via,
1490 5284 1547 5335 et
1592 5294 1720 5338 cum
1763 5264 1841 5341 ad
1895 5303 2042 5358 pon-

2103 1269 2162 1330 A
2191 1273 2469 1336 milliario
2499 1279 2642 1340 foris
2684 1290 2917 1346 sanctus
2962 1292 3301 1352 Valentinus
3329 1295 3388 1352 in
3447 1309 3549 1353 sua
3595 1296 3841 1354 ecclesia

2186 1367 2516 1437 requiescit.

2260 1475 2287 1507 α
2327 1458 2516 1517 Tertia
2543 1469 2706 1533 porta
2735 1468 3069 1528 Portiniana
3099 1471 3219 1544 [al.,
3266 1474 3628 1552 Porciniana]
3658 1482 3716 1533 et
3746 1478 3842 1534 via

2186 1544 2380 1635 eodem
2405 1552 2571 1608 modo
2591 1557 2894 1626 appellata,
2947 1562 3043 1616 sed
3093 1577 3223 1619 cum
3277 1565 3532 1635 pervenit
3567 1544 3637 1622 ad
3669 1567 3843 1622 Sala—

2186 1632 2354 1706 riam,
2386 1651 2586 1696 nomen
2620 1646 2828 1718 perdit,
2865 1655 2921 1704 et
2946 1650 3029 1706 ibi
3063 1666 3236 1722 prope
3267 1632 3325 1708 in
3354 1667 3421 1710 eo
3452 1653 3574 1711 loco
3601 1655 3704 1726 qui
3735 1655 3843 1711 di-

2184 1722 2342 1782 citur
2414 1728 2770 1805 Cucumeris,
2841 1740 3216 1809 requiescunt
3271 1747 3548 1813 martyres
3610 1745 3837 1812 Festus,

2182 1813 2444 1890 Joannes,
2479 1819 2778 1891 Liberalis,
2806 1826 3105 1900 Diagenes,
3141 1830 3389 1900 Blastus,
3427 1832 3659 1901 Lucina,
3691 1838 3748 1889 et
3772 1833 3836 1888 in

2183 1916 2299 1960 uno
2323 1909 2585 1978 sepulcro
2613 1909 2720 1970 240
2750 1915 2870 1986 [al.,
2898 1914 3025 1994 260]
3075 1924 3132 1976 et
3162 1921 3221 1976 in
3247 1921 3428 1978 altero
3456 1920 3543 1978 30.

2259 2011 2286 2045 α
2323 1994 2535 2064 Quarta
2581 2009 2759 2070 porta,
2807 2010 2864 2060 et
2894 2006 2985 2062 via
3009 2007 3250 2080 Salaria,
3277 2024 3404 2080 quae
3431 2010 3597 2067 modo
3646 2013 3836 2068 sancti

2182 2081 2444 2141 Silvestri
2473 2087 2710 2146 dicitur.
2746 2092 2829 2148 Ibi
2857 2095 3026 2164 juxta
3051 2097 3198 2153 viam
3221 2105 3453 2155 sanctus
3477 2101 3705 2156 Hermes
3735 2115 3833 2156 re-

2187 2172 2457 2247 quiescit,
2488 2183 2544 2234 et
2571 2187 2764 2238 sancta
2795 2185 3037 2255 Vasella,
3069 2192 3125 2242 et
3153 2189 3418 2259 Prothus,
3447 2190 3832 2260 etJacinctus,

2183 2262 2636 2338 Maximilianus,
2665 2271 3038 2345 Herculanus,
3065 2276 3335 2347 Crispus:
3362 2283 3418 2334 et
3448 2281 3506 2336 in
3534 2279 3715 2337 altero
3738 2280 3837 2336 Ιο-

2180 2364 2246 2406 co
2274 2367 2448 2424 prope
2477 2358 2848 2428 requiescunt
2866 2365 3048 2420 sancti
3078 2373 3353 2438 martyres
3384 2369 3739 2440 Pamphilus,
3773 2376 3830 2426 et

2177 2439 2458 2508 Quirinus
2483 2451 2847 2521 septuaginta
2873 2454 3150 2524 gradibus
3178 2456 3233 2512 in
3271 2458 3384 2515 imo
3405 2439 3584 2516 terra}.
3611 2461 3834 2517 Deinde

2284 2531 2417 2588 ilica
2437 2541 2646 2592 sanctae
2667 2539 3004 2614 Felicitatis,
3038 2544 3137 2601 ubi
3166 2547 3416 2618 quiescit
3455 2549 3648 2620 illa,et
3667 2548 3837 2605 Sila-

2174 2631 2284 2675 nus
2305 2620 2464 2679 ﬁlius
2489 2624 2633 2693 ejus,
2661 2632 2718 2682 et
2747 2641 2858 2685 non
2885 2629 3052 2705 longe
3082 2635 3412 2692 Bonifacius
3434 2643 3665 2709 martyr.
3717 2638 3829 2695 Ibi-
3874 2658 3891 2669 ο

2171 2706 2298 2763 dem
2355 2710 2412 2765 in
2445 2711 2624 2770 altera
2667 2715 2906 2774 ecclesia
2937 2727 3074 2777 sunt
3101 2723 3420 2795 Crisantus,
3462 2733 3518 2782 et
3545 2706 3736 2797 Daria,
3769 2734 3833 2783 et

2171 2796 2539 2872 Saturninus,
2573 2808 2630 2859 et
2657 2805 2912 2877 Maurus,
2940 2814 3000 2866 et
3025 2812 3214 2884 Jason,
3267 2820 3323 2869 et
3371 2820 3548 2871 mater
3586 2816 3826 2872 illorum

2173 2885 2415 2960 Hilaria,
2455 2896 2510 2946 et
2539 2891 2642 2948 alii
2678 2894 3150 2956 innumerabiles.
3173 2901 3242 2958 Et
3272 2903 3330 2958 in
3377 2904 3552 2960 altera
3578 2905 3828 2962 basilica

2172 2982 2409 3034 sanctus
2449 2979 2786 3051 Alexander,
2839 2986 3066 3060 Vitalis,
3112 2991 3415 3062 Martialis,
3446 2994 3554 3049 ﬁlii
3612 3000 3829 3051 sanctae

2170 3064 2508 3124 Felicitatis.
2551 3072 2619 3126 Et
2666 3079 2874 3131 sancta:
2920 3084 3130 3148 septem
3163 3081 3439 3154 virgines,
3486 3084 3821 3155 Saturnina,

2166 3153 2448 3227 Hilarina,
2478 3160 2830 3219 Dominanda
2859 3161 2978 3238 [al.,
3001 3153 3320 3245 Dunanda],
3345 3171 3682 3244 Rogantina,
3714 3153 3820 3229 Se?

2169 3245 2377 3313 rotina,
2414 3249 2672 3322 Paulina,
2699 3253 2939 3309 Donata.
2963 3257 3176 3314 Deinde
3207 3258 3448 3316 basilica
3479 3265 3661 3319 sancti
3693 3263 3827 3320 Sil—

2166 3334 2362 3405 vestri,
2401 3335 2499 3392 ubi
2551 3339 2701 3408 jacet
2747 3355 3059 3401 marmoreo
3106 3349 3330 3404 tumulo
3387 3361 3707 3421 coopertus,
3764 3360 3824 3409 et

2169 3428 2443 3494 martyres
2471 3425 2834 3501 C(elestinus,
2861 3433 3188 3506 Philippus,
3219 3442 3276 3492 et
3303 3437 3484 3509 Felix,
3508 3446 3564 3494 et
3605 3440 3820 3497 ibidem

2167 3517 2444 3583 martyres
2471 3511 2578 3572 365
2605 3517 2664 3572 in
2694 3533 2806 3576 uno
2838 3523 3100 3591 sepulcro
3124 3526 3530 3599 requiescunt;
3558 3537 3614 3585 et
3643 3543 3822 3600 pr0pe

2165 3599 2397 3673 Paulus,
2461 3612 2517 3660 et
2561 3606 3019 3682 Crescentianus,
3099 3615 3311 3688 Prisca,
3344 3622 3400 3673 et
3470 3599 3817 3691 Demetrius,

2163 3689 2436 3749 Praxides
2466 3689 2586 3767 [al.,
2621 3697 2935 3775 Praxedis],
2968 3703 3302 3760 Potentiana
3334 3712 3595 3776 pausant.

2241 3799 2266 3831 α
2306 3781 2518 3850 Quinta
2552 3791 2712 3855 porta
2755 3790 3128 3848 Numentana.
3161 3793 3247 3848 Ibi
3274 3799 3509 3851 sanctus
3546 3796 3809 3853 Nicome-

2163 3868 2263 3924 des
2289 3871 2598 3946 presbyter,
2631 3881 2687 3931 et
2714 3884 2968 3948 martyr:
3002 3881 3252 3952 itemque
3281 3884 3376 3938 via
3419 3885 3612 3940 eodem
3647 3887 3814 3942 modo

2161 3958 2400 4015 dicitur.
2437 3963 2606 4019 Juxta
2643 3966 2793 4021 viam
2842 3975 3052 4024 sanctae
3102 3969 3359 4042 Agnetis.
3396 3979 3450 4028 et
3489 3975 3727 4032 ecclesia
3759 3982 3814 4033 et

2163 4060 2391 4117 corpus,
2429 4050 2488 4106 in
2530 4051 2709 4109 altera
2756 4055 2997 4112 ecclesia
3045 4067 3244 4116 sancta
3289 4063 3706 4134 Emerentiana,
3757 4071 3815 4121 et

2165 4145 2439 4207 martyres
2461 4139 2798 4212 Alexander,
2832 4144 3008 4216 Felix,
3044 4148 3267 4218 Papias,
3304 4151 3362 4207 in
3386 4153 3628 4222 septimo
3667 4155 3814 4211 mil-

2164 4223 2334 4282 liario
2376 4229 2630 4298 ejusdem
2677 4233 2783 4290 viae
2828 4242 3062 4294 sanctus
3119 4253 3262 4310 papa
3306 4241 3626 4300 Alexander
3675 4259 3810 4302 cum

2160 4314 2395 4373 Eventio
2416 4323 2472 4374 et
2499 4319 2784 4380 Theodolo
2807 4332 3071 4395 pausant.

2233 4423 2259 4457 α
2299 4404 2464 4462 Sexta
2490 4413 2652 4478 porta
2677 4418 2732 4468 et
2756 4413 2849 4470 via
2875 4414 3201 4490 Tiburtina,
3229 4433 3354 4488 qum
3384 4421 3550 4477 modo
3587 4422 3812 4480 dicitur

2157 4491 2349 4548 Sancti
2381 4497 2700 4566 Laurentii,
2729 4502 2893 4572 juxta
2928 4504 3071 4561 hanc
3097 4505 3243 4562 viam
3267 4508 3418 4578 jacet
3463 4509 3517 4564 S.
3547 4512 3811 4567 Lauren-

2155 4581 2359 4638 tiusin
2405 4599 2505 4644 sua
2556 4589 2816 4659 ecclesia,
2851 4596 2907 4647 et
2958 4593 3298 4651 Habundius
3348 4604 3580 4669 martyr.
3625 4600 3693 4654 Et
3719 4600 3808 4656 ibi

2156 4686 2329 4743 prope
2360 4674 2418 4730 in
2440 4675 2619 4734 altera
2635 4678 2893 4751 ecclesia,
2923 4690 3166 4751 pausant
3187 4684 3245 4740 hi
3267 4693 3540 4758 martyres
3555 4688 3806 4757 Ciriaca,

2155 4761 2465 4833 Romanus,
2493 4765 3270 4844 Justinus,Crescentianus;
3304 4781 3362 4830 et
3384 4775 3465 4832 ibi
3492 4791 3600 4832 non
3634 4778 3809 4849 longe

2157 4849 2398 4908 basilica
2423 4856 2606 4911 sancti
2637 4856 2947 4930 Hippolyti,
2979 4859 3078 4916 ubi
3126 4862 3247 4932 ipse
3280 4878 3409 4920 cum
3441 4864 3662 4922 familia
3692 4881 3809 4925 sua

2160 4946 2422 5011 pausant,
2450 4943 2505 4999 id
2558 4947 2644 5000 est
2689 4945 2879 5001 decem
2909 4953 2967 5004 et
3002 4954 3148 5006 octo.
3203 4953 3273 5007 Et
3317 4952 3397 5008 ibi
3430 4955 3812 5024 requiescunt

2159 5027 2320 5086 beata
2367 5031 2596 5088 Trifena
2649 5047 2796 5090 uxor
2836 5037 3016 5107 Decii,
3049 5044 3106 5094 et
3164 5040 3285 5097 ﬁlia
3311 5043 3438 5112 ejus
3498 5043 3813 5115 Cirilla,et

2155 5118 2470 5178 Concordia
2497 5123 2696 5179 nutrix
2721 5125 2863 5194 ejus.
2911 5127 2981 5182 Et
3010 5127 3070 5183 in
3098 5127 3277 5187 altera
3325 5139 3484 5203 parte
3526 5133 3629 5189 vim
3670 5135 3810 5204 ejus

2153 5215 2241 5264 est
2267 5210 2507 5267 ecclesia
2531 5211 2758 5284 Agapiti
2792 5217 3078 5287 martyris.

2069 5303 2124 5366 ι)
2227 5317 2253 5350 a
2299 5299 2549 5368 Septima
2583 5309 2741 5370 porta
2767 5304 2932 5360 modo
2957 5305 3154 5377 Major,
3184 5307 3323 5364 olim
3345 5309 3649 5367 Sirucrana
3671 5311 3802 5382 [al.,

1895 5354 1911 5358 _
2069 5354 2119 5366 _
2374 5354 2388 5368 _
2541 5354 2548 5355 κ
2583 5354 2604 5370 ,κ
2769 5354 2927 5360 _-_-
2957 5354 3154 5377 __-.,-.,
3187 5354 3323 5364 νη...
3345 5354 3649 5367 ν....ν.......
3671 5354 3802 5382 ιαμ,

403 5359 513 5410 tem
533 5355 808 5413 Molbium
838 5354 1142 5435 [Milvium]
1179 5367 1453 5438 pervenit,
1504 5380 1739 5429 vocatur
1774 5377 1867 5433 via
1923 5380 2042 5436 Ba—
2148 5385 2876 5463 Syracusana]dicebatur,
2899 5399 2954 5449 et
2983 5394 3075 5450 via
3102 5397 3376 5454 Lavicana
3393 5399 3634 5469 dicitur,
3667 5416 3802 5472 qua

403 5456 646 5472 llnnnnnn
723 5448 852 5472 ...ηζιι
896 5448 961 5472 ...1
1007 5450 1318 5472 ηΑ-.-....-..-
1391 5456 1405 5472 ι
1492 5458 1528 5472 ο.
1602 5461 1640 5472 -.
1670 5462 1682 5472 .
1751 5465 1762 5472 .
1926 5469 1936 5472 _

400 5456 670 5518 vennana,
720 5448 857 5518 quia
894 5448 962 5505 ad
1007 5450 1324 5509 Ravennam
1373 5456 1554 5514 ducit.
1601 5461 1685 5519 Ibi
1750 5465 1809 5522 in
1852 5469 2039 5538 primo
2147 5448 2217 5532 ad
2247 5475 2468 5534 beatam
2497 5448 2762 5538 llelenam
2805 5448 3532 5560 tenditslb—i—su‘nt-pmpe
3567 5448 3800 5561 Petrus,
