3998 6176
240 220 339 282 3'77

229 439 616 511 quadraginta
661 444 895 514 milites,
938 454 994 504 et
1019 449 1124 506 alii
1161 452 1610 511 innumerabiles
1640 473 1652 509 :
1680 460 1736 512 et
1764 469 1875 512 non

226 525 391 598 longe
423 532 613 585 sancti
639 540 890 602 quatuor
913 539 1201 596 Coronati.

298 637 324 665 α
365 615 582 676 Octava
608 628 772 691 porta
798 627 981 682 sancti
1000 629 1254 701 Joannis,
1281 646 1405 703 quae
1432 633 1582 703 apud
1605 634 1876 706 antiquos

222 709 566 764 Asseranica
601 707 725 784 [al.,
747 715 1106 795 Assenarica]
1132 720 1457 778 dicebatur.

291 817 315 846 α
360 798 527 852 Nona
559 806 722 869 porta
754 803 997 862 Metrosa
1017 808 1257 881 dicitur,
1285 815 1341 867 et
1363 825 1553 868 coram
1588 811 1721 869 istis
1745 826 1875 868 am-

225 883 402 941 babus
437 888 534 944 via
566 891 770 947 Latina
795 894 963 960 jacet.

287 995 311 1026 α
363 977 608 1034 Decima
636 988 820 1052 porta,
851 988 906 1039 et
934 984 1028 1041 via
1053 988 1252 1046 Latina
1281 990 1519 1048 dicitur.
1559 993 1726 1048 Juxta
1754 1005 1873 1048 eam

163 1117 168 1120 .
219 1065 600 1135 requiescunt
653 1070 710 1125 in
739 1085 848 1126 una
870 1074 1110 1131 ecclesia
1144 1085 1421 1149 martyres
1444 1081 1789 1148 Gordianus,
1822 1088 1878 1138 et

218 1155 554 1226 Epimacus,
581 1157 882 1228 Sulpicius
900 1163 1275 1237 Servilianus,
1310 1169 1648 1239 Quintinus,
1681 1170 1874 1239 Quar-

218 1249 320 1312 tus,
351 1244 605 1315 Sophia,
641 1248 977 1318 Tryphenus
1010 1271 1024 1323 ς
1075 1258 1129 1324 et
1163 1254 1242 1310 ibi
1277 1271 1450 1326 prope
1483 1258 1542 1313 in
1586 1258 1704 1314 alio
1750 1259 1874 1315 loco

217 1332 608 1404 Tertullinus,
639 1341 694 1391 et
728 1351 838 1393 non
871 1338 1038 1411 longe
1063 1342 1302 1400 ecclesia
1353 1345 1530 1402 beatae
1579 1349 1867 1419 Eugeniae,

217 1421 268 1476 in
303 1436 425 1492 qua
485 1424 642 1492 jacet
686 1433 741 1480 et
769 1427 1008 1485 Claudia
1042 1438 1219 1488 mater
1255 1436 1399 1504 ejus,
1443 1442 1499 1492 et
1549 1438 1871 1509 Stephanus

217 1524 350 1581 papa
399 1526 541 1567 cum
591 1514 744 1572 clero
803 1532 906 1574 suo
952 1533 1191 1578 numero
1227 1524 1418 1581 decem
1469 1531 1526 1583 et
1569 1541 1786 1602 novem,
1815 1536 1871 1588 et

215 1601 518 1657 Nemesius
549 1601 850 1662 diaconus.

276 1727 300 1758 α
335 1708 664 1767 Undecima
689 1718 870 1804 porta,
893 1718 949 1770 et
970 1714 1060 1772 via
1077 1717 1298 1777 dicitur
1311 1723 1510 1794 Appia.
1539 1723 1623 1780 Ibi
1649 1729 1870 1798 requie-
1891 1741 1944 1804 Β

212 1803 410 1853 verunt
434 1805 679 1858 sanctus
703 1803 1095 1878 Sebastianus,
1129 1815 1184 1865 et
1211 1811 1513 1885 Quirinus,
1541 1816 1751 1872 etolim
1783 1833 1864 1875 re-

214 1888 524 1956 quiescunt
580 1895 973 1962 apostolorum
1005 1913 1264 1970 corpora.
1309 1905 1378 1960 Et
1419 1906 1589 1974 paulo
1621 1909 1860 1978 prapius

213 1977 438 2034 Romam
471 1987 620 2036 sunt
671 1989 947 2056 martyres
966 1989 1295 2057 Januarius,
1320 1993 1602 2065 Urbanus,
1632 1977 1854 2068 Xenon,

215 2064 510 2133 Quirinus,
535 2070 845 2143 Agapetus,
880 2076 1295 2137 Felicissimus.
1331 2084 1398 2138 Et
1438 2084 1495 2139 in
1540 2064 1719 2142 altera
1757 2064 1859 2142 ec-'

220 2155 370 2210 clesia
407 2158 744 2225 Tiburtius,
778 2164 1134 2238 Valerianus,
1180 2172 1464 2228 Maximus
1496 2191 1511 2244 ;
1563 2181 1618 2229 et
1645 2175 1726 2230 ibi
1761 2189 1858 2231 re—

222 2247 422 2302 conditi
458 2254 606 2304 sunt
643 2251 984 2326 Stephanus,
1033 2257 1249 2328 Sixtus,
1306 2261 1641 2329 Zeﬂerinus,
1670 2265 1858 2319 Euse-

211 2333 342 2404 bius,
363 2337 748 2410 Melchiades,
766 2343 1089 2417 Marcellus,
1103 2347 1504 2420 Eutichianus,
1520 2353 1851 2426 Dionysius,

206 2425 510 2498 Antheros,
563 2431 898 2495 Pontianus,
942 2437 1229 2493 Lucianus
1261 2453 1423 2510 papa,
1457 2441 1720 2512 Optatus,
1746 2445 1855 2500 Ju—

209 2513 411 2583 lianus,
435 2517 771 2589 Calocerus,
793 2522 1155 2594 Parthenius,
1176 2527 1534 2601 Tharsicius,
1556 2533 1854 2591 Politanus

207 2597 312 2675 [a1.,
341 2606 707 2684 Policamus]
772 2617 1065 2681 martyres.
1121 2615 1337 2672 Ibidem
1383 2597 1624 2677 ecclesia
1666 2624 1848 2679 sancti

205 2691 477 2765 Cornelii,
515 2704 575 2752 et
601 2712 830 2768 corpus.
861 2703 932 2756 Et
964 2703 1022 2757 in
1047 2703 1225 2761 altera
1255 2707 1494 2764 ecclesia
1522 2715 1717 2767 sancta
1742 2713 1852 2768 So—

202 2781 396 2854 theris,
433 2791 494 2840 et
528 2799 642 2842 non
687 2788 851 2861 longe
883 2799 1126 2860 pausant
1157 2802 1433 2867 martyres
1485 2800 1846 2872 Hippolytus,

201 2871 511 2944 Adrianus,
541 2877 844 2950 Eusebius,
877 2881 1076 2952 Maria,
1110 2885 1352 2957 Martha,
1384 2887 1644 2960 Paulina,
1679 2871 1853 2947 Vale-4

203 2961 296 3028 ria,
322 2964 667 3034 Marcellus,
693 2972 748 3022 et
790 2983 962 3040 prope
1003 2984 1144 3042 papa
1173 2975 1399 3030 Marcus
1427 2976 1483 3030 in
1525 2991 1629 3033 sua
1660 2979 1851 3034 eccle-

198 3049 294 3105 sia.
323 3053 489 3108 Inter
535 3054 689 3110 viam
736 3057 999 3128 Appiam,
1033 3065 1088 3116 et
1118 3062 1266 3117 viam
1296 3062 1618 3123 Ostiensem
1644 3074 1731 3123 est
1755 3068 1846 3123 via

193 3137 527 3211 Ardeatina,
557 3142 656 3198 ubi
691 3151 826 3200 sunt
854 3149 1097 3220 Marcus,
1139 3156 1196 3206 et
1223 3154 1646 3226 Marcellianus,
1675 3161 1732 3212 et
1763 3157 1844 3212 ibi

191 3227 330 3296 jacet
355 3232 648 3288 Damasus
681 3247 824 3305 papa
875 3237 932 3292 in
965 3252 1070 3295 sua
1113 3240 1373 3297 ecclesia.
1430 3245 1500 3298 Et
1536 3258 1648 3300 non
1682 3245 1848 3318 longe

194 3326 382 3376 sancta
433 3323 773 3395 Petronilla,
826 3331 881 3382 et
929 3327 1147 3386 Nereus
1189 3335 1248 3386 et
1273 3331 1591 3403 Achilleus,
1639 3341 1697 3391 et
1738 3337 1842 3393 alii

198 3407 402 3478 plures.

261 3520 284 3548 α
325 3500 686 3558 Duodecima
713 3509 896 3576 porta,
924 3510 980 3562 et
1000 3507 1092 3563 via
1121 3508 1359 3567 Ostensa
1393 3507 1512 3584 [al.,
1535 3511 1841 3586 Ostiensis]

195 3585 426 3658 dicitur,
465 3592 637 3647 modo
670 3601 832 3662 porta
869 3595 930 3650 S.
987 3597 1148 3653 Pauli
1199 3605 1451 3671 vocatur,
1491 3603 1628 3672 quia
1676 3605 1841 3673 juxta

196 3688 304 3731 eam
332 3680 659 3750 requiescit
695 3683 752 3736 in
808 3685 1049 3742 ecclesia
1096 3701 1218 3743 sua.
1268 3688 1601 3760 Ibidemque
1641 3692 1842 3748 Timo—

198 3765 348 3822 theus
384 3775 645 3840 martyr:
677 3777 731 3826 et
763 3787 876 3829 non
907 3775 1073 3847 longe
1101 3777 1158 3832 in
1192 3777 1431 3834 ecclesia
1459 3787 1668 3835 sancta:
1687 3781 1841 3837 The—

196 3853 286 3910 cla;
305 3865 446 3914 sunt
471 3865 752 3930 martyres
773 3863 955 3933 Felix,
997 3871 1054 3920 et
1081 3865 1197 3922 Ada
1211 3871 1396 3938 uetus,
1429 3874 1484 3924 et
1517 3870 1834 3926 Nemesius.

199 3943 248 3998 In
268 3959 417 4017 aqua
461 3948 664 4004 Salina
695 3957 781 4006 est
810 3959 984 4023 caput
1011 3956 1303 4012 Anastasii
1331 3959 1619 4029 martyris.

258 4072 282 4104 ι
320 4055 749 4112 Tertiadecima
798 4064 959 4129 porta
990 4063 1323 4119 Portuensis
1365 4065 1586 4121 dicitur
1637 4071 1692 4123 et
1723 4067 1835 4123 via.

193 4138 265 4195 Ibi
295 4157 473 4212 prope
510 4144 569 4199 in
601 4145 844 4203 ecclesia
878 4155 1016 4204 sunt
1064 4156 1341 4222 martyres
1364 4155 1542 4225 Felix,
1585 4155 1840 4212 Alexan-

191 4228 300 4316 der,
331 4230 565 4301 Abdon,
595 4241 653 4289 et
680 4235 912 4307 Sennes,
945 4238 1204 4310 Symeon,
1224 4240 1584 4315 Anastasius,
1614 4245 1835 4316 Polion,

191 4315 546 4390 Vincentius,
581 4324 776 4392 Milex,
801 4325 1056 4384 Candida
1080 4336 1136 4384 et
1157 4331 1511 4389 Innocentia.

255 4446 278 4476 ε
318 4426 765 4496 Quartadecima
793 4437 974 4503 porta,
1018 4441 1074 4490 et
1123 4436 1214 4492 via
1234 4437 1490 4508 Aurelia,
1521 4453 1648 4510 qua:
1672 4441 1839 4497 modo

1189 207 1308 294 ’ΒΕ
1345 236 1786 299 commeans
1821 243 1914 302 ss.
1954 247 2083 305 MM.
2129 250 2349 310 pnopa
2386 255 2642 314 URBEM.

233 347 624 424 Marcellinus,
689 353 1009 429 Tiburtius,
1077 359 1374 436 Geminus,
1423 363 1768 438 Gorgonius,
1823 364 1963 444 et;A

3523 272 3636 333 378

2503 383 2706 440 NOTIE
2753 387 3120 447 BLANCIIINI

2034 465 2263 550 "Nullas
2291 474 2697 550 propemodum
2731 481 2895 550 notas
2921 479 3060 536 huic
3085 483 3365 550 opusculo
3391 499 3512 542 esse
3538 489 3630 544 ad-

1991 534 2270 626 hibendas
2291 534 2434 598 'dixi
2467 562 2482 626 ξ
2510 559 2643 626 cum
2673 549 2817 603 satis
2846 534 3052 619 aperta
3081 534 3227 609 sunt
3241 534 3368 610 iiii:
3395 534 3630 626 35'qu

1986 605 2317 691 Willelmus
2356 605 3048 691 contenditrsenume'rare,
3078 605 3215 679 tum-
3242 605 3628 684 viti—osascri:

1984 675 2154 769 bendi
2180 684 2345 769 ratio,
2367 701 2492 769 quae
2526 703 2625 769 pro
2649 689 2814 746 illius
2844 675 3048 769 sicculi'
3071 675 3632 769 d‘bériiié'aﬁréise.

1987 756 2073 828 rat
2102 753 2159 806 in
2183 753 2407 824 aliquot
2430 753 2680 828 nomina,
2713 769 2907 818 nostra
2949 765 3005 818 in
3029 753 3284 823 editione
3308 753 3530 826 ideirco
3549 753 3627 826 re-

1987 826 2161 912 tenta,
2199 832 2259 881 ut
2281 828 2349 882 ad
2379 830 2609 912 verbum
2641 826 3004 912 redderemus
3035 843 3252 912 textum
3283 842 3629 912 exemplaris

1991 895 2137 984 unde
2154 899 2835 984 opusculum‘petebatur.
2859 908 3153 984 Ejusmodi
3174 925 3306 984 vero
3327 895 3630 984 δίινὴεξᾲὺῶ

1988 977 2175 1054 rerum
2200 967 2647 1054 intelligentiam
2660 990 2782 1054 _I_]_On
2811 967 3040 1054 turbent
3066 982 3280 1054 ;_veluti
3309 967 3628 1054 δήϊηῷὁὲίὰ

1986 1042 2041 1089 et
2068 1037 2156 1123 via
2187 1037 2610 1123 Flaminéqpro
2659 1047 2940 1123 Flaminia
2972 1037 3270 1123 scribitur,
3295 1037 3628 1110 A's’s’én'aiiréa

1987 1120 2087 1175 pro
2112 1109 2402 1197 Asinaria,
2433 1109 2668 1197 Metrosa
2701 1118 2822 1175 loco
2857 1123 3147 1197 Metroviw,
3193 1109 3293 1197 seu
3325 1109 3622 1197 MetrOniae,

1987 1185 2202 1268 martyr
2215 1184 2400 1268 Aegion
2426 1187 2733 1268 guiZenon
2761 1199 2883 1247 erat
2907 1184 3303 1268 appellandus,
3340 1211 3440 1253 seu
3462 1184 3621 1268 Zeno,

1983 1254 2086 1337 etc.
2105 1252 2214 1337 ‘Ijis
2231 1254 2411 1337 igitur
2433 1252 3426 1337 leviasculiserratis'prtetermissis,
3445 1252 3622 1325 unum

1981 1325 2036 1376 et
2068 1322 2310 1380 alterum
2341 1327 2525 1384 locum
2549 1332 2955 1390 declarandum
2977 1322 3139 1392 d'uxi.

2030 1394 2215 1474 .Prior
2244 1399 2416 1474 estin
2445 1404 2631 1470 prima
2660 1411 2820 1473 porta
2847 1409 3094 1462 Cornelia
3123 1414 3178 1464 et
3223 1411 3314 1464 'via
3350 1410 3618 1466 Cornelia.

1979 1463 2138 1520 Viam
2172 1463 2473 1525 Corneliam
2499 1463 2866 1540 agnoscimus
2887 1493 3014 1534 cum
3044 1463 3322 1537 Panvinio
3343 1463 3622 1538 ex’Vi'cto?

1980 1548 2062 1623 ge,
2083 1552 2250 1622 quam
2264 1554 2337 1623 ex
2357 1545 2597 1623 vetustis
2625 1547 3107 1623 inscriptionibus
3128 1554 3428 1623 arguimus
3449 1554 3619 1623 sitam

1980 1603 2162 1697 fuisée
2196 1611 2346 1697 inter
2372 1603 3622 1697 υἰαῖη-Ττδίαζηῃὴὲιιέᾖῃέῐῖίξιξέξλᾶἶᾶἶατε-ᾗϐ-

1980 1682 2152 1760 terem
2179 1687 2496 1760 etnovam].
2524 1682 2854 1760 Panvinius,
2894 1682 3017 1760 pag.
3047 1690 3187 1750 M8:
3227 1697 3385 1749 Viam
3411 1682 3618 1751 Corne—

1979 1748 2129 1836 liam,
2158 1748 2579 1836 cujusnonanisi
2616 1762 2674 1814 in
2715 1748 3030 1836 marmoreis
3067 1748 3540 1836 inscriptionibus,
3567 1772 3617 1820 et

1973 1822 2123 1899 apud
2157 1825 2217 1899 Ρ.
2281 1827 2543 1899 Victorem
2589 1834 2910 1887 mentionem
2961 1839 3174 1890 exstare
3200 1822 3336 1899 vidi,
3379 1822 3615 1891 medium

1970 1891 2112 1976 inter
2141 1894 2500 1976 Au_re_l_ias,_et
2532 1903 2934 1976 Triusmphalem
2976 1905 3076 1961 hac
3103 1891 3334 1975 regione,
3344 1910 3518 1976 fuisse
3545 1924 3614 1963 ea:

1966 1961 2050 2017 his
2076 1965 2518 2037 inscriptionibus
2547 1961 2791 2041 conficio.

2446 2093 2625 2148 Romae
2649 2097 2707 2150 in
2739 2097 2893 2151 domo
2919 2099 3108 2155 Casia.

2284 2230 2331 2272 C.
2369 2231 2556 2275 SALLIO
2585 2234 2954 2278 ARISTAENETO
2983 2236 3028 2278 C.
3073 2237 3128 2277 V.

2286 2320 2498 2364 SEPTEM
2527 2324 2674 2366 VIRO.
2712 2326 3004 2367 EPVLONVM

2283 2409 2492 2452 SODALI.
2527 2413 2846 2456 AVGVS’I‘ALI.
2886 2415 3060 2457 IVRIDI

2282 2498 2362 2540 C0.
2391 2501 2513 2542 PER.
2548 2503 2805 2544 PICENVM.
2837 2505 2902 2545 ET
2924 2505 3164 2548 APVLIAM

2279 2587 2567 2632 CVRATORI.
2603 2593 2836 2636 VIARV’M.
2864 2595 3086 2636 AVRELI.

2277 2678 2365 2719 ΑΕ.
2409 2679 2727 2723 CORNELIAE.
2763 2683 3135 2726 vauPHALIs
3176 2677 3281 2728 etc.

2171 2791 2306 2846 Item
2333 2792 2532 2847 Tibure
2555 2796 2614 2848 in
2626 2798 2840 2866 pariete
2868 2797 3019 2852 aedis.
3063 2798 3122 2852 S.
3145 2799 3324 2854 Pauli.

2277 2911 2323 2952 C.
2356 2913 2622 2956 POPILLIO.
2665 2915 2712 2956 C.
2755 2917 2803 2958 F.
2848 2918 2998 2965 QVIR.
3042 2919 3177 2960 CARO

2277 3001 2495 3044 PEDONI.
2531 3003 2640 3046 COS.
2678 3005 2780 3046 VII.
2806 3006 2937 3048 νιΒο
2980 3008 3213 3051 EPVLON.

2277 3092 2486 3134 SODALI.
2523 3094 2876 3138 HADRIANALI.
2906 3098 3106 3140 LEGATO

2277 3180 2390 3222 IMP.
2423 3183 2705 3226 CAESARIS.
2739 3187 3020 3229 ANTONINI.
3048 3189 3172 3230 AVG.

2164 3269 2260 3310 PII.
2296 3271 2490 3311 PROPR.
2523 3273 2863 3314 GERMANIAE.
2899 3276 3092 3317 SVPER.
3124 3277 3189 3318 ΕΤ
3219 3278 3292 3318 EX

2166 3356 2410 3399 ERCITVS.
2448 3358 2506 3400 IN
2539 3359 2626 3401 EA.
2660 3362 2981 3404 TENDENTIS.
3017 3363 3279 3406 CVRATOR.

2158 3446 2314 3489 OPER.
2361 3448 2640 3492 PVBLICOR.
2671 3452 2863 3494 PRAEF.
2892 3453 3094 3495 AERAR.
3128 3453 3320 3496 SATVR.

2164 3535 2452 3578 CVRATORI.
2498 3538 2648 3580 VIAR.
2693 3539 2988 3580 AVRELIAE.
3023 3539 3271 3581 VETERIS.
3316 3541 3380 3583 ΕΤ

2162 3623 2361 3665 NOVAE.
2388 3624 2706 3667 CORNELIAE.
2739 3627 2823 3669 ET.
2852 3628 3229 3670 TRIUMPHALIS
3255 3622 3365 3672 etc.

2019 3717 2730 3793 Easdem__‘i_nscriptiones
2760 3721 3044 3793 Gruterus
3093 3736 3320 3793 quoque
3367 3726 3585 3788 retulit.

1950 3790 2096 3864 hanc
2122 3787 2220 3844 fol.
2255 3785 2377 3864 457,
2423 3803 2480 3864 n.
2508 3785 2581 3860 '6,
2610 3791 2766 3846 illam
2796 3790 2894 3847 fol.
2947 3790 3072 3862 465,
3102 3785 3159 3849 in
3201 3785 3424 3864 duplici
3465 3785 3590 3855 basi

1949 3860 2254 3930 sculptam,
2281 3860 2699 3933 Asculanorum
2727 3877 2920 3933 unam,
2944 3860 3433 3923 AncOnitanorum
3459 3871 3594 3925 alte-

1949 3946 2073 4010 ram
2100 3932 2356 3988 numeris
2377 3930 2412 3987 5
2442 3939 2498 3987 et
2527 3931 2579 4003 6,
2612 3930 2989 4010 distinctam;
3012 3943 3075 4010 et_
3101 3937 3160 3991 in
3193 3938 3443 4010 singulis
3472 3942 3592 4010 pari

1948 4004 2153 4077 ordine
2195 4010 2573 4077 recensentur
2621 4005 2733 4060 viae
2771 4004 3332 4077 Aurelia,Cornelia,
3360 4004 3596 4066 Trium-

1951 4075 2160 4145 phalis.
2187 4076 2263 4130 De
2289 4080 2448 4144 porta
2475 4081 2665 4130 autem
2691 4076 2954 4132 Cornelia
2971 4092 3100 4134 cum
3123 4080 3201 4134 sit
3222 4075 3402 4136 altum
3426 4082 3594 4138 silen-

1950 4148 2096 4201 tium
2122 4147 2267 4221 apud
2296 4147 2599 4221 Victorem,
2631 4152 2685 4221 et
2705 4148 2962 4219 reliquos
2986 4157 3117 4206 ante
3145 4152 3332 4220 ipsum
3357 4153 3594 4221 scripto-

1950 4232 2059 4290 res,
2089 4231 2190 4274 nec
2216 4217 2272 4271 in
2302 4217 2596 4290 lapidibus
2612 4220 2801 4275 adhuc
2826 4217 3068 4290 repertis
3092 4217 3455 4288 nominetur;
3481 4217 3596 4279 col-

1949 4288 2127 4359 ligere
2152 4303 2475 4358 possumus,
2509 4289 2782 4345 viciniam
2804 4288 2908 4347 viai
2937 4293 3304 4348 transtulisse
3326 4295 3514 4351 serius
3537 4295 3594 4352 id

1949 4360 2204 4415 nominis
2224 4360 2406 4434 etiam
2427 4361 2485 4415 in
2517 4370 2756 4434 portam,
2786 4364 2853 4417 ad
2875 4377 2994 4418 eam
3023 4378 3091 4420 ex
3118 4364 3265 4420 Urbe
3291 4367 3595 4434 perducen-

1949 4437 2060 4486 tem
2089 4449 2104 4484 :
2158 4432 2472 4500 praesertim
2512 4433 2564 4487 si
2602 4433 2692 4488 via
2717 4434 2981 4490 Cornelia
3010 4450 3131 4492 eam
3160 4432 3594 4494 denominatio-

189 4522 339 4581 νοτία
367 4519 556 4574 sancti
591 4521 878 4578 Pancratii
905 4523 1144 4595 dicitur.
1199 4527 1347 4596 quod
1372 4504 1556 4596 juxta-
1579 4543 1700 4584 eam
1742 4543 1838 4584 re—
1870 4504 1922 4564 D
1954 4504 2657 4596 9Ϋ.¹Ρ.ξξίέ¹ίέ¹λ¹ξῗλ³ῗίέῗ9ἷξ,θὲ
2684 4505 2863 4596 ³,Ὲξῗῖ2
2878 4506 3588 4596 ἓέἰΡΨΨῖ¹ἓ¹ῙῗέἿέΡξ1³.Έῆ

189 4605 433 4672 quiescit
465 4609 526 4663 in
555 4624 659 4664 sua
689 4611 951 4683 ecclesia,
979 4621 1036 4670 et
1065 4615 1170 4671 alii
1224 4622 1500 4687 martyres
1535 4618 1835 4690 Paulinus,

187 4690 539 4766 Arthemius,
588 4705 783 4755 sancta
815 4700 1107 4771 Sapientia
1157 4718 1286 4760 cum
1337 4704 1526 4761 tribus
1583 4705 1833 4777 ﬁliabus,

186 4779 336 4851 Fide,
386 4785 516 4854 Spe,
555 4787 871 4845 Charitate.
902 4793 964 4846 In
997 4791 1174 4848 altera
1205 4794 1448 4850 ecclesia
1504 4796 1835 4870 Processus,

183 4876 232 4922 et
262 4871 677 4945 Martinianus,
699 4884 755 4932 et
774 4879 831 4934 in
856 4881 1046 4953 tertia,
1071 4883 1286 4939 Felices
1315 4884 1452 4947 duo,
1473 4889 1528 4939 et
1549 4884 1606 4939 in
1632 4893 1836 4955 quarta

184 4958 465 5035 Calixtus,
498 4970 556 5020 et
579 4965 946 5040 Calepodius,
981 4976 1036 5027 et
1079 4971 1135 5026 in
1167 4974 1368 5044 quinta
1409 4978 1642 5029 sanctus
1667 4975 1834 5030 Basi-

185 5048 347 5107 lides.
405 5055 761 5113 Duodecimo
808 5059 962 5114 intra
995 5061 1192 5117 urbem
1225 5063 1503 5118 milliario
1561 5063 1619 5118 in
1649 5069 1833 5119 monte

179 5137 352 5197 leio
407 5148 549 5199 sunt
597 5152 879 5218 martyres
926 5150 1192 5220 Joannes,
1243 5152 1484 5207 Joannes
1509 5157 1566 5208 et
1597 5152 1829 5222 Paulus,

176 5235 228 5282 et
248 5231 308 5285 in
335 5246 443 5288 sua
473 5233 669 5302 domo;
699 5251 826 5306 quae
879 5237 1028 5294 facta
1057 5245 1145 5294 est
1191 5240 1431 5296 ecclesia
1478 5247 1604 5311 post
1632 5255 1827 5297 eorum

177 5322 538 5393 martyrium,
569 5330 627 5379 et
649 5324 965 5397 Crespinus
993 5333 1050 5383 et
1068 5328 1502 5400 Crespinianus,
1545 5337 1601 5386 et
1634 5336 1830 5386 sancta

173 5404 494 5468 Benedicta.
529 5414 589 5468 In
620 5415 816 5471 eodem
846 5423 1035 5473 monte
1080 5425 1166 5474 est
1195 5418 1437 5475 ecclesia
1465 5420 1648 5474 sancti
1697 5419 1829 5475 Ste-

169 5493 346 5561 phani
383 5504 848 5574 protomartyris,
881 5510 938 5561 et
964 5506 1042 5561 ibi
1079 5507 1363 5564 reconditi
1388 5515 1524 5565 sunt
1550 5513 1828 5580 martyres

171 5583 420 5658 Primus,
454 5597 513 5646 et
536 5592 892 5664 Felicianus,
935 5597 995 5652 in
1046 5604 1237 5654 monte
1281 5597 1562 5654 Aventino
1590 5603 1826 5655 sanctus

166 5671 525 5772 Bonifacius,
577 5686 637 5737 et
675 5681 736 5738 in
784 5691 974 5743 monte
1002 5687 1145 5744 Nola
1184 5691 1380 5745 sancta
1405 5687 1644 5747 Tatiana
1677 5701 1827 5760 pau-

164 5771 268 5819 sat.
315 5785 345 5816 ι»

1946 4572 2354 4660 Aurelianum
2393 4573 2662 4660 bifariam
2706 4576 3092 4660 dividebatur,
3139 4580 3322 4660 utiex
3355 4572 3592 4660 Tabulis

1947 4643 2334 4716 Fabrettianis
2365 4645 2532 4716 paulo
2561 4645 2710 4701 infra
2746 4643 3122 4716 spectabitur.
3149 4649 3398 4704 Dubium
3426 4650 3585 4704 exci-

1947 4714 2178 4770 tabatur
2193 4716 2264 4790 ab
2281 4715 2530 4790 eruditis
2549 4714 2936 4790 scriptoribus
2957 4720 3372 4790 antiquitatum
3394 4720 3591 4775 Roma-

1947 4799 2150 4870 narum
2181 4788 2248 4841 de
2272 4787 2665 4870 via“Cornelia,
2688 4803 2822 4846 num
2848 4787 3413 4870 essetconstituenda
3440 4792 3590 4870 inter

1945 4856 2237 4912 Aureliam
2271 4863 2326 4911 et
2351 4859 2717 4914 Portuensem
2751 4879 2765 4927 ς
2794 4873 2864 4914 an
2901 4863 3092 4928 potius
3121 4863 3270 4916 inter
3291 4859 3584 4914 Aureliam

1945 4941 2010 4981 ac
2039 4927 2486 4996 Triumphalem.
2520 4930 2802 4984 Malebant
2831 4927 3097 4986 nonnulli
3137 4931 3243 4985 hoc
3269 4932 3584 4985 secundum

1944 5004 1998 5052 et
2025 4998 2371 5084 colligebant
2396 5011 2464 5051 ex
2488 4999 2696 5079 ordine
2727 5001 2840 5054 viis
2875 5001 3095 5084 leisde‘m
3126 5006 3454 5084 constanter
3482 5007 3587 5084 at:

1944 5069 2294 5142 tributo_per
2325 5069 2926 5142 inscriptionespaulo
2957 5076 3088 5127 ante
3112 5073 3434 5142 productas.
3465 5072 3581 5128 Alii

1942 5138 2314 5214 praeferebant
2335 5139 2598 5214 primum
2613 5138 2764 5214 illud
2784 5147 3088 5214 assertum,
3112 5138 3297 5200 secuti
3325 5145 3585 5201 auctori-

1942 5217 2110 5297 tatem
2139 5212 2292 5297 lgosii
2315 5217 2379 5297 et
2405 5211 2671 5293 Aringhii
2695 5211 3142 5297 Romae-subterr
3173 5258 3184 5271 .
3224 5216 3325 5271 lib.
3364 5231 3422 5297 ιι³
3455 5230 3578 5297 cap.

1942 5279 2027 5350 Η,
2058 5295 2112 5336 η.
2140 5281 2210 5365 8,⁸
2232 5283 2442 5369 quibus
2473 5279 2659 5369 vis—um
2693 5283 2824 5369 fuit,
2851 5285 2907 5369 id
2941 5287 3223 5369 coh_.erere
3262 5279 3582 5369 proximius

1938 5368 2084 5439 cum.
2101 5355 2247 5409 actis
2387 5360 2751 5439 martyrum,
2778 5357 3020 5439 Act_a__ab
3043 5361 3135 5416 his
3163 5355 3497 5439 auctoribus
3520 5358 3577 5439 in

1941 5425 2189 5502 medium
2218 5426 2578 5502 prolataesse
2600 5425 2856 5502 arbitror
2874 5430 2998 5502 illa,
3029 5428 3283 5502 quaeipsi
3306 5427 3578 5484 exhibent

1938 5497 2123 5570 capite
2149 5501 2308 5551 sexto
2327 5498 2547 5553 decimo
2565 5498 2819 5567 ejusdem
2844 5497 3003 5570 libri,
3029 5497 3150 5556 nem
3161 5512 3225 5568 pe
3237 5507 3574 5570 sanctarum

1935 5569 2224 5640 virginum
2256 5573 2311 5623 et
2337 5574 2648 5638 martyrum
2680 5571 2916 5639 Ruﬁnae,
2947 5569 3012 5627 ac
3030 5569 3319 5640 Secundae,
3355 5585 3572 5628 necnon

1935 5639 2183 5695 aliorum
2209 5645 2519 5713 martyrum
2541 5641 2731 5710 Marii,
2754 5643 3005 5710 Marthae,
3023 5639 3344 5713 Audifacis,
3365 5643 3577 5699 etAba-

1935 5723 2064 5784 cum
2083 5727 2096 5764 :
2113 5723 2260 5784 quos
2263 5711 2465 5784 eadem
2481 5712 2629 5784 Acta
2639 5718 2964 5784 asseverant
2985 5727 3086 5784 pro
3101 5711 3574 5771 Christo‘necatos

1933 5779 2115 5838 fuisse
2132 5779 2230 5838 ’via
2249 5781 2513 5839 Cornelia
2535 5782 2812 5840 milliario
2845 5779 3068 5843 decimo
3084 5788 3276 5858 tertio,
3302 5787 3361 5842 in
3393 5785 3571 5842 fundo
