3998 6176
393 265 501 327 379

1176 266 1269 325 Αι)
1309 267 1746 328 ANASTASIUM
1768 234 2307 327 ’PROLEGOMENA
2349 266 2528 323 sorr.
2585 262 3013 323 ROM.-—VATIC.

3689 257 3801 318 380

392 401 517 452 cata
532 395 711 468 Bassi,
732 394 906 468 ubiet
925 397 1107 468 Massa
1121 394 1395 468 Candida,
1409 400 1464 451 et
1483 396 1644 465 Sylva
1660 396 1933 463 Candida,
1953 410 2052 467 per
2073 395 2131 455 A
2233 396 2652 463 Quartadecima
2696 400 2880 468 parta,
2928 399 2979 450 et
3024 394 3128 468 via"
3158 391 3428 468 Aurelia,_
3458 405 3581 461 quae
3638 392 3799 446 modo

395 467 701 538 pontiﬁcen
715 466 997 522 attributa
1013 467 1155 521 Card
1167 466 1304 522 inali
1320 469 1591 537 episcopo
1606 470 1904 525 Portuensi
1922 466 2051 524 sua-

392 539 529 596 dent
555 538 884 593 memoratis
913 538 1269 608 auctoribus,
1298 545 1361 594 ut
1383 541 1531 595 viam
1562 540 1881 596 Corneliam
1906 540 2052 596 diri-

431 616 530 664 ant
544 609 694 664 inter
711 608 1000 664 Aureliam
1015 616 1071 664 et
1086 611 1694 667 Portuensem.‘Verum
1713 612 1761 667 si
1781 612 1919 667 Acta
1933 612 2050 667 lau-

431 680 995 754 atauconsiderentur
1020 686 1252 754 attente,
1281 685 1348 754 et,
1367 681 1489 739 loca
1536 684 1735 738 Massai
1764 697 1828 738 ac
1871 683 2048 754 Sylva:

392 751 659 807 Candidas
674 765 786 807 una
799 766 926 808 cum
947 752 1179 821 prsidiis
1193 753 1490 822 proximis,
1505 751 1941 810 sanctaaRuﬁnai
1955 768 2049 810 no-

394 823 547 879 mine
560 824 777 879 idcirco
793 824 1042 891 donatis,
1058 824 1207 894 quod
1228 824 1507 895 hodieque
1520 827 1788 894 retinent,
1808 825 2042 881 insimul

392 900 815 964 comparentur,
845 896 1160 964 priesertim
1204 895 1262 949 in
1290 897 1780 953 emendatioribus
1802 897 2041 952 Tabulis

391 965 873 1038 Cborographicis
889 966 1013 1036 agri
1032 966 1294 1035 Romani,
1316 980 1459 1038 quas
1478 969 1664 1024 edidit
1681 978 1799 1024 tum
1823 968 2047 1024 Fabret~

394 1045 488 1095 tus
507 1040 568 1093 V.
583 1038 641 1092 C.
663 1037 1031 1109 ejusdemque
1047 1038 1170 1108 agri
1184 1051 1249 1092 ac
1261 1037 1593 1095 caeterarum
1616 1040 1779 1096 vrbis
1794 1040 2043 1109 antiquiv

393 1114 573 1166 tatum
592 1108 1129 1181 exudiligentissimo
1146 1110 1487 1181 vestigatore
1532 1125 1627 1180 per
1641 1108 2045 1179 .‘tissimusju—

389 1181 497 1253 dex
520 1180 776 1253 omnium
801 1181 1091 1253 sententia
1111 1180 1364 1253 habitus,
1394 1181 1452 1237 in
1478 1182 1626 1239 libro
1646 1183 1717 1238 de
1734 1182 2048 1253 Aquaiduc-

391 1252 569 1316 tibus,
595 1257 713 1326 tum
736 1251 904 1326 in_iis
921 1266 1065 1326 quas
1084 1252 1140 1326 in
1160 1251 1463 1326 amplioris
1481 1268 1696 1324 mappae
1718 1251 1897 1326 ﬁgura
1939 1267 2044 1308 ac-

389 1329 585 1379 curate
613 1323 1127 1395 admodumincidi
1150 1325 1373 1379 curavit
1397 1338 1466 1381 ex
1515 1323 1907 1395 praestantium
1933 1338 2044 1380 an-

404 1398 786 1464 tiquariorum
818 1394 1108 1467 rsutfragio
1154 1395 1492 1452 Dominicus
1518 1394 1590 1452 de
1618 1396 1866 1466 Rubeis;
1900 1397 2037 1465 haic,

393 1467 648 1539 inquam,
672 1466 864 1539 omnia
886 1466 935 1522 si
959 1465 1347 1539 conferantur,
1396 1481 1558 1524 nemo
1604 1482 1715 1523 non
1756 1465 2042 1538 intelliget

395 1537 711 1607 perspicue,
777 1538 1098 1593 Corneliam
1154 1540 1303 1594 viam
1337 1537 1422 1594 ex
1466 1539 1711 1595 Aureliae
1760 1540 1916 1595 bivio
1959 1537 2036 1594 ad

387 1608 695 1663 Tabernam
723 1609 935 1664 dictam
967 1610 1056 1663 del
1091 1611 1371 1665 Pidocchio
1420 1625 1594 1680 prope
1633 1611 1853 1666 vineam
1895 1612 2040 1666 Car-

393 1680 614 1753 pineam
645 1680 826 1753 altera
872 1680 944 1736 ab
994 1681 1138 1737 Urbe
1184 1682 1373 1751 lapide
1411 1683 1577 1752 juxta
1623 1683 1833 1738 ductus
1876 1695 2038 1753 aquae

384 1752 639 1836 Trajana:
684 1751 990 1836 Sabatinai,
1050 1751 1641 1836 seu_Braccianensis,
1693 1768 1724 1810 a
1772 1751 1946 1836 Paulo
1993 1752 2039 1808 V
2069 1775 2121 1836 Β

389 1824 720 1879 restitutore
741 1824 910 1879 dictae
936 1824 1104 1895 Aqua
1146 1827 1336 1887 Paola,
1391 1826 1753 1881 dextrorsum
1812 1826 2038 1880 ﬂectere

383 1908 581 1951 versus
609 1895 1057 1969 Triumphalem,
1090 1910 1155 1952 ac
1184 1897 1362 1968 dirigi
1412 1897 1480 1952 ad
1529 1911 1726 1969 agrum
1788 1898 2039 1969 Caereta-

387 1980 557 2041 num;
589 1968 683 2041 sed
733 1968 1160 2041 itauproximam
1202 1969 1465 2041 progredi
1493 1968 1597 2023 viai
1652 1968 1920 2041 Aureliae,
1973 1973 2039 2022 ut

383 2037 576 2111 eadem
607 2037 901 2111 Arenaria,
928 2044 984 2094 et
1012 2037 1407 2111 Martyriafac
1437 2040 1761 2096 caemeteria
1805 2041 2037 2111 utrique

384 2108 502 2162 Vite
532 2109 716 2181 aptari
746 2114 817 2181 et
845 2111 1129 2181 assignari
1158 2108 1429 2181 'posSint,
1466 2112 1743 2167 Cornelia:
1789 2108 2033 2179 scilicet,

387 2184 559 2249 atque
579 2178 863 2250 Aureliai:
900 2178 1010 2236 non
1036 2178 1202 2238 secus
1221 2197 1285 2237 ac
1332 2184 1387 2238 in
1417 2178 1577 2239 Actis
1631 2183 1721 2239 SS.
1778 2178 2032 2250 Eusebii,

388 2255 445 2305 et
474 2249 791 2326 sociorum,
815 2251 1111 2326 productis
1134 2253 1204 2326 ab
1233 2255 1517 2326 Aringhio
1546 2254 1648 2310 lib.
1678 2268 1740 2325 ιι,
1773 2268 1897 2323 cap.
1946 2249 2032 2326 454,

391 2318 554 2397 n._3,
577 2322 794 2397 sepulti
817 2318 1093 2397 dicantur
1134 2325 1286 2381 beati
1325 2318 1601 2397 martyres
1654 2318 1761 2380 non
1790 2318 1943 2393 longe
1966 2318 2035 2377 ab

390 2392 524 2446 urbe
572 2395 737 2447 Roma
774 2395 1037 2448 milliaria
1088 2402 1237 2451 sea-to
1280 2399 1337 2451 in
1389 2392 1663 2452 Arenaria
1700 2400 1845 2450 inter
1888 2392 2035 2448 ciam

386 2463 673 2537 Aureliam
739 2470 789 2519 et
866 2468 1284 2537 Triumphalem.
1364 2468 1714 2525 Consulatur
1786 2465 2034 2522 Fabretti

389 2534 875 2610 Tabulatinserta
904 2534 1152 2610 libro'de
1181 2540 1636 2610 Aquteductibus
1666 2543 1791 2609 post
1829 2550 2038 2610 nume-

389 2620 515 2661 rum
546 2604 669 2677 283,
705 2608 761 2663 in
791 2609 900 2664 line
927 2604 1361 2667 dissertationis
1385 2604 1680 2667 secundae:
1717 2608 2035 2677 Constabit,

387 2692 456 2753 e_x
482 2685 642 2753 porta
671 2680 906 2753 Aurelia
948 2683 1214 2753 Procopii,
1259 2696 1430 2752 quam
1485 2680 1819 2737 Willelmus
1876 2685 2038 2753 vocat

392 2748 803 2829 Qarneliumhet
833 2752 889 2805 S.
921 2754 1086 2829 Petti,
1109 2748 1449 2829 pervallem
1501 2753 1879 2829 adhaerentem
1918 2750 2040 2829 _ba-:

387 2817 569 2893 silicai
604 2820 895 2893 Vaticana:
937 2836 969 2877 a
1015 2817 1347 2879 Fornaci'bus
1386 2824 1747 2893 appellatam,
1803 2821 2035 2892 perduci

386 2891 533 2967 uiam
564 2890 864 2967 Aureliam
890 2894 1099 2967 Novam
1140 2890 1549 2967 (assurgentem
1577 2896 1645 2967 ad
1672 2890 1848 2967 colles
1876 2893 2037 2949 occi-

387 2960 645 3036 dentales
684 2969 809 3036 post
838 2960 1215 3022 basilicam‘S.
1254 2960 1442 3036 Petri).
1474 2966 1728 3035 perduci,
1778 2966 2032 3035 inquam,

387 3033 537 3113 viam
574 3034 843 3113 aurelium
881 3050 1075 3113 nouam
1104 3038 1173 3092 ad
1208 3033 1691 3113 vestigiajveteris
1713 3033 2037 3113 viai,:cujus

390 3104 579 3171 portio
609 3104 795 3161 adhuc
844 3106 1057 3161 visitur
1109 3104 1394 3163 constrata
1426 3108 1591 3163 silice
1635 3109 1785 3163 inter
1816 3104 2034 3163 vineam

386 3144 735 3249 (Earpineani
763 3183 819 3232 et
846 3144 1173 3249 Castellumu
1190 3144 1394 3249 ian“;
1396 3144 1591 3235 93.3125
1918 3179 2038 3232 Bu—
2066 3144 2113 3207 Ο

387 3257 560 3300 rana:
590 3251 648 3300 et
671 3247 739 3302 ad
771 3247 1084 3304 Tabernam
1135 3250 1223 3305 del
1262 3247 1553 3305 Pidocchi‘o
1583 3250 1877 3307 Aureliam
1926 3262 2038 3304 no-

388 3316 829 3399 vamdivididn
878 3319 1119 3399 bivium,
1164 3323 1333 3399 cujus
1380 3322 1523 3377 bivii
1567 3322 1859 3399 dexterior
1907 3334 2038 3399 pars

385 3387 746 3464 Triumphali
780 3397 838 3446 et
885 3387 1115 3449 Cassia!
1160 3387 1441 3464 tantisper
1509 3396 1784 3450 accedens
1824 3387 2038 3461 accipit

388 3471 591 3514 nomen
632 3462 735 3516 uiae
793 3464 1076 3528 Corneliae,
1120 3462 1360 3521 sinistra
1399 3479 1533 3522 vero
1577 3466 1787 3520 retinet
1832 3475 2035 3519 nomen

385 3530 631 3607 Aurgliai
662 3548 831 3598 novae,
882 3535 1063 3592 donec
1110 3550 1414 3607 progressu
1456 3535 1606 3593 facto
1647 3550 1746 3606 per
1789 3534 2033 3607 fundum

387 3602 478 3656 del
496 3603 844 3682 ‘Parcareccio
878 3607 1047 3682 juxta
1075 3602 1347 3682 Tabulam
1396 3602 1684 3682 Dominici
1710 3607 1780 3664 de
1808 3605 2037 3682 _l_{ubeis

388 3677 677 3750 pertingat
700 3677 769 3731 ad
796 3678 1070 3746 prsidium
1115 3680 1170 3734 S.
1204 3680 1422 3736 Ruﬁnai
1466 3680 1752 3750 hodieque
1790 3679 2033 3739 dictum.

386 3744 751 3800 dextrorsum
783 3744 843 3801 se
867 3750 1175 3805 extendens
1198 3764 1398 3807 versus
1417 3752 1568 3806 viam
1625 3744 1947 3811 Corneliam,
1979 3753 2037 3804 et

389 3815 791 3889 sinistrorsum
813 3818 897 3889 ad,
915 3819 1136 3886 Sylvam
1157 3822 1484 3889 Candidam,
1514 3822 1785 3877 tredecim
1811 3820 2037 3876 millia—

389 3884 555 3943 ribus
579 3885 650 3960 ab
681 3887 821 3960 urbe
845 3884 1111 3945 dissitam
1139 3904 1311 3960 prope
1335 3884 1557 3946 Larium
1583 3893 1829 3946 dirutum
1854 3911 1870 3946 :
1900 3891 2035 3947 inde

387 3971 520 4013 vero
548 3958 782 4012 Aurelia
823 3974 964 4014 nova
994 3958 1193 4017 versus
1236 3958 1465 4017 ueterem
1510 3962 1911 4018 sinistrorsum
1944 3961 2034 4017 si—

390 4029 769 4103 nuataeidem
799 4033 969 4103 veteri
983 4032 1244 4099 Aureliae,
1277 4033 1549 4103 jungitur
1569 4047 1768 4089 versus
1788 4032 2032 4088 fundum

390 4100 537 4155 delia
566 4100 839 4155 Bottacci'a
870 4102 1061 4159 tribus
1086 4100 1322 4160 circiter
1353 4100 1653 4160 m'illiariis
1679 4104 1951 4160 dissitum
2001 4116 2034 4158 a

390 4171 449 4245 δ,
484 4173 704 4245 Ruﬁna,
737 4178 792 4228 et
813 4186 846 4228 a
870 4174 1237 4239 Porcareccia,
1270 4174 1370 4231 ubi
1402 4177 1635 4231 Aurelia
1665 4192 1804 4229 naua
1834 4187 2034 4245 parum

386 4242 829 4313 disjungebatur
852 4258 884 4300 a
914 4246 1177 4303 Cornelia
1229 4247 1592 4303 dextrorsum
1621 4242 1885 4302 tendente
1905 4259 2039 4300 ver-

389 4314 697 4388 s_us_Ca3re._
718 4314 866 4388 Idem
896 4316 1194 4373 Fabrettus
1221 4332 1455 4374 numero
1486 4315 1587 4374 400
1605 4318 1822 4374 laudati
1847 4317 2038 4388 operis

388 4384 459 4458 de
486 4384 939 4458 Aquaeductibus
958 4390 1296 4458 promiserat
1326 4388 1465 4457 fore,
1494 4396 1560 4445 ut
1583 4391 1695 4446 Deo
1723 4384 1900 4445 dante
1920 4389 2038 4444 baic

391 4456 620 4531 plenius
658 4456 971 4531 exponeret
1000 4460 1057 4514 in
1103 4474 1271 4531 opere
1317 4462 1431 4530 jam
1458 4456 1593 4516 tum
1637 4462 1918 4530 promisso
1961 4465 2035 4515 De

388 4528 540 4597 Agro
582 4530 915 4601 suburbano,
966 4538 1022 4587 et
1068 4528 1484 4587 suburbicario:
1530 4528 1700 4601 cujus
1746 4532 2034 4590 desiderio

389 4601 765 4675 cumueruditi
802 4607 1123 4669 teneantur,
1155 4610 1399 4675 poscunt
1443 4602 1513 4659 ab
1542 4603 1867 4661 heredibus
1920 4604 2032 4659 viri

388 4672 732 4747 clarissimi,
750 4679 812 4747 et
842 4676 1054 4747 optime
1077 4672 1392 4747 de'litteris
1421 4676 1633 4745 meriti,
1663 4681 1725 4732 ut
1748 4676 2035 4747 produca-r

387 4748 485 4820 tur
516 4744 575 4799 in
602 4744 887 4820 publicam
922 4746 1125 4820 lucem,
1150 4746 1370 4820 siforte
1385 4744 1682 4820 contingat
1702 4744 1763 4804 id
1793 4746 2034 4818 reperiri

389 4815 543 4871 inter
570 4817 788 4887 Scripta
809 4818 1062 4887 ejusdem
1088 4818 1325 4875 inedita.

458 4889 539 4943 Ex
580 4887 739 4961 hisce
779 4889 963 4961 igitur
1011 4889 1170 4945 Actis
1214 4895 1604 4961 martyrum,a
1640 4889 1826 4961 Basia,
1865 4890 2037 4946 Seveo

389 4971 547 5031 rano,
579 4967 635 5016 et
661 4960 945 5031 Aringhio
974 4961 1289 5031 productis,
1320 4960 1411 5018 SS.
1458 4960 1694 5027 Rullum,
1726 4976 1792 5018 ac
1814 4963 2038 5017 Secun—

386 5028 495 5112 dis,
527 5043 629 5084 nec
652 5044 760 5087 non
777 5028 866 5089 SS.
895 5028 1082 5104 Marii,
1107 5034 1361 5112 Martha},
1384 5032 1654 5112 Audiiax.
1680 5039 1736 5090 et
1758 5034 2033 5112 Abacum.

386 5105 439 5155 si
470 5112 536 5182 ea
553 5111 957 5182 comparentur
977 5119 1115 5182 cum_
1127 5105 1363 5182 Tabulis
1380 5106 1516 5177 Agri
1538 5106 1799 5173 Romani,
1815 5110 1881 5182 _et
1904 5117 2036 5182 cum

388 5172 628 5239 scriptis
656 5172 830 5229 editis
865 5174 936 5230 ab
978 5177 1380 5231 eruditissimo
1428 5172 1637 5232 nostris
1678 5172 1864 5231 aetatis
1910 5177 2036 5232 viro

388 5242 671 5319 Fabretto,
719 5245 974 5319 omnium
1000 5247 1451 5319 diligentissime
1486 5251 1707 5319 versata
1726 5252 1899 5317 atque
1938 5248 2036 5303 in-

388 5320 542 5388 tento
571 5314 630 5369 in
652 5313 1311 5388 perlustrandarégione
1337 5316 1765 5388 suburbicaria,
1807 5313 2037 5375 videtur

388 5384 899 5466 mihiconﬂrmari
934 5384 1170 5466 positus
1219 5390 1325 5444 viai
1368 5388 1665 5466 Corneliae,
1704 5384 1762 5466 _a'
1794 5390 2038 5466 vetustis

388 5456 872 5525 inscriptionibus
930 5456 1222 5515 indicatus
1272 5459 1458 5515 medio
1508 5456 1661 5516 loco'
1699 5460 1849 5516 inter
1890 5463 2038 5515 viam

391 5526 815 5603 Triumphalem,
862 5535 913 5603 et
947 5529 1223 5603 Aurelias
1252 5532 1412 5600 duas,
1453 5536 1679 5586 veterem
1718 5549 1782 5586 ac
1819 5548 2034 5603 novam,

388 5609 491 5672 nec
512 5611 623 5672 non
659 5599 938 5672 indicatio
966 5601 1229 5672 martyrii
1261 5616 1326 5658 ac
1367 5599 1677 5659 cirmeterii
1707 5599 2035 5660 sanctorum

389 5668 928 5749 hiqdescriptorum
959 5679 1089 5749 apte
1113 5668 1441 5749 designari:
1479 5675 1827 5749 quodetiam
1856 5689 2039 5746 appa-

387 5739 540 5817 rebit
555 5754 623 5795 ex
643 5739 1115 5817 adnotationibus
1138 5739 1418 5817 proiimis
1429 5739 1796 5808 ad'Willelmi
1820 5739 2036 5804 text-um

386 5810 459 5867 de
480 5817 666 5881 parta,
694 5817 745 5867 et
770 5815 860 5868 uia
889 5810 1144 5871 Aurelia.

2177 471 2353 523 sancti
2395 470 2679 523 Pancratii
2697 465 2944 532 ﬁdicitur,
2968 471 3072 521 etc.
3109 467 3177 519 Et
3229 467 3290 518 in
3331 465 3526 532 quinta
3575 468 3800 517 sanctus

2156 540 2444 595 Basilides.
2495 540 2817 596 Duadecimo
2847 541 2997 593 intra
3031 538 3220 592 Urbem
3242 536 3505 590 milliaria
3533 536 3593 589 in
3622 540 3803 590 monte

2158 610 2316 666 Caelio
2339 614 2517 666 sancti
2550 614 2806 681 Joannes,
2850 615 2899 663 et
2940 610 3164 681 Paulus.
3195 610 3255 681 In
3302 607 3407 661 hoc
3445 610 3608 681 textu
3637 606 3804 662 Wil-

2160 682 2309 739 lelmi
2344 683 2732 752 interpunctio
2767 676 3065 738 manifeste
3111 676 3539 752 vitiata_turbat
3565 691 3803 752 sensum

2155 766 2221 825 ac
2250 749 2705 825 topographiam.
2737 754 2838 809 Sed
2870 759 3063 825 parata
3093 755 3179 825 est
3204 749 3499 805 restitutio
3531 749 3805 825 genuinae

2157 820 2443 894 lectlonis,
2492 820 2675 895 'quam
2715 820 2907 881 crasso
2936 822 3241 895 admodum
3272 833 3465 895 errore
3515 820 3805 895 subvertit

2154 896 2342 973 editio
2352 891 2886 973 Francofurdensis,
2907 894 2989 973 vel
3008 894 3191 973 codex
3206 892 3358 973 unde
3372 892 3481 973 ista
3498 891 3805 973 desumpta

2154 965 2288 1023 fuit.
2320 969 2478 1023 Mens
2506 973 2629 1023 erat
2657 967 2981 1037 scriptoris,
3014 979 3047 1021 a
3072 969 3232 1035 porta
3262 962 3496 1037 Aurelia
3527 976 3626 1032 per
3650 964 3806 1018 viam

2152 1039 2547 1109 cognominem
2582 1035 2937 1108 procedentis
2957 1036 3024 1109 ad
3053 1035 3621 1109 agrumBomanum,
3649 1048 3808 1109 enu-

2154 1106 2369 1165 merare
2394 1117 2519 1180 post
2539 1106 2786 1179 quatuor
2803 1108 3074 1165 ecclesias
3099 1106 3406 1162 viciniores
3424 1106 3596 1180 etiam
3621 1106 3811 1180 quin-

2152 1186 2265 1236 tam
2295 1195 2365 1237 ex
2394 1176 2744 1252 praecipuis,
2779 1195 2903 1252 quae
2958 1180 3015 1235 in
3071 1176 3511 1252 progressuviai
3554 1176 3810 1232 Aurelia:

2150 1248 2484 1320 occurrunt,
2512 1259 2567 1308 et
2596 1248 2903 1321 'memoria,
2954 1254 3055 1307 aut
3084 1248 3431 1321 cmmeteriis
3462 1252 3806 1321 martyrum,

2152 1337 2415 1407 eorumve
2437 1319 3089 1407 reliquiisdecorantur.
3113 1319 3298 1407 Quare
3328 1319 3628 1407 prioribhus
3650 1333 3810 1407 qua-

2152 1400 2286 1450 tuor
2314 1391 2614 1451 recensitis
2640 1395 2869 1451 subdit:
2911 1400 2962 1449 et
2980 1396 3039 1447 in
3061 1395 3258 1463 quinta
3277 1396 3497 1446 sanctus
3529 1391 3810 1445 Basilides

2151 1467 2463 1521 duodecimo
2506 1472 2662 1521 extra
2704 1468 2895 1521 Urbem
2940 1464 3059 1535 (seu
3090 1466 3241 1531 infra
3303 1463 3515 1526 Urbem,
3558 1468 3622 1517 ut
3665 1468 3814 1517 mtas

2152 1537 2253 1594 illa
2285 1536 2516 1607 ferebat)
2558 1539 2838 1592 milliaria.
2883 1535 3172 1606 Completa
3226 1535 3564 1607 recensione
3603 1540 3814 1607 porta—

2149 1623 2298 1671 rum,
2326 1615 2382 1665 et
2410 1605 2631 1667 viarum
2661 1618 2818 1665 extra
2849 1605 3050 1664 Urbem
3082 1606 3426 1662 cmmeteriis
3454 1605 3810 1677 insignium,

2148 1681 2432 1736 transibat
2453 1681 2520 1736 ad
2550 1682 2933 1737 enumeranda
2958 1680 3297 1740 sanctuaria,
3331 1683 3396 1734 ut
3446 1678 3567 1746 ipse
3607 1676 3814 1733 nomi-

2150 1758 2266 1819 nat,
2309 1753 2559 1808 Romana
2608 1753 2761 1807 intra
2790 1751 3070 1807 ambitum
3122 1763 3440 1813 murorum,
3472 1752 3530 1803 et
3578 1762 3813 1818 poma:-

2149 1823 2298 1878 rium
2329 1823 2498 1879 Urbis
2524 1824 2728 1893 posita.
2757 1823 2944 1892 Quare
2980 1835 3178 1877 novam
3231 1820 3529 1890 periodum
3575 1819 3815 1875 consti-

2148 1900 2320 1951 tuunt
2346 1895 2447 1950 illa
2479 1892 2645 1951 verba
2670 1897 2735 1949 In
2760 1899 2937 1950 mante
2962 1892 3122 1949 Cailia
3161 1898 3291 1946 sunt
3321 1896 3589 1960 martyres
3629 1893 3808 1946 Joan-

2146 1981 2261 2030 nes,
2308 1971 2358 2021 et
2395 1967 2599 2020 Paulus
2624 1969 2685 2019 in
2722 1982 2824 2020 sua
2870 1966 3046 2028 domo,
3086 1980 3206 2034 quae
3254 1966 3407 2030 facta
3456 1968 3536 2019 est
3582 1964 3814 2017 ecclesia

2144 2041 2265 2106 post
2292 2054 2475 2091 eorum
2499 2039 2848 2105 martyrium,
2875 2042 3007 2105 etc.,
3042 2050 3168 2107 qua:
3196 2034 3367 2090 verba
3402 2034 3544 2107 male
3606 2034 3727 2089 incl
3737 2049 3816 2090 u-

2146 2105 2298 2163 Serat
2328 2114 2521 2164 textus
2553 2109 2786 2178 periodo
2835 2105 3203 2177 praecedenti:
3235 2119 3419 2178 neque
3443 2105 3598 2178 enim
3623 2119 3810 2178 umons

2145 2179 2379 2250 Coelius,
2407 2184 2464 2235 et
2495 2175 2705 2236 titulus
2732 2175 3092 2235 SS.’Jaannis
3133 2175 3412 2250 etAPauli,
3461 2176 3531 2233 ad
3576 2175 3809 2250 Clivum

2144 2247 2630 2320 Scauri'erectus,
2663 2256 2719 2307 et
2772 2250 3113 2306 umbilicum
3172 2247 3344 2304 Urbis
3392 2248 3806 2318 propemodum

2144 2323 2450 2392 attingens,
2479 2322 2726 2378 indicari
2769 2335 3021 2393 unquam
3064 2325 3247 2391 potest
3290 2320 3603 2376 duodecima
3650 2322 3807 2375 intra

2152 2394 2343 2447 Urbem
2371 2394 2652 2447 milliaria.

2214 2464 2447 2519 Constat
2470 2465 2665 2533 etiam,
2696 2463 2996 2520 lectionem
3037 2463 3159 2519 sola
3196 2463 3664 2533 interpunctione
3700 2474 3805 2518 suo

2150 2534 2273 2608 loco
2301 2536 2567 2608 restituta
2597 2536 2825 2608 integre
2841 2535 3194 2608 reparari,si
3219 2534 3551 2608 observetur
3568 2534 3809 2608 distan-

2148 2606 2227 2662 tia
2257 2606 2569 2662 caimeterii
2592 2607 2644 2661 S.
2677 2606 2951 2663 Basilidis
2980 2608 3073 2662 via
3120 2606 3372 2674 Aurelia,
3416 2618 3584 2674 quam
3634 2606 3807 2675 Beda,

2147 2683 2203 2750 et
2231 2678 2352 2750 Ado
2382 2679 2507 2733 suis
2524 2678 2581 2750 in
2606 2678 3032 2750 Martyrologiis
3053 2684 3343 2750 recensent
3362 2676 3642 2750 milliaria
3679 2685 3809 2732 ter-

2148 2749 2456 2805 tiodecimo
2486 2749 2556 2804 ab
2586 2748 2765 2817 Urbe,
2787 2750 2873 2805 uti
2924 2748 3299 2805 observarunt
3330 2748 3549 2804 laudati
3594 2755 3812 2804 aucto—

2150 2833 2239 2875 res
2267 2821 2454 2875 Romai
2475 2821 2879 2885 subterranea},
2907 2821 3099 2877 eadem
3129 2820 3452 2876 testimonia
3495 2817 3812 2875 referentes

2147 2890 2250 2947 lib.
2287 2905 2347 2959 ιι,
2381 2905 2501 2961 cap.
2540 2890 2626 2953 45,
2660 2891 2788 2949 ιι.5.
2813 2895 3162 2948 Enumerant
3184 2891 3242 2947 bi
3263 2906 3390 2947 cum
3417 2890 3562 2946 Beda
3585 2890 3813 2946 Basili-

2145 2962 2246 3034 des
2276 2963 2442 3032 duos,
2498 2966 2771 3034 martyrio
2801 2964 3031 3020 aﬂ‘ectos
3060 2964 3147 3019 via
3188 2963 3455 3019 Aurelia:
3490 2961 3810 3017 Basilidem

2148 3032 2257 3089 sub
2280 3033 2614 3106 Aureliano,
2643 3032 2811 3105 cujus
2838 3035 3049 3092 natalis
3078 3036 3204 3091 dies
3223 3034 3629 3106 celebraturiv
3664 3034 3808 3091 Idus

2145 3105 2325 3172 Junii,
2358 3120 2487 3162 cum
2515 3104 2689 3162 sociis
2716 3108 2980 3176 Tripode,
3007 3106 3285 3176 mandale,
3317 3112 3490 3175 atque
3521 3104 3661 3160 aliis
3712 3106 3811 3160 vi-

2148 3177 2319 3247 ginti,
2346 3184 2402 3233 et
2433 3178 2737 3234 Basilidem
2767 3175 3033 3248 alterum,
3062 3193 3192 3234 cum
3215 3175 3447 3248 Cyrino,
3476 3176 3722 3245 Nabore,
3754 3184 3812 3233 et

2147 3248 2389 3320 Nazario
2402 3256 2736 3305 coronatum
2756 3251 2815 3305 in
2841 3247 3239 3320 perseeutione
3252 3247 3594 3304 Diocletiani
3614 3249 3811 3320 pridie

2146 3319 2495 3391 Iduslunii.
2541 3321 2789 3377 Secundi
2836 3319 3012 3391 hujus
3056 3321 3350 3389 Basilidis,
3396 3333 3463 3375 ac
3507 3319 3808 3376 sociorum

2146 3390 2341 3516 Eassio
2365 3392 2743 3461 consignatur
2768 3390 2972 3476 quinto
3002 3392 3072 3475 ab
3101 3392 3260 3477 Urbe.
3281 3391 3499 3475 lapide,
3538 3391 3621 3445 ita
3646 3393 3809 3476 scri—

2185 3466 2312 3516 ente
2338 3462 2480 3516 Beda
2503 3480 2515 3515 :
2549 3464 2727 3516 Romae
2744 3480 2836 3516 via
2863 3464 3098 3516 Aurelia
3117 3465 3380 3516 milliaria
3401 3467 3594 3516 auinto
3613 3478 3808 3516 nassm

2185 3466 2312 3516 ente
2338 3462 2480 3517 Beda
2503 3480 2515 3515 :
2549 3464 2727 3518 Romae
2744 3462 2836 3518 via
2863 3464 3098 3518 Aurelia
3117 3465 3380 3518 milliaria
3401 3464 3594 3531 quinto
3610 3465 3808 3532 passio

2147 3532 2250 3587 SS.
2283 3533 2592 3601 Martyrum
2638 3535 2923 3598 Basilidis,
2971 3535 3181 3604 Cyrini,
3227 3534 3482 3596 Nabaris,
3522 3534 3801 3604 Nazarii:

2148 3619 2379 3673 quorum
2412 3607 2683 3661 Naborem
2729 3612 2781 3661 et
2818 3608 3121 3664 Nazarium
3148 3603 3313 3660 simul
3355 3621 3474 3660 cum
3527 3603 3807 3673 Gorgonio

2145 3680 2385 3743 martyre
2406 3677 2693 3731 transtulit
2729 3694 2763 3731 a
2809 3679 2975 3732 Roma
3022 3680 3084 3731 in
3127 3676 3366 3733 Galliam
3403 3675 3808 3743 Grodegandus

2145 3747 2396 3801 Metensis
2440 3750 2738 3818 episcopus,
2765 3750 3309 3819 permittenteMPaulo
3346 3764 3497 3818 papa
3524 3749 3803 3819 Romano,

2143 3833 2288 3891 anno
2326 3816 2628 3874 Dominicz‘
2660 3816 3069 3891 Incarnatianis
3097 3816 3224 3891 765,
3275 3816 3536 3891 διάξειιί
3565 3816 3810 3891 ειξιὶιιιιέ-

2146 3888 2340 3963 lantur
2389 3891 2796 3963 martyrologia
2853 3890 3110 3963 Rhebani
3155 3888 3221 3947 et'
3258 3890 3515 3963 Notkeri,
3571 3888 3804 3961 aliique

2145 3960 2471 4033 scriptores.
2504 3960 2729 4017 P’rioris
2755 3975 2887 4018 vero
2911 3962 3208 4033 Basilidis,
3239 3970 3295 4018 et
3325 3962 3614 4033 sociorum
3648 3968 3810 4033 nata-

2144 4030 2254 4086 lem
2279 4031 2454 4094 diem,
2500 4039 2557 4088 et
2594 4033 2781 4089 locum
2829 4034 3165 4090 certaminis
3198 4030 3290 4090 ita
3319 4031 3577 4089 referunt
3625 4032 3803 4088 iidem

2145 4101 2310 4169 Beda,
2356 4109 2414 4158 et
2442 4103 2564 4159 Ado
2594 4105 2661 4160 ad
2700 4118 2754 4158 tv
2811 4105 2947 4161 Idus
2991 4106 3175 4161 Junii.
3220 4108 3397 4160 Roma:
3440 4105 3532 4157 via
3565 4104 3807 4158 Aurelia

2146 4175 2509 4229 tertiodecimo
2568 4176 2774 4230 natalis
2814 4181 3128 4231 sanctarum
3186 4176 3471 4237 Basilidis,

2146 4251 2197 4303 et
2218 4245 2503 4301 Mandalis
2517 4246 2617 4301 sub
2634 4247 2938 4302 Aureliano
2953 4250 3277 4317 imperatore
3294 4249 3518 4303 Platone
3540 4247 3803 4316 preside,

2146 4323 2196 4374 et
2215 4318 2450 4371 aliorum
2476 4319 2679 4385 viginti
2701 4325 3026 4385 martyrum.
3049 4320 3175 4375 Pari
3208 4320 3280 4375 ab
3318 4317 3465 4374 Urbe
3512 4317 3807 4373 distantia

2149 4391 2209 4446 in
2234 4389 2491 4461 proxima
2532 4392 2625 4461 via
2642 4389 2900 4461 Cornelia
2928 4398 3259 4446 excavatum
3289 4390 3547 4461 legimus,
3572 4392 3809 4461 Areua—

2145 4458 2312 4523 ri'um,
2342 4459 2441 4516 ubi
2472 4460 2738 4516 decollati
2768 4469 2824 4516 et
2844 4462 3062 4518 conditi
3087 4468 3224 4517 sunt
3253 4458 3492 4530 Marius,
3526 4458 3804 4528 Audil‘ax,

2145 4540 2201 4591 et
2229 4532 2501 4604 Abacum,
2537 4538 2602 4588 ut
2630 4546 2696 4588 ex
2742 4533 3042 4589 codicibus
3070 4533 3398 4589 earumdem
3424 4532 3796 4604 Actaexpri-

2148 4604 2456 4673 mentibus,
2489 4603 2875 4673 Lateranensi,
2908 4604 3201 4661 Vaticano.
3238 4610 3296 4661 et
3313 4606 3370 4674 S,
3396 4603 3660 4669 Caeciliae,
3689 4603 3806 4658 ad-

2146 4683 2345 4736 natant
2374 4675 3009 4747 saepelaudatiBosius,
3040 4676 3372 4733 Severanus.
3406 4681 3463 4730 et
3502 4674 3809 4747 Aringhus

2146 4751 2249 4807 lib.
2286 4763 2347 4820 ll,
2380 4743 2503 4819 cap.
2539 4747 2627 4817 l6,
2653 4760 2709 4802 n.
2739 4743 2794 4801 7.
2828 4748 2934 4803 Via
2965 4747 3215 4820 Cornelia
3234 4748 3497 4803 milliaria
3516 4743 3674 4800 tertia
3697 4746 3792 4820 de-

2146 4824 2280 4876 cimo
2306 4816 2381 4873 ad
2409 4816 2688 4889 Nymphas
2713 4823 2838 4881 cata
2880 4820 3066 4874 Bassi.
3120 4819 3226 4874 Ubi
3272 4832 3403 4873 vero
3455 4816 3809 4888 quaerendus

2147 4888 2825 4970 sit__locus_ad_1\_lymplias
2846 4895 2978 4970 cati:
3004 4892 3186 4952 Bassi,
3227 4888 3588 4970 addiscimus
3611 4902 3681 4943 ex
3703 4888 3811 4970 Ἰξα-

2145 4961 2303 5019 bulis
2323 4960 2545 5016 archivi
2572 4959 2829 5015 basilica:
2846 4961 3164 5031 Vaticana;
3193 4974 3338 5032 quas
3356 4974 3493 5032 cum
3518 4959 3749 5032 inspexi
3759 4973 3816 5032 s-

2147 5041 2233 5090 set
2274 5032 2629 5101 Grimaldus,
2682 5032 2896 5101 reperit
2944 5032 3003 5087 in
3049 5029 3466 5089 donationibus
3498 5032 3555 5087 S.
3598 5029 3815 5086 Leonis

2144 5103 2369 5174 Quarti,
2404 5100 2778 5158 latifundium
2811 5104 3097 5159 Catabassi
3124 5104 3302 5159 situm
3352 5116 3479 5159 esse
3506 5103 3565 5157 in
3613 5106 3815 5157 castro

2146 5177 2303 5233 dicto
2327 5176 2554 5228 Buccei‘a
2599 5178 2741 5229 teste
2779 5174 3103 5231 Martinello
3151 5176 3210 5231 in
3254 5189 3358 5231 sua
3401 5175 3578 5229 Roma
3636 5186 3813 5230 sacra

2149 5261 2275 5318 pag.
2320 5241 2425 5302 327
2448 5262 2461 5299 :
2503 5245 2778 5318 Nympha,
2823 5246 3035 5316 inquit.
3083 5247 3373 5304 Catabassi
3401 5251 3519 5301 erat
3560 5250 3818 5318 castrum

2145 5316 2385 5375 Buccei'a:
2421 5332 2457 5370 a
2498 5316 2563 5371 S.
2600 5316 2772 5371 Leone
2805 5322 2999 5386 quarta
3040 5320 3369 5374 monasteria
3411 5318 3605 5372 Sancti
3644 5317 3819 5370 Mar-

2148 5392 2273 5459 tini,
2304 5389 2573 5459 spectanti
2600 5388 2676 5442 ad
2696 5388 2977 5443 basilicam
3011 5390 3359 5457 Vaticanum,
3398 5388 3823 5459 danatithuod

2148 5462 2305 5517 hodie
2334 5460 2648 5530 opulentum
2667 5464 2745 5515 est
2762 5460 3035 5530 praedium
3050 5461 3361 5530 umbrorum
3407 5466 3565 5515 terrae
3586 5460 3718 5521 750,
3752 5465 3824 5512 ut

2182 5645 2196 5657 .
2220 5617 2492 5674 ualymtai
2515 5617 2633 5658 ait:
2666 5617 2754 5657 ω
2779 5617 2955 5671 fundo
2992 5617 3112 5658 basi
3141 5617 3256 5659 acie
3287 5617 3563 5659 vaticanz
3576 5617 3825 5674 Bucceia

2149 5673 2482 5743 nuncupata,
2510 5679 2733 5742 eratque
2757 5676 2850 5729 uia
2874 5675 3124 5731 Cornelia
3154 5677 3311 5729 tertia
3335 5675 3540 5729 decima
3561 5673 3632 5727 ab
3668 5673 3829 5728 Urbe

2148 5746 2413 5800 milliaria
2443 5746 2556 5818 huc
2577 5745 2847 5799 translata
2887 5746 3112 5813 fuerunt
3128 5761 3353 5818 corpora
3370 5745 3475 5800 SS.
3500 5749 3829 5818 martyrum

2150 5818 2341 5880 Marii,
2384 5816 2636 5880 Marthae,
2676 5821 2725 5871 et
2764 5817 3003 5886 ﬁliarum
3049 5817 3189 5887 ejus,
3216 5816 3303 5873 'ut
3341 5818 3531 5888 scipsit
3571 5816 3829 5871 Iacobus
