4032 6168
372 259 478 319 383

1153 252 1246 310 AD
1291 251 1725 310 ANASTASIUM
1775 249 2289 310 PROLEGOMENA
2337 249 2516 306 EDIT.
2567 243 2995 304 ROM.—VATIC.

3663 234 3767 294 384

371 385 656 457 regionem
679 377 1318 457 duodecimamdictam
1339 378 1576 457 Piscina
1595 375 2018 457 Ριίριίοαλρ-οῐξ-
2043 376 2097 436 Α
2127 375 2233 457 sub
2258 373 2568 457 Aureliano
2608 369 2792 457 princi
2803 382 2880 457 pe;
2894 363 3768 457 inAeftnApatigtgluhﬁlli91,1335?-

371 448 484 515 stat
507 470 575 512 ex
601 453 772 508 Urbis
805 449 1198 520 topographia.
1228 450 1423 505 Victor
1456 450 1606 504 inter
1630 448 1745 503 alia
1773 449 2018 504 aediﬁcia

373 527 629 600 regionis
668 519 1019 600 duodecimae
1062 519 2012 600 enumerat__Ihermas_Antonini:

374 590 696 673 quibus‘ita
723 595 972 673 adhaeret
1009 592 1246 673 crepido
1285 591 1473 673 collis,
1505 597 1561 646 et
1578 590 1842 673 ambitus
1889 606 2020 673 mo—

375 662 634 735 nasterii,
695 672 866 736 atque
917 663 1172 736 ecclesia:
1215 663 1269 717 S.
1311 662 2019 736 Sabmkutiabaliquibus

372 742 543 799 Urbis
569 733 940 809 to'pographis
965 735 1260 809 proximus
1281 734 1493 809 titulus
1512 733 1565 788 S.
1593 733 1859 809 Balbinae,
1887 734 2020 791 licet

375 818 433 872 in
467 805 733 869 Aventini
792 805 936 863 colle
970 806 1324 861 constitutus
1371 806 1564 860 eadem
1611 805 1815 860 acclivi
1864 813 2020 874 parte

373 900 503 943 cum
537 888 585 938 ς.
616 881 778 944 Saba,
811 880 1041 934 dicatur
1073 880 1132 930 in
1157 878 1398 930 Thermis
1429 878 1716 932 Antonini.
1749 878 2020 932 Praeterea

375 970 546 1029 prope
575 955 844 1029 Thermas
887 949 1132 1029 easdem“
1154 952 1374 1029 reperta
1405 953 1542 1029 sunt
1567 947 1827 1029 sepulcra
1859 963 2022 1029 com-

375 1019 562 1100 plura,
581 1032 635 1081 et
655 1025 881 1100 quidem
907 1019 1336 1100 magniﬁcenter
1361 1024 1720 1100 constructa,
1740 1020 2022 1100 praecipue

375 1090 434 1157 in
481 1090 642 1154 vinea
671 1090 971 1150 'nobilium
1009 1090 1424 1146 'marchionum
1456 1090 1526 1145 de
1559 1090 1906 1146 Cavaleriis:
1958 1095 2022 1147 ut

375 1172 542 1244 plane
566 1168 894 1238 colligatur,
927 1168 1058 1219 ante
1085 1175 1282 1218 novam
1311 1160 1816 1231 ampliﬁcationem
1852 1162 2021 1217 Urbis

2127 449 2222 504 nis
2245 434 2824 512 duodecimae'utpote
2855 434 3139 509 pommrio’
3174 438 3430 512 nundum
3467 434 3767 512 inclusam,

2129 515 2609 590 potuisseinferri
2641 506 2940 590 cadavera:
2961 516 3132 579 atque
3157 511 3296 590 adeo
3325 521 3533 590 corpus
3565 506 3622 559 Β.
3647 507 3768 588 .Ta-

2129 580 2296 647 tianze
2315 589 2423 645 sub
2447 589 2649 658 Severo
2670 584 2986 640 Alexandro
3014 581 3240 636 recondi
3267 580 3522 658 potuisse
3546 580 3774 658 regione

2127 662 2464 719 duodecima
2511 659 2594 713 uti
2626 657 2762 712 Acta
2807 658 3138 718 memorant,
3183 658 3238 707 et
3269 648 3424 706 inde
3472 648 3770 704 transferri

2128 735 2196 790 ad
2253 732 2572 803 proximum
2644 723 3506 803 monasteriumCellaannovag.
3561 734 3667 802 seu
3715 721 3769 773 S.

2129 793 2306 863 Sabz'e.
2333 803 2432 859 ubi
2476 805 2668 857 nostra
2698 797 3019 855 emendatio
3066 800 3256 850 textus
3295 793 3578 848 Willelmi
3630 804 3776 846 con—

2131 877 2345 932 stituit.

2203 944 2501 1002 Fidentius
2528 943 2645 997 haec
2681 941 2952 1004 dicerem,
2985 937 3233 994 sidatum
3261 934 3468 992 fuisset
3493 935 3778 1004 inspicere

2897 980 3173 1065 librorum
3207 980 3773 1062 Malmesburiernsis:

2133 1030 2354 1074 vetusta
2382 1030 2538 1071 exem
2585 1030 2728 1068 lana
2757 1030 2858 1066 ms.
2898 1030 3173 1065 "urorum
3208 1030 3773 1062 maunesuurieusis;

2133 1104 2259 1161 qua:
2285 1089 2335 1144 si
2383 1030 2600 1161 alicugi
2627 1083 3065 1161 _qui_s_reperiat,
3107 1080 3177 1136 de
3215 1079 3432 1135 nostris
3477 1079 3781 1148 conjectu-

2135 1154 2219 1217 ris
2243 1159 2508 1217 securius
2540 1154 2848 1226 judicabit.

375 1331 3757 1364 ______________.____________._________

1154 1506 1285 1574 DE
1379 1503 2168 1576 CHRONOLOGIA
2277 1496 2985 1588 PONTIFICIA,

1537 1682 1935 1745 CESAREA
1983 1681 2092 1744 ET
2131 1679 2622 1743 CONSULARI.

444 2019 777 2075 Exhibenda
793 2031 947 2075 nunc
971 2021 1057 2074 est
1082 2016 1279 2074 brevis
1297 2015 1399 2072 illa
1429 2013 1802 2086 chronologia
1822 2025 2023 2069 consu-
2054 2006 2107 2068 B
2136 2010 2465 2082 consignari
2488 2026 2586 2083 per
2609 2012 2965 2083 consulatus,
2989 2016 3046 2068 et
3067 2025 3166 2082 per
3188 2008 3429 2080 imperia
3451 2007 3790 2079 principum

376 2109 518 2164 laris
543 2114 599 2164 et
629 2109 944 2179 pontiﬁcia,
979 2122 1150 2178 quam
1183 2105 1425 2177 promisi
1457 2110 1896 2161 consecuturam
1923 2115 2024 2173 per

377 2204 626 2267 quatuor
654 2199 845 2268 priora
877 2212 1001 2253 atrae
1016 2197 1358 2253 Christiana
1385 2196 1612 2252 saecula.
1647 2196 1714 2251 ad
1740 2208 1866 2265 qua:
1888 2207 2025 2263 per—

379 2287 613 2358 tingunt
655 2288 796 2344 Vitae
829 2287 1159 2359 pontiﬁcum
1214 2286 1395 2357 priori
1431 2287 1535 2342 hoc
1575 2291 1727 2342 tomo
1759 2288 2023 2339 notarum

379 2377 636 2432 inclusae.
672 2393 704 2434 a
735 2386 930 2434 sancto
955 2381 1117 2434 Petro
1141 2377 1208 2432 ad
1232 2377 1284 2431 S.
1320 2376 1662 2432 Silvestrum
1691 2374 1814 2442 ejus
1847 2371 2025 2427 nomi-

377 2467 470 2522 nis
514 2468 764 2538 primum
795 2487 807 2522 :
855 2472 1024 2538 prout
1067 2472 1339 2538 sequente
1372 2471 1522 2522 tomo
1547 2463 1841 2520 dabuntur
1879 2459 2025 2514 reli—

377 2555 595 2626 quae(a)
620 2570 652 2612 a
698 2557 753 2612 S.
787 2557 1062 2614 Silvestro
1100 2556 1170 2611 ad
1201 2554 1552 2625 Stephanum
1589 2553 1675 2618 VI,
1713 2562 1842 2604 cum
1875 2547 2024 2603 serie

376 2645 692 2710 temporum
727 2641 1121 2711 respondente.
1142 2643 1286 2699 Huic
1303 2648 1486 2698 tamen
1511 2653 1745 2696 summae
1777 2642 2025 2708 quatuor

375 2728 633 2797 priorum
658 2729 996 2785 saeculorum
1017 2745 1141 2786 terte
1169 2732 1510 2786 Christianae
1536 2743 1639 2784 cur
1667 2727 2025 2798 prtemitten-

373 2817 478 2872 dos
524 2817 789 2872 duxerim
847 2831 1027 2874 annos
1077 2819 1499 2890 quinquaginta
1539 2817 1791 2872 eamdem
1852 2828 2022 2870 aeram

373 2904 589 2961 Christi
625 2906 880 2975 proxime
905 2908 1298 2978 praecedentes,
1329 2921 1397 2962 ne
1429 2911 1695 2978 gravetur
1717 2905 1894 2960 lector
1920 2917 2024 2958 ac-

374 2992 564 3061 cipere
603 3008 670 3048 ex
712 2996 804 3050 his
835 3010 960 3065 quae
989 2997 1383 3065 praemonenda
1412 3009 1536 3050 esse
1568 2995 1736 3064 duco,
1769 2994 1837 3049 ad
1879 3007 2025 3048 con-

375 3081 500 3137 silii
534 3083 715 3138 nostri
773 3085 1051 3140 rationem
1105 3085 1353 3141 nitidius
1396 3084 1828 3154 declarandam;
1873 3083 2022 3140 unde

378 3171 678 3241 perspicua
725 3172 820 3227 ﬁat
851 3173 1172 3243 methodus,
1197 3179 1252 3228 et
1301 3188 1443 3230 usus
1481 3174 1733 3243 ejusdem
1770 3173 2023 3228 chrono-

375 3259 541 3330 logiaa
562 3267 942 3332 cognoscatur
969 3262 1292 3332 dispositus
1321 3263 1386 3318 ad
1427 3263 1740 3332 pleniorem
1783 3260 1941 3316 Libri
1969 3266 2026 3316 et

374 3348 642 3405 Historiae
694 3351 1050 3407 Pontiﬁcalis
1084 3351 1552 3408 illustrationem.

445 3437 758 3494 Videbatur
777 3440 1106 3496 deducenda
1133 3441 1311 3497 series
1336 3442 1510 3511 hujus
1537 3439 1922 3511 chronologiaa
1952 3439 2020 3495 ad

373 3527 534 3584 Vitas
551 3529 883 3598 pontiﬁcum
905 3531 1287 3586 Romanorum
1307 3531 1740 3587 accommodata:
1753 3543 1820 3585 ex
1841 3529 2022 3599 prima

375 3614 712 3689 fundatione
741 3621 1004 3676 Romana:
1035 3621 1209 3692 sedis,
1234 3627 1334 3676 aut
1358 3628 1509 3676 certe
1529 3622 1596 3676 ad
1625 3620 1860 3676 exordio
1883 3620 2023 3674 Vitae

375 3706 525 3761 Petri
557 3709 802 3778 apostoli
854 3710 1026 3780 primi
1057 3711 1310 3778 ejusdem
1353 3710 1629 3781 episcopi,
1665 3710 1824 3779 paria
1849 3707 2024 3764 ferme

376 3792 620 3850 faciente
639 3810 768 3850 cum
802 3797 974 3852 initio
1005 3812 1129 3852 aera:
1147 3799 1509 3875 Christianae.
1537 3799 1843 3869 Superiora
1869 3798 2022 3852 enim

377 3889 631 3952 tempora
662 3884 800 3939 libri
825 3892 1226 3957 argumentum
1251 3901 1359 3942 non
1384 3888 1638 3958 attingit.
1675 3889 1882 3942 Verum
1907 3900 2024 3955 per-

379 3985 550 4042 penso
592 3971 860 4029 instituto
888 3979 1082 4031 nostro
1131 3976 1188 4032 in
1231 3976 1402 4044 notis,
1445 3982 1501 4032 et
1525 3974 2024 4032 observationibus

379 4067 498 4117 tum
535 4061 982 4135 chronologicis,
1036 4071 1152 4120 tum
1190 4065 1490 4122 historicis
1537 4065 1606 4120 ad
1645 4065 1810 4120 hasce
1839 4065 2018 4134 Vitas,

377 4165 491 4220 quo
507 4151 918 4208 constituimus
945 4160 1214 4226 tempora,
1240 4161 1295 4210 et
1317 4161 1472 4227 gesta
1493 4154 1854 4224 singulorum
1878 4167 2026 4222 pon-

377 4240 594 4296 tiﬁcum
622 4241 945 4314 elucidare;
991 4257 1102 4300 non
1154 4244 1316 4299 modo
1369 4257 1433 4298 ex
1484 4242 1800 4298 assertione
1857 4240 2022 4296 illius

375 4327 825 4401 bibliothecarii,
854 4346 886 4388 a
912 4347 1026 4402 quo
1070 4333 1186 4388 vita
1225 4331 1623 4402 colligebatur,
1672 4331 1766 4385 sed
1800 4329 2021 4384 cmteris

374 4418 545 4473 etiam
561 4419 940 4491 documentis,
955 4435 1020 4477 ac
1036 4419 1476 4490 probationibus
1487 4419 1778 4489 genuinis,
1799 4418 2023 4474 ﬁrman-

374 4507 551 4580 tibus,
570 4515 626 4564 et
644 4509 1071 4566 declarantibus
1087 4517 1401 4578 temporum
1415 4508 1790 4578 characteres,
1806 4508 2018 4564 ibidem

376 4599 706 4668 recensitos,
740 4606 794 4655 et
851 4599 1112 4654 historia:
1170 4598 1388 4654 indicia
1438 4597 1638 4653 leviter
1677 4597 2015 4668 perstricta;

375 4687 741 4756 perspicuum
780 4687 875 4742 ﬁet
894 4687 1163 4743 debuisse
1200 4701 1298 4756 per
1319 4701 1423 4743 nos
1445 4685 1622 4756 repeti
1645 4685 1829 4741 solida
1851 4686 2020 4741 docu-

375 4783 562 4832 menta
611 4781 952 4845 temporum,
1001 4789 1066 4832 ac
1133 4783 1421 4848 gestorum
1481 4789 1547 4830 ex
1596 4775 2018 4846 quinquaginta

373 4865 572 4921 saltem
637 4865 806 4921 annis
852 4879 1022 4922 teram
1079 4865 1295 4921 Christi
1347 4878 1701 4934 communem
1766 4864 2022 4933 proxime

373 4955 828 5023 praacedentibus
857 4975 869 5011 :
901 4970 1027 5027 quae
1054 4969 1259 5012 nexum
1285 4955 1492 5011 habent
1522 4953 1866 5025 peculiarem
1890 4967 2020 5009 cum

373 5043 743 5115 chronologia
765 5052 821 5100 et
841 5046 1082 5102 historia
1107 5045 1474 5116 pontificatus
1499 5043 1732 5099 maximi
1755 5043 2021 5098 Ecclesiae

371 5131 611 5199 Christi,
635 5139 690 5186 et
711 5147 837 5187 cum
855 5137 1031 5204 gestis
1051 5143 1222 5205 atque
1247 5133 1676 5190 characteribus
1703 5139 2018 5202 temporum

376 5219 526 5274 intra
557 5219 1008 5290 quadringentos
1033 5225 1259 5279 eosdem
1295 5237 1475 5278 annos
1515 5236 1548 5275 a
1577 5221 1837 5275 Vitarum
1872 5221 2022 5278 ista-

377 5323 501 5364 rum
529 5307 912 5380 scriptoribus
936 5312 1270 5366 enuntiatis.
1899 5381 1904 5384 η

443 5397 880 5470 ChronoIOgiam
941 5397 1091 5452 enim
1160 5399 1310 5468 quod
1351 5399 1582 5467 attinet,
1661 5397 1844 5468 palam
1910 5404 2014 5465 est,

376 5487 617 5556 epochas
643 5485 1005 5558 singulorum
1052 5486 1386 5555 pontiﬁcum
1439 5492 1550 5542 tam
1587 5486 1644 5542 in
1673 5492 1833 5543 textu
1860 5487 2019 5542 Ana—

379 5575 562 5646 stasii,
617 5590 787 5647 quam
836 5577 895 5634 in
927 5575 1205 5648 cataIOgis
1259 5576 1567 5634 Anastasio
1600 5577 2018 5636 vetustioribus

2137 2101 2538 2160 Romanorum.
2573 2103 2676 2159 His
2704 2109 2892 2160 autem
2913 2117 3017 2159 suo
3041 2102 3164 2158 loco
3191 2115 3301 2157 non
3330 2098 3557 2170 positis,
3589 2104 3647 2153 et
3678 2096 3789 2151 illa

2133 2192 2394 2248 excidere
2445 2206 2672 2248 necesse
2722 2191 2886 2261 foret,
2918 2206 3042 2262 quae
3072 2188 3470 2247 consulatibus
3515 2193 3570 2243 et
3611 2186 3790 2241 annis

2130 2281 2413 2337 Caesarum
2461 2281 2796 2353 alligantur.
2829 2283 2948 2336 Jam
2986 2294 3117 2337 vero
3150 2280 3233 2336 rei
3264 2278 3607 2350 antiquaria:
3635 2291 3791 2332 con-

2133 2369 2310 2425 sultis
2339 2371 2755 2427 decernendum
2799 2370 3086 2442 relinquo,
3120 2384 3256 2425 num
3287 2369 3430 2425 satis
3449 2368 3609 2424 ﬁrma
3638 2380 3790 2422 cen-

2133 2459 2246 2514 seri
2280 2461 2462 2529 possit
2491 2459 2833 2526 consularis,
2881 2467 2936 2515 et
2955 2459 3206 2515 Caasarea
3230 2458 3620 2528 chronologia,
3652 2471 3790 2526 qua:

2134 2561 2246 2603 non
2274 2551 2612 2619 respondeat
2635 2550 3010 2620 commensui,
3041 2555 3097 2604 et
3127 2546 3627 2605 numerationibus
3653 2559 3792 2616 epo-

2133 2636 2367 2693 charum
2413 2637 2640 2709 publice
2669 2638 2978 2705 institutis,
3006 2644 3061 2694 et
3085 2639 3288 2708 emptis
3315 2639 3375 2692 in
3418 2633 3784 2704 civitatibus,

2133 2739 2198 2782 ac
2230 2728 2545 2797 provinciis
2573 2729 2836 2785 Romanae
2862 2728 3108 2785 ditionis
3137 2729 3194 2783 in
3226 2728 3382 2796 Asia,
3410 2725 3623 2793 Africa,
3655 2726 3787 2779 Eu-

2134 2831 2270 2888 ropa
2307 2831 2405 2888 per
2449 2832 2630 2875 annos
2677 2819 2810 2875 illos
2842 2819 3266 2890 quinquaginta
3290 2831 3356 2872 ex
3395 2829 3511 2871 aavo
3539 2815 3791 2870 Caesaris

2132 2906 2435 2962 dictatoris
2463 2907 2533 2963 ad
2556 2909 2854 2965 exordium
2882 2922 3006 2964 arae
3021 2907 3381 2963 Christiana}.
3409 2901 3787 2974 Antiocheni,

2132 3000 2187 3051 et
2218 2996 2520 3052 Laodiceni
2558 2997 2616 3052 in
2663 2998 2824 3068 Syria
2856 3011 3025 3052 teram
3077 2995 3316 3052 Caesaris
3344 2993 3648 3051 dictatoris
3675 2993 3788 3047 in—

2133 3085 2342 3141 choant
2379 3091 2510 3142 ante
2545 3087 2831 3144 Julianam
2863 3087 3116 3157 ejusdem
3149 3085 3594 3142 ordinationem.
3630 3083 3790 3152 Quot

2135 3175 2192 3230 in
2211 3175 2403 3230 eadem
2426 3176 2719 3245 provincia
2749 3177 2944 3247 Syriae,
2975 3180 3114 3246 quot
3146 3175 3203 3230 in
3231 3175 3367 3230 Asia
3393 3173 3599 3228 minori
3630 3176 3684 3227 et
3720 3173 3785 3227 in

2134 3266 2330 3335 Ponto,
2375 3271 2516 3334 quot
2548 3265 2605 3320 in
2649 3265 2863 3334 Africa,
2893 3270 2949 3321 et
2993 3265 3052 3320 in
3081 3266 3306 3333 Europa
3333 3263 3613 3318 institutae
3643 3266 3788 3316 sunt

2055 3353 2360 3423 Cepochae
2411 3368 2478 3410 ex
2529 3355 2760 3410 Actiaca
2825 3355 3070 3411 victoria
3121 3353 3390 3425 Augusti,
3426 3361 3483 3408 et
3528 3351 3788 3407 nummis

2136 3442 2455 3514 insculptas,
2490 3451 2546 3500 et
2584 3445 2934 3500 continuatae
2970 3443 3078 3500 sub
3105 3441 3549 3513 imperatoribus
3572 3453 3786 3495 conse-

2133 3532 2286 3586 cutis
2313 3532 2340 3586 εἰ
2381 3532 2789 3599 Alexandrina,
2841 3544 2897 3588 et
2937 3532 3172 3602 Coptica
3218 3531 3612 3602 Egyptiorum
3642 3541 3782 3597 mra,

2131 3620 2428 3691 Hispanici
2451 3623 2840 3694 Augustorum
2865 3622 3025 3689 anni,
3047 3621 3285 3677 Romani
3319 3616 3786 3691 quinquennales

2133 3710 2278 3782 ludi,
2327 3719 2530 3781 prater
2577 3711 2782 3767 seriem
2824 3711 3247 3783 Olympiadum,
3279 3716 3336 3765 et
3379 3721 3658 3764 annorum
3705 3707 3786 3762 ab

2133 3800 2279 3856 Urbe
2317 3801 2569 3872 condita,
2601 3802 2890 3872 pertinent
2925 3801 2993 3856 ad
3026 3801 3440 3856 ﬁrmamentum
3473 3795 3787 3854 chronolo-

2134 3889 2240 3959 giae
2269 3890 2595 3946 consularis
2623 3898 2677 3946 et
2705 3891 2990 3960 Caesareae,
3022 3891 3118 3945 cui
3142 3888 3436 3960 pontiﬁcia
3479 3887 3779 3959 alligatur.

2129 3978 2212 4034 Ad
2248 3978 2480 4034 illarum
2515 3978 2705 4050 igitur
2753 3979 3037 4048 originem
3091 3979 3393 4034 ascendere
3419 3990 3645 4033 necesse
3667 3985 3782 4046 est,

2135 4066 2228 4121 his
2277 4067 2701 4138 quinquaginta
2750 4067 2922 4122 annis
2975 4065 3281 4133 inclusam,
3315 4073 3376 4122 ut
3417 4067 3784 4122 characteres

2133 4161 2449 4224 temporum
2481 4156 2786 4227 exigantur
2809 4156 2879 4211 ad
2923 4155 3088 4212 ﬁdem
3130 4157 3623 4225 documentorum,
3656 4156 3787 4212 sive

2133 4244 2194 4299 in
2237 4243 2657 4313 consulatibus,
2691 4249 2747 4300 et
2796 4245 3077 4316 imperiis,
3135 4247 3256 4301 sive
3300 4247 3358 4300 in
3408 4245 3582 4316 gestis
3630 4257 3787 4314 pon—

2132 4333 2351 4389 tiﬁcum
2403 4333 2521 4389 sint
2581 4335 2910 4390 enuntiati:
2947 4349 3059 4406 quo
3106 4335 3223 4399 ﬁat,
3284 4344 3348 4391 ut
3397 4334 3784 4403 undecunque

2130 4422 2353 4478 ﬁrmata
2379 4429 2631 4494 tempora
2655 4422 2839 4480 basim
2881 4424 3139 4481 historiae
3164 4423 3534 4480 substernant
3568 4423 3786 4478 incon-

2128 4524 2372 4568 cussam.

2200 4601 2328 4671 Ipsa
2369 4615 2500 4658 vero
2549 4602 2792 4660 historia
2836 4615 3189 4658 summorum
3246 4601 3582 4673 pontiﬁcum
3630 4602 3783 4656 Novi

2127 4691 2471 4746 Testamenti
2505 4699 2783 4761 quantum
2833 4690 3074 4747 luminis
3103 4698 3398 4748 mutuetur
3425 4705 3456 4745 a
3485 4691 3782 4760 supremis

2131 4779 2253 4834 illis
2291 4778 2599 4835 annalibus
2644 4778 2999 4834 sacerdotum
3048 4780 3255 4834 veteris
3314 4779 3477 4851 legis,
3525 4778 3624 4850 qui
3679 4791 3786 4846 per

2127 4867 2439 4923 dimidium
2470 4867 2742 4924 saeculum
2762 4869 3089 4937 praecedunt
3117 4869 3385 4938 epocham
3412 4867 3651 4932 Christi,
3679 4881 3785 4921 re-

2131 4963 2330 5026 putare
2387 4957 2788 5027 unusquisque
2838 4963 3038 5026 potest,
3067 4957 3412 5027 comparatis
3435 4957 3679 5027 Hyrcani
3710 4971 3784 5013 ac

2129 5059 2524 5101 successorum
2564 5046 2740 5116 gestis
2781 5045 3078 5115 aJosepho
3127 5046 3361 5101 traditis
3404 5045 3511 5102 sub
3548 5045 3786 5101 diverso

2127 5135 2419 5190 variorum
2444 5135 2770 5204 principum
2789 5135 3109 5203 dominatu,
3153 5135 3254 5205 qui
3286 5149 3387 5204 per
3406 5148 3528 5191 eam
3552 5140 3784 5191 aetatem

2126 5223 2397 5293 Judaeam,
2446 5230 2502 5278 et
2547 5221 2826 5279 ﬁnitimos
2879 5229 3096 5278 tractus
3132 5223 3452 5291 obtinuere,
3498 5236 3626 5278 cum
3677 5223 3782 5294 iis,

2129 5327 2254 5383 qua:
2267 5311 2523 5382 proxime
2534 5311 2900 5382 contigerunt
2916 5312 3184 5366 maximis
3201 5311 3596 5368 sacerdotibus
3615 5311 3789 5368 Chri-

2126 5401 2328 5456 stianze
2353 5399 2641 5468 Ecclesiae,
2669 5399 2926 5472 legitima
2949 5401 3312 5457 successione
3339 5401 3398 5456 in
3421 5401 3672 5455 Romana
3691 5414 3788 5456 ca-

2126 5488 2326 5546 thedra
2357 5488 2506 5544 Petri
2541 5488 2752 5558 locum,
2777 5495 2833 5544 et
2857 5490 3240 5560 apostolatum
3264 5489 3507 5559 adeptis.
3538 5490 3784 5546 Attendi

2125 5578 2316 5651 velim,
2361 5577 2422 5634 in
2499 5578 2600 5635 illa
2652 5577 2854 5636 umbra
2897 5580 3135 5636 Levitici
3178 5579 3506 5649 sacerdotii,
3559 5583 3787 5636 tantam

445 5758 518 5829 (a)
545 5758 916 5815 Posteriorem
959 5762 1103 5819 hanc
1150 5761 1600 5835 chronologiam,
1630 5761 1832 5833 priori,
1859 5762 2111 5819 Lectoris
2135 5763 2340 5836 gratia,
2367 5762 3082 5834 appositam,exhibemus.
3121 5764 3270 5818 Enn.
