3998 6176
240 316 343 377 385

1191 315 1281 372 DE
1317 313 1657 372 CHRONOL.
1697 313 1964 372 PONTIF.
2006 312 2264 382 CAESAR.
2300 313 2386 370 ET
2424 311 2707 374 CONSUL.

3544 322 3651 383 386

231 440 480 497 emicare
499 437 853 507 majestatem
873 436 1182 509 dignitatis
1198 439 1368 511 regia
1390 452 1571 510 usque
1591 438 1660 494 ad
1693 441 1888 493 extre—
1920 444 1979 506 Α
1995 439 2184 496 tudini
2210 441 2412 510 praire
2427 441 2780 498 attendimus
2806 455 3017 499 morem
3041 458 3152 500 non
3169 445 3515 506 dissimilem
3535 453 3649 507 Ec—

230 543 322 585 ma
377 534 635 596 tempora
689 540 1085 583 successorum
1141 528 1406 598 Aaronis,
1465 529 1614 582 intra
1661 527 1882 583 eosdem

227 631 411 674 annos
436 616 866 687 quinquaginta
893 630 1192 686 supremos
1217 617 1434 672 Christi
1457 617 1752 672 veritatem
1784 630 1886 672 sua

234 708 417 779 ﬁgura
447 707 846 778 enuntiantes,
885 711 948 763 ut
975 711 1198 762 constet
1235 708 1553 777 Hyrcanum
1600 719 1884 762 summum

234 797 582 868 pontiﬁcem,
627 796 766 851 licet
807 797 1097 867 captivum
1141 810 1173 851 a
1214 797 1443 852 Parthis
1501 797 1814 866 detentum,
1856 808 1887 850 a

232 887 441 942 Judais
468 891 659 941 tamen
691 886 749 940 in
776 885 969 941 eadem
1002 885 1332 955 captivitate
1358 900 1488 942 cum
1519 885 1620 941 illo
1651 896 1890 940 versan-

232 976 388 1031 tibus
413 976 506 1032 cis
534 981 593 1030 et
639 975 792 1030 ultra
837 975 1204 1047 Euphratem,
1252 988 1364 1031 non
1413 989 1580 1031 secus
1629 973 1888 1029 habitum

228 1064 427 1136 fuisse,
461 1079 637 1136 quam
668 1078 875 1136 regem,
906 1070 971 1120 ut
992 1064 1236 1120 historia
1259 1065 1490 1136 Josephi
1521 1064 1735 1120 diserte
1766 1077 1892 1118 me-

233 1163 405 1211 morat
444 1155 602 1210 libro
629 1168 703 1209 xv
728 1155 1043 1225 Antiquit.,
1075 1167 1198 1224 cap.
1235 1151 1258 1208 4
1289 1160 1346 1210 et
1374 1153 1429 1223 2,
1466 1155 1524 1209 in
1559 1153 1662 1208 hac
1694 1157 1889 1208 nostra

230 1244 617 1316 Chronologia
657 1244 914 1299 indicato
951 1244 1017 1298 ad
1054 1256 1266 1298 annum
1308 1243 1524 1298 Christi
1560 1240 1650 1298 38.
1696 1245 1892 1299 Lucu-

230 1334 444 1390 lentius
461 1339 658 1388 autem
681 1338 918 1403 apparet
936 1346 1002 1388 ex
1015 1332 1248 1402 juribus
1264 1345 1329 1387 ac
1345 1331 1541 1387 titulis
1562 1332 1890 1387 ethnarcha

227 1425 377 1479 inter
422 1435 590 1494 suos,
631 1427 690 1478 et
732 1420 983 1492 faderis,
1025 1435 1090 1476 ac
1129 1421 1424 1478 societatis
1467 1435 1598 1476 cum
1641 1421 1891 1476 Romana

227 1511 530 1581 republica
559 1512 673 1581 ipsi
703 1511 992 1567 concessis
1018 1515 1138 1566 tum
1164 1525 1196 1566 a
1221 1516 1442 1580 senatu,
1474 1515 1594 1566 tum
1616 1524 1648 1565 a
1671 1510 1890 1565 Casare

227 1602 535 1672 dictatore,
589 1601 788 1656 relatis
815 1601 882 1656 ad
917 1613 1129 1656 annum
1175 1605 1305 1655 ante
1334 1612 1501 1654 aram
1543 1599 1762 1654 Christi
1794 1596 1884 1667 49,

228 1704 294 1746 ex
317 1692 518 1746 eodem
549 1690 832 1760 Josepho:
863 1691 942 1744 ita
971 1695 1032 1744 ut
1059 1687 1316 1759 pontifex
1344 1689 1629 1744 maximus
1656 1689 1888 1744 Judao—

2000 527 2188 585 clesia
2218 529 2485 598 Judaica,
2534 530 2836 586 collectum
2882 546 2951 587 ex
2993 533 3315 591 Annalibus
3346 549 3378 591 a
3405 539 3646 608 Josepho

1997 617 2251 686 ejusdem
2279 619 2585 689 sacerdote,
2613 623 2786 690 atque
2814 620 3093 677 historico
3119 623 3226 678 sub
3251 625 3373 693 ipsa
3395 631 3646 696 tempora

1999 707 2408 777 apostolorum.
2458 710 2508 763 Is
2552 709 2705 763 enim
2753 709 3024 779 epocham
3073 713 3454 781 pontiﬁcalem
3499 717 3649 786 Hyr-

1998 797 2125 851 cani
2145 798 2212 852 ad
2232 810 2315 864 ea,
2337 798 2754 868 quadiximus,
2781 805 3034 869 tempora
3057 803 3401 870 pertinentis
3421 805 3498 859 ita
3521 819 3650 861 con-

1999 885 2188 956 signat
2215 901 2313 955 per
2336 887 2671 943 consulatus
2695 887 2952 944 historia
2975 904 3092 945 sua
3116 891 3218 946 lib.
3247 907 3397 964 Xllll,
3423 908 3546 964 cap.
3577 893 3599 949 4
3632 913 3644 950 :

1999 975 2130 1029 Cum
2150 978 2321 1044 igitur
2338 979 2711 1048 pontiﬁcatum
2734 982 3022 1048 accepisset
3046 982 3340 1049 Hyrcanus
3360 999 3506 1038 anno
3531 989 3652 1040 ter-

1997 1067 2071 1119 tio
2090 1069 2344 1136 septima,
2371 1084 2434 1122 ac
2458 1071 2864 1137 septuagesima
2883 1085 3055 1139 supra
3080 1074 3423 1127 centesimam
3454 1075 3650 1144 Olym-

1992 1155 2202 1226 piadis,
2238 1155 2299 1220 Ο.
2340 1157 2650 1219 Hortensio,
2696 1157 2754 1222 Q.
2795 1158 3005 1212 Metello
3058 1157 3260 1215 Cretico
3301 1163 3646 1229 consulibus,

1999 1248 2184 1301 statim
2219 1246 2415 1300 bellum
2452 1248 2527 1300 eis
2563 1248 2915 1302 Aristobulus
2956 1250 3166 1304 intulit.

2071 1336 2274 1392 Nescio
2311 1349 2382 1391 an
2430 1337 2521 1391 his
2569 1337 2918 1394 attenderint
2958 1339 3306 1396 recentiores
3355 1341 3446 1396 illi
3493 1342 3649 1397 scri-

2002 1428 2210 1494 ptores,
2241 1426 2341 1495 qui
2377 1425 2675 1496 imaginati
2699 1431 2836 1481 sunt
2864 1428 3165 1484 consulum
3194 1431 3425 1486 nomina
3453 1434 3650 1500 poste-

2000 1514 2258 1570 rioribus
2300 1516 2460 1570 curis
2504 1516 2722 1584 adjecta
2767 1514 2948 1572 fuisse
2993 1518 3271 1590 catalogis
3311 1519 3648 1589 pontiﬁcum

1999 1606 2382 1660 Romanorum
2417 1623 2429 1659 :
2466 1605 2682 1675 quibus
2733 1605 2983 1662 iudicavi
3029 1607 3087 1661 in
3132 1608 3466 1676 prafatione
3509 1608 3644 1664 tomi

2000 1693 2194 1763 primi,
2240 1707 2338 1763 per
2370 1699 2618 1764 quatuor
2650 1695 2842 1763 priora
2874 1695 3082 1750 sacula
3113 1709 3238 1750 ara
3281 1696 3647 1769 Christiana,

229 1795 351 1836 rum
379 1786 667 1850 potestate
688 1781 975 1835 sociorum
1003 1779 1213 1849 populo
1234 1779 1471 1835 Romani
1496 1791 1690 1850 regum
1720 1777 1884 1847 plane
1915 1789 1968 1851 Β
1997 1783 2169 1836 etiam
2201 1785 2481 1838 Romanos
2510 1783 2851 1853 consignare
2878 1784 3244 1839 consuevisse
3273 1785 3520 1854 epochas
3548 1799 3650 1840 sa-

228 1870 488 1940 polleret,
527 1883 713 1941 usque
741 1870 810 1924 ad
845 1868 1126 1939 praﬁnita
1158 1874 1410 1938 tempora
1433 1882 1530 1938 per
1555 1867 1883 1939 prophetas,

229 1960 460 2030 quando
504 1960 578 2014 ad
623 1959 896 2015 Herodem
936 1959 1319 2030 alienigenam
1365 1958 1643 2013 translato
1689 1969 1882 2028 regno,

234 2050 332 2104 hoc
373 2052 573 2118 ipsum
618 2049 902 2104 indicium
940 2047 1156 2103 Christi
1195 2048 1556 2104 advenientis
1605 2046 1884 2102 edendum

235 2145 363 2194 erat.
399 2139 687 2208 Perpendi
714 2139 883 2193 velim
913 2152 977 2194 ea
997 2138 1130 2207 jura
1145 2137 1500 2207 judiciorum
1533 2136 1721 2208 gentis
1745 2149 1883 2205 sua,

239 2228 613 2298 tributorum,
635 2229 1008 2298 decimarum,
1032 2227 1419 2284 successionis
1442 2228 1697 2296 Hyrcano
1722 2238 1889 2281 sum-

236 2332 319 2372 mo
358 2318 657 2388 pontiﬁci,
699 2330 764 2372 ac
807 2317 1009 2373 liberis
1051 2319 1175 2387 ejus
1220 2317 1281 2372 in
1322 2315 1607 2385 Capitolio
1645 2319 1881 2384 asserta,

229 2410 522 2478 aneisque
555 2407 774 2463 tabulis
804 2412 924 2463 tum
947 2408 1006 2462 in
1031 2407 1174 2462 Urbe
1195 2407 1454 2462 omnium
1475 2405 1728 2474 domina,
1762 2410 1882 2459 tum

231 2501 284 2554 in
329 2498 569 2554 duabus
607 2497 680 2553 ab
737 2499 842 2553 hac
885 2498 1169 2569 dignitate
1217 2496 1498 2566 proximis
1545 2495 1882 2550 civitatibus

230 2587 600 2658 (Alexandria
620 2587 678 2641 in
701 2587 955 2657 .Egypto,
974 2586 1282 2642 Antiochia
1307 2587 1364 2640 in
1383 2584 1634 2654 Oriente)
1660 2583 1888 2654 publice

228 2677 442 2746 positis
475 2681 686 2731 testata
717 2675 965 2730 inveniri
996 2693 1008 2729 :
1043 2679 1098 2730 et
1126 2688 1356 2731 causam
1397 2675 1523 2742 ejus
1558 2671 1888 2728 honoriﬁca

225 2766 631 2821 concessionis
682 2779 1024 2835 expressam,
1087 2765 1235 2836 quod
1292 2763 1585 2834 pontiﬁcis
1642 2761 1885 2832 Hyrcani

225 2857 572 2911 auctoritati
623 2861 884 2926 parentes
925 2854 1104 2911 Judai
1151 2860 1270 2909 tum
1319 2853 1418 2924 qui
1463 2853 1522 2907 in
1563 2851 1884 2919 Palastina,

228 2951 352 3001 tum
376 2947 480 3017 qui
504 2947 566 3000 in
588 2947 824 3018 Egypto
850 2944 1146 3016 degebant,
1171 2943 1466 3014 suppetias
1489 2942 1697 2998 Casari
1726 2940 1890 2996 tulisp

227 3043 358 3091 sent
389 3037 452 3090 in
484 3035 873 3091 Alexandrina
903 3034 1225 3090 obsidione.

1997 1871 2289 1926 cerdotum
2331 1871 2389 1926 in
2431 1885 2533 1927 sua
2573 1871 2815 1943 collegia
2851 1878 3264 1942 cooptatorum,
3309 1873 3544 1943 perinde
3583 1886 3648 1930 ac

1994 1959 2272 2028 Josephus
2299 1960 2357 2015 in
2389 1959 2535 2015 Urbe
2564 1960 2824 2016 scribens
2856 1961 3025 2016 initia
3058 1961 3299 2031 Hyrcani
3330 1962 3642 2018 distinxit:

1998 2049 2098 2119 qui
2141 2048 2284 2103 alibi
2329 2062 2558 2120 quoque
2600 2049 2928 2105 dinumerat
2974 2051 3367 2105 successiones
3411 2051 3648 2122 integra

1997 2138 2168 2193 seriei
2200 2153 2554 2195 summorum
2598 2139 2955 2210 pontiﬁcum,
2987 2143 3043 2194 et
3071 2153 3250 2195 annos
3281 2139 3646 2210 singulorum

1999 2242 2180 2298 usque
2210 2231 2278 2285 ad
2306 2230 2596 2286 excidium
2629 2229 2850 2298 templi,
2883 2236 2939 2284 et
2968 2229 3370 2299 Hierosolyma
3396 2229 3506 2284 sub
3537 2231 3650 2284 Ve-

1995 2319 2281 2388 spasiano.
2305 2319 2630 2374 Mirandum
2660 2319 2855 2388 potius
2876 2317 3040 2387 foret,
3065 2318 3114 2372 si
3142 2317 3247 2372 hoc
3273 2331 3385 2372 non
3414 2317 3650 2386 prasti-

1999 2408 2204 2464 tissent
2237 2409 2457 2478 priores
2489 2407 2577 2462 illi
2601 2407 2992 2478 apostolorum
3021 2405 3324 2475 discipuli,
3355 2407 3454 2476 qui
3475 2407 3646 2461 Petro

2007 2503 2061 2553 et
2108 2497 2282 2552 Paulo
2333 2499 2704 2553 convixerant
2751 2497 2960 2563 Roma,
3011 2500 3066 2551 et
3119 2496 3294 2550 ritum
3354 2509 3646 2551 sacrorum

1998 2587 2347 2656 scriptorum
2371 2586 2544 2656 probe
2566 2590 2838 2642 noverant
2863 2597 3046 2640 annos
3070 2584 3382 2655 diligenter
3406 2597 3647 2640 enume—

2000 2677 2186 2746 randi,
2211 2690 2241 2731 a
2264 2678 2471 2747 Moyse,
2496 2688 2560 2731 ac
2586 2675 2880 2745 prophetis
2903 2675 3283 2743 insinuatum,
3308 2688 3340 2729 a
3361 2675 3646 2744 Stephano

2000 2765 2057 2819 in
2080 2765 2458 2820 concionibus
2478 2765 2827 2833 adhibitum,
2848 2778 2879 2818 a
2898 2763 3072 2820 Paulo
3091 2763 3148 2818 in
3168 2763 3433 2834 epistolis
3453 2769 3648 2818 reten—

1999 2860 2142 2925 tum,
2191 2868 2222 2910 a
2266 2857 2411 2912 Luca
2465 2856 2522 2910 in
2571 2854 2877 2925 Evangelio
2925 2862 3229 2924 servatum,
3276 2859 3332 2908 et
3380 2854 3439 2908 in
3487 2853 3647 2909 Actis

1997 2944 2408 3013 apostolorum.
2452 2945 2734 3000 Videbant
2776 2945 2836 2998 in
2881 2944 3026 2999 Urbe
3065 2943 3392 3012 Josephum,
3446 2943 3647 3012 paucis

1998 3035 2169 3089 annis
2196 3048 2228 3089 a
2260 3035 2532 3105 martyrio
2565 3035 2850 3104 principis
2879 3033 3267 3105 apostolorum
3301 3031 3646 3088 scribentem

300 3124 509 3180 Omitti
544 3125 664 3179 hac
691 3129 845 3180 certe
873 3137 984 3179 non
1032 3127 1294 3193 poterant
1323 3122 1470 3178 citra
1515 3120 1885 3191 dispendium
1916 3139 1964 3201 ο
2003 3123 2303 3179 historiam
2332 3126 2520 3196 gentis
2543 3140 2681 3196 sua,
2711 3125 3070 3181 sacerdotum
3099 3123 3478 3178 maximorum
3505 3125 3649 3175 ata—

228 3213 482 3269 luminis
508 3213 641 3268 inde
662 3213 961 3268 obventuri
992 3212 1249 3268 historia
1281 3210 1598 3291 pontiﬁcali
1620 3210 1887 3265 Ecclesia

228 3304 599 3359 Christiana.
635 3301 874 3370 Quando
911 3303 1063 3357 enim
1097 3303 1156 3357 in
1204 3302 1314 3357 ista
1367 3301 1614 3372 legimus
1643 3308 1888 3356 erectam

233 3393 420 3450 fuisse
471 3393 542 3448 ab
590 3393 980 3463 apostolorum
1035 3393 1297 3463 principe
1344 3393 1532 3448 sedem
1578 3392 1889 3447 Romanam

235 3484 462 3538 cateris
507 3483 915 3552 prastituram,
959 3496 1178 3552 suoque
1226 3482 1455 3537 nomine
1496 3482 1576 3536 ita
1620 3479 1889 3535 fundatas

235 3572 710 3643 Alexandrinam,
741 3578 797 3627 et
822 3571 1258 3642 Antiochenam,
1289 3575 1354 3626 ut
1385 3571 1658 3640 proxima
1686 3568 1891 3640 digni—

240 3667 354 3717 tate
383 3662 738 3718 haberentur
767 3668 892 3733 post
923 3664 1251 3726 Romanam,
1285 3661 1344 3716 in
1371 3674 1484 3732 qua
1512 3673 1625 3716 una
1656 3672 1893 3715 succes—

239 3752 474 3808 soribus
518 3751 785 3823 contulit,
820 3759 884 3808 ut
912 3752 1224 3808 Ecclesiam
1258 3755 1518 3822 regerent
1563 3749 1890 3830 universam

238 3841 407 3913 (quod
452 3842 702 3913 legimus
751 3843 808 3898 in
856 3841 1161 3914 Clemente)
1202 3862 1219 3914 ;
1258 3840 1452 3896 statim
1503 3840 1778 3910 occurrit,
1833 3839 1892 3894 in

240 3933 491 3987 maximo
519 3931 762 4002 Hyrcani
790 3932 1110 3988 sacerdotio
1141 3931 1388 4001 spectari
1420 3943 1543 3986 eam
1575 3932 1895 3985 consuetu-

239 4022 456 4092 dinem,
484 4028 553 4078 ut
575 4021 822 4078 Colonia
849 4023 1105 4079 deducta
1134 4035 1203 4078 ex
1229 4022 1440 4093 populo
1471 4021 1540 4076 ad
1571 4032 1766 4076 verum
1793 4017 1892 4073 Dei

242 4111 464 4167 cultum
512 4112 892 4168 exercendum
944 4112 1144 4183 electo,
1196 4111 1514 4168 hierarcha
1562 4121 1784 4166 summo
1834 4108 1893 4162 in

241 4201 503 4256 omnium
537 4214 834 4257 sacrorum
857 4201 1083 4274 legibus
1111 4203 1191 4257 ita
1223 4207 1504 4272 parerent.
1533 4202 1645 4256 Nec
1675 4201 1895 4270 species

241 4290 444 4359 dispar
474 4290 823 4346 imitationis
843 4291 1178 4347 obversatur
1202 4291 1395 4348 animo
1425 4291 1738 4348 attendenti
1769 4289 1899 4360 pri—

247 4395 403 4436 mum
431 4393 462 4435 e
487 4382 843 4437 Christianis
886 4382 1334 4453 imperatoribus
1361 4383 1800 4438 Constantinum
1836 4381 1897 4435 in

243 4471 363 4525 vita
386 4471 651 4528 Silvestri
676 4473 852 4544 regiis
873 4473 1260 4542 patrimoniis,
1284 4478 1340 4528 et
1365 4472 1694 4543 insignibus
1716 4470 1899 4526 hone—

245 4567 490 4615 stantem
523 4561 714 4631 regale
743 4562 1128 4618 sacerdotium
1160 4575 1317 4617 nova
1358 4560 1503 4631 legis
1546 4561 1606 4615 in
1651 4560 1898 4615 maximo

245 4649 503 4717 ejusdem
537 4650 829 4721 pontiﬁce,
862 4664 927 4707 ac
957 4651 1207 4708 Romana
1251 4649 1383 4706 sede
1416 4649 1589 4718 hujus
1620 4649 1853 4720 propria
1881 4666 1895 4719 ;

244 4751 378 4792 cum
399 4739 591 4795 videat
604 4738 678 4794 ab
700 4740 928 4810 imperii
951 4741 1190 4796 Romani
1215 4738 1672 4808 institutoribus,
1697 4738 1902 4808 primis

242 4826 425 4896 Julio,
439 4828 784 4901 etAugusto,
801 4829 1196 4886 licetethnicis
1209 4827 1594 4899 principibus,
1609 4840 1897 4899 concessa,

245 4922 310 4972 et
327 4925 543 4974 asserta
559 4920 692 4989 jura
709 4920 1087 4990 judiciorum,
1108 4921 1481 4990 decimarum,
1509 4931 1574 4973 ac
1601 4918 1902 4988 principa-

247 5017 348 5065 tus
375 5009 436 5063 in
471 5016 692 5080 gentem
718 5023 880 5066 suam
906 5009 1229 5066 Judaorum
1256 5007 1524 5065 Ecclesia
1556 5007 1899 5063 moderatori

248 5111 498 5166 summo,
543 5104 602 5154 et
645 5100 826 5157 totius
868 5101 1109 5158 Levitici
1155 5099 1382 5158 ordinis
1416 5097 1732 5155 hierarcha
1776 5110 1905 5153 ma-

247 5189 430 5244 ximo.

323 5277 638 5334 Observare
702 5293 932 5352 quoque
983 5282 1165 5352 juvat,
1227 5281 1289 5337 in
1353 5279 1631 5352 catalogis
1689 5277 1906 5334 nostris

250 5367 708 5438 pontiﬁcalibus,
746 5371 896 5426 unde
916 5371 1047 5426 vita
1076 5371 1358 5443 originem
1385 5371 1642 5440 trahunt,
1673 5367 1906 5424 exordia

252 5458 592 5527 pontiﬁcum
620 5461 953 5531 consignari
979 5476 1076 5531 per
1095 5461 1451 5530 consulatus,
1476 5471 1768 5529 annosque
1789 5471 1906 5512 nu-

253 5551 464 5605 merari
490 5552 825 5607 eorumdem
861 5553 1192 5620 pontiﬁcum
1232 5553 1404 5607 etiam
1438 5564 1536 5620 per
1567 5551 1684 5604 hac
1716 5549 1908 5618 priora

252 5644 506 5710 quatuor
529 5639 746 5698 sacula
769 5653 897 5697 ara
923 5640 1282 5700 Christianae.
1310 5640 1457 5698 Huic
1480 5639 1633 5697 enim
1654 5651 1904 5697 consue—

2001 3218 2108 3267 tem
2137 3213 2481 3284 singillatim
2506 3212 2714 3268 referre
2738 3213 2806 3266 ad
2829 3225 3010 3266 annos
3033 3212 3360 3280 principum
3385 3223 3646 3278 suorum,

1999 3316 2065 3357 ac
2092 3303 2496 3357 Romanorum.
2531 3300 2810 3355 Videbant
2842 3300 2902 3352 in
2928 3298 3075 3352 Urbe
3103 3298 3373 3366 qualibet
3401 3296 3648 3366 collegia

2000 3391 2359 3446 sacerdotum
2393 3390 2670 3459 majorum
2701 3389 2932 3458 signare
2960 3384 3321 3455 consulibus,
3353 3390 3409 3440 et
3432 3384 3647 3452 epocha

2000 3481 2170 3537 Urbis
2207 3482 2453 3537 condita
2499 3479 2891 3549 cooptationes
2937 3475 3320 3546 singulorum,
3364 3473 3648 3544 quemad-

2002 3571 2230 3627 modum
2262 3575 2530 3625 testatum
2560 3567 2726 3623 nobis
2751 3565 2973 3621 faciunt
2998 3569 3081 3620 tot
3110 3567 3333 3619 vetusta
3366 3575 3648 3619 marmora

2000 3675 2067 3718 ex
2103 3660 2201 3715 illa
2231 3662 2395 3714 atate
2427 3656 2642 3712 nostris
2676 3655 2864 3711 oculis
2904 3658 3242 3725 praservata
3271 3653 3330 3707 in
3364 3651 3550 3722 fastis,
3587 3653 3647 3709 in

2001 3748 2380 3814 Kalendariis,
2417 3748 2477 3802 in
2507 3745 2668 3801 Actis
2686 3744 3083 3816 collegiorum,
3117 3742 3222 3797 hac
3255 3749 3449 3798 nostra
3471 3742 3651 3798 chro—

2002 3838 2231 3909 nologia
2263 3851 2409 3906 sape
2447 3834 2830 3906 producendis
2860 3834 2932 3889 ad
2971 3832 3516 3889 demonstrationem
3545 3845 3651 3888 eo-

2003 3926 2263 3984 rumdem
2288 3923 2714 3992 consulatuum,
2743 3926 2800 3976 et
2824 3921 2964 3976 certi
3002 3921 3258 3990 ipsorum
3290 3919 3566 3989 temporis
3586 3932 3650 3976 ac

2002 4015 2352 4073 documenti.
2403 4013 2633 4084 Stupidi
2686 4011 3093 4082 propemodum
3138 4007 3389 4065 fuissent
3437 4009 3649 4064 notarii

2004 4113 2216 4177 septem
2246 4119 2279 4160 a
2305 4103 2589 4160 Clemente
2617 4100 2896 4170 instituti,
2929 4099 3182 4170 diaconi,
3212 4111 3278 4154 ac
3307 4096 3650 4154 subdiaconi

2005 4197 2243 4253 totidem
2281 4209 2314 4250 a
2355 4194 2605 4250 Fabiano
2651 4198 2777 4263 post
2813 4191 3011 4246 Anteri
3051 4203 3248 4246 curam
3293 4187 3537 4259 delegati
3581 4186 3651 4241 ad

2007 4294 2162 4359 gesta
2195 4291 2506 4357 martyrum
2538 4283 2838 4339 scribenda
2867 4288 2923 4337 et
2958 4281 3280 4351 colligenda
3307 4279 3472 4351 (quos
3504 4278 3654 4333 inter

2007 4379 2260 4433 eminent
2284 4376 2568 4447 dignitate
2597 4378 2768 4444 atque
2797 4371 3052 4441 exemplo
3087 4369 3321 4426 Romani
3357 4367 3656 4438 pontiﬁces

1931 4496 1984 4558 D
2008 4469 2133 4537 ejus
2170 4467 2358 4522 atatis
2399 4463 2515 4520 fere
2553 4476 2749 4520 omnes
2794 4461 3068 4533 martyrio
3111 4458 3409 4529 coronati),
3451 4459 3503 4514 si

2007 4556 2239 4625 celebri,
2289 4561 2401 4610 tam
2443 4552 2755 4622 communi,
2803 4557 2915 4607 tam
2965 4549 3212 4621 probata
3245 4547 3654 4603 consuetudini

2011 4646 2122 4716 ipsi
2150 4642 2543 4702 tantummodo
2563 4640 2902 4697 defuissent.
2928 4641 3134 4694 Verum
3157 4650 3226 4692 ne
3250 4634 3573 4691 relabamur
3595 4634 3656 4689 in

2009 4736 2348 4792 documenta
2400 4731 2784 4802 chronologia
2842 4727 3149 4799 pontiﬁcia
3196 4730 3283 4782 tot
3330 4723 3657 4780 rationibus

2006 4827 2122 4896 jam
2152 4828 2402 4894 asserta,
2435 4821 2823 4878 convertimus
2862 4819 2930 4875 ad
2970 4817 3228 4874 historia
3267 4814 3653 4885 probationes,

2009 4928 2077 4970 ex
2100 4915 2306 4971 iisdem
2337 4913 2506 4967 annis
2545 4909 2968 4982 quinquaginta
2998 4907 3068 4962 de
3098 4903 3389 4962 industria
3423 4915 3520 4974 per
3553 4915 3657 4959 nos

2009 5005 2297 5062 collectas.

2083 5092 2286 5166 Negari
2306 5101 2664 5162 nequaquam
2685 5092 2887 5159 potest,
2909 5085 3050 5158 quin
3069 5084 3162 5140 his
3184 5099 3331 5157 qua,
3354 5085 3424 5141 de
3445 5085 3651 5156 primo,

2012 5189 2070 5242 et
2105 5184 2286 5240 altero
2324 5183 2569 5238 adventu
2611 5178 2896 5250 principis
2932 5175 3321 5248 apostolorum
3364 5176 3424 5232 in
3457 5173 3659 5230 Urbem

2014 5291 2045 5332 e
2069 5275 2253 5346 Syria,
2284 5288 2350 5330 ac
2374 5272 2444 5329 de
2478 5270 2724 5327 consilio
2751 5268 3032 5326 cathedra
3054 5268 3265 5325 summi
3295 5264 3659 5337 pontiﬁcatus

2017 5365 2112 5421 hic
2133 5363 2447 5420 statuenda
2475 5361 2562 5416 illi
2587 5359 2874 5416 divinitus
2897 5359 3199 5430 inspirato,
3228 5353 3529 5426 perfecisse
3551 5357 3660 5409 tra-

2015 5457 2177 5513 ditur
2219 5455 2470 5511 sectione
2510 5452 2712 5524 prima,
2755 5451 2904 5507 viam
2947 5444 3363 5522 quodammodo
3405 5448 3666 5499 sternant

2017 5553 2193 5621 gesta,
2223 5558 2347 5616 qua
2371 5542 2657 5614 pertinent
2673 5541 2742 5597 ad
2764 5554 2978 5598 annum
2998 5545 3128 5595 ante
3145 5533 3363 5590 Christi
3380 5546 3548 5589 aram
3567 5529 3652 5602 45,

2019 5637 2245 5714 quando
2265 5632 2532 5694 consules
2549 5633 2854 5703 Antonius,
2882 5644 2947 5687 ac
2966 5625 3254 5686 Dolabella
3274 5632 3404 5698 post
3422 5630 3657 5685 mortem
