4032 6168
397 274 503 333 387

1169 277 1264 333 AD
1302 276 1737 334 ANASTASIUM
1786 274 2045 334 PROLEG

2160 276 2302 335 ENA
2347 281 2523 337 EDIT.
2579 281 3008 342 ROM.-VATIC.

3694 283 3800 342 388

395 399 658 470 Casaris,
701 406 964 456 auctores
1010 399 1244 457 fuerunt
1291 404 1514 460 senatui
1571 403 1894 474 p0puloque
1931 401 2054 456 ΒΟ·-
2075 407 2135 469 Α
2157 401 2472 460 Christiani
2501 406 2695 463 cultus
2719 423 2893 479 super
2928 408 3302 479 depressa,.et
3328 405 3567 464 confusa
3601 407 3805 463 rudera

398 504 562 546 mano
595 491 904 546 renovandi
927 491 1142 547 Judais
1181 493 1373 548 eadem
1414 494 1716 565 privilegia
1751 490 2043 562 poscenti-

398 579 506 635 bus
530 593 627 649 per
648 580 862 651 legatos
883 580 952 636 ab
976 582 1229 650 Hyrcano
1249 581 1504 651 ipsorum
1527 582 1793 652 pontiﬁce
1818 581 2042 649 missos,

399 685 525 740 qua
549 671 735 726 Casar
760 675 920 725 antea
954 671 1306 726 contulerat:
1339 673 1489 726 inter
1510 686 1634 742 qua
1658 671 1804 726 illud
1829 682 2046 724 memo-

399 764 560 815 ratur
593 775 626 816 a
655 760 919 831 Josepho,
962 765 1021 814 ut
1051 761 1150 828 jus
1183 763 1315 830 ipsis
1348 764 1487 829 foret
1529 762 1785 815 sodalitia
1816 763 1874 814 in
1908 759 2047 813 Urbe

397 851 635 905 habendi
669 867 946 906 sacrorum
998 866 1240 913 suorum,
1280 855 1443 906 etiam
1484 855 1534 906 si
1580 853 1694 905 alia
1740 854 2047 904 extera-rum

397 941 681 994 nationum
717 944 1050 994 peterentur.
1087 942 1198 996 Hac
1241 941 1602 1012 indulgentia
1639 942 2043 1008 Romanorum,

395 1035 452 1084 et
476 1030 717 1085 Casaris
747 1030 1091 1101 prasertim,
1115 1030 1328 1086 Judais
1350 1030 1656 1086 conciliata
1686 1044 1798 1099 pra
1823 1027 2044 1084 cateris

398 1119 753 1188 nationibus,
786 1119 1062 1188 peculiari
1087 1121 1184 1175 Dei
1212 1120 1571 1190 providentia
1593 1118 2045 1188 disponebantur

396 1208 636 1263 Casaris
661 1223 1018 1264 successores
1039 1209 1106 1264 ad
1139 1210 1319 1279 prima
1348 1209 1618 1266 sodalitia
1643 1213 1835 1264 nostra
1858 1208 2045 1262 Roma

402 1295 768 1364 confovenda,
801 1313 926 1367 qua
958 1298 1182 1354 scilicet
1215 1299 1273 1353 in
1304 1299 1486 1366 primo
1511 1305 1565 1354 et
1593 1299 1774 1353 altero
1803 1297 2048 1352 adventu

398 1386 620 1441 Petriad
644 1387 846 1442 Urbem
874 1387 1092 1442 ethnici
1113 1387 1472 1459 distinguere
1499 1389 1751 1444 nondum
1779 1389 2049 1442 noverant

397 1489 429 1530 a
466 1475 790 1532 Judaorum
835 1477 1211 1533 conventibus
1248 1496 1261 1545 ;
1303 1478 1588 1547 praecipue
1628 1491 1753 1532 cum
1796 1476 2054 1531 viderent

395 1564 685 1632 apostolos
722 1565 1046 1621 Judaorum
1096 1566 1455 1622 contribules
1486 1567 1636 1620 inter
1665 1579 1762 1620 eos
1803 1564 2052 1633 primum

398 1651 562 1707 ﬁdem
581 1654 796 1709 Christi
821 1656 1215 1724 pronuntiare.
1237 1656 1364 1710 Pari
1384 1669 1612 1726 quoque
1630 1655 1850 1709 ratione
1867 1652 2058 1708 obser-

2155 492 2504 566 Judaorum,
2555 511 2618 552 ac
2659 499 2950 565 Gentium,
2993 499 3162 554 ruina
3198 511 3302 554 sua
3348 511 3451 552 nos
3489 497 3808 567 Opprimere

2153 585 2639 656 contendentium,
2671 592 2734 643 ut
2756 587 2982 656 plenius
3007 592 3294 656 noscatur,
3323 587 3557 656 petenda
3580 591 3667 641 est
3685 587 3809 655 ejus

2157 669 2421 744 historia,
2445 679 2500 728 et
2519 674 2843 732 observatio
2864 691 2933 732 ex
2958 677 3136 749 gestis
3159 676 3360 732 horum
3383 675 3807 745 quinquaginta

2153 773 2433 818 annorum
2461 764 2676 820 Christi
2704 765 2973 835 epocham
3002 765 3441 836 pracedentium
3468 783 3480 818 :
3512 765 3570 819 in
3596 763 3811 834 quibus

2158 851 2403 907 maxima
2429 853 2536 923 vis,
2561 859 2616 909 et
2641 855 2962 924 amplitudo
2988 859 3222 925 apparet
3252 854 3560 924 utriusque
3587 852 3809 922 populi,

2155 944 2350 994 contra
2375 948 2603 998 nostros
2629 943 2926 1012 pontiﬁces
2954 943 3290 1000 connisuri:
3319 943 3439 998 sive
3458 949 3678 1012 spectes
3705 941 3811 997 ele-

2154 1028 2435 1084 vationem
2457 1032 2794 1100 posterioris
2813 1033 3032 1104 templi,
3052 1033 3218 1102 cujus
3233 1031 3523 1088 excidium
3543 1030 3815 1101 praedixit

2153 1117 2453 1191 Dominus,
2482 1119 2617 1176 licet
2642 1120 2713 1176 ab
2745 1123 2960 1177 Herode
2991 1126 3147 1178 tanta
3180 1121 3601 1192 magniﬁcentia
3633 1120 3814 1175 resti-

2155 1209 2341 1260 tutum
2388 1213 2494 1277 est,
2541 1213 2606 1264 ut
2655 1210 2944 1279 imperitis
2978 1211 3270 1266 videretur
3312 1209 3555 1280 gloriam
3598 1208 3816 1278 prioris

2154 1300 2596 1368 superaturum;
2623 1298 2741 1355 sive
2761 1300 3148 1355 extensionem
3171 1299 3517 1368 consideres,
3543 1311 3608 1353 ac
3635 1297 3816 1354 robur

2161 1383 2390 1454 imperii
2418 1388 2676 1460 Romani,
2701 1393 2757 1444 et
2783 1391 3004 1458 copiam
3029 1390 3424 1446 universarum
3453 1388 3821 1458 superstitio-

2164 1487 2300 1528 num
2326 1475 2383 1529 in
2411 1490 2475 1532 eo
2501 1477 2842 1550 vigentium,
2875 1483 2931 1534 et
2958 1480 3016 1534 in
3046 1478 3392 1535 sacriﬁculis
3417 1479 3542 1534 suis
3575 1477 3818 1533 totidem

2166 1561 2356 1619 hostes
2376 1566 2492 1634 jam
2519 1569 2975 1638 comparantium
3004 1573 3202 1625 contra
3227 1569 3526 1638 episc0pos
3551 1568 3822 1622 Romana

2167 1651 2355 1707 sedis:
2387 1655 2600 1724 quibus
2629 1657 3019 1726 apostolorum
3062 1657 3345 1727 principis
3385 1669 3540 1725 cura,
3575 1669 3690 1725 pra
3722 1669 3822 1710 ca-

395 1741 516 1799 vari
539 1744 825 1812 potestvia
843 1744 1198 1813 complanata
1217 1745 1285 1800 ad
1303 1745 1647 1800 Christiana
1664 1741 2055 1811 Ecclesiaepi-
2085 1745 2133 1805 B
2168 1742 2327 1810 teris,
2362 1746 2780 1801 transmittitur
2809 1761 2934 1802 cum
2965 1746 3286 1802 sacerdotio
3316 1746 3374 1800 in
3401 1758 3596 1801 omnes
3625 1751 3824 1817 gentes

396 1837 664 1901 scopatus
701 1839 828 1902 post
867 1834 1180 1889 Romanum
1228 1835 1474 1889 maxime
1508 1833 1758 1889 celebres
1797 1831 2054 1888 fundan—

396 1921 500 1977 dos
529 1927 660 1977 ante
699 1924 941 1979 Neronis
987 1924 1442 1993 persecutionem
1480 1923 1801 1980 Antiochia
1829 1926 1887 1977 et
1914 1921 2054 1976 Ale-

396 2012 697 2080 xandria;
741 2027 867 2069 cum
913 2013 1222 2084 utrobique
1269 2013 1593 2069 obtinerent
1633 2011 1813 2068 Judai
1859 2011 2051 2066 eadem

399 2100 701 2172 privilegia
727 2103 1090 2171 superiorum
1118 2117 1337 2176 regum,
1364 2118 1396 2159 a
1421 2103 1575 2158 Julio
1597 2103 1813 2158 Caesare
1837 2100 2054 2156 conﬁr—

397 2193 566 2257 mata,
600 2193 655 2243 et
682 2203 715 2244 a
745 2196 946 2246 senatu
989 2192 1314 2264 populoque
1349 2194 1623 2263 Romano,
1664 2197 1721 2248 et
1751 2205 1782 2246 a
1811 2191 2052 2246 Casaris

397 2277 796 2334 sucessoribus
846 2294 944 2348 per
984 2280 1089 2336 hos
1131 2282 1553 2353 quinquaginta
1601 2295 1803 2350 annos,
1853 2284 1909 2336 et
1955 2293 2053 2349 per

395 2373 732 2424 consecutos
760 2383 942 2439 usque
964 2371 1032 2424 ad
1070 2371 1283 2435 Titum,
1317 2371 1414 2440 jus
1441 2371 1667 2427 scilicet
1691 2370 1968 2438 civitatis,
1997 2374 2052 2424 et

391 2457 489 2526 jus
513 2459 812 2514 exercendi
841 2459 1026 2528 patria
1053 2473 1213 2515 sacra
1243 2460 1362 2516 ritu
1394 2461 1693 2528 majorum.
1727 2461 1838 2513 Nec
1865 2457 2052 2512 dissi—

397 2547 524 2602 mili
557 2548 928 2604 beneﬁcentia
958 2549 1086 2618 opis
1114 2549 1327 2603 divina
1352 2554 1433 2604 tot
1459 2549 1621 2603 sedes
1644 2547 1891 2603 aliorum
1919 2547 2051 2616 epi-

397 2643 733 2705 scopatuum
765 2642 895 2692 ante
919 2638 1165 2693 Neronis
1194 2638 1644 2707 persecutionem
1680 2642 1887 2705 parata
1919 2633 2050 2691 fue—

395 2731 525 2780 rant
573 2726 772 2781 electis
825 2726 1058 2782 advenis
1115 2727 1498 2796 dispersionis
1546 2727 1731 2796 Ponti,
1786 2725 2043 2794 Galatia,

394 2814 782 2885 Cappadocia,
816 2814 984 2884 Asia,
1019 2822 1075 2871 et
1106 2816 1403 2886 Bythinia,
1437 2821 1493 2872 et
1523 2816 1844 2871 insularum
1873 2815 2045 2884 Asia,

394 2909 567 2974 atque
598 2907 835 2974 Europa
866 2907 1253 2975 adjacentium
1283 2924 1298 2974 ;
1326 2920 1456 2961 cum
1490 2907 1548 2961 in
1585 2906 1658 2960 iis
1690 2904 2045 2976 regionibus,

396 2993 633 3062 perinde
658 3007 723 3048 ac
753 2994 812 3048 in
851 2995 1090 3063 Gracia,
1126 3000 1181 3050 et
1219 2995 1566 3059 Macedonia,
1615 3007 1913 3065 synagOga
1939 2994 2048 3048 Ju-

2165 1829 2487 1899 proferendi
2510 1835 2880 1907 Evangelium
2907 1836 3145 1892 Christi.
3179 1835 3500 1906 Apparatus
3528 1835 3637 1890 iste
3661 1834 3826 1889 orbis

2162 1925 2444 1977 terrarum
2480 1928 2678 1980 contra
2708 1925 3020 1981 Ecclesiam
3054 1924 3266 1994 nisuri,
3299 1930 3355 1980 et
3379 1938 3478 1994 per
3504 1923 3820 1979 Ecclesiam

2162 2010 2540 2069 saluberrime
2573 2016 2905 2084 superandi,
2935 2015 3311 2084 explicandus
3343 2018 3465 2069 erat
3498 2014 3557 2068 in
3583 2013 3825 2082 ampliS'

2162 2099 2306 2156 sima
2335 2116 2535 2173 pompa
2565 2117 2668 2161 sua
2697 2119 2794 2174 per
2820 2119 3002 2161 annos
3028 2105 3454 2176 quinquaginta
3482 2110 3612 2159 ante
3645 2116 3817 2158 aram

2158 2190 2373 2246 Christi
2402 2201 2721 2264 conspecta,
2750 2198 2814 2250 ut
2838 2194 3021 2250 lucem
3048 2192 3367 2250 aﬁ‘underet
3398 2192 3658 2248 historia
3684 2205 3822 2261 pon-

2159 2281 2383 2336 tiﬁcali.
2407 2283 2545 2336 Nam
2565 2282 2809 2338 concisa
2830 2283 2942 2338 illa
2966 2282 3222 2352 priorum
3248 2283 3397 2338 Petri
3421 2295 3820 2338 successorum

2159 2370 2309 2441 vita,
2341 2384 2466 2441 qua
2507 2384 2640 2434 uno,
2683 2376 2785 2427 aut
2818 2372 2998 2428 altero
3028 2385 3196 2428 versu
3235 2373 3477 2443 grandia
3501 2385 3698 2428 eorum
3734 2383 3825 2441 ge-

2160 2462 2246 2513 sta
2271 2459 2625 2537 concludunt
2654 2461 2792 2516 trita
2819 2461 2922 2518 illa
2951 2475 3017 2517 ac
3041 2461 3296 2532 simplici
3331 2461 3590 2518 clausula
3616 2473 3825 2516 sacra—

2160 2562 2287 2604 rum
2323 2549 2780 2618 ordinationum,
2822 2553 3024 2606 creavit
3055 2553 3405 2621 presbyteros
3437 2553 3507 2614 N,
3539 2553 3821 2621 episcopos

2155 2653 2252 2708 per
2282 2638 2496 2692 diversa
2527 2640 2642 2694 loca
2672 2643 2737 2697 N.
2771 2645 2912 2711 quot
2939 2641 3271 2712 ingentibus
3302 2640 3470 2697 factis
3501 2645 3821 2713 pragnent,

2157 2728 2545 2797 acquisitione
2590 2729 2814 2785 scilicet
2861 2731 3310 2800 provinciarum,
3355 2730 3692 2787 fundatione
3735 2743 3824 2785 se-

2154 2816 2337 2886 dium,
2354 2819 2722 2875 conversione
2740 2820 3057 2891 regionum,
3076 2834 3185 2876 non
3206 2833 3406 2890 parum
3424 2819 3824 2876 declarabitur

2154 2905 2224 2961 ab
2250 2907 2468 2976 adjecta
2503 2908 2709 2964 notitia
2738 2907 3017 2980 Orientis,
3049 2915 3104 2965 et
3132 2910 3482 2978 Occidentis,
3522 2910 3673 2964 intra
3707 2909 3824 2965 hoc

2156 2995 2408 3065 spatium
2438 2997 2675 3053 dimidii
2709 2998 2906 3055 saculi
2939 3014 3066 3054 ara
3103 2999 3447 3054 Christiana
3478 2997 3767 3070 pramissi
3799 3017 3814 3052 :

395 3083 872 3152 daorumaperta
894 3084 1574 3154 oppignerassent(utita
1594 3084 1800 3155 dicam)
1823 3083 2044 3138 aditum
2080 3076 2270 3154 Cquo
2332 3085 2638 3142 exhibetur
2695 3093 2880 3145 status
2936 3088 3096 3144 orbis
3157 3087 3332 3144 ferme
3391 3089 3648 3144 universi
3717 3102 3822 3158 per

394 3172 539 3227 viris
584 3172 940 3243 apostolicis,
983 3186 1082 3244 per
1119 3175 1331 3244 Moysis
1371 3173 1800 3229 tabernaculum
1839 3173 1907 3226 ad
1950 3173 2048 3228 in-

395 3261 606 3316 teriora
633 3261 934 3317 velaminis
957 3261 1287 3332 perlaturis,
1313 3263 1444 3318 novi
1470 3261 1700 3319 faderis
1723 3261 1966 3330 tabulas,
1991 3264 2047 3317 et

393 3363 580 3406 arcam
621 3353 758 3407 Novi
803 3355 858 3407 et
891 3352 1086 3407 aterni
1119 3353 1483 3421 Testamenti,
1525 3352 1856 3408 observante
1884 3351 2046 3407 beato

389 3440 693 3496 Ambrosio
725 3439 852 3513 [lib.
885 3455 987 3497 vni
1019 3442 1074 3497 in
1105 3442 1311 3497 Lucam
1339 3455 1511 3512 prope
1538 3442 1725 3511 ﬁnem]
1750 3441 2045 3496 Christum

390 3529 697 3586 Dominum
723 3533 803 3584 ita
821 3533 1050 3594 venisse,
1079 3536 1140 3585 ut
1160 3547 1264 3600 per
1291 3532 1505 3585 Judaos
1536 3532 1795 3585 transiret
1815 3530 1890 3583 ad
1907 3545 2047 3597 gen—

393 3621 488 3673 tes.
515 3621 643 3689 Ipsa
667 3620 971 3688 captivitas
999 3622 1243 3690 Hyrcani
1271 3621 1418 3691 apud
1447 3621 1703 3690 Parthos,
1738 3624 1794 3674 et
1816 3619 2047 3674 Judao-

393 3722 520 3764 rum
549 3709 608 3762 in
630 3709 1036 3778 Mesopotamia
1061 3710 1390 3780 degentium
1418 3725 1550 3783 erga
1577 3725 1705 3767 eum
1730 3709 2045 3766 reverentia

394 3797 748 3852 monstrabat
788 3799 1068 3866 semitam,
1110 3798 1210 3851 Dei
1245 3802 1390 3853 nutu
1433 3805 1684 3867 apertam
1715 3800 1783 3854 ad
1829 3800 2045 3866 perdu—

393 3887 634 3942 cendum
685 3885 837 3940 ultra
890 3885 1031 3940 ﬁnes
1079 3885 1317 3941 Romani
1372 3886 1600 3954 imperii
1652 3887 1805 3942 ﬁlios
1847 3887 2043 3944 libera

391 3975 606 4030 Christi
648 3987 890 4044 sponsa,
931 3987 1060 4029 cum
1105 3987 1170 4029 eo
1217 3979 1605 4044 penetrassent
1653 3975 1772 4030 nati
1815 3977 2042 4032 ancilla

395 4064 580 4133 illius,
615 4077 739 4134 qua
766 4067 997 4133 generat
1028 4062 1084 4118 in
1119 4064 1470 4119 servitutem.
1506 4064 1660 4118 Licet
1687 4077 1816 4119 vero
1842 4065 2043 4119 ethni-

392 4167 590 4208 corum
633 4153 1074 4222 persecutiones,
1114 4167 1147 4207 a
1180 4153 1504 4208 Judaorum
1547 4153 1824 4222 exemplis
1857 4158 1913 4208 et
1945 4153 2044 4209 in—

393 4241 565 4298 sidiis
589 4243 850 4297 excitata
879 4241 1152 4296 adversus
1169 4242 1464 4296 Christum
1489 4243 1742 4312 Domini,
1765 4248 1820 4297 et
1845 4249 2043 4298 contra

395 4331 561 4386 illius
602 4331 911 4387 Ecclesiam
951 4331 1146 4386 statim
1190 4345 1256 4386 ac
1293 4346 1390 4401 per
1423 4333 1710 4401 apostolos
1753 4333 2042 4388 condeba-

2155 3175 2381 3230 eosdem
2419 3175 2690 3245 prasules
2728 3177 3076 3248 apostolicos
3112 3179 3180 3234 ad
3217 3177 3485 3234 Ecclesia
3516 3177 3820 3234 catholica

2155 3264 2485 3320 societatem
2514 3267 2810 3338 redigendi

2225 3350 2476 3418 Quarum
2519 3355 2784 3410 methodo
2825 3354 2882 3410 id
2915 3355 3300 3411 exhibendum
3338 3355 3658 3412 curaverim
3706 3355 3818 3411 hac

2157 3441 2216 3495 in
2262 3442 2656 3514 chronologia,
2703 3443 2840 3499 licet
2879 3449 3217 3514 conspectus
3258 3445 3380 3514 ipse
3421 3446 3566 3500 satis
3606 3445 3816 3502 docere

2156 3530 2338 3600 possit
2365 3549 2378 3600 ;
2407 3535 2654 3587 attamen
2689 3533 2890 3601 paucis
2913 3533 3205 3589 declarare
3231 3546 3342 3588 non
3376 3534 3554 3605 piget.

2225 3619 2446 3689 Duplex
2484 3621 2750 3677 columna
2789 3622 3048 3694 singulas
3090 3622 3326 3696 paginas
3362 3621 3630 3679 bifariam
3667 3624 3819 3682 divi-

2153 3708 2263 3779 dit,
2296 3715 2358 3766 ut
2388 3711 2450 3766 in
2484 3725 2596 3767 una
2629 3710 2910 3768 referatur
2948 3712 3340 3785 chron010gia,
3374 3719 3430 3768 et
3461 3713 3705 3769 historia
3737 3715 3819 3771 ci-

2155 3799 2290 3855 vilis
2319 3799 2705 3872 ethnicorum,
2742 3802 2800 3857 in
2829 3801 3008 3858 altera
3036 3801 3408 3858 sacerdotalis
3441 3803 3638 3873 populi
3666 3803 3816 3858 divi-

2153 3902 2290 3944 num
2322 3893 2543 3946 cultum
2588 3892 2697 3947 rite
2737 3891 3115 3948 exercendum
3149 3906 3181 3947 a
3210 3893 3323 3948 Deo
3361 3892 3544 3947 vocati
3571 3910 3584 3945 :
3611 3905 3815 3962 nempe

2149 3979 2472 4035 Judaorum
2539 3980 2808 4036 Ecclesia
2870 3986 3002 4036 ante
3068 3981 3373 4038 adventum
3445 3981 3816 4052 Domini;et

2150 4068 2510 4140 Christiana,
2565 4077 2690 4140 post
2724 4083 2851 4125 eum
2898 4069 3069 4125 terris
3111 4071 3309 4128 datum
3339 4073 3512 4127 Deum
3543 4079 3599 4127 et
3625 4072 3815 4128 Homi-

2153 4172 2299 4228 nem,
2356 4165 2411 4214 et
2478 4159 2723 4229 lapidem
2787 4159 3146 4232 angularem,
3199 4161 3300 4232 qui
3368 4160 3503 4218 fac.t
3565 4167 3813 4234 utraque

2152 4261 2351 4304 unum.

2223 4339 2280 4392 ln
2324 4337 2502 4408 priori
2551 4338 2818 4397 columna
2861 4339 3156 4412 assignata
3199 4340 3611 4412 chronologia,
3639 4345 3697 4396 et
3725 4341 3812 4398 hi-

393 4424 508 4492 tur,
533 4435 643 4477 non
672 4435 835 4478 secus
855 4436 920 4478 ac
945 4421 1156 4478 ﬂuctus
1180 4421 1369 4492 abyssi
1400 4435 1613 4493 magna
1632 4428 1828 4479 contra
1849 4437 2038 4479 arcam
2068 4439 2121 4501 D
2151 4428 2344 4484 storia
2383 4430 2659 4500 gentium,
2697 4444 2762 4486 ac
2794 4432 3107 4500 prasertim
3148 4433 3410 4488 Romana
3447 4429 3806 4500 reipublica,

392 4512 650 4583 undique
677 4511 913 4582 impulsi
942 4511 1192 4568 eamdem
1226 4512 1581 4586 impeterent,
1611 4514 1805 4569 statim
1831 4527 1897 4569 ac
1925 4528 2041 4584 per-

392 4600 536 4658 fecta
583 4602 709 4671 ejus
752 4599 995 4671 fabrica,
1043 4601 1192 4656 inter
1238 4601 1396 4660 illam
1443 4604 1560 4660 Noe
1604 4608 2043 4675 congregaverat

393 4691 850 4762 praservandum
881 4705 914 4747 a
943 4691 1234 4747 communi
1281 4692 1442 4748 clade
1470 4693 1784 4750 viventium
1817 4707 1997 4766 genus
2023 4711 2038 4764 ;

390 4787 639 4838 attamen
675 4780 1011 4838 elevationis
1051 4794 1169 4836 suae
1212 4783 1424 4854 gradus
1459 4789 1691 4853 experta
1720 4789 1806 4839 est
1837 4783 2043 4839 iisdem

393 4875 454 4930 in
495 4875 770 4932 ﬂuctibus
813 4874 1161 4930 mirabiliter
1201 4887 1234 4929 a
1277 4876 1389 4931 Deo
1433 4873 1753 4930 substratos
1795 4873 2044 4931 Ecclesia

391 4965 607 5020 Christi
638 4985 649 5021 :
681 4967 780 5036 qui
821 4966 1062 5022 salutem
1103 4963 1362 5021 facturus
1399 4979 1470 5020 ex
1504 4964 1763 5022 inimicis
1801 4968 2038 5036 nostris,

392 5054 653 5110 consulto
692 5056 948 5113 voluerat
990 5057 1072 5112 ibi
1099 5064 1265 5114 antea
1303 5057 1534 5115 fundari
1573 5071 1907 5129 synagOgas,
1939 5058 2039 5114 ubi

392 5155 689 5214 synagoga
728 5143 836 5198 ﬁlii
880 5152 1078 5202 contra
1127 5148 1436 5203 Ecclesiam
1485 5154 1749 5217 urgerent
1794 5149 2040 5204 vortices

392 5234 670 5303 gentium,
697 5244 761 5286 ac
788 5245 943 5302 suos,
974 5241 1038 5289 ut
1067 5236 1137 5290 ad
1173 5236 1423 5291 eamdem
1459 5235 1606 5289 illisi
1637 5237 1868 5306 utrique
1893 5253 2036 5296 con-

391 5321 663 5393 ciderent,
695 5328 771 5393 et,
811 5324 1133 5392 aggregatis
1169 5323 1462 5393 ﬂuctibus,
1505 5338 1692 5381 arcam
1727 5327 2036 5385 salutarem

390 5411 458 5466 ad
489 5412 696 5468 altiora
729 5410 1120 5482 proveherent.

461 5501 586 5556 Hac
617 5503 799 5573 igitur
838 5501 1112 5573 projectio
1153 5499 1509 5558 fundamenti
1546 5504 1603 5560 in
1634 5503 1868 5565 Oriente
1891 5514 1950 5564 et
1975 5509 2034 5565 in

389 5591 712 5663 Occidente,
778 5593 847 5649 ad
895 5592 1262 5650 excitandum
1321 5593 1434 5651 Deo
1494 5596 1766 5667 templum
1821 5598 2032 5672 vivum,

2150 4522 2208 4574 et
2235 4518 2461 4588 imperii
2497 4520 2845 4591 principum,
2875 4522 3090 4591 quibus
3115 4535 3244 4578 cum
3267 4521 3532 4577 Ecclesia
3559 4520 3808 4577 historia

2152 4620 2332 4663 nexus
2356 4609 2670 4666 continuus
2696 4623 2809 4680 pra
2828 4611 3052 4666 caeteris
3079 4611 3403 4680 intercedit,
3436 4624 3524 4666 res
3549 4610 3810 4666 occiden-

2153 4696 2288 4752 talis
2315 4702 2532 4755 tractus
2562 4699 2796 4770 digesta
2822 4705 2960 4756 sunt
2990 4704 3102 4756 tam
3136 4700 3196 4756 in
3227 4699 3603 4771 chronologia
3633 4713 3805 4770 quam

2155 4786 2213 4841 in
2249 4787 2512 4845 historia.

2222 4876 2617 4949 ChrmmIOgia
2647 4876 2926 4934 iudicatio
2953 4879 3256 4950 generalis,
3284 4879 3652 4949 complexura
3676 4879 3805 4935 cha-

2153 4972 2398 5022 racteres
2437 4980 2714 5022 annorum
2764 4967 3107 5040 singillatim
3156 4983 3224 5024 ex
3271 4969 3429 5039 cyclo
3467 4967 3808 5025 occidenta-

2151 5055 2307 5112 libus
2336 5055 2702 5128 chronologis
2732 5056 2902 5114 hodie
2933 5066 3158 5129 recepto
3186 5057 3408 5129 (utpote
3439 5060 3806 5116 discernente

2149 5147 2294 5201 citra
2323 5147 2506 5201 ullum
2537 5145 2899 5203 confusionis
2930 5149 3248 5218 periculum
3283 5161 3682 5219 quemcunque
3706 5163 3802 5206 an-

2150 5251 2306 5307 num,
2339 5238 2576 5307 ejusque
2604 5249 2636 5291 a
2664 5239 2928 5307 prasenti
2961 5237 3321 5310 distantiam)
3351 5239 3713 5309 conspicitur
3743 5239 3802 5294 in

2148 5326 2452 5400 marginali
2481 5325 2661 5383 ductu
2691 5327 2988 5388 columna.
3021 5329 3319 5399 primaque
3345 5329 3475 5385 sede
3505 5328 3814 5386 sinistror-

2146 5434 2271 5476 sum
2307 5431 2405 5488 per
2429 5417 2636 5472 seriem
2665 5418 3042 5474 descendente
3069 5437 3081 5473 :
3115 5419 3223 5476 sub
3247 5433 3314 5477 eo
3346 5418 3519 5475 titulo
3550 5434 3806 5490 superne

2148 5511 2336 5581 posito
2362 5528 2374 5564 :
2404 5509 2558 5565 Anni
2591 5507 2808 5578 periodi
2833 5509 3070 5564 Iuliana
3104 5509 3201 5566 ubi
3230 5509 3489 5580 periodus
3512 5511 3744 5566 Iuliana
3771 5525 3804 5567 a

2147 5601 2436 5673 Sealigcro
2478 5599 2726 5668 inventa,
2767 5611 2947 5657 annos
2987 5599 3246 5672 singulos
3287 5599 3536 5670 ordinat,
3578 5599 3807 5657 additis
