3998 6176
279 305 383 365 ω

1227 307 1320 364 ns
1353 306 1693 371 ,CHRONOL.
1752 305 2040 379 roma,
2081 304 2315 365 casas
2352 307 2439 365 ET
2477 306 2758 375 QONSUL.

3586 308 3695 368 390

271 432 717 489 characteribus
765 432 913 505 cycli
970 431 1135 503 solis,
1180 436 1249 489 et-
1282 433 1453 504 lunae,
1500 446 1566 489 ac
1614 433 1933 490 litterarum
1961 443 2011 501 Α
2042 433 2448 491 eﬁossionibus
2476 434 2769 504 ruderum,
2794 446 2920 504 qua:
2948 433 3148 489 dietim
3183 433 3350 505 ﬁunt,
3383 435 3497 491 nisi
3526 437 3691 507 prius

270 521 751 578 Dominiralium.
780 522 977 578 Eidem
996 535 1146 577 anno
1168 523 1389 592 periodi
1411 523 1654 579 Julianaa
1676 523 1935 591 assignat

271 612 622 668 secundaria
662 611 843 668 series
877 625 1006 667 cum
1043 624 1107 666 ea
1144 612 1493 668 descendens
1515 626 1698 669 annos
1734 612 1936 668 civiles

274 701 564 756 Romanos
602 699 677 755 ab
712 700 861 755 Urbe
885 700 1137 756 condita.
1184 702 1321 758 Cum
1349 715 1478 757 vero
1512 715 1794 757 annorum
1833 714 1936 771 pe—

278 790 427 846 riodi
467 789 717 845 Julianee
755 790 1030 861 Scaligeri
1078 790 1158 846 sit
1195 790 1493 846 exordium
1530 790 1802 847 Kalendis
1834 791 1935 845 Ja-

279 878 497 949 nuarii,
522 892 628 934 seu
647 879 765 934 veri
801 883 928 948 post
947 878 1191 936 Caesaris
1212 879 1655 951 ordinationem,
1683 893 1785 936 seu
1813 893 1932 949 pro-

274 968 475 1038 leptici
501 974 637 1024 ante
660 968 991 1024 ordinatum
1022 982 1054 1024 a
1090 969 1244 1025 Julio
1267 969 1484 1025 Caesare
1508 969 1927 1038 Kalendarum;

269 1070 561 1113 annorum
602 1071 735 1113 vero
781 1056 852 1113 ab
890 1058 1038 1113 Urbe
1082 1059 1316 1115 condita
1360 1059 1486 1115 dies
1528 1059 1795 1129 princeps
1829 1058 1928 1129 sit,

272 1160 400 1217 quas
422 1144 560 1201 festi
597 1146 869 1202 Palilium
897 1146 1085 1202 fuerat
1119 1148 1410 1208 Romanis,
1448 1161 1627 1217 eaque
1653 1147 1711 1202 in
1734 1146 1933 1204 calen-

271 1235 439 1290 dario
466 1235 715 1291 Cazsaris
741 1237 1072 1306 assignetur
1096 1248 1152 1290 x1
1179 1235 1305 1291 Kal.
1335 1236 1470 1291 Maii
1495 1236 1927 1307 ;-consequitur,

273 1330 337 1380 ut
378 1336 520 1393 pars
566 1324 705 1379 anni
740 1324 962 1394 periodi
992 1325 1234 1381 Julianae
1272 1338 1340 1380 ex
1386 1321 1408 1379 4
1442 1326 1705 1393 Januarii
1746 1327 1815 1381 ad
1861 1322 1924 1381 24

267 1413 518 1483 Aprilis,
578 1418 794 1482 spectet
838 1413 906 1468 ad
948 1414 1347 1484 complendum
1399 1428 1613 1470 annum
1669 1413 1740 1469 ab
1787 1414 1933 1470 Urbe

270 1502 532 1571 condita,
575 1508 631 1557 et
675 1515 743 1557 ex
785 1498 847 1557 24
879 1500 1101 1572 Aprilis
1122 1502 1372 1571 ejusdem
1416 1503 1638 1573 periodi
1668 1502 1928 1575 Julianae,

271 1596 648 1661 computetur
680 1604 861 1647 novus
894 1605 1099 1661 annus,
1148 1592 1313 1648 illum
1345 1593 1686 1663 completum
1727 1606 1935 1649 conse-

272 1694 461 1752 quens
486 1681 549 1735 in
577 1681 725 1736 serie
756 1681 1028 1751 temporis
1062 1680 1132 1735 ah
1170 1681 1317 1737 Urbe
1347 1683 1597 1738 condita.
1651 1682 1932 1752 Quocirca

2043 537 2273 580 accessu
2313 537 2510 580 eorum
2557 538 2700 594 quos
2738 523 2860 593 ipse
2890 522 3198 593 delegisset
3240 523 3308 579 ad
3353 525 3545 580 eadem
3596 540 3693 582 re—

2042 614 2451 683 cognoscenda,
2481 618 2537 668 et
2559 614 2629 669 ad
2656 613 2913 668 historiae
2937 613 3269 682 praesidium
3293 613 3688 685 describenda,

2045 701 2103 755 in
2156 706 2279 758 tuto
2332 702 2713 758 collocaretur
2759 702 3046 773 quidquid
3098 702 3328 757 erudita
3369 702 3694 772 antiquitas

2044 791 2211 847 nobis
2240 792 2386 847 seris
2421 792 2665 861 posteris
2708 793 2787 847 ita
2834 792 3163 847 reservavit.
3211 791 3433 847 Placuit
3475 791 3692 848 beneﬁ-

2042 880 2376 936 centissimo
2401 880 2552 935 Patri
2584 881 2639 935 id
2675 880 2932 936 muneris
2954 880 3224 936 tenuitati
3253 894 3387 936 meae
3413 878 3690 951 conferre,

2044 969 2335 1040 proposito
2369 983 2465 1039 per
2493 970 2852 1025 eminentiss.
2900 970 3054 1025 card.
3094 970 3393 1039 Spinulam
3433 984 3695 1027 camera—

2044 1059 2195 1114 rium
2239 1059 2429 1115 edicto
2479 1060 2840 1129 providenter
2874 1059 3264 1129 conﬁrmante,
3302 1066 3490 1116 vetera
3529 1061 3692 1130 jussa

2045 1148 2377 1218 pontiﬁcum
2403 1149 2764 1204 decessurum
2795 1148 2892 1204 die
2915 1146 2983 1204 30
3012 1148 3323 1218 Septembr.
3359 1150 3497 1206 anni
3527 1146 3690 1222 4704,

2044 1239 2413 1308 pontificatus
2440 1239 2530 1295 sui
2561 1243 2784 1309 quarto.
2825 1240 2924 1293 Per
2951 1238 3053 1293 hos
3082 1238 3290 1310 viginti
3322 1254 3506 1296 annos
3532 1240 3691 1300 dele-

2042 1332 2184 1396 gata:
2223 1327 2365 1382 mihi
2402 1341 2554 1383 curze
2596 1331 2709 1381 tum
2743 1327 3016 1381 naturalis
3052 1328 3360 1382 sollicitudo
3394 1326 3479 1401 (ut
3509 1331 3691 1388 Fron-

2045 1415 2203 1471 tinus
2226 1416 2628 1486 experiebatur
2651 1416 2711 1471 in
2739 1417 3044 1473 commisso
3068 1416 3183 1472 sibi
3211 1430 3444 1474 munere
3461 1432 3494 1474 a
3513 1421 3695 1478 Nerva

2044 1504 2305 1574 principe
2345 1519 2510 1576 quem
2543 1505 2788 1577 ambigit
2817 1520 2953 1562 num
2983 1506 3231 1576 appellet
3273 1508 3691 1580 diligentiorem,

2042 1609 2116 1647 an
2159 1596 2518 1649 amantiorem
2560 1594 2889 1666 reipublicw)
2916 1600 3030 1650 tum
3069 1596 3204 1664 ﬁdes
3236 1597 3429 1651 sedula
3469 1614 3579 1653 non
3621 1599 3698 1654 ad

2044 1683 2384 1750 diligentiam
2418 1684 2596 1754 modo,
2642 1699 2830 1738 verum
2872 1684 2947 1737 ad
2989 1699 3224 1737 amorem
3274 1700 3486 1753 quoque
3545 1703 3697 1741 com-

268 1769 490 1840 duplex
539 1783 815 1827 numerus
853 1784 1034 1826 annos
1075 1770 1336 1841 singulos
1376 1770 1559 1827 afﬁcit
1598 1772 1703 1827 hac
1744 1771 1802 1827 in
1828 1787 1931 1828 co—
1956 1773 2009 1833 B
2040 1774 2219 1827 missae
2250 1775 2332 1827 rei
2376 1790 2458 1829 me
2496 1790 2615 1828 cum
2656 1774 3075 1840 instigavem'nt;
3109 1776 3393 1843 quotquot
3436 1779 3693 1832 vetustos

270 1858 495 1930 lumna,
536 1873 690 1916 unus
719 1860 1013 1930 pertinens
1040 1860 1111 1916 ab
1139 1874 1353 1916 annum
1380 1860 1779 1931 complendum
1806 1866 1930 1917 ante

268 1949 500 2018 Palilia,
539 1948 686 2004 alter
708 1949 780 2004 ab
806 1964 1010 2006 novum
1044 1950 1530 2007 denominandvm
1553 1955 1675 2019 post
1701 1951 1927 2015 Palilia,

274 2040 360 2094 uti
390 2037 465 2093 ad
496 2038 765 2110 singulas
807 2040 1049 2111 paginas
1090 2040 1342 2097 ostendit
1373 2039 1585 2096 titulus
1632 2040 1691 2095 in
1742 2038 1930 2097 fronte

273 2125 570 2197 praeﬁxas.

340 2217 501 2271 Intra
552 2215 723 2272 hasce
774 2216 952 2273 series
988 2217 1334 2288 epocharum
1368 2216 1643 2288 utrinque
1684 2218 1931 2274 descen—
1969 2273 1983 2294 ε

264 2305 541 2361 dentium
579 2306 841 2375 procedit
862 2307 1073 2363 ductus
1096 2307 1379 2364 columnae
1407 2306 1730 2377 amplioris,
1766 2308 1929 2365 indi-

267 2408 407 2450 cans
433 2395 784 2451 documenta
815 2396 1102 2466 praecipua
1134 2397 1407 2466 temporis
1449 2397 1517 2453 ad
1546 2397 1805 2453 eumdem
1835 2410 1932 2453 an-

268 2497 409 2539 num
443 2484 814 2554 pertinentis,
837 2498 905 2539 ex
929 2485 1364 2557 magistratibus
1392 2487 1776 2542 Romanorum
1815 2500 1929 2556 pu—

268 2571 427 2627 blica
444 2572 798 2628 auctoritate
812 2585 1024 2628 annum
1038 2573 1425 2645 signantibus,
1450 2574 1775 2644 cujusmodi
1795 2577 1930 2629 sunt

273 2661 573 2731 consules,
619 2667 678 2717 et
716 2662 1108 2732 imperatores.
1143 2663 1455 2720 Consulum
1499 2664 1927 2720 ordinariorum

274 2765 628 2823 praenomen,
663 2765 886 2823 nomen,
920 2758 977 2808 et
1000 2758 1439 2823 cognomentum
1469 2753 1699 2809 reddere
1737 2752 1928 2809 conati

276 2848 415 2898 sunt
436 2842 658 2912 plures,
687 2842 787 2911 qui
822 2841 882 2896 in
913 2842 1097 2898 Fastis
1123 2847 1374 2898 correcte
1406 2842 1749 2898 exhibendis
1788 2855 1930 2912 ope-

276 2944 395 2987 ram
426 2931 826 2987 contulerunt.
853 2930 963 2999 Qui
989 2931 1428 3002 Cuspinianum,
1469 2932 1791 3003 Sigonium,
1821 2931 1931 2986 Ma-

275 3022 535 3093 nutium,
562 3022 922 3091 Panvinium,
951 3022 1240 3093 Pighium,
1263 3022 1594 3093 Gruterum,
1616 3021 1926 3085 Goltzium,

2041 1863 2263 1933 lapides
2300 1864 2467 1922 effodi
2526 1864 2772 1935 contigit
2813 1861 2991 1934 (fuere
3043 1868 3232 1918 autem
3286 1862 3546 1934 plurimi)
3594 1868 3695 1920 aut

2041 1966 2323 2025 nummos,
2384 1952 2772 2023 chronologia:
2811 1951 3139 2007 consularis
3179 1955 3235 2006 et
3281 1951 3546 2007 Cmsarea:
3593 1965 3692 2008 ra—

2040 2041 2227 2098 tiones
2277 2042 2730 2113 comprobantes,
2782 2046 2884 2095 aut
2925 2040 3296 2111 corrigentes,
3353 2040 3489 2096 huic
3531 2041 3691 2110 operi

2041 2131 2344 2186 reservavi.
2380 2134 2440 2186 In
2469 2130 2573 2185 hac
2601 2130 2784 2200 igitur
2807 2128 3093 2199 columna,
3120 2128 3219 2184 ubi
3247 2128 3552 2185 consulum
3583 2142 3693 2185 no-

2041 2217 2198 2273 mina
2241 2232 2370 2274 cum
2419 2216 2871 2289 praenominibus
2920 2221 2977 2273 et
3023 2216 3419 2286 cognomentis
3471 2216 3695 2287 integre

2038 2306 2406 2377 exhibentur,
2436 2307 2663 2378 quando
2689 2311 2844 2362 certo
2869 2306 3026 2361 nosci
3056 2310 3386 2375 potuerunt,
3411 2305 3694 2361 asterisco

2040 2395 2294 2451 indicata
2320 2397 2569 2466 reperies
2599 2396 2667 2450 ad
2702 2408 2884 2451 annos
2914 2393 3178 2465 singulos
3211 2393 3356 2464 loca,
3392 2393 3451 2449 in
3479 2393 3696 2464 quibus

2039 2485 2231 2539 eadem
2262 2484 2503 2556 collegia
2543 2483 2868 2553 consulum,
2899 2483 2982 2539 vel
3025 2483 3083 2536 in
3112 2482 3480 2552 praanomine,
3517 2482 3603 2538 vel
3632 2483 3693 2539 in

2042 2574 2292 2643 nomine,
2324 2579 2425 2629 aut
2454 2579 2830 2643 cognomento
2856 2571 3161 2642 reddendo,
3189 2584 3258 2626 ex
3289 2579 3455 2627 certae
3484 2578 3694 2627 aucto-

2042 2664 2236 2720 ritatis
2275 2663 2663 2720 monumentis
2714 2661 3089 2733 corriguntur
3132 2668 3410 2732 quantum
3460 2661 3693 2733 assequi

2042 2754 2199 2823 potui
2234 2754 2339 2809 hoc
2364 2754 2649 2816 vicennio,
2677 2767 2747 2808 ex
2771 2767 2884 2823 quo
2903 2750 3240 2807 demandata
3267 2751 3410 2807 mihi
3440 2751 3553 2808 fuit
3578 2752 3696 2807 hinc

2043 2844 2334 2914 provincia
2384 2841 2825 2913 recognoscendi
2875 2846 2932 2896 et
2977 2840 3358 2910 prmservandi
3407 2840 3475 2895 ad
3524 2853 3693 2896 usum

2041 2947 2214 2990 sacrae
2245 2937 2302 2988 et
2339 2931 2586 3002 profante
2610 2930 2869 2986 historiae
2897 2930 3148 3000 pretiosa
3173 2930 3289 2985 haec
3327 2930 3690 2985 documenta.

2038 3025 2101 3079 In
2122 3021 2374 3094 singulis
2391 3020 2656 3093 collegiis
2676 3019 2977 3076 consulum
2995 3024 3097 3076 aut
3116 3018 3415 3075 laterculis
3439 3018 3697 3074 indicare

271 3112 543 3183 aliosque
571 3111 893 3181 superioris
930 3111 1126 3167 saeculi
1151 3119 1416 3168 auctores
1456 3118 1755 3181 noverunt,
1804 3125 1932 3167 mo—
1956 3104 2002 3166 C
2043 3110 2679 3182 placuitauctoritatem
2702 3109 3030 3165 documenti
3052 3109 3201 3165 unde
3227 3107 3691 3178 comprobantur.

274 3203 453 3259 nendi
485 3215 600 3258 non
631 3206 790 3272 sunt,
831 3208 1105 3273 quantum
1143 3208 1467 3273 superesset
1509 3202 1577 3258 ad
1622 3201 1930 3273 perﬁcien-

272 3293 436 3361 dum,
487 3301 617 3364 post
654 3292 967 3349 exhaustos
996 3297 1080 3349 tot
1106 3293 1363 3348 virorum
1398 3292 1793 3363 praestantium
1838 3292 1930 3347 la—

274 3384 462 3440 bores.
498 3384 791 3453 Quantum
821 3383 1208 3454 promoverint
1236 3382 1667 3454 chronologiam
1708 3396 1928 3439 censu—-

273 3474 451 3529 larem
470 3473 587 3529 viri
607 3473 796 3528 aetatis
816 3477 1025 3528 nostrae
1049 3471 1399 3535 doctissimi,
1427 3472 1780 3528 ministratis
1806 3472 1923 3527 do-

178 3618 191 3625 -
275 3564 567 3619 cumentis
594 3562 871 3633 lapidum.
911 3566 969 3617 et
990 3573 1354 3617 nummorum
1387 3558 1634 3616 feliciter
1657 3560 1927 3631 detectis,

274 3652 572 3724 abiisque
618 3653 929 3723 diligenter
970 3649 1218 3721 collatis,
1270 3654 1328 3705 et
1377 3649 1700 3721 explicatis,
1755 3650 1926 3707 unica

276 3742 525 3812 epistola
557 3741 878 3797 consularis
905 3741 1126 3797 Norisii
1157 3739 1341 3796 nostri
1372 3740 1441 3796 ad
1467 3739 1742 3795 celebrem
1768 3739 1930 3796 chro-

276 3831 554 3903 nologum
587 3831 823 3902 Pagium
850 3830 1170 3887 luculenter
1210 3829 1414 3885 docere
1445 3834 1665 3899 potest:
1693 3829 1789 3885 cui
1822 3829 1930 3885 Al—

279 3919 640 3975 melovenius
658 3927 714 3976 et
736 3920 1018 3975 Relandus
1039 3917 1312 3989 praeclara
1332 3918 1720 3974 additamenta
1748 3931 1930 3989 nuper

280 4008 585 4080 impressis
620 4010 916 4065 Fastorum
959 4023 1196 4065 suorum
1226 4007 1626 4064 voluminibus
1663 4007 1933 4064 contule-

280 4105 437 4155 runt.
464 4102 527 4154 In
555 4100 807 4155 Caesarea
831 4113 962 4155 vero
986 4097 1361 4170 chronologia
1381 4098 1770 4168 componenda
1801 4111 1930 4154 cum

279 4189 599 4263 consulari,
652 4193 929 4258 quantum
971 4193 1097 4258 post
1137 4187 1414 4243 Occonem
1462 4188 1826 4244 desudaverit
1868 4187 1926 4241 C.

278 4280 713 4351 Mediabnrbus,
738 4287 980 4337 testatur
1011 4294 1156 4351 opus
1189 4280 1480 4353 egregium
1509 4280 1931 4335 Numismatum

277 4370 349 4425 ab
378 4384 447 4427 eo
479 4372 840 4441 praemissum
872 4372 1117 4429 editioni
1151 4374 1467 4439 Fastorum,
1500 4384 1670 4441 quam
1701 4370 1937 4426 medita-

2041 3201 2198 3257 Licet
2239 3205 2428 3257 autem
2481 3199 2908 3254 Almelovenius
2953 3203 3008 3253 et
3061 3198 3349 3254 Relandus
3404 3198 3511 3253 hoc
3569 3198 3697 3267 ipso

2039 3294 2292 3359 tempore
2328 3288 2599 3358 pleraque
2630 3299 2699 3341 ex
2739 3285 2833 3341 his
2862 3286 3248 3340 monumentis
3292 3291 3546 3341 recenter
3584 3286 3697 3340 de—

2038 3378 2205 3435 tectis
2229 3376 2572 3447 acceperint,
2600 3380 2657 3431 et
2679 3373 2910 3445 publico
2933 3373 3259 3430 litterarum
3285 3374 3418 3429 usui
3439 3372 3699 3442 plurima

2035 3483 2165 3525 cum
2207 3467 2374 3523 laude
2418 3464 2784 3538 protulerint,
2833 3468 3083 3518 attamen
3127 3462 3197 3517 ab
3248 3462 3496 3530 incoepta
3546 3461 3701 3517 desi-

2034 3556 2298 3614 stendum
2332 3554 2475 3609 mihi
2520 3566 2631 3608 non
2669 3564 2792 3607 esse
2817 3550 3109 3619 judicavi:
3157 3550 3253 3605 cui
3290 3550 3349 3604 in
3382 3550 3568 3605 Fastis
3598 3564 3695 3606 se-

2039 3645 2280 3719 paratim
2310 3642 2548 3699 edendis
2578 3640 2649 3710 (si
2681 3639 2895 3695 ostium
2925 3645 2981 3694 et
3010 3637 3340 3695 facultatem
3361 3639 3513 3695 Deus
3544 3652 3694 3696 con-

2037 3731 2292 3805 cesserit)
2334 3729 2629 3801 complura
2659 3736 2945 3799 congesta,
2989 3740 3059 3783 ex
3088 3728 3343 3785 nummis
3376 3732 3695 3799 praesertim

2038 3833 2094 3882 et
2119 3821 2415 3895 lapidibus
2439 3819 2685 3891 epochas
2715 3813 3172 3889 praferentibus,
3192 3824 3247 3873 et
3267 3831 3337 3873 ex
3365 3818 3699 3878 coelestibus

2039 3912 2357 3971 observatis
2381 3914 2713 3980 suppetunt,
2750 3920 2985 3964 usuram
3024 3906 3304 3979 plenioris
3335 3907 3486 3964 lucis
3526 3923 3698 3981 repa—

2042 4004 2254 4063 rationi
2288 4009 2606 4071 temporum
2640 3998 2988 4069 prtestitura.

2115 4098 2297 4167 llujus
2327 4089 2599 4163 lapidarii
2643 4088 3021 4144 additamenti
3055 4087 3239 4144 nostri
3280 4088 3349 4144 ad
3400 4090 3695 4167 Fastorum

2043 4161 2452 4257 castigatorum
2504 4184 2904 4242 auctoritatem
2965 4177 3251 4249 specimen
3307 4161 3544 4234 unicum
3592 4193 3698 4235 ex—

2046 4276 2243 4332 hibere
2258 4280 2561 4332 contentus
2576 4289 2705 4331 ero:
2736 4282 2935 4339 nempe
2961 4268 3090 4323 ined
3102 4267 3237 4323 itam
3260 4267 3697 4338 inscriptionem

2049 4379 2371 4422 marmoreae
2397 4364 2627 4436 tabulae,
2657 4365 2715 4419 in
2737 4359 2959 4417 Antiati
2993 4357 3189 4413 littore
3209 4371 3338 4413 cum
3373 4358 3511 4414 aliis
3541 4358 3701 4414 nobi-

278 4460 472 4518 batur.
509 4463 591 4516 Ne
618 4467 812 4517 autem
839 4460 1090 4516 eamdem
1118 4460 1428 4531 perﬁceret,
1456 4459 1731 4515 obstitere
1754 4457 1934 4513 dubia
1972 4460 2026 4522 D
2045 4455 2201 4512 libus
2230 4455 2540 4513 ruderibus
2568 4459 2791 4527 egestae,
2816 4461 2954 4506 cura
2984 4451 3040 4503 et
3070 4448 3349 4517 impensis
3369 4448 3702 4504 eminentis-

278 4550 602 4623 complura,
644 4551 704 4606 in
733 4550 1071 4608 nominibus
1105 4549 1409 4608 consulum
1437 4548 1753 4618 praesertim
1782 4561 1933 4603 non-

278 4640 421 4697 dum
448 4639 662 4710 soluta,
689 4638 915 4697 defectu
944 4640 1440 4709 documentorum,
1465 4651 1591 4709 qua:
1620 4642 1773 4694 certa
1798 4638 1935 4694 red-

277 4733 483 4789 derent
512 4729 846 4786 testimonia
866 4730 1145 4786 veritatis.

350 4820 502 4875 Huic
530 4825 741 4890 spartae
768 4819 1113 4875 adornanda;
1142 4816 1387 4888 opellam
1429 4818 1487 4871 et
1528 4828 1634 4871 nos
1672 4814 1936 4872 contuli-

282 4924 415 4966 mus
468 4910 573 4965 hac
629 4910 690 4965 in
751 4909 1036 4965 columna.
1097 4909 1236 4963 Cum
1291 4907 1446 4963 enim
1493 4904 1800 4961 Clementis
1856 4907 1934 4962 XI

278 5005 509 5055 aeternae
530 4999 821 5055 memoriae
845 4997 1137 5070 pontiﬁcis
1157 4996 1418 5053 studium
1443 5008 1510 5050 ac
1536 4992 1695 5051 favor
1721 4995 1781 5050 in
1809 5008 1936 5065 pro-

280 5090 582 5147 movendis
602 5087 961 5160 disciplinis,
989 5088 1197 5159 hisque
1219 5085 1557 5157 prmsertim,
1584 5098 1710 5155 qute
1733 5100 1800 5140 ex
1832 5098 1938 5157 ge-

282 5181 465 5237 nuina
479 5180 835 5249 antiquitate
856 5178 1122 5234 subsidia
1151 5174 1455 5233 conferunt
1472 5179 1625 5231 certa
1645 5175 1714 5231 ad
1746 5174 1939 5231 histo-

278 5252 432 5329 riam
474 5272 747 5333 Ecclesiae
793 5268 1251 5336 dilucidandam,
1296 5272 1654 5336 perspectum
1683 5264 1936 5335 haberet,

278 5375 312 5417 e
356 5362 640 5418 Romanis
685 5361 1072 5418 monumentis
1108 5356 1267 5413 ferax
1313 5355 1374 5410 in
1416 5355 1544 5411 dies
1581 5368 1940 5414 succrescere

278 5451 659 5525 spicilegium
680 5451 754 5509 ad
781 5457 1034 5507 veterum
1060 5461 1294 5507 messem
1325 5463 1438 5506 non
1461 5446 1799 5517 spernendis
1828 5460 1939 5503 ma-

279 5542 508 5613 nipulis
526 5542 960 5613 cumulandam,
992 5543 1141 5599 cavit
1167 5557 1237 5602 ne
1269 5544 1453 5601 incisa
1482 5541 1697 5599 litteris
1718 5541 1939 5595 vetusta

282 5646 576 5690 marmora
607 5632 787 5703 intra,
810 5631 895 5690 vel
926 5638 1084 5690 extra
1103 5633 1309 5692 Urbem
1341 5633 1466 5691 loco
1492 5632 1853 5690 moverentur
1879 5626 1938 5685 in

2044 4545 2179 4601 simi
2204 4545 2488 4616 principis
2517 4539 2825 4599 Alexandri
2857 4535 3175 4593 cardinalis
3203 4536 3432 4603 Albani,
3468 4536 3569 4606 qui
3601 4536 3701 4592 do-

2043 4633 2294 4690 ctissimi
2318 4633 2509 4704 patrui
2530 4628 2838 4687 Clementis
2864 4626 2942 4680 XI
2970 4622 3370 4679 adhortatione
3406 4628 3465 4678 et
3501 4636 3700 4679 exem-

2045 4724 2160 4794 plo,
2185 4722 2420 4779 tutelam
2438 4719 2681 4777 erudita:
2696 4711 3073 4786 antiquitatis
3090 4716 3146 4766 et
3167 4711 3553 4780 patrocinium
3577 4728 3700 4769 sus-

2044 4813 2214 4884 cepit.
2243 4814 2306 4868 In
2334 4810 2434 4867 illa
2460 4821 2775 4865 marmorea
2805 4803 2998 4861 tabula
3043 4802 3291 4859 incisum
3321 4800 3535 4872 legitur
3573 4799 3699 4856 fra-

2046 4908 2337 4976 gmentum
2367 4898 2641 4954 Kalendis
2684 4897 2925 4961 Juliani,
2971 4894 3330 4965 complexum
3369 4892 3695 4945 semestrem

2048 4989 2417 5062 posteriorem
2465 4986 2602 5041 anni
2650 4999 2684 5041 a
2727 4985 2996 5040 Kalendis
3040 4982 3203 5051 Julii,
3248 4993 3360 5036 non
3408 4977 3698 5034 dissimile

2046 5079 2389 5138 Farnesiano
2418 5077 2478 5133 in
2508 5074 2726 5131 litteris
2753 5073 2897 5144 cycli
2932 5073 3178 5142 lunaris,
3213 5068 3466 5143 singulis
3490 5067 3697 5125 diebus

2046 5170 2377 5243 assignatis,
2403 5172 2459 5224 et
2491 5167 2551 5222 in
2571 5165 2707 5221 aliis
2726 5164 2951 5221 dierum
2972 5161 3287 5233 adjunctis,
3311 5160 3455 5217 satis
3475 5157 3701 5228 exposi-

2051 5262 2129 5318 tis
2147 5261 2207 5316 in
2235 5266 2431 5317 nostra
2446 5256 2857 5314 dissertatione
2878 5254 2948 5310 de
2966 5252 3134 5326 Cyclo
3153 5258 3211 5307 et
3226 5248 3570 5307 Kalendario
3589 5249 3699 5302 Cte-

2050 5352 2232 5408 saris:
2255 5355 2487 5406 auctum
2504 5361 2636 5402 vero
2656 5346 2714 5401 in
2739 5346 2843 5401 hoc
2864 5356 3145 5400 marmore
3167 5340 3432 5412 pluribus
3462 5336 3700 5406 epochis

2053 5440 2373 5498 illustriora
2393 5441 2549 5511 gesta
2570 5436 2822 5506 ejusdem
2849 5433 3091 5491 Caesaris
3112 5436 3168 5487 et
3187 5426 3453 5499 Augusti,
3477 5438 3699 5481 eorum-

2050 5545 2160 5604 que
2183 5529 2506 5600 principum
2540 5526 2796 5598 familiaa,
2825 5525 2895 5582 ad
2922 5529 3107 5581 certos
3135 5520 3261 5576 dies
3290 5515 3692 5587 referentibus,

2051 5624 2111 5680 in
2134 5619 2348 5693 quibus
2387 5622 2443 5675 et
2484 5617 2636 5674 diem
2668 5615 2921 5674 victoria:
2942 5608 3306 5680 Pharsalica,
3339 5621 3370 5665 v
3406 5606 3543 5663 Idus
3568 5606 3695 5660 Αω-
