4032 6168
381 287 479 346 394

1170 285 1262 339 AD
1299 281 1733 339 ANASTASIUM
1793 275 2310 335 PROLOGOMENA
2346 277 2522 334 EDIT.
2568 275 2997 335 ROM.—VATIC.

3676 281 3782 342 392

381 426 537 498 gusti
567 426 843 482 hactenus
889 425 1240 496 ignoratam:
1271 429 1327 479 et
1361 422 1511 494 quod
1539 423 1606 478 ad
1637 435 1753 478 rem
1782 421 2031 476 nostram
2071 398 2267 498 Αςιθω
2287 398 2464 498 ,λίηθᾶῗ
2487 401 2623 456 anni
2647 403 3100 498 Romanl‘cijilis
3121 404 3429 498 terminum
3462 405 3782 498 indicantes

382 517 844 588 chronOIOgicam
893 514 1182 586 fastosque
1215 514 1546 570 consulares
1588 518 1708 568 tum
1767 520 2034 578 compro-

383 606 620 670 bandos,
652 612 768 662 tum
801 606 1203 677 castigatiores
1229 603 1583 659 exhibendos
1622 600 1860 670 confert,
1889 609 2036 653 con—

383 695 574 751 tinens
599 701 811 765 septem
843 694 1085 764 collegia
1131 693 1430 750 consulum
1460 692 1567 748 sub
1592 686 2036 760 imperatoribus

381 784 632 853 Tiberio,
673 785 731 839 C.
778 783 1036 855 Caligula
1079 787 1133 837 et
1171 782 1439 838 Claudio.
1476 780 1628 837 Dabo
1670 780 1844 848 hujus
1884 789 2035 846 prae-

383 874 729 928 stantissimi
762 873 1064 944 fragmenti
1098 871 1317 927 ﬁdelem
1341 877 1536 941 typum
1562 871 1618 924 in
1651 868 1761 924 ﬁne
1788 868 2031 923 istorum

382 961 936 1034 Prolegomenorum;
983 965 1039 1016 et
1079 960 1376 1016 reservabo
1402 956 1951 1028 interpretationem,
1979 957 2034 1009 et

382 1055 545 1106 notas
588 1065 731 1122 quas
767 1051 986 1106 attexui
1033 1051 1103 1106 ad
1145 1049 1466 1105 uberiorem
1516 1048 1639 1118 ejus
1679 1043 2032 1102 monumenti

383 1141 851 1210 illustrationem,
882 1139 964 1194 vel
998 1138 1243 1195 editioni
1278 1139 1597 1208 Fastorum,
1628 1135 1710 1192 vel
1746 1132 2037 1190 Analectis

380 1229 764 1299 Antiquitatis
793 1228 1044 1282 inedita.

452 1318 684 1373 Caeteris
708 1329 935 1386 quoque
969 1314 1429 1371 indicationibus
1453 1310 1877 1383 astronomieis,
1906 1323 2039 1366 cer—

386 1411 500 1462 tam
531 1406 666 1461 anui
693 1405 880 1460 sedem
902 1405 1172 1473 diemque
1195 1417 1304 1459 non
1336 1401 1529 1457 minus
1549 1401 1840 1456 evidenter
1866 1411 2036 1470 quam

383 1494 554 1552 hocce
602 1508 850 1550 marmor
895 1492 1447 1563 demonstrantibus,
1494 1504 1686 1547 carere
1724 1504 1836 1546 non
1877 1485 2033 1544 volui

379 1584 803 1650 Prolegomenis
859 1583 1143 1638 adnexum
1201 1583 1558 1638 Breviarium
1611 1579 2033 1650 Chronologiaa,

381 1676 521 1731 huic
544 1681 695 1730 tomo
736 1672 1072 1741 inserviens,
1101 1685 1133 1727 a
1162 1672 1318 1727 Julio
1342 1672 1561 1726 Caesare
1590 1671 1658 1725 ad
1688 1669 1857 1726 ﬁnem
1895 1669 2037 1724 Vita;

381 1764 531 1820 beati
561 1763 822 1818 Silvestri
861 1775 1036 1831 papae.
1079 1761 1337 1830 Eclipses
1387 1761 1567 1831 igitur
1603 1759 1746 1816 solis
1785 1773 1850 1814 ac
1887 1758 2036 1814 luna:

381 1857 628 1924 quatuor
661 1851 820 1906 hisce
856 1850 1085 1906 saeculis
1114 1850 1460 1918 observatas,
1494 1854 1550 1904 et
1574 1863 1606 1904 a
1651 1847 2037 1918 scriptoribus

381 1941 596 1998 litteris
642 1941 1025 2012 consignatas,
1076 1939 1400 2008 connotavi,
1454 1939 1515 1993 in
1566 1938 1769 1993 iisdem
1821 1937 2036 1992 tabulis

381 2030 804 2101 chronologicis
829 2045 926 2099 per
947 2029 1090 2084 solis
1120 2035 1453 2084 consuetum
1479 2028 1706 2096 signum
1729 2024 1818 2098 θ,
1853 2026 1903 2081 si
1937 2039 2026 2081 so-

380 2121 529 2177 lares
550 2125 718 2187 sunt;
742 2123 842 2175 aut
862 2133 958 2188 per
973 2117 1217 2174 alterius
1235 2117 1543 2174 luminaris
1563 2117 1622 2172 in
1647 2116 1847 2171 licium
1882 2117 1956 2184 ε,
1982 2114 2033 2170 si

382 2215 519 2267 sunt
563 2210 814 2266 lunares.
851 2208 960 2263 Ubi
1004 2207 1122 2263 haec
1167 2209 1331 2278 signa
1373 2212 1705 2276 occurrunt,
1757 2204 1808 2259 is
1847 2217 2034 2259 annus

380 2301 619 2370 ejusque
643 2299 825 2367 sedes,
849 2311 949 2353 seu
970 2311 1002 2353 a
1021 2297 1284 2367 praesenti
1303 2309 1452 2352 anno
1475 2295 1774 2364 distantia,
1799 2293 2036 2363 eclipsis

382 2388 661 2460 phasibus
685 2386 1112 2457 comprobatur,
1147 2399 1390 2456 quarum
1413 2384 1666 2439 calculos
1694 2382 2036 2451 respondere

383 2477 602 2533 tabulis
641 2490 705 2531 ex
735 2489 898 2545 aequo
939 2488 1005 2529 ac
1043 2471 1544 2529 observationibus
1593 2473 1921 2527 demonstro
1978 2471 2038 2526 in

385 2567 666 2637 opusculo
717 2566 783 2619 de
825 2565 1184 2634 Rapa-ratione
1218 2565 1557 2630 Te-mpo-ru-m.
1587 2562 1738 2616 Inter
1762 2560 1864 2615 has
1888 2559 2040 2615 ecli-

382 2670 509 2726 pses
539 2655 818 2726 insignes,
847 2652 1156 2708 nonnullas
1181 2665 1213 2705 a
1245 2649 1613 2720 cbronologis
1647 2662 1758 2704 non
1784 2653 2038 2719 repertas

383 2745 576 2801 videre
608 2745 763 2812 licet,
800 2749 863 2799 ut
886 2743 955 2797 ad
983 2755 1196 2797 annum
1227 2738 1292 2796 43
1312 2754 1437 2795 atrae
1464 2739 1826 2794 Christianae.

455 2835 601 2890 Huic
644 2846 775 2889 vero
830 2830 1306 2887 demonstrationi
1366 2835 1684 2898 temporum
1738 2827 2037 2884 constabi-

384 2923 608 2993 liendae,
634 2921 1006 2977 beneﬁcentia
1032 2919 1385 2975 sanctissimi
1421 2919 1626 2988 Patris,
1655 2923 1710 2973 et
1740 2930 2034 2989 nunquam

383 3014 526 3068 satis
547 3012 764 3069 laudati
799 3011 1083 3080 principis
1111 3007 1419 3065 Clementis
1440 3009 1517 3063 XI
1540 3008 1809 3078 praesidia
1824 3013 2037 3064 contu-

384 3101 483 3157 lit:
516 3117 643 3158 cum
677 3101 921 3169 scilicet,
949 3101 1195 3155 excitato
1226 3099 1333 3154 sub
1374 3098 1608 3154 initium
1641 3098 1892 3168 suscepti
1923 3099 2038 3153 Ec—

381 3191 571 3247 clesiae
597 3189 900 3261 regiminis
921 3201 1199 3259 gnomone
1216 3187 1621 3256 astronomico,
1649 3187 1718 3241 ad
1741 3200 1907 3243 usum
1935 3187 2038 3242 Ka-

383 3279 630 3336 lendarii
671 3282 1002 3334 constructo
1036 3277 1094 3332 in
1125 3275 1391 3332 Thermis
1427 3276 1794 3344 Diocletiani,
1831 3275 1888 3331 in
1923 3290 2036 3347 quo

380 3383 510 3425 cum
565 3369 778 3439 posteri
811 3365 1188 3422 luminarium
1238 3369 1427 3421 motus
1454 3364 1904 3436 diligentissime
1930 3378 2038 3420 ex—

383 3461 608 3532 plorare
653 3460 896 3530 possint,
942 3457 1010 3513 ad
1047 3457 1258 3512 tuenda
1304 3456 1569 3527 Gregorii
1600 3455 1730 3510 XIII
1760 3455 2034 3510 beneﬁcia

383 3549 770 3619 necessarios,
824 3552 888 3605 ut
917 3548 999 3603 rei
1033 3545 1315 3616 Paschali,
1351 3543 1644 3615 pontiﬁcia
1677 3545 2035 3615 providentia

382 3638 775 3709 procurandae,
829 3636 1116 3708 quidquid
1159 3634 1470 3706 aptandum
1504 3633 1688 3690 fuerat
1718 3640 2038 3704 Opportune

380 3726 765 3796 comparavit;
795 3725 875 3779 ita
895 3725 1066 3779 etiam
1086 3723 1471 3794 chronologiae
1492 3722 1873 3794 undequaque
1892 3737 2030 3779 con-

382 3815 673 3870 ﬁrmanda:
701 3819 758 3869 et
807 3812 1153 3882 reparandae,
1206 3811 1485 3867 solidiora
1511 3825 1751 3882 quaeque
1775 3811 2037 3868 admini-

382 3904 513 3960 cula
535 3903 898 3974 providenter
925 3899 1211 3969 adjunxit.

451 3993 552 4046 His
597 3991 908 4063 generatim
941 3989 1292 4059 praemonitis
1321 3987 1392 4044 de
1420 3987 1803 4059 chronologize
1847 3989 2035 4046 docu-

385 4082 593 4137 mentis
621 4081 864 4152 digestis
896 4081 956 4134 in
989 4080 1157 4133 hasce
1182 4077 1426 4148 tabulas,
1461 4075 1757 4147 expediam
1784 4077 2032 4135 breviter

381 4171 708 4226 earumdem
751 4171 821 4225 de
845 4168 1229 4238 dispositione
1248 4181 1332 4237 ea,
1368 4181 1494 4238 quae
1537 4166 1780 4223 dicenda
1822 4182 2035 4238 super—

382 4266 713 4330 sunt,'usus
739 4266 801 4315 ut
831 4259 1064 4315 illarum
1090 4259 1169 4314 sit
1196 4257 1453 4328 paratior

452 4349 930 4419 Quinquennium
983 4347 1126 4404 illud
1191 4355 1508 4415 temporum
1555 4345 2030 4419 Caesarianorum,

2143 493 2256 544 tam
2285 489 2344 544 in
2380 491 2663 548 columma
2694 492 2911 562 periodi
2943 493 3342 566 Scaligeriana:
3373 508 3541 567 quam
3582 497 3642 553 in
3679 510 3783 554 co-

2143 577 2339 633 lumna
2377 592 2656 636 annorum
2701 581 3082 639 Romanorum
3129 583 3410 640 civilium.
3458 585 3558 640 His
3598 590 3780 642 tamen

2144 667 2406 724 adhiberi
2428 669 2691 726 convenit
2709 670 2921 742 duplex
2941 685 3234 742 numerus,
3254 687 3497 744 quorum
3522 675 3682 744 prior
3703 676 3786 732 in-

2143 756 2297 812 dicet
2355 772 2569 815 annum
2621 759 2788 817 Urbis
2843 762 3088 818 conditaa
3142 762 3540 832 complendum
3587 764 3779 821 eodem

2143 859 2292 903 anno
2321 847 2504 918 civili,
2537 853 2594 904 et
2619 850 3006 922 Scaligeriano
3035 852 3130 908 die
3156 849 3217 907 24
3253 852 3473 922 Aprilis
3505 853 3565 908 in
3595 853 3790 910 Palili-

2142 935 2270 1005 bus,
2293 937 2438 993 alter
2467 952 2596 994 vero
2619 946 2878 996 numeret
2897 953 3111 997 annum
3139 954 3346 998 novum
3373 941 3443 996 ab
3473 941 3621 998 Urbe
3641 957 3789 998 con—

2142 1027 2264 1082 dita
2295 1041 2365 1083 ex
2385 1027 2688 1100 Palilidus,
2722 1042 2823 1085 seu
2845 1027 2908 1086 24
2953 1029 3172 1101 Aprilis
3204 1031 3516 1087 ineuntem.
3549 1032 3788 1103 Signare

2143 1121 2330 1172 autem
2355 1130 2580 1173 necesse
2597 1117 2703 1176 fuil
2728 1119 2978 1190 singulis
3002 1119 3172 1176 annis
3195 1120 3484 1191 duplicem
3506 1121 3659 1177 hunc
3689 1136 3792 1179 nu-

2146 1219 2384 1270 merum,
2415 1211 2480 1262 ut
2529 1208 2944 1265 demonstratio
2989 1214 3198 1266 nostra:
3239 1210 3627 1282 chronologiaa
3675 1225 3789 1268 non

2145 1301 2362 1352 careret
2406 1297 2767 1354 documentis
2808 1299 3167 1369 praeservatis
3199 1299 3349 1356 inter
3377 1305 3599 1357 vetusta
3631 1315 3794 1358 mar-

2148 1398 2304 1441 mora
2329 1385 2673 1458 Capitolina,
2710 1393 2767 1444 et
2791 1389 3047 1445 Fratrum
3077 1389 3391 1461 Arvalium,
3420 1405 3542 1461 quae
3563 1391 3793 1447 eosdem

2145 1475 2411 1532 consules
2430 1481 2779 1546 componunt
2795 1483 2924 1534 ante
2945 1478 3151 1535 Palilia
3175 1493 3303 1534 cum
3324 1480 3502 1549 priori
3530 1494 3791 1551 numero,

2147 1571 2275 1634 post
2304 1565 2509 1622 Palilia
2538 1581 2668 1623 cum
2713 1568 3018 1638 posteriori
3044 1582 3325 1625 annorum
3373 1569 3444 1625 ab
3467 1569 3615 1626 Urbe
3649 1583 3798 1626 con-

2146 1655 2289 1711 dita.

2067 1729 2118 1789 Β
2216 1746 2341 1800 Haec
2371 1759 2550 1816 pauca
2579 1748 2648 1804 de
2679 1748 2860 1818 priori
2895 1748 3179 1819 columna,
3212 1749 3667 1806 Occidentalium
3701 1763 3796 1807 res

2145 1835 2458 1907 complexa,
2507 1837 2675 1908 eique
2713 1838 3112 1909 adjacentibus
3152 1839 3450 1896 laterculis
3481 1840 3798 1897 chronolo-

2145 1925 2252 1996 giae
2306 1925 2763 1984 Occidentalium
2822 1929 3110 1984 indicasse
3169 1928 3440 1986 sufﬁciat.
3481 1929 3695 1985 Caetera
3727 1933 3797 1988 ad

2144 2027 2239 2070 eas
2272 2015 2637 2088 pertinentia,
2675 2017 2796 2074 solo
2841 2026 3149 2090 conspectu
3191 2018 3398 2074 tabula:
3427 2019 3569 2075 satis
3600 2021 3800 2090 perci-

2145 2103 2408 2174 piuntur.

2212 2193 2405 2249 Altera
2436 2194 2703 2251 columna
2744 2195 3004 2252 historiae
3050 2197 3360 2266 pontiﬁcim
3399 2202 3453 2254 et
3480 2196 3800 2255 Orientalis

2146 2281 2483 2340 lateralibus
2511 2286 2724 2354 pariter
2743 2285 2972 2342 duabus
3002 2287 3279 2357 utrinque
3309 2287 3797 2344 descendentibus

2147 2372 2492 2444 includitur,
2537 2387 2778 2445 quarum
2812 2388 2924 2431 una
2963 2375 3349 2448 chronologiaa
3379 2377 3797 2449 olympiadum.

2145 2461 2325 2519 altera
2348 2463 2540 2534 annis,
2572 2470 2691 2519 tum
2718 2469 2850 2520 ante
2874 2478 3042 2520 aeram
3069 2465 3284 2522 Christi
3309 2480 3664 2523 communem
3698 2483 3802 2537 per

2149 2552 2569 2623 quinquaginta
2607 2553 3134 2625 Julianosﬁncluso
3175 2555 3573 2626 quinquennio
3603 2556 3804 2612 Caesa-

2146 2642 2310 2698 riano
2355 2642 2691 2712 proleptico)
2724 2644 2824 2713 qui
2852 2657 2973 2699 eam
3019 2645 3364 2714 praecedunt,
3410 2651 3531 2701 tum
3561 2645 3632 2702 ab
3684 2661 3806 2704 aera

2143 2731 2358 2787 Christi
2404 2733 2718 2803 communi,
2750 2733 2985 2789 ineunte
3023 2746 3148 2789 cum
3183 2740 3341 2790 sexto
3365 2739 3420 2790 et
3469 2736 3804 2808 quadrage-

2144 2820 2292 2877 simo
2318 2835 2473 2877 novae
2499 2822 2886 2878 ordinationis
2915 2823 3175 2893 Julianae,
3209 2824 3579 2880 numerandis
3601 2825 3805 2882 inser—

2142 2909 2246 2966 vit.
2281 2911 2477 2967 Visum
2499 2915 2585 2966 est
2608 2911 2676 2967 ad
2699 2911 3021 2967 columnam
3055 2911 3312 2967 historiae
3343 2918 3561 2970 tractus
3585 2913 3808 2971 Orien—

2146 2999 2282 3055 talis
2310 3000 2621 3072 adjungere
2661 3000 3050 3070 olympiadum
3082 3001 3376 3072 epocham,
3421 3018 3549 3072 quae
3578 3003 3658 3058 ibi
3694 3019 3807 3076 ge-

2148 3090 2390 3145 neratim
2442 3089 2932 3160 frequentabatur.
2977 3091 3172 3148 Annos
3215 3105 3346 3148 vero
3401 3106 3526 3148 aera;
3577 3093 3807 3151 Christi

2145 3180 2467 3236 communis
2494 3179 2552 3234 in
2581 3180 2759 3236 altera
2789 3180 3052 3250 apposui,
3086 3185 3148 3235 ut
3181 3181 3531 3250 pontiﬁciam
3553 3182 3701 3252 (qua:
3725 3183 3806 3238 ﬁ-

2146 3268 2239 3323 nis
2267 3276 2352 3323 est
2385 3269 2726 3339 praecipuus,
2755 3271 2891 3326 huic
2933 3268 3140 3326 tabulae
3176 3278 3232 3329 et
3255 3272 3412 3344 operi
3445 3273 3806 3330 constitutus

2143 3357 2560 3414 demonstraret
2626 3360 2876 3417 nitidius
2933 3377 3000 3418 ac
3051 3365 3285 3422 referret
3333 3365 3404 3420 ad
3463 3361 3800 3419 Pontiﬁcem

2147 3444 2314 3501 illum
2361 3450 2634 3502 aeternum
2683 3451 2997 3508 secundum
3047 3454 3306 3510 ordinem
3356 3449 3802 3522 Melchisedech,

2145 3535 2267 3606 qui,
2299 3543 2505 3592 nostra:
2530 3536 2738 3594 salutis
2757 3553 2931 3596 causa
2960 3542 3114 3598 nasci
3143 3543 3326 3599 voluit
3354 3543 3412 3597 in
3440 3548 3712 3612 tempore,
3744 3546 3806 3596 et

2143 3639 2342 3696 annos,
2367 3626 2459 3680 sui
2481 3625 2758 3682 adventus
2777 3633 2837 3684 et
2864 3630 3291 3699 praedicationis
3314 3630 3600 3701 distingui
3623 3628 3806 3684 annis

2147 3715 2479 3786 pontiﬁcum
2518 3715 2578 3771 in
2626 3722 2872 3788 utroque
2917 3720 3275 3778 Testamento
3321 3734 3354 3777 a
3395 3733 3455 3776 se
3495 3719 3800 3776 constitu-

2145 3809 2354 3862 torum.

2212 3897 2274 3950 In
2318 3896 2422 3952 hac
2472 3903 2766 3967 pr0pterea
2813 3899 3100 3970 columna,
3148 3901 3298 3956 inter
3334 3900 3482 3956 duas
3529 3897 3802 3954 laterales

2144 3985 2329 4041 media
2349 3993 2480 4043 ante
2505 3990 2809 4046 adventum
2827 3992 3041 4048 Christi
3068 3991 3321 4060 Domini,
3343 3987 3631 4060 praepositi
3653 3992 3806 4044 sunt

2140 4076 2276 4130 anni
2311 4077 2642 4146 pontiﬁcum
2674 4081 3034 4137 Hebraeorum
3062 4086 3201 4136 tunc
3230 4079 3615 4136 obtinentium
3643 4092 3806 4134 sum-

2142 4179 2295 4221 mum
2327 4166 2591 4224 Ecclesiae
2618 4170 2715 4225 Dei
2747 4171 3152 4226 sacerdotium.
3187 4172 3317 4225 Post
3345 4170 3646 4224 adventum
3687 4167 3804 4223 Do-

2145 4254 2308 4324 mini,
2349 4257 2664 4328 principem
2688 4259 2876 4316 locum
2909 4261 2967 4315 in
2985 4260 3252 4316 columna
3279 4265 3448 4327 tenet,
3470 4262 3533 4313 ut
3561 4269 3658 4327 par
3679 4262 3798 4326 est,

2144 4347 2466 4401 numeratio
2489 4363 2760 4404 annorum
2782 4353 2956 4405 atatis
2983 4350 3185 4403 Christi
3224 4349 3443 4404 Dom-ini
3481 4360 3549 4402 ex
3595 4349 3798 4401 nostra

382 4418 513 4496 ante
543 4418 782 4495 formam
831 4438 968 4494 anni
1008 4437 1296 4494 Julianam
1334 4450 1367 4492 a
1401 4436 1681 4491 dictatore
1719 4437 2030 4512 inductam,
2066 4418 2120 4480 D
2143 4435 2423 4489 sententia
2452 4435 2598 4506 (quae
2620 4437 2791 4495 hodie
2819 4441 3077 4496 omnium
3099 4437 3273 4493 ferme
3293 4450 3575 4493 consensu
3609 4435 3803 4490 ﬁrma-

385 4528 711 4600 requirebat
743 4532 809 4586 ut
847 4530 1057 4585 ductus
1084 4528 1363 4584 columnae
1392 4524 1714 4582 ostenderet
1737 4527 2032 4586 diversum

383 4619 621 4675 initium
647 4619 782 4675 anni
813 4619 1010 4676 civilis
1031 4619 1290 4689 Romani,
1316 4622 1453 4674 tunc
1474 4617 1736 4672 incidens
1757 4617 1814 4672 in
1838 4618 2034 4687 prole-

383 4709 601 4780 pticum
660 4709 976 4780 regularem
1035 4710 1205 4765 seriei
1280 4707 1682 4776 Scaligerianaa
1753 4706 2031 4765 trimestri

384 4796 558 4854 ferme
575 4797 762 4868 spatio
776 4797 1232 4854 antesolstitium
1253 4793 1531 4863 brumale,
1548 4793 1696 4863 quod
1711 4793 2030 4854 solstitium

383 4888 642 4958 proxime
670 4885 1048 4958 consequitur
1093 4890 1221 4955 post
1249 4884 1375 4940 dies
1419 4894 1632 4958 septem
1679 4894 1849 4958 caput
1891 4889 2030 4946 anni

379 4976 596 5031 Juliani
646 4975 918 5031 Kalendis
965 4975 1248 5030 Januarii.
1302 4977 1356 5032 Id
1410 4977 1469 5034 in
1521 4993 1587 5036 eo
1632 4981 2031 5052 quinquennio

385 5063 785 5132 praestitimus,
824 5065 1346 5123 intercurrentibus
1375 5068 1442 5123 ad
1475 5083 1596 5125 eam
1641 5075 2030 5140 tempestatem

387 5151 581 5221 lineis,
614 5163 741 5220 quae
766 5164 948 5207 annos
990 5154 1192 5210 civiles
1211 5156 1592 5212 Romanorum
1615 5158 1686 5212 ab
1710 5160 1857 5214 Urbe
1887 5175 2034 5217 con—

384 5239 508 5296 dita
537 5243 595 5296 in
617 5237 898 5294 Palilibus
922 5241 1233 5312 completos
1258 5248 1314 5299 et
1341 5256 1409 5299 ex
1430 5245 1712 5301 Palilibus
1735 5256 2031 5307 renovatos

385 5331 713 5387 ostendunt.

455 5419 746 5490 Completo
787 5423 976 5475 autem
1005 5418 1405 5490 quinquennio
1432 5437 1530 5493 per
1572 5437 1785 5484 annum
1817 5429 2031 5498 Confu—

383 5509 552 5564 siom's
577 5509 819 5581 dictum,
849 5509 908 5565 in
943 5522 1054 5581 quo
1085 5522 1265 5566 novus
1295 5511 1487 5570 civilis
1513 5515 1756 5574 Julianm
1777 5518 1972 5576 format
1998 5535 2031 5578 a

383 5597 666 5655 dictatore
692 5598 864 5656 datus
887 5604 973 5658 est
997 5599 1226 5659 civibus
1255 5601 1549 5677 Romanis,
1582 5607 1882 5677 pariantur
1907 5611 2035 5681 qui-

2147 4521 2260 4594 tur)
2299 4524 2698 4595 quinquennio
2745 4529 3204 4598 praevertentium
3245 4541 3414 4584 aeram
3466 4525 3800 4595 vulgarem;

2143 4624 2271 4667 nam
2293 4613 2430 4668 anni
2461 4629 2586 4672 aera:
2606 4617 2930 4674 communis
2962 4618 3270 4689 signantur
3301 4618 3361 4672 in
3393 4613 3613 4672 laterali
3635 4613 3795 4669 serie

2139 4702 2247 4758 sub
2278 4703 2451 4758 titulo
2493 4720 2618 4760 arra?
2645 4709 2939 4761 communis
2973 4707 3060 4762 illi
3102 4707 3348 4776 praefixo.

2205 4792 2346 4848 Cum
2371 4806 2503 4850 vero
2533 4796 2600 4850 ad
2637 4809 2848 4852 annum
2879 4797 3065 4853 aetatis
3097 4797 3316 4853 Christi
3353 4793 3423 4852 33
3459 4795 3795 4864 perventum

2139 4885 2244 4951 est,
2268 4896 2393 4938 atrae
2418 4885 2740 4942 communis
2768 4884 2857 4953 28,
2887 4887 2947 4943 in
2978 4901 3111 4958 quo,
3148 4883 3558 4955 redemptionis
3581 4886 3797 4938 nostrae

2140 4988 2307 5047 opere
2349 4981 2761 5047 consummato,
2809 4978 3120 5034 ascendens
3176 4978 3234 5032 in
3260 4976 3466 5033 cmlum
3506 4973 3797 5031 Dominus

2140 5072 2448 5128 constituit
2478 5072 2537 5126 in
2574 5068 2745 5125 terris
2776 5081 2983 5123 novum
3026 5065 3422 5138 pontiﬁcatum
3472 5065 3792 5121 maximum

2137 5162 2403 5218 Ecclesia:
2432 5174 2550 5216 suae
2596 5160 2656 5215 in
2695 5161 2858 5216 Petro
2904 5159 3162 5229 apostolo
3212 5171 3278 5214 ac
3332 5153 3792 5225 successoribus,

2139 5254 2402 5307 numerat
2459 5250 2578 5305 haec
2629 5249 2894 5305 columna
2957 5261 3138 5305 annos
3200 5246 3569 5317 pontiﬁcatus
3632 5245 3794 5302 Petri

2137 5339 2382 5412 apostoli
2412 5344 2543 5394 ante
2587 5338 2874 5395 conditam
2906 5338 3212 5394 Romanam
3239 5337 3448 5405 sedem,
3493 5340 3550 5390 et
3575 5347 3641 5389 ex
3672 5345 3796 5387 an-

2141 5446 2213 5490 no
2270 5444 2395 5486 aera
2445 5428 2768 5484 communis
2817 5428 3272 5500 quadragesimo,
3325 5439 3439 5497 quo
3478 5423 3796 5494 episcopa-

2140 5527 2263 5579 tum
2289 5522 2601 5576 Romanum
2633 5517 2704 5574 ab
2728 5517 2921 5573 eodem
2955 5518 3215 5588 principe
3243 5514 3629 5587 apostolorum
3659 5510 3793 5569 fun-

2133 5611 2333 5670 datum
2387 5608 2626 5680 probare
2681 5608 2891 5666 nititur
2947 5613 3141 5666 nostra
3183 5603 3577 5675 chron010gia,
3623 5601 3792 5660 sedis
