3998 6176
114 359 213 418 393
267 384 288 398 χ

1045 361 1135 415 DE
1179 359 1519 417 CHRONOL.
1567 359 1830 416 PONTIF.
1881 361 2138 418 C/ESAR.
2189 363 2273 418 ET
2319 362 2603 420 CONSUL.

3414 367 3521 426 394

114 488 380 543 Romana
421 501 608 544 annos
638 493 898 544 recenset
935 492 1057 544 tum
1090 489 1148 544 in
1184 490 1368 557 Petro,
1395 493 1516 544 tum
1549 487 1610 542 in
1640 485 1856 544 suc-A
1879 503 2036 544 sores
2055 489 2297 560 legitimi
2320 491 2398 546 ita
2415 491 2959 562 defuncti‘pastoris.
2982 494 3390 551 Distinctionis
3406 511 3528 568 gra-

108 575 465 632 cessoribus.

177 666 396 720 Prater
421 678 608 722 annos
650 667 984 736 pontiﬁcum
1040 680 1194 723 nova
1226 666 1370 738 legis
1395 668 1773 721 numerantur

113 756 217 811 bac
247 755 306 810 in
361 755 631 811 columna
663 757 836 812 etiam
887 755 1185 826 pontiﬁces
1221 757 1542 811 Judaorum
1589 765 1770 823 usque

112 845 182 900 ad
229 845 686 900 destructionem
718 844 916 914 templi
969 844 1469 916 llierosoiymitani
1520 842 1629 898 sub
1660 843 1773 896 Ve-

115 934 406 1005 spasiano.
437 933 597 988 Licet
629 935 805 1003 enim,
848 935 1124 990 translato
1167 935 1234 990 ad
1264 933 1570 989 Ecclesiam
1596 932 1772 987 Chri-

113 1024 360 1079 stianam
385 1022 714 1077 sacerdotio
747 1036 846 1091 per
871 1036 1000 1078 eum
1027 1022 1353 1078 Pontiﬁcem
1386 1021 1484 1092 qui
1520 1034 1618 1091 per
1646 1034 1773 1076 san-

115 1113 347 1184 guinem
380 1124 552 1167 suum
597 1111 769 1168 semel
794 1111 1059 1167 introivit
1098 1111 1157 1166 in
1183 1113 1406 1177 Sancta,
1441 1118 1649 1166 aterna
1677 1124 1776 1166 re-

121 1201 449 1270 demptione
498 1201 752 1260 inventa.
795 1200 1100 1256 cessaverit
1147 1201 1348 1256 umbra
1400 1200 1690 1278 legalium,
1717 1203 1774 1254 et

123 1289 500 1359 pontiﬁcatus
541 1289 868 1344 Judaorum
930 1289 1289 1358 conciderit;
1338 1294 1585 1344 attamen
1641 1301 1772 1343 cum

119 1379 528 1434 nominetenus
555 1377 803 1433 historia
817 1377 1052 1434 .ludaica
1076 1377 1487 1448 perJosephum
1513 1376 1772 1439 collecta,

114 1473 168 1524 et
197 1483 329 1539 qua
357 1467 681 1537 plurimum
712 1465 932 1522 confert
959 1467 1028 1523 ad
1059 1467 1443 1523 Christianam
1471 1467 1777 1522 eiucidan—

115 1557 265 1624 dam,
314 1569 683 1613 successores
717 1557 890 1611 Anna
927 1561 983 1612 et
1011 1555 1238 1626 Caipha
1278 1561 1596 1621 recenseat;
1626 1555 1778 1610 alie—-

120 1660 254 1702 num
302 1645 508 1700 videre
552 1658 664 1700 non
694 1643 913 1710 debuit,
972 1644 1368 1716 distinguendi
1415 1644 1690 1714 temporis
1723 1647 1780 1699 et

120 1733 537 1804 comprobandi
587 1747 780 1796 causa,
813 1733 984 1788 etiam
1036 1732 1140 1788 hos
1183 1733 1464 1790 recenseri
1495 1747 1676 1804 usque
1706 1732 1776 1789 ad

125 1826 419 1882 excidium
452 1824 673 1894 templi.

188 1917 463 1972 Eamdem
482 1915 552 1970 de
567 1926 740 1971 causa
761 1914 1103 1971 admisimus
1122 1915 1181 1970 in
1197 1915 1389 1972 eadem
1408 1916 1673 1972 columna
1690 1929 1784 1973 no-

129 2008 275 2063 mina
301 2013 356 2062 et
388 2005 640 2075 epochas
666 2018 862 2076 regum
887 2005 1233 2075 Judaorum,
1267 2019 1336 2062 ne
1361 2007 1660 2078 quidpiam
1693 2019 1784 2062 ne.

135 2096 412 2168 gligamus
443 2108 647 2150 eorum
689 2109 814 2164 qua
843 2096 911 2151 ad
956 2096 1362 2152 emendandam
1397 2101 1454 2150 et
1480 2094 1781 2164 perﬁcien-

138 2185 250 2240 dam
269 2192 374 2241 aut
407 2182 892 2254 comprobandam
913 2183 1342 2255 chronologiam
1370 2182 1634 2241 adhiberi
1658 2183 1785 2240 uti-

143 2273 257 2328 liter
287 2279 568 2343 possunt.

200 2364 478 2418 Prastant
514 2361 665 2416 inter
690 2361 809 2417 hac
837 2375 961 2418 ara
1002 2361 1372 2433 quamplures
1401 2361 1784 2418 Orientalium

140 2454 427 2509 civitatum
452 2452 517 2506 in
549 2463 744 2506 earum
769 2451 1022 2507 nummis
1047 2452 1305 2523 signata,
1334 2465 1398 2507 ac
1422 2452 1655 2522 pariata
1675 2463 1786 2506 non

147 2543 290 2600 semel
325 2555 466 2598 cum
506 2541 680 2596 annis
717 2541 1049 2610 Principum
1078 2541 1481 2598 Romanorum.
1516 2541 1651 2611 Qua
1677 2553 1788 2608 res,

158 2638 414 2702 quantum
444 2629 764 2698 adjumenti
797 2629 1109 2684 contulerit
1137 2630 1204 2685 ad
1237 2630 1624 2700 chronologia
1658 2643 1794 2699 per-

151 2719 462 2788 fectionem,
520 2718 665 2774 satis
707 2718 1106 2789 cognoscimus
1155 2733 1223 2774 ex
1260 2732 1429 2788 opere
1481 2719 1540 2774 in
1587 2718 1793 2789 primis

147 2809 340 2865 celebri
381 2807 546 2864 card.
581 2806 797 2861 Norisii
847 2805 916 2862 de
961 2807 1206 2876 Epochis
1235 2807 1788 2877 Syromacedonum:

147 2912 246 2968 quo
266 2897 425 2953 nihil
451 2895 718 2950 limatius
742 2900 878 2950 atas
891 2900 1082 2951 nostra
1114 2893 1355 2951 fortasse
1373 2895 1511 2950 tulit
1534 2900 1589 2950 et
1615 2901 1796 2965 poste-

146 2985 660 3042 ravixinvenient.
685 2985 924 3039 Istarum
939 2984 1277 3039 documenta
1291 2983 1404 3039 nisi
1419 2984 1790 3054 addidissem,

145 3073 497 3131 fraudassem
529 3069 790 3142 profecto.
807 3071 1354 3128 demonstrationem
1389 3071 1632 3127 istorum
1662 3078 1800 3127 tem-

147 3177 340 3232 porum
377 3161 597 3232 potiori
623 3160 984 3228 auctoritate,
1013 3173 1181 3230 quam
1212 3160 1336 3215 illis
1360 3165 1692 3230 comparant
1715 3167 1799 3216 tot

151 3251 373 3320 publica
400 3256 459 3305 et
510 3250 716 3305 iisdem
762 3247 1120 3318 temporibus
1156 3249 1401 3319 aquaiia
1451 3249 1798 3304 monimenta

148 3342 520 3411 scriptorum,
568 3338 794 3410 paginis
823 3352 950 3408 qua
980 3338 1348 3409 autographa
1389 3351 1500 3393 non
1534 3338 1670 3406 sint,
1701 3337 1796 3393 sed

150 3427 665 3499 adescriptoribus
688 3427 758 3482 ad
801 3440 902 3482 nos
933 3427 1307 3491 transmissa,
1351 3427 1555 3482 merito
1595 3425 1804 3496 prafe—

153 3519 338 3574 renda.
383 3517 671 3588 Angustia
716 3515 1043 3572 tabularum
1093 3528 1202 3571 non
1251 3515 1470 3584 patitur
1499 3519 1565 3571 ut
1613 3517 1804 3571 icones

159 3620 516 3663 nummorum
549 3611 651 3661 aut
671 3604 1090 3674 explicationes
1120 3604 1431 3660 addamus:
1464 3619 1590 3674 qua
1621 3609 1808 3674 peten-

155 3696 232 3750 da
256 3701 393 3752 sunt
432 3709 463 3750 ε
494 3693 670 3749 libris
698 3708 800 3749 em.
839 3693 1083 3762 Norisii,
1125 3693 1426 3748 Vaiilantii
1458 3691 1708 3762 aliisque
1732 3693 1801 3748 ad

159 3785 492 3852 epocharum
515 3783 801 3853 originem
819 3782 988 3838 annis
1007 3781 1133 3837 suis
1148 3780 1479 3852 atﬁgendam
1497 3780 1800 3850 adhibitis,

160 3871 343 3944 ibique
370 3877 681 3943 propterea
724 3871 1014 3928 indicatis.

217 3961 518 4016 Annorum
576 3958 936 4030 singulorum
997 3960 1146 4015 serie
1193 3959 1274 4014 ita
1328 3958 1691 4029 comprobata
1735 3971 1804 4013 ex

158 4048 489 4104 consulibus
518 4049 808 4116 Romanis,
833 4061 899 4103 ex
917 4047 1088 4102 annis
1107 4047 1457 4118 principum,
1481 4061 1547 4103 ex
1572 4046 1803 4102 urbium

160 4138 384 4204 epochis
461 4143 740 4206 utrasque
798 4136 1225 4192 numerationes
1290 4135 1687 4206 jungentibus,
1747 4134 1808 4188 in

160 4222 381 4281 Oriente
402 4231 460 4281 et
492 4226 554 4280 in
576 4224 880 4280 Occidente
911 4225 1170 4296 signatas
1213 4224 1271 4278 in
1302 4224 1554 4294 publicis
1579 4222 1807 4279 actibus

161 4325 221 4368 ac
275 4314 668 4382 monimentis,
722 4313 1098 4386 assignantur
1154 4313 1380 4382 epocha
1444 4313 1806 4384 singulorum

165 4405 493 4471 pontiﬁcum
526 4404 908 4459 Romanorum
933 4420 945 4456 :
974 4415 1216 4472 quarum
1245 4401 1604 4472 documenta,
1630 4415 1809 4456 nexus

1865 3875 1871 3883 .
1917 3828 2245 3899 pracipuis,
2263 3839 2521 3899 quarum

1879 578 1980 647 tia,
2015 580 2434 634 ordinationem
2463 581 2530 635 ad
2563 583 2887 652 episcopale
2927 597 3135 640 munus
3165 598 3293 640 cum
3320 583 3524 656 refero,

1881 668 2112 722 nomina
2134 681 2329 723 eorum
2362 677 2636 726 consueto
2662 670 2992 727 charactere
3023 673 3080 726 in
3114 672 3272 728 hisce
3307 672 3525 729 tabulis

1879 757 2156 826 exprimo,
2200 771 2382 828 neque
2422 772 2603 814 annos
2629 773 2824 815 eorum
2858 762 2915 816 in
2954 762 3220 817 columna
3267 774 3522 828 numero,

1879 845 1975 900 sed
2007 847 2130 912 ejus
2169 844 2406 900 Romani
2442 846 2732 914 pontiﬁcis
2768 849 2870 918 qui
2913 855 3050 905 tunc
3079 849 3386 906 Ecclesiam
3429 863 3530 906 re—

1882 932 2064 1004 gebat.
2111 933 2215 987 Ubi
2247 947 2378 988 vero
2410 933 2468 989 in
2500 936 2631 990 sede
2680 937 2928 992 Romana
2962 939 3280 994 succedunt
3307 939 3420 994 rite
3455 940 3523 996 ad

1881 1022 2131 1076 eamdem
2189 1022 2436 1091 c00ptati
2491 1036 2588 1092 per
2634 1023 2773 1080 cieri
2819 1025 3055 1081 Romani
3111 1026 3408 1099 suﬁ‘ragia,
3443 1026 3526 1082 ibi

1881 1110 2207 1166 eorumdem
2259 1113 2492 1169 nomina
2528 1113 2867 1183 majusculis
2913 1115 3126 1170 litteris
3179 1117 3440 1186 exhibeo,
3472 1124 3530 1173 et

1882 1213 2062 1256 annos
2095 1203 2462 1271 pontiﬁcatus
2492 1216 2687 1258 eorum
2722 1203 2855 1258 inde
2891 1204 3215 1274 dinumero,
3250 1211 3315 1262 ut
3351 1219 3530 1276 expe—

1883 1290 2004 1346 dite
2036 1296 2371 1361 percurrant
2409 1291 2563 1348 oculi
2600 1291 2658 1346 in
2689 1292 2883 1348 tabula
2908 1293 3314 1366 chronologica
3345 1295 3529 1365 quid-

1885 1379 2025 1448 quid
2048 1379 2118 1434 de
2147 1378 2512 1452 singulorum
2541 1381 2778 1450 epochis
2803 1382 3234 1452 comprobatum
3258 1383 3533 1443 attulisse

1884 1469 2081 1524 videor
2108 1468 2166 1522 in
2194 1469 2365 1524 notis.

1955 1559 2125 1614 Gesta
2161 1573 2287 1628 qua
2313 1559 2381 1614 ad
2412 1572 2594 1615 annos
2623 1560 2888 1631 singulos
2913 1575 2943 1617 e
2973 1561 3228 1631 probatis
3270 1563 3533 1620 auctori—

1887 1645 1996 1704 bus
2033 1646 2271 1702 collecta
2310 1653 2555 1717 utraque
2597 1649 2862 1704 columna
2895 1651 3162 1706 includit.
3191 1653 3537 1710 Occidenta-

1889 1733 2032 1790 lium
2065 1745 2119 1790 et
2146 1734 2548 1803 Orientalium,
2567 1742 2704 1791 sunt
2723 1737 3030 1806 pontiﬁcia
3058 1745 3116 1794 et
3136 1740 3416 1796 universa
3435 1754 3532 1797 ec—

1805 1807 1860 1868 B
1892 1827 2230 1884 ciesiastica
2263 1827 2540 1895 historia,
2585 1828 2670 1883 vel
2702 1827 3087 1900 chronologia
3113 1842 3308 1896 causa,
3329 1831 3415 1887 vel
3446 1845 3539 1888 ac-

1893 1923 2082 1973 torum
2102 1917 2356 1986 ipsorum
2380 1914 2654 1970 affinitate
2671 1916 2751 1971 ita
2775 1929 3049 1986 connexa,
3074 1918 3410 1991 utdisjungi
3433 1927 3535 1977 aut

1896 2006 2171 2076 prateriti
2225 2005 2351 2060 sine
2387 2005 2691 2075 dispendio
2739 2005 3040 2062 evidentia
3071 2020 3181 2062 non
3215 2009 3530 2078 patiantur.

1893 2095 2000 2152 Ubi
2030 2109 2165 2151 vero
2194 2095 2338 2150 satis
2375 2094 2549 2163 spatii
2591 2107 2702 2149 non
2733 2100 2854 2150 erat
2881 2095 2939 2149 in
2983 2095 3246 2150 columna
3280 2096 3536 2152 Occiden-

1893 2185 2089 2239 talium
2113 2183 2180 2240 ad
2231 2189 2384 2256 gesta
2432 2182 2778 2239 includenda
2803 2185 2870 2239 ad
2909 2197 3031 2240 eam
3065 2184 3433 2253 pertinentia,
3483 2189 3540 2240 et

1893 2273 2221 2330 abundabat
2265 2273 2322 2328 in
2354 2271 2470 2327 alia
2507 2272 2770 2329 columna
2816 2275 3194 2336 Orientalium,
3231 2273 3313 2329 ibi
3366 2275 3539 2330 etiam

1897 2379 1986 2420 res
2010 2365 2292 2418 Romanas
2332 2362 2675 2432 quandoque
2701 2361 3066 2419 inclusimus.
3100 2363 3398 2420 Oneranda
3429 2377 3538 2420 non

1897 2455 2020 2508 erat
2045 2449 2312 2520 pluribus
2342 2462 2510 2519 quam
2535 2449 2766 2505 selectis
2791 2449 2948 2505 hisce
2962 2450 3324 2507 documentis
3350 2458 3544 2508 nostra

1899 2539 2116 2608 tabula,
2146 2551 2215 2594 ne
2240 2537 2586 2594 universalis
2617 2537 2876 2594 historia
2905 2545 2960 2594 et
2988 2539 3373 2612 chronologia
3394 2553 3549 2610 pom-

1904 2641 2030 2698 pam
2067 2626 2354 2696 explicare
2385 2626 2578 2694 potius
2608 2625 2899 2682 videretur
2925 2623 3096 2697 (quod
3133 2627 3227 2683 hic
3257 2632 3541 2698 prastan-

1903 2716 2040 2771 dum
2072 2728 2183 2771 non
2208 2713 2516 2786 assumpsi)
2548 2728 2716 2784 quam
2749 2715 3055 2784 pontiﬁcia
3083 2721 3419 2786 apparatum
3449 2717 3549 2774 in—

1905 2809 2127 2860 struere
2163 2802 2436 2858 omnibus
2463 2807 2565 2859 aut
2593 2803 2791 2858 saltem
2833 2805 3141 2874 pracipuis
3163 2805 3548 2876 documentis,

1905 2891 2056 2962 quod
2086 2896 2409 2946 nostrarum
2432 2903 2554 2946 esse
2576 2891 2826 2960 partium
2858 2893 3160 2948 constituti
3187 2893 3330 2948 mihi
3360 2895 3552 2964 operis

1906 2980 2054 3035 ratio
2087 2979 2370 3035 monebat.

1975 3070 2079 3124 His
2110 3069 2292 3141 igitur
2309 3069 2378 3124 de
2404 3067 2730 3125 tabularum
2748 3075 3083 3141 argumento
3103 3073 3553 3142 constructione,

1906 3159 2250 3215 auctoritate
2279 3166 2334 3214 et
2363 3158 2755 3228 complexione
2788 3160 3123 3229 praemissis,
3157 3162 3312 3231 ipsas
3336 3162 3454 3231 jam
3480 3167 3560 3217 ta-

1909 3247 2076 3302 bulas
2102 3259 2412 3316 proponam
2427 3260 2513 3300 us.

1977 3331 2102 3401 Quo
2133 3332 2368 3388 facilius
2391 3331 2709 3399 comparari
2736 3333 2960 3402 possint
2985 3347 3115 3388 cum
3149 3341 3355 3390 nostra
3379 3335 3558 3392 chro-

1912 3405 2155 3474 noi0gia
2190 3403 2407 3458 tabulis
2442 3402 2783 3458 documenta
2833 3403 3176 3474 epocharum
3211 3405 3462 3460 nummis
3504 3411 3561 3462 et

1913 3474 2208 3544 lapidibus
2237 3474 2500 3546 antiquis
2529 3474 2736 3542 incisa,
2788 3474 3310 3546 illustrioresaras
3341 3489 3467 3546 qua
3499 3476 3558 3531 in

1914 3543 2363 3602 numismatibus
2384 3543 2672 3602 visuntur.
2696 3548 2797 3598 aut
2815 3543 2887 3597 ab
2913 3543 3252 3600 auctoribus
3275 3543 3564 3602 celebran-

1913 3624 2028 3686 tur,
2075 3616 2170 3670 hic
2199 3616 2404 3686 damus
2443 3628 2539 3683 per
2577 3614 2835 3668 ordinem
2861 3614 3134 3686 digestas,
3168 3622 3224 3670 et
3250 3617 3320 3671 ad
3347 3629 3562 3672 annum

1914 3685 2135 3757 periodi
2164 3685 2405 3757 Juliana
2429 3699 2496 3757 ex
2511 3690 2709 3757 nostra
2736 3685 3032 3757 putatione
3049 3685 3129 3740 ita
3150 3686 3387 3742 relatas:
3412 3702 3563 3756 pra—

1916 3755 2112 3813 inissis
2140 3769 2264 3811 ara
2305 3755 2650 3810 Christiana
2694 3755 3150 3826 characteribus,
3199 3762 3255 3812 et
3302 3755 3565 3826 partibus

2554 3825 2742 3896 gratia
2767 3831 3000 3880 cateras
3035 3825 3454 3896 comparamus.

1985 3900 2115 3955 Era
2142 3897 2357 3952 Christi
2385 3896 2709 3968 communis
2728 3896 2999 3968 Kalendis
3012 3897 3269 3968 Januarii
3305 3899 3568 3968 pariatur

1915 3984 2045 4040 cum
2066 3982 2225 4040 anno
2249 3968 2553 4040 inchoante
2581 3967 2803 4040 periodi
2824 3967 3065 4040 Juliana
3092 3965 3253 4040 414,4,
3285 3965 3445 4040 cyclo
3465 3983 3568 4026 so—

1917 4042 1993 4097 lis
2020 4039 2107 4106 40,
2130 4039 2280 4095 luna
2307 4037 2361 4106 2,
2397 4038 2586 4093 littera
2618 4037 2962 4092 Dominicali
2991 4039 3062 4104 B;
3114 4038 3284 4096 Urbis
3321 4037 3567 4096 condita

1920 4113 2079 4179 iuxta
2114 4111 2305 4165 Fastos
2331 4123 2695 4179 marmoreos,
2727 4122 2872 4178 quos
2897 4111 3215 4179 sequimur,
3248 4117 3380 4166 ante
3408 4112 3565 4166 Pali-

1943 4127 2079 4168 llea
2114 4127 2305 4165 rasws
2331 4127 2694 4174 marmoreos,
2727 4127 2872 4178 quos
2897 4127 3215 4179 seqmmur,
3248 4127 3380 4166 ante
3409 4127 3565 4166 ran—

1911 4127 1997 4238 iia
2020 4179 2128 4238 753
2151 4199 2166 4252 ;
2193 4195 2260 4236 ex
2295 4180 2573 4235 Palilibus
2599 4177 2726 4248 754,
2753 4180 3096 4250 Olympiadis
3127 4178 3248 4249 495,
3275 4195 3426 4238 anno
3457 4183 3572 4252 pri-

1920 4267 2011 4381 gio
2039 4262 2176 4378 ant?
2196 4253 2322 4331 dies
2350 4252 2598 4320 astivos,
2630 4258 2686 4308 et
2717 4253 2967 4307 secundo
3009 4252 3314 4308 inchoante
3341 4266 3410 4308 ex
3435 4254 3569 4310 die—

1961 4340 2029 4380 ilS
2058 4339 2134 4380 5B5
2166 4338 2294 4378 iVlS.

1961 4340 2029 4380 us
2058 4323 2294 4380 astivis.

1992 4395 2213 4451 Natalis
2255 4393 2468 4449 Christi
2511 4393 2739 4449 Domini
2791 4394 3058 4461 pracedit
3107 4409 3273 4450 aram
3307 4409 3572 4451 commu-

163 4462 214 4546 et
235 4493 500 4549 deﬁnitio
554 4491 708 4548 notis
758 4492 817 4547 in
846 4462 1063 4547 nostris
1092 4489 1540 4560 chronologicis,
1571 4462 1713 4560 quas
1738 4489 1807 4544 ad
1844 4477 1898 4537 Ι)
1922 4463 2304 4560 ΡΡἮ-Ξῐξῐζίῇ
2333 4462 3126 4560 ξρξξίξίξῄξξέίξθιζιξδβοηςὲξδ
3142 4465 3568 4560 9.3%,13aggisglpi

164 4582 486 4637 eorumdem
511 4580 673 4636 Vitas
691 4580 1037 4650 singillatim
1066 4577 1306 4646 attexui,
1328 4577 1633 4647 quarenda
1652 4582 1807 4632 sunt.

162 4669 527 4742 Distinguere
555 4684 665 4726 non
682 4670 852 4726 omisi
878 4670 1300 4726 ordinationem
1328 4667 1395 4722 ad
1419 4666 1809 4736 episcopatum

165 4756 228 4810 ab
255 4759 540 4815 electione
580 4760 650 4815 ad
685 4759 1080 4828 pontiﬁcatum
1125 4758 1439 4812 Romanum
1486 4755 1544 4810 in
1579 4755 1674 4823 iis,
1707 4753 1808 4825 qui

167 4849 478 4914 probantur
502 4849 831 4904 charactere
847 4847 1161 4920 episcopali
1181 4851 1346 4902 antea
1375 4843 1666 4914 insigniti,
1693 4843 1814 4899 sive

165 4938 446 4994 utvicarii
471 4937 660 4994 forent
683 4938 979 4994 Pontiﬁcis
1001 4938 1094 4993 his
1109 4933 1474 5005 adiutoribus
1497 4932 1814 5004 indigentis

163 5026 378 5094 {quales
402 5027 658 5099 c00ptati
704 5027 980 5100 leguntur
1021 5041 1053 5081 a
1092 5028 1254 5082 Petro
1305 5022 1564 5095 apostolo
1612 5024 1808 5092 Linus,

162 5114 345 5172 ilietus
370 5124 432 5172 et
468 5118 768 5191 Clemens),
815 5119 937 5174 sive
987 5122 1050 5173 ut
1078 5115 1510 5172 destinarentur
1555 5112 1810 5183 episcopi

163 5205 417 5272 gentium
449 5212 797 5276 exterarum,
830 5213 886 5263 et
923 5207 1060 5262 dum
1089 5209 1487 5260 exercerentur
1513 5201 1679 5272 quasi
1731 5200 1816 5255 ti-

166 5293 384 5350 rocinio
435 5295 694 5351 muneris
728 5294 1036 5364 pastoralis
1074 5293 1131 5349 in
1166 5291 1314 5347 Urbe
1344 5289 1560 5346 vicario
1587 5289 1816 5346 nomine

161 5379 223 5433 ab
244 5395 312 5438 eo
345 5384 622 5453 pontiﬁce
641 5385 916 5453 Romano,
951 5383 1051 5454 qui
1077 5383 1302 5438 eosdem
1333 5380 1412 5435 ita
1432 5378 1818 5434 destinaverat

165 5482 283 5525 mox
313 5472 675 5544 ablegandos
703 5473 771 5528 ad
803 5471 1196 5528 fundationem
1232 5481 1501 5526 novarum
1529 5466 1819 5523 Ecclesia—

166 5571 302 5627 rum,
333 5567 599 5631 vacante,
629 5561 766 5617 dum
809 5566 1146 5617 exercentur
1176 5573 1274 5630 per
1309 5563 1546 5614 mortem
1579 5553 1821 5626 pontiﬁ—

164 5648 260 5719 cis,
291 5649 557 5707 Romana
593 5651 749 5721 sede,
782 5651 851 5707 ad
892 5649 1143 5706 eamdem
1194 5648 1546 5720 eligerentur
1587 5657 1823 5702 succes-

454 5767 696 5823 PATROL.
733 5764 1001 5822 CXXVII.

1921 4545 1977 4594 et
2009 4537 2296 4608 Evangelii
2329 4535 2747 4608 circa‘initjum
2780 4536 2916 4590 anni
2966 4537 3094 4605 ejus
3141 4536 3339 4608 atatis
3369 4535 3569 4608 30in-

1920 4608 2134 4678 choati,
2165 4603 2390 4676 periodi
2420 4606 2535 4661 Jul.
2568 4603 2726 4673 4738,
2759 4619 2886 4678 ara
2918 4603 3241 4678 communis
3273 4604 3362 4661 25.
3397 4607 3568 4678 Ejus-

1920 4681 2046 4735 dem
2075 4677 2284 4748 passio,
2317 4691 2488 4748 mors,
2520 4677 2886 4744 resurrectio,
2917 4677 3198 4748 ascensio,
3237 4683 3293 4732 et
3328 4677 3566 4746 pontiﬁ-

1921 4717 2450 4808 ἓέἱῗιενὲἷέὲῗίἰόξω
2473 4717 2712 4819 ὶεςῐζὶιι)
2745 4717 3572 4819 ξ’ιῖὲῖἔῷξίἇὶίἶὲνρειῖιονέιέὶιὶ-

1919 4820 2266 4882 cessoribus,
2309 4833 2460 4874 anno
2501 4817 2687 4886 ipsius
2717 4819 2904 4874 atatis
2933 4817 3021 4886 33,
3071 4832 3196 4873 ara
3243 4817 3566 4873 communis

1918 4892 2008 4959 28,
2040 4904 2155 4960 per.
2174 4890 2422 4960 .Iuiiana
2442 4885 2573 4960 474i
2593 4929 2606 4942 .
2643 4889 2925 4960 Euiidatio
2952 4885 3107 4944 sedis
3131 4889 3412 4957 Romana,
3446 4899 3563 4957 per.

1918 4957 2217 5029 Juif4753,
2245 4974 2369 5015 ara
2409 4959 2626 5014 Christi
2661 4957 2746 5014 40.

2243 5049 2499 5105 Aliarum
2535 5047 2860 5116 epocharum
2896 5049 3226 5102 constitutio.

1991 5142 2219 5198 Actiaca
2265 5137 2533 5210 Augusti
2563 5135 2948 5210 per._.luiiana
2975 5135 3134 5200 4682.
3171 5152 3240 5195 ex
3271 5143 3563 5196 automno.

1921 5214 2295 5286 Egaensium
2343 5205 2401 5286 in
2430 5205 2636 5286 Cilicia
2667 5205 2824 5286 4666,
2865 5223 2933 5265 ex
2967 5215 3264 5286 autumno.

1921 5277 2307 5411 Aigxlantitilrtiina
2362 5282 2607 5354 Augusti
2656 5277 2820 5350 4633,
2866 5279 3331 5356 ex‘29Augusti
3382 5281 3564 5351 prima

2081 5370 2114 5411 o
2243 5371 2322 5410 xi.

2044 5357 2178 5411 hoth
2202 5357 2322 5410 ﬁxi.

1925 5426 2201 5484 Anazarbi
2229 5427 2287 5481 in
2311 5424 2517 5480 Cilicia
2539 5421 2698 5488 4694,
2727 5437 2795 5480 ex
2820 5430 2942 5481 aut.

1926 5498 2279 5554 Antiochena
2298 5497 2539 5552 Casaris
2570 5494 2727 5564 4665,
2759 5511 2828 5552 ex
2856 5503 2976 5552 aut.

1927 5569 2387 5640 Apameensium,
2444 5581 2570 5638 qua
2597 5576 2655 5623 et
2695 5568 3122 5624 Seieucidarum
3154 5563 3313 5639 4402,
3362 5581 3430 5624 ex
3459 5582 3571 5624 au—

2004 5645 2223 5695 tumno.

3225 5751 3292 5812 i3
