4032 6168
523 321 631 383 399

1314 318 1405 373 AD
1443 311 1878 372 ANASTASIUM
1914 309 2427 395 PROLEGOMENA
2461 313 2638 370 EDlT.
2681 313 3111 374 ROM.—VATIC.

591 436 750 491 Anni
818 435 972 489 Anni
1001 437 1149 496 Rom,
1181 435 1393 504 civiles.
1417 447 1709 508 eorumque
1738 445 1894 508 com-:-
1953 422 2120 508 έητεὶ
2197 423 2257 483 Α
2320 423 2496 508 Anni
2558 426 2716 485 Anni
2736 434 2949 508 ,Ιαιίᾳηὶ
2969 436 3258 506 proleptici
3284 439 3412 490 ante
3440 437 3627 490 Eram
3717 430 3876 508 Anni

562 509 682 561 Per.
704 508 740 561 J
748 547 761 559 .
887 521 1101 560 mensus
1119 494 1599 560 cuneatim-Christi
1613 494 1883 556 communi
1953 496 2017 549 U.
2059 494 2117 548 Ο.
2314 494 2524 567 Olymp.
2803 494 3002 561 ωινίεὶί
3051 494 3396 561 οοῇιιηαηεῃι,

556 583 607 632 et
622 578 768 647 cycli
877 583 928 631 et
951 592 1075 630 cum
1094 577 1320 646 periodo
1344 576 1571 629 Juliana
1600 574 1880 640 Scaligene
1967 570 2094 647 ante

877 621 924 631 Π
953 621 1568 721 ΜΠ
1600 621 1870 640 “war”
1929 637 2138 724 βίηφι
2905 621 3303 678 RESGESTE.

1150 706 1272 719 "W
1328 706 1565 721 “"w'"
1947 706 2110 763 Palil.

951 757 1335 823 Romanorum,
1374 767 1669 821 earumque
1709 752 1885 806 docu—

2048 706 2110 760 ίι·
2569 724 3640 823 Ροητενεουηιι.πιέιε,εξίξειέ.,ηξι.,εηοταηιίιυε

1606 798 1665 806 -ν
1711 798 1845 806 ππ-
2783 798 2959 865 gentis
2976 799 3027 848 et
3043 798 3423 864 ﬁnitimarum.

887 933 1074 988 Caesar
1102 931 1363 987 abdicata
1401 931 1690 986 dictatura
1717 942 1886 984 crea-

818 1027 914 1078 tus
942 1023 986 1076 Il
1020 1018 1246 1095 consul]
1275 1022 1415 1076 Caes.
1439 1019 1573 1075 bell.
1604 1018 1763 1075 civil.
1787 1016 1890 1072 lib.

818 1108 991 1185 111]ab
1011 1109 1153 1166 urbe
1170 1109 1559 1166 Brundusium
1580 1106 1890 1178 profectus,

821 1212 956 1269 inde
984 1210 1181 1281 solvit,
1228 1210 1286 1265 in
1333 1210 1572 1280 Epirum
1617 1208 1894 1279 navigans

820 1309 1011 1381 pridie
1060 1310 1251 1365 Nonas
1299 1308 1563 1364 Januarii
1619 1302 1774 1380 [ibi].
1834 1306 1893 1359 In

818 1399 1037 1470 campis
1047 1399 1383 1453 Pharsalicis
1402 1398 1667 1469 conﬂigit
1684 1395 1896 1452 media-

820 1496 1015 1546 testate
1070 1484 1380 1561 [Plutarch.
1440 1488 1500 1541 in
1557 1483 1753 1559 Bruto]
1798 1484 1896 1541 die

818 1579 855 1637 9
894 1578 1131 1637 Sextilis
1180 1575 1623 1648 Tarquiniensis
1675 1590 1727 1628 v.
1780 1586 1891 1629 EID.

819 1683 1047 1726 AVGVSTI
1081 1683 1132 1723 D.
1167 1680 1353 1723 1v1.1vs
1375 1679 1570 1721 ansas.
1604 1677 1749 1720 v1c1r
1784 1659 1898 1736 [le—

821 1751 982 1823 gitur
1022 1749 1082 1805 in
1128 1748 1304 1804 veteri
1346 1745 1691 1802 Kalendario
1737 1757 1897 1799 mar-

823 1851 1013 1895 moreo
1032 1838 1092 1893 in
1110 1837 1304 1893 ruinis
1325 1835 1624 1891 Antiatum
1647 1837 1890 1902 reperto,

820 1934 877 1985 et
916 1929 974 1984 in
1008 1929 1280 1984 Musaeum
1310 1924 1476 1980 Card.
1503 1923 1664 1979 Alex.
1688 1920 1895 1977 Albani

821 2021 1120 2091 translato]
1152 2034 1278 2091 qua:
1300 2018 1429 2075 dies
1454 2017 1758 2087 respondet
1775 2012 1894 2071 diei

820 2110 856 2166 9
902 2113 1064 2168 Junii
1114 2111 1353 2169 Julianl.
1417 2108 1583 2165 Victo
1627 2104 1897 2175 Pompeio

819 2190 1223 2247 Alexandriam
1276 2189 1527 2261 navigat,
1562 2186 1897 2257 suspicatus

822 2293 952 2335 eum
1005 2294 1066 2336 se
1108 2280 1393 2349 recepisse
1450 2278 1510 2334 in
1566 2278 1892 2348 Egyptum.

820 2370 1029 2424 Verum
1065 2369 1348 2437 hospitem
1390 2368 1657 2438 Magnum
1694 2363 1894 2434 perﬁdi

822 2462 1074 2515 vectores
1125 2458 1471 2513 obtruncant
1527 2456 1716 2526 pridie
1772 2455 1897 2523 ejus

823 2548 1047 2605 Natalis
1075 2547 1131 2603 h.
1165 2561 1216 2602 e.
1251 2546 1441 2616 pridie
1470 2545 1595 2600 Kal.
1628 2543 1895 2600 Octobris

823 2637 961 2694 anni
985 2635 1463 2708 Tarquiniensis:
1495 2647 1621 2703 quae
1644 2632 1772 2687 dies
1799 2646 1896 2688 re-

823 2726 1065 2796 spondet
1108 2725 1247 2781 huic
1293 2736 1445 2780 anno
1473 2720 1546 2778 25
1578 2720 1895 2791 Quinctilis

820 2813 1063 2884 Juliani]
1094 2812 1347 2869 Velleius
1373 2810 1476 2866 lib.
1519 2824 1583 2875 11,
1620 2822 1743 2877 cap.
1776 2806 1889 2883 53].

822 2903 1007 2973 Caput
1021 2903 1091 2958 ad
1109 2915 1171 2958 se
1193 2900 1432 2956 allatum
1456 2900 1643 2955 Caesar
1671 2897 1896 2967 excepit

822 2990 1112 3062 lacrymis,
1141 2994 1197 3045 et
1236 2990 1295 3044 in
1336 2988 1618 3044 suburbio
1646 2987 1894 3043 excitato

823 3070 1034 3125 sacello
1070 3071 1371 3124 Nemeseos
1404 3068 1639 3137 sepeliri
1670 3067 1895 3122 curavit

827 3145 1093 3223 [Appiam
1142 3146 1431 3203 Plutarch.
1488 3146 1545 3201 in
1588 3146 1725 3202 Cres.
1770 3146 1890 3199 Liv.

823 3228 924 3284 lib.
962 3224 1121 3302 cx11].
1173 3227 1362 3283 serius
1399 3226 1616 3282 credita
1645 3230 1733 3281 est
1773 3226 1894 3280 Ro-

826 3330 929 3372 mae
960 3314 1217 3386 Pompeii
1267 3328 1421 3370 mors
1467 3319 1593 3384 post
1630 3314 1755 3383 ejus
1781 3326 1893 3369 an—

825 3405 1027 3463 nulum
1058 3405 1317 3461 allatum.
1351 3405 1492 3464 Tum
1524 3417 1654 3459 vero
1682 3401 1890 3460 Caesari

823 3494 1019 3551 collati
1054 3494 1316 3559 honores,
1350 3498 1407 3547 et
1438 3497 1687 3561 potestas
1717 3492 1893 3547 maxi-

825 3597 935 3638 ma.
983 3584 1051 3638 Ut
1084 3582 1183 3651 jus
1230 3584 1282 3637 ei
1330 3582 1478 3645 belli,
1529 3587 1579 3637 et
1630 3584 1785 3652 pacis
1831 3583 1892 3635 in

822 3686 1004 3725 omnes
1024 3672 1264 3726 homines
1294 3676 1449 3734 esset,
1481 3675 1531 3725 et
1560 3672 1609 3725 si
1628 3685 1798 3739 neque
1817 3669 1893 3724 ad

815 3759 1084 3827 populum
1109 3759 1176 3811 de
1204 3762 1273 3813 iis
1302 3760 1597 3813 retulisset.
1635 3762 1700 3815 Ut
1721 3761 1893 3828 quin—

824 3862 929 3915 que
957 3848 1229 3901 continuis
1247 3850 1413 3899 annis
1433 3849 1773 3902 consulatum
1791 3863 1895 3914 ge-

822 3939 992 3988 neret.
1065 3934 1135 3989 Ut
1192 3947 1455 3990 memon
1511 3952 1621 3989 non
1667 3937 1743 3989 ad
1800 3951 1882 3989 se-

820 4028 1015 4077 mestre
1036 4028 1250 4078 tantum
1278 4026 1515 4093 spatium
1542 4028 1605 4077 ut
1622 4024 1768 4082 olim.
1796 4024 1893 4077 sed

821 4116 1091 4178 integrum
1128 4114 1189 4165 in
1234 4127 1441 4166 annum
1478 4112 1764 4166 diceretur.
1824 4112 1892 4165 Ut

822 4200 1189 4254 tribunitiam.
1228 4204 1549 4270 potestatem
1604 4200 1679 4253 ad
1721 4202 1892 4255 vitam

822 4288 1060 4343 haberet.
1094 4289 1219 4359 [Dio
1251 4288 1353 4344 lib.
1379 4286 1546 4363 x1.11.]

894 4375 996 4430 liis
1035 4376 1283 4444 acceptis
1331 4371 1648 4434 honoribus
1682 4378 1886 4445 Ctesar,

822 4456 1085 4526 quamvis
1100 4462 1257 4511 extra
1285 4456 1505 4511 Italiam
1526 4464 1667 4516 erat.
1693 4459 1887 4513 statim

820 4534 1165 4591 dictaturam
1203 4536 1359 4591 iniit.
1394 4532 1522 4608 [Dio
1554 4535 1682 4612 ibi.]
1718 4540 1891 4594 Usse-

822 4614 950 4671 rius
990 4614 1105 4672 ha’c
1164 4615 1413 4672 referens
1465 4617 1609 4673 illud
1662 4624 1893 4688 quoque

821 4694 1082 4751 observat
1108 4702 1448 4766 opportune.
1495 4699 1563 4752 Ut
1585 4703 1723 4752 recte
1765 4700 1891 4753 hinc

812 4777 1190 4847 principatum
1226 4776 1378 4830 illius
1407 4778 1665 4847 Iosephus
1702 4794 1892 4832 arces-

818 4857 1008 4911 siverit
1034 4874 1048 4921 ;
1084 4860 1190 4910 tres
1217 4872 1390 4910 annos
1406 4873 1525 4911 cum
1553 4857 1780 4911 dimidio
1805 4859 1892 4913 illi

820 4939 1115 5004 assignans
1146 4933 1270 5010 [lib.
1302 4951 1417 5003 xxv,
1463 4952 1514 4993 c.
1561 4934 1671 5013 l7].
1708 4940 1891 5009 Atque

818 5019 879 5070 in
906 5017 1090 5086 Syria,
1115 5023 1180 5073 ut
1206 5034 1241 5071 a
1261 5021 1445 5089 prima
1475 5019 1749 5075 dictatura
1779 5022 1891 5076 An-

821 5098 1074 5161 tiocheni,
1114 5101 1193 5152 ita
1221 5116 1252 5152 a
1293 5100 1531 5153 secunda
1559 5100 1661 5154 hac
1702 5102 1890 5157 dictar-

821 5180 948 5227 tura
981 5177 1268 5231 Laudiceni
1295 5182 1535 5245 tempora
1574 5180 1887 5235 Caesariana

824 5252 1195 5310 dinumerasse
1247 5256 1560 5309 videantur.
1629 5258 1886 5315 Laodice-

820 5345 951 5384 nam
1010 5336 1152 5387 enim
1207 5349 1391 5399 seram,
1446 5336 1604 5388 unico
1676 5342 1889 5395 tantum

819 5425 967 5464 anno
990 5410 1333 5466 Antiochena
1356 5415 1705 5482 posteriorem
1733 5420 1888 5484 fuis-

819 5505 896 5553 se,
918 5490 1185 5544 Eusebius
1208 5492 1270 5544 in
1295 5492 1554 5548 Chronico
1579 5496 1655 5550 ad
1679 5513 1888 5553 annum

820 5568 859 5625 2
887 5570 1105 5641 imperii
1138 5571 1303 5625 Probi
1341 5573 1570 5630 indicat.

889 5659 1057 5716 Circa
1076 5658 1242 5716 tinem
1271 5660 1464 5734 itaque
1489 5665 1623 5721 anni
1652 5666 1888 5738 Tarqui-

2640 905 2827 962 Cazsar
2844 899 3097 959 Alexand
3106 901 3205 955 rite
3225 906 3489 969 receptus
3507 900 3645 957 dum

2582 991 3111 1063 intenditcogendis
3128 989 3515 1060 pecuniissibi
3540 990 3650 1048 de-

2581 1083 2724 1139 bitis
2774 1095 2808 1138 a
2867 1079 3167 1137 Ptolemaeo
3230 1077 3434 1133 Aulete
3491 1084 3649 1149 patre

2582 1175 2737 1246 regis
2778 1172 2964 1244 pueri,
3010 1176 3069 1227 et
3114 1168 3363 1225 dissidio
3410 1182 3649 1239 compo-

2581 1263 2764 1318 nendo
2838 1263 2989 1318 inter
3057 1262 3232 1329 hunc,
3285 1266 3342 1316 et
3397 1275 3647 1320 sororem

2576 1354 2931 1423 Cleopatram
3012 1365 3081 1408 ex
3152 1357 3387 1422 paterno
3465 1357 3650 1408 testa-

2580 1447 2770 1499 mento
2797 1441 2868 1497 de
2892 1454 3066 1513 regno
3089 1441 3514 1510 contendentes,
3535 1442 3649 1497 Po—

2579 1529 2996 1587 thiniennuchi
3011 1530 3279 1586 consiliis
3295 1529 3545 1586 tumultu
3559 1543 3651 1585 ex-

2580 1621 2777 1689 citato,
2845 1621 2905 1676 in
2960 1619 3301 1676 discrimine
3367 1625 3645 1675 versatur.

2582 1710 2707 1780 [Dio
2758 1709 2861 1765 lib.
2910 1723 3025 1766 xtu
3071 1716 3128 1767 et
3175 1709 3324 1765 Plut.
3376 1708 3433 1764 in
3482 1708 3643 1787 Caes]

2577 1802 3006 1860 Controversias
3048 1812 3245 1872 regum
3275 1798 3343 1854 ad
3376 1802 3649 1870 pOpulum

2580 1897 2919 1967 Romanum,
2969 1899 3068 1969 qui
3120 1904 3296 1971 tutor,
3356 1906 3414 1957 et
3452 1904 3520 1960 ad
3565 1918 3645 1975 se,

2581 1989 2682 2059 qui
2714 1986 2916 2045 consul
2941 1993 3111 2048 esset,
3152 1989 3439 2058 pertinere
3464 1992 3650 2049 Caesar

2579 2078 2967 2135 existimabat.
3012 2077 3133 2133 Sibi
3188 2079 3371 2149 igitur
3405 2080 3644 2150 placere.

2581 2183 2767 2242 regem
2797 2169 3183 2235 Ptolemaeum,
3213 2170 3452 2241 ejusque
3480 2184 3651 2228 soro—

2582 2273 2697 2314 rem
2728 2259 3081 2330 Cleopatram
3118 2259 3406 2315 exercitus
3439 2261 3651 2316 dimit-

2582 2355 2717 2415 tere,
2746 2363 2892 2419 quos
2924 2350 3215 2417 haberent,
3243 2353 3300 2405 et
3317 2349 3387 2405 de
3411 2355 3643 2407 contro-

2578 2438 2788 2493 versiis
2807 2439 2938 2507 jure
2964 2439 3113 2508 apud
3146 2451 3207 2494 se
3235 2439 3448 2510 potius,
3478 2452 3647 2510 quam

2581 2524 2735 2581 inter
2776 2540 2836 2582 se
2872 2526 3053 2582 armis
3098 2526 3438 2596 disceptare.
3488 2523 3645 2600 [Caes

2580 2613 2685 2670 lib.
2720 2613 2834 2692 111.]

2649 2716 2831 2773 Aucta
2876 2720 3127 2787 potestas
3166 2716 3408 2772 Caesaris
3450 2729 3548 2786 per
3589 2716 3647 2772 S.

2579 2806 2640 2861 P.
2668 2806 2733 2875 Q.
2765 2806 2853 2873 11.,
2890 2806 3045 2861 circa
3076 2804 3243 2861 tinem
3277 2805 3415 2861 anni
3442 2803 3650 2861 collata

2582 2894 2695 2951 sibi
2738 2907 3058 2963 omnem,
3088 2894 3424 2965 caaterisque
3462 2893 3651 2949 hono—

2582 2979 2765 3047 ribus,
2798 2993 2863 3035 ac
2885 2980 3122 3049 juribus
3149 2980 3209 3036 in
3234 2994 3413 3037 annos
3443 2980 3652 3035 subse-

2582 3072 2823 3137 quentes
2849 3069 3170 3139 duraturis,
3198 3069 3267 3125 ad
3298 3082 3419 3125 eam
3442 3069 3665 3145 cogni—_

2580 3155 2794 3211 tionem
2806 3156 3071 3212 securius
3084 3157 3506 3227 suscipiendam
3530 3170 3651 3227 per-

2583 3245 2778 3314 movit,
2845 3245 2939 3301 sed
3001 3245 3241 3302 insimul
3292 3245 3649 3318 Egytiorum

2580 3333 2806 3388 animos
2831 3347 2864 3388 a
2893 3332 3140 3389 Pothino
3160 3334 3421 3390 studiose
3436 3332 3652 3389 sollici-

2581 3425 2732 3477 tatos
2766 3425 2963 3477 contra
3017 3422 3203 3491 ipsum
3254 3420 3529 3490 incendit,
3580 3434 3649 3477 ex

2582 3508 2809 3580 hospite
2856 3510 3109 3580 judicem
3163 3524 3329 3581 quem
3388 3498 3652 3566 videre'nt

2581 3612 2817 3654 suorum
2869 3613 3088 3671 regum.
3137 3599 3433 3655 Ptolemaeo
3470 3598 3647 3667 enim,

2580 3690 2634 3741 et
2662 3686 2972 3757 Cle0patra:
3015 3701 3250 3759 regnum
3293 3686 3516 3758 Egypti
3554 3689 3652 3740 at—

2581 3774 2812 3848 tribuit,
2855 3777 3175 3848 horumque
3205 3776 3493 3847 germanis
3524 3773 3651 3829 ira--

2580 3864 2771 3921 tribus
2802 3871 2939 3922 natu
2985 3865 3311 3921 minoribus
3348 3863 3650 3920 Ptolemaeo

2575 3952 2820 4023 juniori,
2853 3959 2909 4009 et
2931 3953 3191 4009 Arsinoae
3213 3954 3459 4024 Cyprum
3481 3950 3653 4022 largi-

2582 4049 2674 4097 tus
2719 4047 2822 4097 est.
2883 4036 3040 4113 [Cas
3092 4041 3218 4109 ibi.,
3263 4041 3464 4097 Livius
3521 4036 3647 4110 442,

2577 4130 2725 4186 Plut.
2763 4131 2823 4185 in
2850 4128 3020 4204 Caes]

2647 4223 2729 4278 Ex
2784 4222 2988 4278 iterato
3039 4222 3222 4294 igitur
3273 4221 3526 4278 tumultu
3585 4220 3646 4276 in

2575 4306 2835 4371 apertum
2854 4301 3063 4359 bellum
3086 4302 3351 4358 deductis
3365 4300 3652 4373 Egyptiis

2576 4389 2633 4438 et
2665 4385 2953 4453 Romanis,
2999 4383 3229 4439 incensa
3258 4387 3344 4437 est
3382 4382 3442 4437 in
3478 4386 3646 4451 portu

2577 4479 2706 4520 cum
2736 4465 2981 4522 navibus
3017 4464 3260 4520 celebris
3290 4462 3392 4518 illa
3422 4462 3649 4518 biblio-

2579 4544 2741 4600 theca
2774 4545 2926 4614 regis
2949 4541 3309 4612 Philadelphi
3340 4538 3444 4597 400
3475 4541 3649 4597 libro-

2578 4639 2705 4680 rum
2751 4623 3012 4679 millibus
3060 4623 3362 4677 instructa.
3415 4617 3647 4693 [Seneca

2578 4705 2680 4761 lib.
2720 4704 2791 4759 de
2840 4702 3161 4773 Tranquill.
3212 4702 3392 4757 animi
3431 4715 3536 4771 cap
3567 4699 3643 4769 9;

2576 4788 2738 4842 Oros.
2786 4784 2818 4839 1.
2859 4798 2939 4853 v1,
2970 4797 3020 4839 c.
3068 4780 3175 4852 45;
3209 4782 3551 4838 Plutarchus
3581 4782 3645 4838 in

2573 4868 2711 4922 Caes.
2739 4871 2794 4922 et
2818 4865 2924 4922 Dio
2954 4862 3058 4921 lib.
3087 4858 3252 4937 ηιμ]
3278 4861 3481 4923 Caesar,
3509 4860 3648 4917 licet

2577 4960 2687 5003 non
2708 4945 2889 5003 multo
2909 4957 3145 5002 suorum
3176 4942 3425 4998 militum
3452 4954 3650 4998 nume-

2576 5040 2658 5096 ro,
2713 5027 2782 5082 ad
2841 5026 2946 5082 hoc
2994 5022 3254 5096 praelium
3307 5021 3643 5094 perductus,

2575 5107 2725 5176 quod
2753 5104 2867 5161 sibi
2897 5109 3230 5161 eventurum
3264 5115 3373 5157 non
3403 5109 3650 5171 reputa—

2573 5191 2749 5254 verat,
2772 5190 3018 5240 attamen
3039 5181 3382 5252 opportunis
3396 5180 3648 5236 auxiliis

2574 5265 2996 5331 fmderatorum,
3030 5270 3086 5320 et
3129 5262 3445 5319 amicorum
3478 5262 3538 5315 P.
3570 5262 3642 5317 Β.

2575 5359 2692 5401 rem
2757 5360 3025 5417 prospere
3072 5345 3271 5417 gessit.
3336 5345 3645 5400 Strenuam

2575 5426 2665 5481 illi
2709 5440 2938 5495 cperam
2985 5431 3265 5481 navarunt
3308 5424 3487 5478 Judaei
3525 5428 3647 5478 tum

2573 5506 2967 5575 Alexandrini,
2988 5511 3103 5561 tum
3120 5506 3419 5565 Palestina}
3445 5519 3641 5567 suasu,

2572 5592 2623 5641 et
2679 5588 2999 5641 auctoritate
3054 5587 3300 5655 Hyrcani
3338 5587 3642 5655 pontificis,

2572 5673 2629 5723 et
2649 5666 2968 5724 Aristobuli
3002 5662 3134 5740 [10s.
3160 5665 3260 5721 lib.
3289 5678 3407 5736 x1v,
3424 5678 3475 5720 c.
3512 5660 3637 5738 li]:

3734 264 3923 372 9400

3724 506 3851 555 ante

3704 574 3893 627 Eram

3701 642 3904 697 Christi
