  <div class='ocr_page' id='page_1' title='image "/cluster/home/n/w/nwhite01/storage/ocr_20150623/127/hvd.32044054759881/207.png"; bbox 0 0 3998 6176; ppageno 0'>
   <div class='ocr_carea' id='block_1_1' title="bbox 473 269 3870 349">
    <p class='ocr_par' dir='ltr' id='par_1_1' title="bbox 473 269 3870 349">
     <span class='ocr_line' id='line_1_1' title="bbox 473 269 3870 349; baseline 0.005 -20"><span class='ocrx_word' id='word_1_1' title='bbox 473 269 577 329; x_wconf 70' lang='grc'><strong>403</strong></span> <span class='ocrx_word' id='word_1_2' title='bbox 1246 275 1338 330; x_wconf 79' lang='lat' dir='ltr'><strong>AD</strong></span> <span class='ocrx_word' id='word_1_3' title='bbox 1379 275 1816 334; x_wconf 79' lang='lat' dir='ltr'><strong>ANASTASIUM</strong></span> <span class='ocrx_word' id='word_1_4' title='bbox 1858 279 2372 340; x_wconf 80' lang='lat' dir='ltr'><strong>PROLEGOMENA</strong></span> <span class='ocrx_word' id='word_1_5' title='bbox 2434 284 2606 340; x_wconf 84' lang='lat' dir='ltr'><strong>EDIT.</strong></span> <span class='ocrx_word' id='word_1_6' title='bbox 2661 284 3086 341; x_wconf 80' lang='lat' dir='ltr'><strong>ROM.-VATIC.</strong></span> <span class='ocrx_word' id='word_1_7' title='bbox 3760 287 3870 349; x_wconf 70' lang='grc'><strong>404</strong></span> 
     </span>
    </p>
   </div>
   <div class='ocr_carea' id='block_1_2' title="bbox 532 399 3796 481">
    <p class='ocr_par' dir='ltr' id='par_1_2' title="bbox 532 399 3796 481">
     <span class='ocr_line' id='line_1_2' title="bbox 532 399 3796 481; baseline 0.005 -29"><span class='ocrx_word' id='word_1_8' title='bbox 532 399 690 481; x_wconf 73' lang='lat' dir='ltr'><strong>A_nni</strong></span> <span class='ocrx_word' id='word_1_9' title='bbox 749 400 907 453; x_wconf 82' lang='lat' dir='ltr'><strong>Anni</strong></span> <span class='ocrx_word' id='word_1_10' title='bbox 947 401 1094 454; x_wconf 83' lang='lat' dir='ltr'><strong>Rom.</strong></span> <span class='ocrx_word' id='word_1_11' title='bbox 1136 402 1339 481; x_wconf 47' lang='lat' dir='ltr'><strong>civiles,</strong></span> <span class='ocrx_word' id='word_1_12' title='bbox 1369 418 1656 481; x_wconf 65' lang='lat' dir='ltr'><strong>eor-nmque</strong></span> <span class='ocrx_word' id='word_1_13' title='bbox 1694 406 1997 481; x_wconf 74' lang='lat' dir='ltr'><strong>com-Anni</strong></span> <span class='ocrx_word' id='word_1_14' title='bbox 2024 407 2086 460; x_wconf 91' lang='lat' dir='ltr'><strong>U.</strong></span> <span class='ocrx_word' id='word_1_15' title='bbox 2145 409 2204 468; x_wconf 89' lang='lat' dir='ltr'><strong>A</strong></span> <span class='ocrx_word' id='word_1_16' title='bbox 2290 410 2449 481; x_wconf 80' lang='lat' dir='ltr'><strong>Anni</strong></span> <span class='ocrx_word' id='word_1_17' title='bbox 2507 413 2664 467; x_wconf 88' lang='lat' dir='ltr'><strong>Anni</strong></span> <span class='ocrx_word' id='word_1_18' title='bbox 2681 413 2893 467; x_wconf 78' lang='lat' dir='ltr'><strong>Iuliani</strong></span> <span class='ocrx_word' id='word_1_19' title='bbox 2925 413 3208 481; x_wconf 83' lang='lat' dir='ltr'><strong>proleptici</strong></span> <span class='ocrx_word' id='word_1_20' title='bbox 3230 415 3358 465; x_wconf 84' lang='lat' dir='ltr'><strong>ante</strong></span> <span class='ocrx_word' id='word_1_21' title='bbox 3377 413 3564 466; x_wconf 69' lang='lat' dir='ltr'><strong>Eram</strong></span> <span class='ocrx_word' id='word_1_22' title='bbox 3643 411 3796 468; x_wconf 82' lang='lat' dir='ltr'><strong>Anni</strong></span> 
     </span>
    </p>
   </div>
   <div class='ocr_carea' id='block_1_3' title="bbox 553 472 2083 532">
    <p class='ocr_par' dir='ltr' id='par_1_3' title="bbox 553 472 2083 532">
     <span class='ocr_line' id='line_1_3' title="bbox 553 472 2083 532; baseline 0.004 -8"><span class='ocrx_word' id='word_1_23' title='bbox 553 472 674 524; x_wconf 79' lang='lat' dir='ltr'><strong>Per.</strong></span> <span class='ocrx_word' id='word_1_24' title='bbox 831 486 1046 524; x_wconf 88' lang='lat' dir='ltr'><strong>mensus</strong></span> <span class='ocrx_word' id='word_1_25' title='bbox 1069 487 1187 525; x_wconf 88' lang='lat' dir='ltr'><strong>cum</strong></span> <span class='ocrx_word' id='word_1_26' title='bbox 1208 475 1339 526; x_wconf 70' lang='lat' dir='ltr'><strong>Era</strong></span> <span class='ocrx_word' id='word_1_27' title='bbox 1369 472 1578 529; x_wconf 74' lang='lat' dir='ltr'><strong>Christi</strong></span> <span class='ocrx_word' id='word_1_28' title='bbox 1599 491 1830 530; x_wconf 86' lang='lat' dir='ltr'><strong>commu-</strong></span> <span class='ocrx_word' id='word_1_29' title='bbox 1873 478 1928 532; x_wconf 90' lang='lat' dir='ltr'><strong>C.</strong></span> <span class='ocrx_word' id='word_1_30' title='bbox 1955 482 2083 531; x_wconf 86' lang='lat' dir='ltr'><strong>ante</strong></span> 
     </span>
    </p>
   </div>
   <div class='ocr_carea' id='block_1_4' title="bbox 508 543 2087 618">
    <p class='ocr_par' dir='ltr' id='par_1_4' title="bbox 508 543 2087 618">
     <span class='ocr_line' id='line_1_4' title="bbox 508 543 2087 618; baseline 0.002 -20"><span class='ocrx_word' id='word_1_31' title='bbox 508 543 618 598; x_wconf 76' lang='lat' dir='ltr'><strong>Jul.</strong></span> <span class='ocrx_word' id='word_1_32' title='bbox 649 552 725 618; x_wconf 76' lang='lat' dir='ltr'><strong>_et</strong></span> <span class='ocrx_word' id='word_1_33' title='bbox 830 543 892 594; x_wconf 90' lang='lat' dir='ltr'><strong>ni</strong></span> <span class='ocrx_word' id='word_1_34' title='bbox 919 547 969 595; x_wconf 89' lang='lat' dir='ltr'><strong>et</strong></span> <span class='ocrx_word' id='word_1_35' title='bbox 988 557 1108 596; x_wconf 87' lang='lat' dir='ltr'><strong>cum</strong></span> <span class='ocrx_word' id='word_1_36' title='bbox 1121 545 1348 611; x_wconf 75' lang='lat' dir='ltr'><strong>periodo</strong></span> <span class='ocrx_word' id='word_1_37' title='bbox 1380 546 1603 599; x_wconf 72' lang='lat' dir='ltr'><strong>Iuliano</strong></span> <span class='ocrx_word' id='word_1_38' title='bbox 1627 547 1835 615; x_wconf 86' lang='lat' dir='ltr'><strong>Scalig.</strong></span> <span class='ocrx_word' id='word_1_39' title='bbox 1877 555 1926 603; x_wconf 89' lang='lat' dir='ltr'><strong>et</strong></span> <span class='ocrx_word' id='word_1_40' title='bbox 1964 552 2087 618; x_wconf 89' lang='lat' dir='ltr'><strong>post</strong></span> 
     </span>
    </p>
   </div>
   <div class='ocr_carea' id='block_1_5' title="bbox 534 613 1835 761">
    <p class='ocr_par' dir='ltr' id='par_1_5' title="bbox 534 613 1835 761">
     <span class='ocr_line' id='line_1_5' title="bbox 534 613 1835 761; baseline 0.008 -38"><span class='ocrx_word' id='word_1_41' title='bbox 534 613 686 761; x_wconf 42' lang='grc' dir='ltr'><strong>ἐξὲξ</strong></span> <span class='ocrx_word' id='word_1_42' title='bbox 759 671 942 761; x_wconf 71' lang='grc' dir='ltr'><strong>εἱειιιο,</strong></span> <span class='ocrx_word' id='word_1_43' title='bbox 965 678 1021 727; x_wconf 90' lang='lat' dir='ltr'><strong>et</strong></span> <span class='ocrx_word' id='word_1_44' title='bbox 1046 686 1136 742; x_wconf 90' lang='lat' dir='ltr'><strong>ap.</strong></span> <span class='ocrx_word' id='word_1_45' title='bbox 1166 673 1332 730; x_wconf 82' lang='lat' dir='ltr'><strong>Grut.</strong></span> <span class='ocrx_word' id='word_1_46' title='bbox 1364 675 1520 731; x_wconf 89' lang='lat' dir='ltr'><strong>edito</strong></span> <span class='ocrx_word' id='word_1_47' title='bbox 1552 690 1678 748; x_wconf 90' lang='lat' dir='ltr'><strong>pag.</strong></span> <span class='ocrx_word' id='word_1_48' title='bbox 1709 674 1835 748; x_wconf 88' lang='lat'><strong>433,</strong></span> 
     </span>
    </p>
   </div>
   <div class='ocr_carea' id='block_1_6' title="bbox 770 760 1842 836">
    <p class='ocr_par' dir='ltr' id='par_1_6' title="bbox 770 760 1842 836">
     <span class='ocr_line' id='line_1_6' title="bbox 770 760 1842 836; baseline 0.007 -21"><span class='ocrx_word' id='word_1_49' title='bbox 770 760 1068 818; x_wconf 68' lang='lat' dir='ltr'><strong>Ptolemaeo</strong></span> <span class='ocrx_word' id='word_1_50' title='bbox 1090 777 1220 835; x_wconf 89' lang='lat' dir='ltr'><strong>rege</strong></span> <span class='ocrx_word' id='word_1_51' title='bbox 1260 765 1467 821; x_wconf 82' lang='lat' dir='ltr'><strong>misere</strong></span> <span class='ocrx_word' id='word_1_52' title='bbox 1498 766 1651 821; x_wconf 91' lang='lat' dir='ltr'><strong>inter</strong></span> <span class='ocrx_word' id='word_1_53' title='bbox 1687 781 1842 836; x_wconf 73' lang='lat' dir='ltr'><strong>prae-</strong></span> 
     </span>
    </p>
   </div>
   <div class='ocr_carea' id='block_1_7' title="bbox 773 846 1840 924">
    <p class='ocr_par' dir='ltr' id='par_1_7' title="bbox 773 846 1840 924">
     <span class='ocr_line' id='line_1_7' title="bbox 773 846 1840 924; baseline 0.007 -22"><span class='ocrx_word' id='word_1_54' title='bbox 773 846 1032 905; x_wconf 90' lang='lat' dir='ltr'><strong>liandum</strong></span> <span class='ocrx_word' id='word_1_55' title='bbox 1078 850 1358 924; x_wconf 91' lang='lat' dir='ltr'><strong>demerso,</strong></span> <span class='ocrx_word' id='word_1_56' title='bbox 1389 866 1626 924; x_wconf 82' lang='lat' dir='ltr'><strong>regnum</strong></span> <span class='ocrx_word' id='word_1_57' title='bbox 1658 855 1840 910; x_wconf 88' lang='lat' dir='ltr'><strong>attri—</strong></span> 
     </span>
    </p>
   </div>
   <div class='ocr_carea' id='block_1_8' title="bbox 773 935 1841 1012">
    <p class='ocr_par' dir='ltr' id='par_1_8' title="bbox 773 935 1841 1012">
     <span class='ocr_line' id='line_1_8' title="bbox 773 935 1841 1012; baseline 0.007 -22"><span class='ocrx_word' id='word_1_58' title='bbox 773 935 904 991; x_wconf 91' lang='lat' dir='ltr'><strong>buit</strong></span> <span class='ocrx_word' id='word_1_59' title='bbox 956 937 1255 995; x_wconf 66' lang='lat' dir='ltr'><strong>Ptolemaeo</strong></span> <span class='ocrx_word' id='word_1_60' title='bbox 1297 941 1546 1012; x_wconf 88' lang='lat' dir='ltr'><strong>Juniori,</strong></span> <span class='ocrx_word' id='word_1_61' title='bbox 1600 947 1656 997; x_wconf 91' lang='lat' dir='ltr'><strong>et</strong></span> <span class='ocrx_word' id='word_1_62' title='bbox 1710 942 1841 998; x_wconf 84' lang='lat' dir='ltr'><strong>Cleo</strong></span> 
     </span>
    </p>
   </div>
   <div class='ocr_carea' id='block_1_9' title="bbox 776 1025 1843 1100">
    <p class='ocr_par' dir='ltr' id='par_1_9' title="bbox 776 1025 1843 1100">
     <span class='ocr_line' id='line_1_9' title="bbox 776 1025 1843 1100; baseline 0.008 -24"><span class='ocrx_word' id='word_1_63' title='bbox 776 1027 952 1092; x_wconf 67' lang='lat' dir='ltr'><strong>patrae</strong></span> <span class='ocrx_word' id='word_1_64' title='bbox 973 1025 1181 1095; x_wconf 84' lang='lat' dir='ltr'><strong>sorori,</strong></span> <span class='ocrx_word' id='word_1_65' title='bbox 1213 1041 1382 1098; x_wconf 92' lang='lat' dir='ltr'><strong>quam</strong></span> <span class='ocrx_word' id='word_1_66' title='bbox 1419 1028 1507 1084; x_wconf 88' lang='lat' dir='ltr'>illi</span> <span class='ocrx_word' id='word_1_67' title='bbox 1533 1029 1843 1100; x_wconf 79' lang='lat' dir='ltr'><strong>despondit</strong></span> 
     </span>
    </p>
   </div>
   <div class='ocr_carea' id='block_1_10' title="bbox 773 1111 1842 1190">
    <p class='ocr_par' dir='ltr' id='par_1_10' title="bbox 773 1111 1842 1190">
     <span class='ocr_line' id='line_1_10' title="bbox 773 1111 1842 1190; baseline 0.007 -24"><span class='ocrx_word' id='word_1_68' title='bbox 773 1111 963 1167; x_wconf 91' lang='lat' dir='ltr'><strong>adhuc</strong></span> <span class='ocrx_word' id='word_1_69' title='bbox 992 1127 1170 1183; x_wconf 90' lang='lat' dir='ltr'><strong>puero</strong></span> <span class='ocrx_word' id='word_1_70' title='bbox 1213 1116 1532 1173; x_wconf 91' lang='lat' dir='ltr'><strong>undecenni</strong></span> <span class='ocrx_word' id='word_1_71' title='bbox 1588 1132 1842 1190; x_wconf 84' lang='lat' dir='ltr'><strong>uxorem,</strong></span> 
     </span>
    </p>
   </div>
   <div class='ocr_carea' id='block_1_11' title="bbox 778 1201 1844 1278">
    <p class='ocr_par' dir='ltr' id='par_1_11' title="bbox 778 1201 1844 1278">
     <span class='ocr_line' id='line_1_11' title="bbox 778 1201 1844 1278; baseline 0.008 -24"><span class='ocrx_word' id='word_1_72' title='bbox 778 1213 932 1255; x_wconf 91' lang='lat' dir='ltr'><strong>more</strong></span> <span class='ocrx_word' id='word_1_73' title='bbox 960 1201 1242 1273; x_wconf 72' lang='lat' dir='ltr'><strong>Egyptio.</strong></span> <span class='ocrx_word' id='word_1_74' title='bbox 1271 1201 1290 1278; x_wconf 96' lang='lat'>[</span> <span class='ocrx_word' id='word_1_75' title='bbox 1315 1205 1518 1262; x_wconf 81' lang='lat' dir='ltr'><strong>Strabo</strong></span> <span class='ocrx_word' id='word_1_76' title='bbox 1547 1207 1649 1262; x_wconf 86' lang='lat' dir='ltr'><strong>lib.</strong></span> <span class='ocrx_word' id='word_1_77' title='bbox 1702 1222 1844 1278; x_wconf 81' lang='lat' dir='ltr'><strong>xvu,</strong></span> 
     </span>
    </p>
   </div>
   <div class='ocr_carea' id='block_1_12' title="bbox 777 1287 1848 1361">
    <p class='ocr_par' dir='ltr' id='par_1_12' title="bbox 777 1287 1848 1361">
     <span class='ocr_line' id='line_1_12' title="bbox 777 1287 1848 1361; baseline 0.011 -18"><span class='ocrx_word' id='word_1_78' title='bbox 777 1303 906 1361; x_wconf 90' lang='lat' dir='ltr'><strong>pag.</strong></span> <span class='ocrx_word' id='word_1_79' title='bbox 934 1287 1063 1346; x_wconf 83' lang='lat'><strong>796.</strong></span> <span class='ocrx_word' id='word_1_80' title='bbox 1103 1293 1210 1348; x_wconf 91' lang='lat' dir='ltr'><strong>Dio</strong></span> <span class='ocrx_word' id='word_1_81' title='bbox 1259 1294 1362 1350; x_wconf 87' lang='lat' dir='ltr'><strong>lib.</strong></span> <span class='ocrx_word' id='word_1_82' title='bbox 1413 1310 1550 1351; x_wconf 78' lang='lat' dir='ltr'><strong>xm.</strong></span> <span class='ocrx_word' id='word_1_83' title='bbox 1602 1298 1848 1355; x_wconf 76' lang='lat' dir='ltr'><strong>Hirtius.</strong></span> 
     </span>
    </p>
   </div>
   <div class='ocr_carea' id='block_1_13' title="bbox 777 1380 1848 1461">
    <p class='ocr_par' dir='ltr' id='par_1_13' title="bbox 777 1380 1848 1461">
     <span class='ocr_line' id='line_1_13' title="bbox 777 1380 1848 1461; baseline 0.007 -28"><span class='ocrx_word' id='word_1_84' title='bbox 777 1380 1010 1435; x_wconf 89' lang='lat' dir='ltr'><strong>Sueton.</strong></span> <span class='ocrx_word' id='word_1_85' title='bbox 1042 1381 1124 1435; x_wconf 92' lang='lat' dir='ltr'><strong>in.</strong></span> <span class='ocrx_word' id='word_1_86' title='bbox 1151 1381 1265 1438; x_wconf 86' lang='lat' dir='ltr'><strong>Jul.</strong></span> <span class='ocrx_word' id='word_1_87' title='bbox 1290 1397 1414 1454; x_wconf 88' lang='lat' dir='ltr'><strong>cap.</strong></span> <span class='ocrx_word' id='word_1_88' title='bbox 1441 1383 1556 1461; x_wconf 80' lang='lat'><strong>35.]</strong></span> <span class='ocrx_word' id='word_1_89' title='bbox 1581 1388 1641 1441; x_wconf 92' lang='lat' dir='ltr'><strong>In</strong></span> <span class='ocrx_word' id='word_1_90' title='bbox 1690 1387 1848 1460; x_wconf 69' lang='lat' dir='ltr'><strong>Egy-</strong></span> 
     </span>
    </p>
   </div>
   <div class='ocr_carea' id='block_1_14' title="bbox 783 1473 1854 1538">
    <p class='ocr_par' dir='ltr' id='par_1_14' title="bbox 783 1473 1854 1538">
     <span class='ocr_line' id='line_1_14' title="bbox 783 1473 1854 1538; baseline 0.008 -13"><span class='ocrx_word' id='word_1_91' title='bbox 783 1475 877 1538; x_wconf 90' lang='lat' dir='ltr'><strong>pto</strong></span> <span class='ocrx_word' id='word_1_92' title='bbox 934 1478 1188 1528; x_wconf 92' lang='lat' dir='ltr'><strong>moratus</strong></span> <span class='ocrx_word' id='word_1_93' title='bbox 1235 1473 1421 1530; x_wconf 68' lang='lat' dir='ltr'><strong>Caesar</strong></span> <span class='ocrx_word' id='word_1_94' title='bbox 1470 1489 1692 1532; x_wconf 86' lang='lat' dir='ltr'><strong>menses</strong></span> <span class='ocrx_word' id='word_1_95' title='bbox 1740 1492 1854 1535; x_wconf 91' lang='lat' dir='ltr'><strong>no—</strong></span> 
     </span>
    </p>
   </div>
   <div class='ocr_carea' id='block_1_15' title="bbox 781 1559 1850 1642">
    <p class='ocr_par' dir='ltr' id='par_1_15' title="bbox 781 1559 1850 1642">
     <span class='ocr_line' id='line_1_15' title="bbox 781 1559 1850 1642; baseline 0.015 -31"><span class='ocrx_word' id='word_1_96' title='bbox 781 1572 902 1614; x_wconf 90' lang='lat' dir='ltr'><strong>vem</strong></span> <span class='ocrx_word' id='word_1_97' title='bbox 949 1559 1232 1634; x_wconf 89' lang='lat' dir='ltr'><strong>[Appiam.</strong></span> <span class='ocrx_word' id='word_1_98' title='bbox 1267 1563 1370 1619; x_wconf 88' lang='lat' dir='ltr'><strong>lib.</strong></span> <span class='ocrx_word' id='word_1_99' title='bbox 1424 1579 1486 1634; x_wconf 86' lang='lat' dir='ltr'><strong>u,</strong></span> <span class='ocrx_word' id='word_1_100' title='bbox 1539 1566 1675 1624; x_wconf 90' lang='lat' dir='ltr'><strong>bell.</strong></span> <span class='ocrx_word' id='word_1_101' title='bbox 1717 1572 1850 1642; x_wconf 90' lang='lat' dir='ltr'><strong>civ.]</strong></span> 
     </span>
    </p>
   </div>
   <div class='ocr_carea' id='block_1_16' title="bbox 782 1649 1854 1716">
    <p class='ocr_par' dir='ltr' id='par_1_16' title="bbox 782 1649 1854 1716">
     <span class='ocr_line' id='line_1_16' title="bbox 782 1649 1854 1716; baseline 0.013 -14"><span class='ocrx_word' id='word_1_102' title='bbox 782 1649 936 1704; x_wconf 89' lang='lat' dir='ltr'><strong>circa</strong></span> <span class='ocrx_word' id='word_1_103' title='bbox 989 1651 1164 1708; x_wconf 84' lang='lat' dir='ltr'><strong>Veris</strong></span> <span class='ocrx_word' id='word_1_104' title='bbox 1203 1655 1440 1710; x_wconf 90' lang='lat' dir='ltr'><strong>initium</strong></span> <span class='ocrx_word' id='word_1_105' title='bbox 1505 1657 1854 1716; x_wconf 82' lang='lat' dir='ltr'><strong>Alexandria</strong></span> 
     </span>
    </p>
   </div>
   <div class='ocr_carea' id='block_1_17' title="bbox 783 1739 1854 1814">
    <p class='ocr_par' dir='ltr' id='par_1_17' title="bbox 783 1739 1854 1814">
     <span class='ocr_line' id='line_1_17' title="bbox 783 1739 1854 1814; baseline 0.01 -20"><span class='ocrx_word' id='word_1_106' title='bbox 783 1739 1056 1799; x_wconf 80' lang='lat' dir='ltr'><strong>discessit</strong></span> <span class='ocrx_word' id='word_1_107' title='bbox 1089 1743 1148 1798; x_wconf 91' lang='lat' dir='ltr'><strong>in</strong></span> <span class='ocrx_word' id='word_1_108' title='bbox 1177 1743 1416 1814; x_wconf 87' lang='lat' dir='ltr'><strong>Syriam.</strong></span> <span class='ocrx_word' id='word_1_109' title='bbox 1461 1746 1600 1814; x_wconf 88' lang='lat' dir='ltr'><strong>Ejus</strong></span> <span class='ocrx_word' id='word_1_110' title='bbox 1625 1747 1854 1804; x_wconf 91' lang='lat' dir='ltr'><strong>disces-</strong></span> 
     </span>
    </p>
   </div>
   <div class='ocr_carea' id='block_1_18' title="bbox 786 1833 1856 1906">
    <p class='ocr_par' dir='ltr' id='par_1_18' title="bbox 786 1833 1856 1906">
     <span class='ocr_line' id='line_1_18' title="bbox 786 1833 1856 1906; baseline 0.007 -18"><span class='ocrx_word' id='word_1_111' title='bbox 786 1849 887 1890; x_wconf 88' lang='lat' dir='ltr'><strong>sus</strong></span> <span class='ocrx_word' id='word_1_112' title='bbox 945 1845 1142 1888; x_wconf 90' lang='lat' dir='ltr'><strong>rumor</strong></span> <span class='ocrx_word' id='word_1_113' title='bbox 1189 1833 1249 1886; x_wconf 90' lang='lat' dir='ltr'><strong>in</strong></span> <span class='ocrx_word' id='word_1_114' title='bbox 1318 1833 1543 1890; x_wconf 87' lang='lat' dir='ltr'><strong>Italiam</strong></span> <span class='ocrx_word' id='word_1_115' title='bbox 1597 1840 1856 1906; x_wconf 86' lang='lat' dir='ltr'><strong>pervenit</strong></span> 
     </span>
    </p>
   </div>
   <div class='ocr_carea' id='block_1_19' title="bbox 787 1922 1857 1996">
    <p class='ocr_par' dir='ltr' id='par_1_19' title="bbox 787 1922 1857 1996">
     <span class='ocr_line' id='line_1_19' title="bbox 787 1922 1857 1996; baseline 0.006 -18"><span class='ocrx_word' id='word_1_116' title='bbox 787 1937 853 1978; x_wconf 86' lang='grc' dir='ltr'><strong>ιιι</strong></span> <span class='ocrx_word' id='word_1_117' title='bbox 884 1924 1028 1978; x_wconf 84' lang='grc' dir='ltr'>Νοιι.</span> <span class='ocrx_word' id='word_1_118' title='bbox 1058 1922 1338 1991; x_wconf 90' lang='lat' dir='ltr'><strong>Quinctil.</strong></span> <span class='ocrx_word' id='word_1_119' title='bbox 1373 1938 1473 1980; x_wconf 92' lang='lat' dir='ltr'><strong>seu</strong></span> <span class='ocrx_word' id='word_1_120' title='bbox 1503 1924 1723 1996; x_wconf 80' lang='lat' dir='ltr'><strong>Aprilis</strong></span> <span class='ocrx_word' id='word_1_121' title='bbox 1749 1930 1857 1984; x_wconf 90' lang='lat' dir='ltr'><strong>Ju-</strong></span> 
     </span>
    </p>
   </div>
   <div class='ocr_carea' id='block_1_20' title="bbox 791 2008 1852 2087">
    <p class='ocr_par' dir='ltr' id='par_1_20' title="bbox 791 2008 1852 2087">
     <span class='ocr_line' id='line_1_20' title="bbox 791 2008 1852 2087; baseline 0.006 -20"><span class='ocrx_word' id='word_1_122' title='bbox 791 2010 934 2067; x_wconf 90' lang='lat' dir='ltr'><strong>liani</strong></span> <span class='ocrx_word' id='word_1_123' title='bbox 967 2010 1062 2066; x_wconf 89' lang='lat' dir='ltr'><strong>die</strong></span> <span class='ocrx_word' id='word_1_124' title='bbox 1081 2008 1168 2066; x_wconf 94' lang='lat'><strong>23.</strong></span> <span class='ocrx_word' id='word_1_125' title='bbox 1196 2010 1331 2084; x_wconf 79' lang='lat' dir='ltr'><strong>[Cic.</strong></span> <span class='ocrx_word' id='word_1_126' title='bbox 1361 2013 1430 2068; x_wconf 90' lang='lat' dir='ltr'><strong>ad</strong></span> <span class='ocrx_word' id='word_1_127' title='bbox 1452 2012 1626 2070; x_wconf 90' lang='lat' dir='ltr'><strong>Attic.</strong></span> <span class='ocrx_word' id='word_1_128' title='bbox 1659 2015 1759 2070; x_wconf 91' lang='lat' dir='ltr'><strong>lib.</strong></span> <span class='ocrx_word' id='word_1_129' title='bbox 1789 2031 1852 2087; x_wconf 86' lang='grc' dir='ltr'>ιι,</span> 
     </span>
    </p>
   </div>
   <div class='ocr_carea' id='block_1_21' title="bbox 791 2097 1858 2173">
    <p class='ocr_par' dir='ltr' id='par_1_21' title="bbox 791 2097 1858 2173">
     <span class='ocr_line' id='line_1_21' title="bbox 791 2097 1858 2173; baseline 0.006 -18"><span class='ocrx_word' id='word_1_130' title='bbox 791 2113 878 2168; x_wconf 90' lang='lat' dir='ltr'><strong>ep.</strong></span> <span class='ocrx_word' id='word_1_131' title='bbox 906 2097 992 2173; x_wconf 88' lang='lat'><strong>49]</strong></span> <span class='ocrx_word' id='word_1_132' title='bbox 1037 2112 1149 2169; x_wconf 91' lang='lat' dir='ltr'><strong>qua</strong></span> <span class='ocrx_word' id='word_1_133' title='bbox 1191 2100 1287 2156; x_wconf 90' lang='lat' dir='ltr'><strong>die</strong></span> <span class='ocrx_word' id='word_1_134' title='bbox 1326 2101 1648 2160; x_wconf 72' lang='lat' dir='ltr'><strong>Antiochia:</strong></span> <span class='ocrx_word' id='word_1_135' title='bbox 1687 2119 1858 2160; x_wconf 91' lang='lat' dir='ltr'><strong>eum—</strong></span> 
     </span>
    </p>
   </div>
   <div class='ocr_carea' id='block_1_22' title="bbox 791 2189 1852 2261">
    <p class='ocr_par' dir='ltr' id='par_1_22' title="bbox 791 2189 1852 2261">
     <span class='ocr_line' id='line_1_22' title="bbox 791 2189 1852 2261; baseline 0.006 -19"><span class='ocrx_word' id='word_1_136' title='bbox 791 2189 918 2242; x_wconf 90' lang='lat' dir='ltr'><strong>dem</strong></span> <span class='ocrx_word' id='word_1_137' title='bbox 953 2190 1139 2261; x_wconf 80' lang='lat' dir='ltr'><strong>egisse</strong></span> <span class='ocrx_word' id='word_1_138' title='bbox 1180 2191 1346 2247; x_wconf 90' lang='lat' dir='ltr'><strong>docet</strong></span> <span class='ocrx_word' id='word_1_139' title='bbox 1369 2193 1450 2247; x_wconf 89' lang='lat' dir='ltr'><strong>Jo.</strong></span> <span class='ocrx_word' id='word_1_140' title='bbox 1500 2193 1699 2250; x_wconf 89' lang='lat' dir='ltr'><strong>Malela</strong></span> <span class='ocrx_word' id='word_1_141' title='bbox 1750 2194 1852 2250; x_wconf 92' lang='lat' dir='ltr'><strong>lib.</strong></span> 
     </span>
    </p>
   </div>
   <div class='ocr_carea' id='block_1_23' title="bbox 792 2277 1858 2357">
    <p class='ocr_par' dir='ltr' id='par_1_23' title="bbox 792 2277 1858 2357">
     <span class='ocr_line' id='line_1_23' title="bbox 792 2277 1858 2357; baseline 0.007 -23"><span class='ocrx_word' id='word_1_142' title='bbox 792 2292 851 2334; x_wconf 81' lang='lat' dir='ltr'><strong>1x</strong></span> <span class='ocrx_word' id='word_1_143' title='bbox 882 2277 1091 2334; x_wconf 90' lang='lat' dir='ltr'><strong>Chron.</strong></span> <span class='ocrx_word' id='word_1_144' title='bbox 1118 2279 1321 2336; x_wconf 89' lang='lat' dir='ltr'><strong>Paucis</strong></span> <span class='ocrx_word' id='word_1_145' title='bbox 1347 2281 1556 2340; x_wconf 90' lang='lat' dir='ltr'><strong>diebus</strong></span> <span class='ocrx_word' id='word_1_146' title='bbox 1602 2287 1660 2340; x_wconf 91' lang='lat' dir='ltr'><strong>in</strong></span> <span class='ocrx_word' id='word_1_147' title='bbox 1681 2285 1858 2357; x_wconf 65' lang='lat' dir='ltr'><strong>Syriae</strong></span> 
     </span>
    </p>
   </div>
   <div class='ocr_carea' id='block_1_24' title="bbox 789 2368 1854 2441">
    <p class='ocr_par' dir='ltr' id='par_1_24' title="bbox 789 2368 1854 2441">
     <span class='ocr_line' id='line_1_24' title="bbox 789 2368 1854 2441; baseline 0.008 -18"><span class='ocrx_word' id='word_1_148' title='bbox 789 2368 1091 2424; x_wconf 90' lang='lat' dir='ltr'><strong>Provincia</strong></span> <span class='ocrx_word' id='word_1_149' title='bbox 1173 2374 1552 2441; x_wconf 90' lang='lat' dir='ltr'><strong>consumptis,</strong></span> <span class='ocrx_word' id='word_1_150' title='bbox 1630 2381 1854 2431; x_wconf 79' lang='lat' dir='ltr'><strong>sextum</strong></span> 
     </span>
    </p>
   </div>
   <div class='ocr_carea' id='block_1_25' title="bbox 784 2459 1858 2533">
    <p class='ocr_par' dir='ltr' id='par_1_25' title="bbox 784 2459 1858 2533">
     <span class='ocr_line' id='line_1_25' title="bbox 784 2459 1858 2533; baseline 0.001 -16"><span class='ocrx_word' id='word_1_151' title='bbox 784 2461 1060 2517; x_wconf 71' lang='lat' dir='ltr'><strong>Caesarem</strong></span> <span class='ocrx_word' id='word_1_152' title='bbox 1112 2459 1317 2528; x_wconf 91' lang='lat' dir='ltr'><strong>eidem,</strong></span> <span class='ocrx_word' id='word_1_153' title='bbox 1394 2467 1450 2516; x_wconf 92' lang='lat' dir='ltr'><strong>et</strong></span> <span class='ocrx_word' id='word_1_154' title='bbox 1528 2462 1858 2533; x_wconf 82' lang='lat' dir='ltr'><strong>legionibus</strong></span> 
     </span>
    </p>
   </div>
   <div class='ocr_carea' id='block_1_26' title="bbox 568 2547 1854 2627">
    <p class='ocr_par' dir='ltr' id='par_1_26' title="bbox 568 2547 1854 2627">
     <span class='ocr_line' id='line_1_26' title="bbox 568 2547 1854 2627; baseline 0.002 -19"><span class='ocrx_word' id='word_1_155' title='bbox 568 2554 709 2608; x_wconf 90' lang='lat' dir='ltr'><strong>Hinc</strong></span> <span class='ocrx_word' id='word_1_156' title='bbox 784 2551 1057 2624; x_wconf 70' lang='lat' dir='ltr'><strong>praefecit.</strong></span> <span class='ocrx_word' id='word_1_157' title='bbox 1088 2547 1216 2626; x_wconf 89' lang='lat' dir='ltr'><strong>[Dio</strong></span> <span class='ocrx_word' id='word_1_158' title='bbox 1242 2551 1344 2607; x_wconf 91' lang='lat' dir='ltr'><strong>lib.</strong></span> <span class='ocrx_word' id='word_1_159' title='bbox 1383 2549 1589 2627; x_wconf 77' lang='lat' dir='ltr'><strong>xr.vn.]</strong></span> <span class='ocrx_word' id='word_1_160' title='bbox 1642 2552 1854 2623; x_wconf 88' lang='lat' dir='ltr'><strong>Classe,</strong></span> 
     </span>
    </p>
   </div>
   <div class='ocr_carea' id='block_1_27' title="bbox 561 2639 1856 2715">
    <p class='ocr_par' dir='ltr' id='par_1_27' title="bbox 561 2639 1856 2715">
     <span class='ocr_line' id='line_1_27' title="bbox 561 2639 1856 2715; baseline 0 -19"><span class='ocrx_word' id='word_1_161' title='bbox 561 2643 719 2712; x_wconf 81' lang='lat' dir='ltr'><strong>coepit</strong></span> <span class='ocrx_word' id='word_1_162' title='bbox 784 2656 895 2715; x_wconf 88' lang='lat' dir='ltr'><strong>qua</strong></span> <span class='ocrx_word' id='word_1_163' title='bbox 940 2646 1189 2710; x_wconf 84' lang='lat' dir='ltr'><strong>venerat,</strong></span> <span class='ocrx_word' id='word_1_164' title='bbox 1249 2639 1536 2712; x_wconf 86' lang='lat' dir='ltr'><strong>profectus</strong></span> <span class='ocrx_word' id='word_1_165' title='bbox 1580 2641 1638 2695; x_wconf 90' lang='lat' dir='ltr'><strong>in</strong></span> <span class='ocrx_word' id='word_1_166' title='bbox 1701 2641 1856 2696; x_wconf 89' lang='lat' dir='ltr'><strong>Cili-</strong></span> 
     </span>
    </p>
   </div>
   <div class='ocr_carea' id='block_1_28' title="bbox 566 2726 1846 2802">
    <p class='ocr_par' dir='ltr' id='par_1_28' title="bbox 566 2726 1846 2802">
     <span class='ocr_line' id='line_1_28' title="bbox 566 2726 1846 2802; baseline -0.002 -16"><span class='ocrx_word' id='word_1_167' title='bbox 566 2734 700 2786; x_wconf 69' lang='lat' dir='ltr'><strong>Era</strong></span> <span class='ocrx_word' id='word_1_168' title='bbox 783 2732 930 2785; x_wconf 91' lang='lat' dir='ltr'><strong>ciam</strong></span> <span class='ocrx_word' id='word_1_169' title='bbox 959 2726 1224 2802; x_wconf 86' lang='lat' dir='ltr'><strong>[Hirtius,</strong></span> <span class='ocrx_word' id='word_1_170' title='bbox 1257 2735 1314 2785; x_wconf 92' lang='lat' dir='ltr'><strong>et</strong></span> <span class='ocrx_word' id='word_1_171' title='bbox 1351 2731 1463 2785; x_wconf 88' lang='lat' dir='ltr'><strong>.los.</strong></span> <span class='ocrx_word' id='word_1_172' title='bbox 1497 2728 1599 2783; x_wconf 91' lang='lat' dir='ltr'><strong>lib.</strong></span> <span class='ocrx_word' id='word_1_173' title='bbox 1641 2743 1760 2800; x_wconf 78' lang='lat' dir='ltr'><strong>xlv,</strong></span> <span class='ocrx_word' id='word_1_174' title='bbox 1795 2745 1846 2786; x_wconf 94' lang='lat' dir='ltr'><strong>c.</strong></span> 
     </span>
    </p>
   </div>
   <div class='ocr_carea' id='block_1_29' title="bbox 531 2814 2096 2891">
    <p class='ocr_par' dir='ltr' id='par_1_29' title="bbox 531 2814 2096 2891">
     <span class='ocr_line' id='line_1_29' title="bbox 531 2814 2096 2891; baseline -0.001 -16"><span class='ocrx_word' id='word_1_175' title='bbox 531 2821 742 2886; x_wconf 72' lang='lat' dir='ltr'><strong>Egeo—</strong></span> <span class='ocrx_word' id='word_1_176' title='bbox 792 2814 879 2891; x_wconf 91' lang='lat'><strong>46]</strong></span> <span class='ocrx_word' id='word_1_177' title='bbox 922 2818 1246 2888; x_wconf 78' lang='lat' dir='ltr'><strong>regionum,</strong></span> <span class='ocrx_word' id='word_1_178' title='bbox 1290 2822 1346 2873; x_wconf 92' lang='lat' dir='ltr'><strong>et</strong></span> <span class='ocrx_word' id='word_1_179' title='bbox 1395 2830 1633 2888; x_wconf 85' lang='lat' dir='ltr'><strong>regnum</strong></span> <span class='ocrx_word' id='word_1_180' title='bbox 1663 2818 1854 2874; x_wconf 87' lang='lat' dir='ltr'><strong>ﬁniti—</strong></span> <span class='ocrx_word' id='word_1_181' title='bbox 1894 2832 2016 2874; x_wconf 54' lang='lat' dir='ltr'><strong>nec.</strong></span> <span class='ocrx_word' id='word_1_182' title='bbox 2050 2832 2096 2874; x_wconf 92' lang='lat' dir='ltr'><strong>c.</strong></span> 
     </span>
    </p>
   </div>
   <div class='ocr_carea' id='block_1_30' title="bbox 518 2907 2112 2978">
    <p class='ocr_par' dir='ltr' id='par_1_30' title="bbox 518 2907 2112 2978">
     <span class='ocr_line' id='line_1_30' title="bbox 518 2907 2112 2978; baseline 0.001 -15"><span class='ocrx_word' id='word_1_183' title='bbox 518 2923 645 2963; x_wconf 84' lang='lat' dir='ltr'><strong>rum</strong></span> <span class='ocrx_word' id='word_1_184' title='bbox 695 2910 757 2962; x_wconf 78' lang='lat' dir='ltr'><strong>in</strong></span> <span class='ocrx_word' id='word_1_185' title='bbox 785 2920 1006 2962; x_wconf 89' lang='lat' dir='ltr'><strong>morum</strong></span> <span class='ocrx_word' id='word_1_186' title='bbox 1051 2907 1278 2978; x_wconf 87' lang='lat' dir='ltr'><strong>negotia</strong></span> <span class='ocrx_word' id='word_1_187' title='bbox 1323 2907 1632 2962; x_wconf 87' lang='lat' dir='ltr'><strong>ordinavit.</strong></span> <span class='ocrx_word' id='word_1_188' title='bbox 1670 2907 1859 2963; x_wconf 87' lang='lat' dir='ltr'><strong>Auto—</strong></span> <span class='ocrx_word' id='word_1_189' title='bbox 1887 2922 1952 2962; x_wconf 73' lang='lat' dir='ltr'><strong>er</strong></span> <span class='ocrx_word' id='word_1_190' title='bbox 1973 2922 2112 2964; x_wconf 61' lang='grc' dir='ltr'>ιιΑο-</span> 
     </span>
    </p>
   </div>
   <div class='ocr_carea' id='block_1_31' title="bbox 544 2994 2104 3065">
    <p class='ocr_par' dir='ltr' id='par_1_31' title="bbox 544 2994 2104 3065">
     <span class='ocr_line' id='line_1_31' title="bbox 544 2994 2104 3065; baseline -0.001 -11"><span class='ocrx_word' id='word_1_191' title='bbox 544 2997 736 3054; x_wconf 85' lang='lat' dir='ltr'><strong>Cilicia</strong></span> <span class='ocrx_word' id='word_1_192' title='bbox 785 2995 1036 3049; x_wconf 89' lang='lat' dir='ltr'><strong>nomiam</strong></span> <span class='ocrx_word' id='word_1_193' title='bbox 1069 2994 1408 3049; x_wconf 86' lang='lat' dir='ltr'><strong>civitatibus</strong></span> <span class='ocrx_word' id='word_1_194' title='bbox 1437 2995 1596 3051; x_wconf 87' lang='lat' dir='ltr'><strong>dedit</strong></span> <span class='ocrx_word' id='word_1_195' title='bbox 1641 2997 1851 3065; x_wconf 72' lang='lat' dir='ltr'><strong>praeci-</strong></span> <span class='ocrx_word' id='word_1_196' title='bbox 1890 3009 1995 3052; x_wconf 83' lang='lat' dir='ltr'><strong>mc.</strong></span> <span class='ocrx_word' id='word_1_197' title='bbox 2046 3010 2104 3053; x_wconf 79' lang='lat' dir='ltr'><strong>In</strong></span> 
     </span>
    </p>
   </div>
   <div class='ocr_carea' id='block_1_32' title="bbox 527 3081 2118 3154">
    <p class='ocr_par' dir='ltr' id='par_1_32' title="bbox 527 3081 2118 3154">
     <span class='ocr_line' id='line_1_32' title="bbox 527 3081 2118 3154; baseline -0.001 -14"><span class='ocrx_word' id='word_1_198' title='bbox 527 3086 594 3140; x_wconf 90' lang='lat' dir='ltr'><strong>de</strong></span> <span class='ocrx_word' id='word_1_199' title='bbox 622 3100 734 3154; x_wconf 89' lang='lat' dir='ltr'><strong>qua</strong></span> <span class='ocrx_word' id='word_1_200' title='bbox 782 3082 934 3152; x_wconf 91' lang='lat' dir='ltr'><strong>puis,</strong></span> <span class='ocrx_word' id='word_1_201' title='bbox 961 3095 1102 3152; x_wconf 91' lang='lat' dir='ltr'><strong>quas</strong></span> <span class='ocrx_word' id='word_1_202' title='bbox 1127 3081 1277 3136; x_wconf 89' lang='lat' dir='ltr'><strong>inter</strong></span> <span class='ocrx_word' id='word_1_203' title='bbox 1294 3095 1588 3138; x_wconf 78' lang='lat' dir='ltr'><strong>LAODICAEA</strong></span> <span class='ocrx_word' id='word_1_204' title='bbox 1610 3086 1677 3140; x_wconf 92' lang='lat' dir='ltr'><strong>ad</strong></span> <span class='ocrx_word' id='word_1_205' title='bbox 1706 3098 1858 3140; x_wconf 90' lang='lat' dir='ltr'><strong>mare</strong></span> <span class='ocrx_word' id='word_1_206' title='bbox 1884 3099 2004 3140; x_wconf 71' lang='lat' dir='ltr'><strong>sva.</strong></span> <span class='ocrx_word' id='word_1_207' title='bbox 2030 3097 2118 3141; x_wconf 64' lang='lat' dir='ltr'><strong>an.</strong></span> 
     </span>
    </p>
   </div>
   <div class='ocr_carea' id='block_1_33' title="bbox 509 3169 2115 3234">
    <p class='ocr_par' dir='ltr' id='par_1_33' title="bbox 509 3169 2115 3234">
     <span class='ocr_line' id='line_1_33' title="bbox 509 3169 2115 3234; baseline 0.001 -6"><span class='ocrx_word' id='word_1_208' title='bbox 509 3174 748 3234; x_wconf 82' lang='lat' dir='ltr'><strong>c.Noris</strong></span> <span class='ocrx_word' id='word_1_209' title='bbox 772 3171 921 3227; x_wconf 91' lang='lat' dir='ltr'><strong>unde</strong></span> <span class='ocrx_word' id='word_1_210' title='bbox 942 3184 1084 3224; x_wconf 61' lang='lat' dir='ltr'><strong>aena</strong></span> <span class='ocrx_word' id='word_1_211' title='bbox 1116 3183 1264 3225; x_wconf 66' lang='lat' dir='ltr'><strong>cans.</strong></span> <span class='ocrx_word' id='word_1_212' title='bbox 1290 3169 1371 3226; x_wconf 93' lang='lat' dir='ltr'><strong>Ad</strong></span> <span class='ocrx_word' id='word_1_213' title='bbox 1401 3170 1613 3227; x_wconf 90' lang='lat' dir='ltr'><strong>bellum</strong></span> <span class='ocrx_word' id='word_1_214' title='bbox 1646 3173 1847 3228; x_wconf 89' lang='lat' dir='ltr'><strong>Ponti-</strong></span> <span class='ocrx_word' id='word_1_215' title='bbox 1878 3175 1991 3229; x_wconf 87' lang='lat' dir='ltr'><strong>Ma.</strong></span> <span class='ocrx_word' id='word_1_216' title='bbox 2047 3191 2115 3229; x_wconf 76' lang='lat' dir='ltr'><strong>ea:</strong></span> 
     </span>
    </p>
   </div>
   <div class='ocr_carea' id='block_1_34' title="bbox 505 3261 2114 3334">
    <p class='ocr_par' dir='ltr' id='par_1_34' title="bbox 505 3261 2114 3334">
     <span class='ocr_line' id='line_1_34' title="bbox 505 3261 2114 3334; baseline 0 -16"><span class='ocrx_word' id='word_1_217' title='bbox 505 3261 753 3334; x_wconf 85' lang='lat' dir='ltr'><strong>Ep.Syr.</strong></span> <span class='ocrx_word' id='word_1_218' title='bbox 774 3274 904 3316; x_wconf 90' lang='lat' dir='ltr'><strong>cum</strong></span> <span class='ocrx_word' id='word_1_219' title='bbox 936 3269 1204 3314; x_wconf 88' lang='lat' dir='ltr'><strong>evocatus</strong></span> <span class='ocrx_word' id='word_1_220' title='bbox 1256 3265 1455 3315; x_wconf 91' lang='lat' dir='ltr'><strong>contra</strong></span> <span class='ocrx_word' id='word_1_221' title='bbox 1490 3261 1852 3318; x_wconf 90' lang='lat' dir='ltr'><strong>Pharmacem</strong></span> <span class='ocrx_word' id='word_1_222' title='bbox 1883 3265 2114 3318; x_wconf 82' lang='lat' dir='ltr'><strong>Autum-</strong></span> 
     </span>
    </p>
   </div>
   <div class='ocr_carea' id='block_1_35' title="bbox 517 3345 2119 3423">
    <p class='ocr_par' dir='ltr' id='par_1_35' title="bbox 517 3345 2119 3423">
     <span class='ocr_line' id='line_1_35' title="bbox 517 3345 2119 3423; baseline 0.001 -18"><span class='ocrx_word' id='word_1_223' title='bbox 517 3369 582 3423; x_wconf 70' lang='grc' dir='ltr'><strong>ρ.</strong></span> <span class='ocrx_word' id='word_1_224' title='bbox 607 3347 731 3421; x_wconf 85' lang='grc'><strong>378,</strong></span> <span class='ocrx_word' id='word_1_225' title='bbox 779 3351 958 3419; x_wconf 82' lang='lat' dir='ltr'><strong>Venit,</strong></span> <span class='ocrx_word' id='word_1_226' title='bbox 997 3348 1170 3418; x_wconf 80' lang='lat' dir='ltr'><strong>Vidit,</strong></span> <span class='ocrx_word' id='word_1_227' title='bbox 1200 3350 1363 3405; x_wconf 84' lang='lat' dir='ltr'><strong>Vicit.</strong></span> <span class='ocrx_word' id='word_1_228' title='bbox 1393 3345 1561 3422; x_wconf 89' lang='lat' dir='ltr'><strong>[Plut.</strong></span> <span class='ocrx_word' id='word_1_229' title='bbox 1603 3351 1662 3405; x_wconf 91' lang='lat' dir='ltr'><strong>in</strong></span> <span class='ocrx_word' id='word_1_230' title='bbox 1689 3351 1852 3421; x_wconf 66' lang='lat' dir='ltr'><strong>Caes,</strong></span> <span class='ocrx_word' id='word_1_231' title='bbox 1871 3368 1940 3406; x_wconf 91' lang='lat' dir='ltr'><strong>no</strong></span> <span class='ocrx_word' id='word_1_232' title='bbox 1971 3353 2119 3409; x_wconf 82' lang='lat' dir='ltr'><strong>Vail.</strong></span> 
     </span>
    </p>
   </div>
   <div class='ocr_carea' id='block_1_36' title="bbox 517 3436 2086 3514">
    <p class='ocr_par' dir='ltr' id='par_1_36' title="bbox 517 3436 2086 3514">
     <span class='ocr_line' id='line_1_36' title="bbox 517 3436 2086 3514; baseline 0 -18"><span class='ocrx_word' id='word_1_233' title='bbox 517 3456 586 3496; x_wconf 78' lang='lat' dir='ltr'><strong>ea:</strong></span> <span class='ocrx_word' id='word_1_234' title='bbox 611 3441 745 3495; x_wconf 84' lang='lat' dir='ltr'><strong>Au-</strong></span> <span class='ocrx_word' id='word_1_235' title='bbox 771 3437 928 3514; x_wconf 92' lang='lat' dir='ltr'><strong>etc.,]</strong></span> <span class='ocrx_word' id='word_1_236' title='bbox 959 3438 1110 3493; x_wconf 89' lang='lat' dir='ltr'><strong>intra</strong></span> <span class='ocrx_word' id='word_1_237' title='bbox 1150 3438 1425 3508; x_wconf 90' lang='lat' dir='ltr'><strong>quintum</strong></span> <span class='ocrx_word' id='word_1_238' title='bbox 1463 3439 1634 3494; x_wconf 90' lang='lat' dir='ltr'><strong>diem.</strong></span> <span class='ocrx_word' id='word_1_239' title='bbox 1676 3436 1846 3512; x_wconf 92' lang='lat' dir='ltr'><strong>[Sue-</strong></span> <span class='ocrx_word' id='word_1_240' title='bbox 1909 3437 2086 3497; x_wconf 78' lang='lat' dir='ltr'><strong>25ed.</strong></span> 
     </span>
    </p>
   </div>
   <div class='ocr_carea' id='block_1_37' title="bbox 542 3525 1852 3597">
    <p class='ocr_par' dir='ltr' id='par_1_37' title="bbox 542 3525 1852 3597">
     <span class='ocr_line' id='line_1_37' title="bbox 542 3525 1852 3597; baseline -0.003 -11"><span class='ocrx_word' id='word_1_241' title='bbox 542 3536 728 3586; x_wconf 87' lang='lat' dir='ltr'><strong>tumno</strong></span> <span class='ocrx_word' id='word_1_242' title='bbox 780 3534 897 3585; x_wconf 91' lang='lat' dir='ltr'><strong>ton.</strong></span> <span class='ocrx_word' id='word_1_243' title='bbox 937 3528 997 3583; x_wconf 92' lang='lat' dir='ltr'><strong>in</strong></span> <span class='ocrx_word' id='word_1_244' title='bbox 1037 3528 1147 3583; x_wconf 86' lang='lat' dir='ltr'><strong>Jul.</strong></span> <span class='ocrx_word' id='word_1_245' title='bbox 1197 3541 1246 3582; x_wconf 92' lang='lat' dir='ltr'><strong>c.</strong></span> <span class='ocrx_word' id='word_1_246' title='bbox 1300 3525 1415 3597; x_wconf 82' lang='lat'><strong>35.]</strong></span> <span class='ocrx_word' id='word_1_247' title='bbox 1460 3529 1852 3585; x_wconf 85' lang='lat' dir='ltr'><strong>Mithridatem</strong></span> 
     </span>
    </p>
   </div>
   <div class='ocr_carea' id='block_1_38' title="bbox 523 3616 1857 3691">
    <p class='ocr_par' dir='ltr' id='par_1_38' title="bbox 523 3616 1857 3691">
     <span class='ocr_line' id='line_1_38' title="bbox 523 3616 1857 3691; baseline 0 -19"><span class='ocrx_word' id='word_1_248' title='bbox 523 3634 634 3672; x_wconf 87' lang='lat' dir='ltr'><strong>non</strong></span> <span class='ocrx_word' id='word_1_249' title='bbox 676 3634 744 3672; x_wconf 77' lang='lat' dir='ltr'><strong>ea:</strong></span> <span class='ocrx_word' id='word_1_250' title='bbox 781 3631 968 3691; x_wconf 88' lang='lat' dir='ltr'><strong>regem</strong></span> <span class='ocrx_word' id='word_1_251' title='bbox 1039 3616 1322 3686; x_wconf 89' lang='lat' dir='ltr'><strong>Bosphori</strong></span> <span class='ocrx_word' id='word_1_252' title='bbox 1389 3617 1718 3673; x_wconf 85' lang='lat' dir='ltr'><strong>constituit.</strong></span> <span class='ocrx_word' id='word_1_253' title='bbox 1754 3619 1857 3672; x_wconf 90' lang='lat' dir='ltr'><strong>Per</strong></span> 
     </span>
    </p>
   </div>
   <div class='ocr_carea' id='block_1_39' title="bbox 526 3706 1854 3776">
    <p class='ocr_par' dir='ltr' id='par_1_39' title="bbox 526 3706 1854 3776">
     <span class='ocr_line' id='line_1_39' title="bbox 526 3706 1854 3776; baseline 0.002 -16"><span class='ocrx_word' id='word_1_254' title='bbox 526 3722 649 3760; x_wconf 77' lang='lat' dir='ltr'><strong>vere</strong></span> <span class='ocrx_word' id='word_1_255' title='bbox 678 3711 738 3758; x_wconf 87' lang='lat' dir='ltr'><strong>ut</strong></span> <span class='ocrx_word' id='word_1_256' title='bbox 777 3707 1055 3761; x_wconf 67' lang='lat' dir='ltr'><strong>Graeciam</strong></span> <span class='ocrx_word' id='word_1_257' title='bbox 1088 3706 1321 3761; x_wconf 83' lang='lat' dir='ltr'><strong>Romam</strong></span> <span class='ocrx_word' id='word_1_258' title='bbox 1369 3707 1544 3776; x_wconf 80' lang='lat' dir='ltr'><strong>venit,</strong></span> <span class='ocrx_word' id='word_1_259' title='bbox 1594 3707 1854 3762; x_wconf 89' lang='lat' dir='ltr'><strong>circum-</strong></span> 
     </span>
    </p>
   </div>
   <div class='ocr_carea' id='block_1_40' title="bbox 524 3791 1857 3864">
    <p class='ocr_par' dir='ltr' id='par_1_40' title="bbox 524 3791 1857 3864">
     <span class='ocr_line' id='line_1_40' title="bbox 524 3791 1857 3864; baseline 0.001 -15"><span class='ocrx_word' id='word_1_260' title='bbox 524 3793 668 3849; x_wconf 88' lang='lat' dir='ltr'><strong>Vail.</strong></span> <span class='ocrx_word' id='word_1_261' title='bbox 713 3791 977 3863; x_wconf 88' lang='lat' dir='ltr'><strong>2agente</strong></span> <span class='ocrx_word' id='word_1_262' title='bbox 1021 3805 1082 3846; x_wconf 92' lang='lat' dir='ltr'><strong>se</strong></span> <span class='ocrx_word' id='word_1_263' title='bbox 1137 3807 1307 3861; x_wconf 91' lang='lat' dir='ltr'><strong>anno,</strong></span> <span class='ocrx_word' id='word_1_264' title='bbox 1365 3807 1432 3849; x_wconf 86' lang='lat' dir='ltr'><strong>ex</strong></span> <span class='ocrx_word' id='word_1_265' title='bbox 1489 3809 1602 3864; x_wconf 94' lang='lat' dir='ltr'><strong>quo</strong></span> <span class='ocrx_word' id='word_1_266' title='bbox 1668 3795 1857 3851; x_wconf 85' lang='lat' dir='ltr'><strong>fuerat</strong></span> 
     </span>
    </p>
   </div>
   <div class='ocr_carea' id='block_1_41' title="bbox 561 3879 1851 3950">
    <p class='ocr_par' dir='ltr' id='par_1_41' title="bbox 561 3879 1851 3950">
     <span class='ocr_line' id='line_1_41' title="bbox 561 3879 1851 3950; baseline 0.001 -16"><span class='ocrx_word' id='word_1_267' title='bbox 561 3881 693 3936; x_wconf 87' lang='lat' dir='ltr'><strong>edit.</strong></span> <span class='ocrx_word' id='word_1_268' title='bbox 772 3879 1026 3934; x_wconf 88' lang='lat' dir='ltr'><strong>dictator</strong></span> <span class='ocrx_word' id='word_1_269' title='bbox 1058 3879 1267 3933; x_wconf 89' lang='lat' dir='ltr'><strong>iterum</strong></span> <span class='ocrx_word' id='word_1_270' title='bbox 1297 3879 1637 3950; x_wconf 89' lang='lat' dir='ltr'><strong>designatus</strong></span> <span class='ocrx_word' id='word_1_271' title='bbox 1681 3883 1851 3950; x_wconf 91' lang='lat' dir='ltr'><strong>[Plut.</strong></span> 
     </span>
    </p>
   </div>
   <div class='ocr_carea' id='block_1_42' title="bbox 777 3963 1852 4041">
    <p class='ocr_par' dir='ltr' id='par_1_42' title="bbox 777 3963 1852 4041">
     <span class='ocr_line' id='line_1_42' title="bbox 777 3963 1852 4041; baseline 0.005 -19"><span class='ocrx_word' id='word_1_272' title='bbox 777 3968 836 4022; x_wconf 91' lang='lat' dir='ltr'><strong>in</strong></span> <span class='ocrx_word' id='word_1_273' title='bbox 857 3963 1021 4041; x_wconf 66' lang='lat' dir='ltr'><strong>Caes]</strong></span> <span class='ocrx_word' id='word_1_274' title='bbox 1065 3973 1121 4022; x_wconf 92' lang='lat' dir='ltr'><strong>et</strong></span> <span class='ocrx_word' id='word_1_275' title='bbox 1159 3966 1360 4022; x_wconf 91' lang='lat' dir='ltr'><strong>consul</strong></span> <span class='ocrx_word' id='word_1_276' title='bbox 1409 3981 1471 4021; x_wconf 89' lang='grc' dir='ltr'><strong>ιιι</strong></span> <span class='ocrx_word' id='word_1_277' title='bbox 1525 3967 1585 4022; x_wconf 90' lang='lat' dir='ltr'><strong>in</strong></span> <span class='ocrx_word' id='word_1_278' title='bbox 1637 3982 1852 4026; x_wconf 89' lang='lat' dir='ltr'><strong>annum</strong></span> 
     </span>
    </p>
   </div>
   <div class='ocr_carea' id='block_1_43' title="bbox 779 4054 1856 4125">
    <p class='ocr_par' dir='ltr' id='par_1_43' title="bbox 779 4054 1856 4125">
     <span class='ocr_line' id='line_1_43' title="bbox 779 4054 1856 4125; baseline 0.003 -15"><span class='ocrx_word' id='word_1_279' title='bbox 779 4055 1104 4125; x_wconf 86' lang='lat' dir='ltr'><strong>proximum</strong></span> <span class='ocrx_word' id='word_1_280' title='bbox 1171 4054 1508 4125; x_wconf 88' lang='lat' dir='ltr'><strong>designatus</strong></span> <span class='ocrx_word' id='word_1_281' title='bbox 1589 4057 1856 4114; x_wconf 88' lang='lat' dir='ltr'><strong>consules</strong></span> 
     </span>
    </p>
   </div>
   <div class='ocr_carea' id='block_1_44' title="bbox 777 4143 1858 4212">
    <p class='ocr_par' dir='ltr' id='par_1_44' title="bbox 777 4143 1858 4212">
     <span class='ocr_line' id='line_1_44' title="bbox 777 4143 1858 4212; baseline 0.002 -13"><span class='ocrx_word' id='word_1_282' title='bbox 777 4145 932 4199; x_wconf 90' lang='lat' dir='ltr'><strong>circa</strong></span> <span class='ocrx_word' id='word_1_283' title='bbox 964 4151 1279 4212; x_wconf 89' lang='lat' dir='ltr'><strong>postremos</strong></span> <span class='ocrx_word' id='word_1_284' title='bbox 1323 4143 1497 4211; x_wconf 89' lang='lat' dir='ltr'><strong>hujus</strong></span> <span class='ocrx_word' id='word_1_285' title='bbox 1523 4144 1659 4198; x_wconf 89' lang='lat' dir='ltr'><strong>anni</strong></span> <span class='ocrx_word' id='word_1_286' title='bbox 1689 4159 1858 4201; x_wconf 89' lang='lat' dir='ltr'><strong>men-</strong></span> 
     </span>
    </p>
   </div>
   <div class='ocr_carea' id='block_1_45' title="bbox 779 4230 1858 4300">
    <p class='ocr_par' dir='ltr' id='par_1_45' title="bbox 779 4230 1858 4300">
     <span class='ocr_line' id='line_1_45' title="bbox 779 4230 1858 4300; baseline 0.003 -13"><span class='ocrx_word' id='word_1_287' title='bbox 779 4244 870 4288; x_wconf 86' lang='lat' dir='ltr'><strong>ses</strong></span> <span class='ocrx_word' id='word_1_288' title='bbox 899 4230 1116 4287; x_wconf 90' lang='lat' dir='ltr'><strong>creavit</strong></span> <span class='ocrx_word' id='word_1_289' title='bbox 1135 4244 1251 4299; x_wconf 91' lang='lat' dir='ltr'><strong>eos,</strong></span> <span class='ocrx_word' id='word_1_290' title='bbox 1279 4231 1378 4300; x_wconf 89' lang='lat' dir='ltr'><strong>qui</strong></span> <span class='ocrx_word' id='word_1_291' title='bbox 1406 4233 1462 4286; x_wconf 90' lang='lat' dir='ltr'><strong>in</strong></span> <span class='ocrx_word' id='word_1_292' title='bbox 1494 4232 1681 4287; x_wconf 85' lang='lat' dir='ltr'><strong>Fastis</strong></span> <span class='ocrx_word' id='word_1_293' title='bbox 1712 4248 1858 4290; x_wconf 88' lang='lat' dir='ltr'><strong>mar-</strong></span> 
     </span>
    </p>
   </div>
   <div class='ocr_carea' id='block_1_46' title="bbox 782 4319 1668 4391">
    <p class='ocr_par' dir='ltr' id='par_1_46' title="bbox 782 4319 1668 4391">
     <span class='ocr_line' id='line_1_46' title="bbox 782 4319 1668 4391; baseline 0.001 -16"><span class='ocrx_word' id='word_1_294' title='bbox 782 4322 992 4377; x_wconf 91' lang='lat' dir='ltr'><strong>moreis</strong></span> <span class='ocrx_word' id='word_1_295' title='bbox 1017 4319 1362 4388; x_wconf 86' lang='lat' dir='ltr'><strong>Capitolinis</strong></span> <span class='ocrx_word' id='word_1_296' title='bbox 1395 4319 1668 4391; x_wconf 87' lang='lat' dir='ltr'><strong>leguntur</strong></span> 
     </span>
    </p>
   </div>
   <div class='ocr_carea' id='block_1_47' title="bbox 851 4405 1471 4478">
    <p class='ocr_par' dir='ltr' id='par_1_47' title="bbox 851 4405 1471 4478">
     <span class='ocr_line' id='line_1_47' title="bbox 851 4405 1471 4478; baseline -0.002 -16"><span class='ocrx_word' id='word_1_297' title='bbox 851 4409 916 4478; x_wconf 91' lang='lat' dir='ltr'><strong>Q.</strong></span> <span class='ocrx_word' id='word_1_298' title='bbox 947 4405 1173 4463; x_wconf 90' lang='lat' dir='ltr'><strong>Tuﬁum</strong></span> <span class='ocrx_word' id='word_1_299' title='bbox 1199 4406 1471 4463; x_wconf 88' lang='lat' dir='ltr'><strong>Calenum</strong></span> 
     </span>
    </p>
   </div>
   <div class='ocr_carea' id='block_1_48' title="bbox 851 4496 1856 4567">
    <p class='ocr_par' dir='ltr' id='par_1_48' title="bbox 851 4496 1856 4567">
     <span class='ocr_line' id='line_1_48' title="bbox 851 4496 1856 4567; baseline 0.005 -15"><span class='ocrx_word' id='word_1_300' title='bbox 851 4499 912 4552; x_wconf 90' lang='lat' dir='ltr'><strong>P.</strong></span> <span class='ocrx_word' id='word_1_301' title='bbox 958 4496 1250 4552; x_wconf 88' lang='lat' dir='ltr'><strong>Vatinium</strong></span> <span class='ocrx_word' id='word_1_302' title='bbox 1290 4498 1357 4551; x_wconf 88' lang='lat' dir='ltr'><strong>ad</strong></span> <span class='ocrx_word' id='word_1_303' title='bbox 1393 4503 1510 4552; x_wconf 89' lang='lat' dir='ltr'><strong>tres</strong></span> <span class='ocrx_word' id='word_1_304' title='bbox 1543 4503 1856 4567; x_wconf 91' lang='lat' dir='ltr'><strong>postremos</strong></span> 
     </span>
    </p>
   </div>
   <div class='ocr_carea' id='block_1_49' title="bbox 851 4585 1851 4646">
    <p class='ocr_par' dir='ltr' id='par_1_49' title="bbox 851 4585 1851 4646">
     <span class='ocr_line' id='line_1_49' title="bbox 851 4585 1851 4646; baseline 0.001 -3"><span class='ocrx_word' id='word_1_305' title='bbox 851 4588 988 4643; x_wconf 88' lang='lat' dir='ltr'><strong>anni</strong></span> <span class='ocrx_word' id='word_1_306' title='bbox 1020 4599 1242 4642; x_wconf 91' lang='lat' dir='ltr'><strong>menses</strong></span> <span class='ocrx_word' id='word_1_307' title='bbox 1265 4585 1420 4642; x_wconf 87' lang='lat' dir='ltr'><strong>Suet.</strong></span> <span class='ocrx_word' id='word_1_308' title='bbox 1461 4586 1518 4641; x_wconf 91' lang='lat' dir='ltr'><strong>in</strong></span> <span class='ocrx_word' id='word_1_309' title='bbox 1540 4586 1657 4643; x_wconf 86' lang='lat' dir='ltr'><strong>Cla.</strong></span> <span class='ocrx_word' id='word_1_310' title='bbox 1687 4602 1736 4643; x_wconf 91' lang='lat' dir='ltr'><strong>c.</strong></span> <span class='ocrx_word' id='word_1_311' title='bbox 1765 4588 1851 4646; x_wconf 83' lang='lat'><strong>45.</strong></span> 
     </span>
    </p>
   </div>
   <div class='ocr_carea' id='block_1_50' title="bbox 777 4679 1858 4749">
    <p class='ocr_par' dir='ltr' id='par_1_50' title="bbox 777 4679 1858 4749">
     <span class='ocr_line' id='line_1_50' title="bbox 777 4679 1858 4749; baseline 0.001 -16"><span class='ocrx_word' id='word_1_312' title='bbox 777 4692 923 4734; x_wconf 60' lang='lat' dir='ltr'><strong>una</strong></span> <span class='ocrx_word' id='word_1_313' title='bbox 969 4689 1230 4731; x_wconf 75' lang='lat' dir='ltr'><strong>CAESARIS</strong></span> <span class='ocrx_word' id='word_1_314' title='bbox 1297 4689 1598 4732; x_wconf 53' lang='lat' dir='ltr'><strong>nomen“</strong></span> <span class='ocrx_word' id='word_1_315' title='bbox 1647 4679 1858 4749; x_wconf 91' lang='lat' dir='ltr'><strong>incipit</strong></span> 
     </span>
    </p>
   </div>
   <div class='ocr_carea' id='block_1_51' title="bbox 780 4767 1859 4836">
    <p class='ocr_par' dir='ltr' id='par_1_51' title="bbox 780 4767 1859 4836">
     <span class='ocr_line' id='line_1_51' title="bbox 780 4767 1859 4836; baseline 0.003 -15"><span class='ocrx_word' id='word_1_316' title='bbox 780 4767 838 4822; x_wconf 89' lang='lat' dir='ltr'><strong>h.</strong></span> <span class='ocrx_word' id='word_1_317' title='bbox 896 4779 947 4821; x_wconf 88' lang='lat' dir='ltr'><strong>a.</strong></span> <span class='ocrx_word' id='word_1_318' title='bbox 1003 4778 1073 4820; x_wconf 82' lang='lat' dir='ltr'><strong>ex</strong></span> <span class='ocrx_word' id='word_1_319' title='bbox 1140 4768 1437 4833; x_wconf 84' lang='lat' dir='ltr'><strong>autumno,</strong></span> <span class='ocrx_word' id='word_1_320' title='bbox 1507 4779 1619 4836; x_wconf 92' lang='lat' dir='ltr'><strong>quo</strong></span> <span class='ocrx_word' id='word_1_321' title='bbox 1669 4767 1859 4824; x_wconf 67' lang='lat' dir='ltr'><strong>Caesar</strong></span> 
     </span>
    </p>
   </div>
   <div class='ocr_carea' id='block_1_52' title="bbox 778 4852 1515 4913">
    <p class='ocr_par' dir='ltr' id='par_1_52' title="bbox 778 4852 1515 4913">
     <span class='ocr_line' id='line_1_52' title="bbox 778 4852 1515 4913; baseline -0.007 0"><span class='ocrx_word' id='word_1_322' title='bbox 778 4856 1065 4913; x_wconf 87' lang='lat' dir='ltr'><strong>concessit</strong></span> <span class='ocrx_word' id='word_1_323' title='bbox 1090 4852 1515 4910; x_wconf 88' lang='lat' dir='ltr'><strong>Autonomiam.</strong></span> 
     </span>
    </p>
   </div>
   <div class='ocr_carea' id='block_1_53' title="bbox 847 4945 1855 5005">
    <p class='ocr_par' dir='ltr' id='par_1_53' title="bbox 847 4945 1855 5005">
     <span class='ocr_line' id='line_1_53' title="bbox 847 4945 1855 5005; baseline 0 -1"><span class='ocrx_word' id='word_1_324' title='bbox 847 4948 1050 5004; x_wconf 88' lang='lat' dir='ltr'><strong>Annus</strong></span> <span class='ocrx_word' id='word_1_325' title='bbox 1074 4945 1270 5001; x_wconf 89' lang='lat' dir='ltr'><strong>civilis</strong></span> <span class='ocrx_word' id='word_1_326' title='bbox 1314 4946 1699 5005; x_wconf 88' lang='lat' dir='ltr'><strong>Romanorum</strong></span> <span class='ocrx_word' id='word_1_327' title='bbox 1752 4962 1855 5004; x_wconf 86' lang='lat' dir='ltr'><strong>se—</strong></span> 
     </span>
    </p>
   </div>
   <div class='ocr_carea' id='block_1_54' title="bbox 777 5037 1854 5094">
    <p class='ocr_par' dir='ltr' id='par_1_54' title="bbox 777 5037 1854 5094">
     <span class='ocr_line' id='line_1_54' title="bbox 777 5037 1854 5094; baseline 0 -1"><span class='ocrx_word' id='word_1_328' title='bbox 777 5037 1002 5094; x_wconf 91' lang='lat' dir='ltr'><strong>cundus</strong></span> <span class='ocrx_word' id='word_1_329' title='bbox 1057 5042 1189 5091; x_wconf 86' lang='lat' dir='ltr'><strong>ante</strong></span> <span class='ocrx_word' id='word_1_330' title='bbox 1256 5048 1456 5092; x_wconf 91' lang='lat' dir='ltr'><strong>novam</strong></span> <span class='ocrx_word' id='word_1_331' title='bbox 1521 5037 1854 5093; x_wconf 89' lang='lat' dir='ltr'><strong>ordinatio-</strong></span> 
     </span>
    </p>
   </div>
   <div class='ocr_carea' id='block_1_55' title="bbox 779 5124 1852 5182">
    <p class='ocr_par' dir='ltr' id='par_1_55' title="bbox 779 5124 1852 5182">
     <span class='ocr_line' id='line_1_55' title="bbox 779 5124 1852 5182; baseline 0.003 -3"><span class='ocrx_word' id='word_1_332' title='bbox 779 5137 903 5179; x_wconf 89' lang='lat' dir='ltr'><strong>nem</strong></span> <span class='ocrx_word' id='word_1_333' title='bbox 935 5125 1175 5180; x_wconf 70' lang='lat' dir='ltr'><strong>Caasaris</strong></span> <span class='ocrx_word' id='word_1_334' title='bbox 1213 5129 1440 5180; x_wconf 87' lang='lat' dir='ltr'><strong>constat</strong></span> <span class='ocrx_word' id='word_1_335' title='bbox 1491 5125 1699 5180; x_wconf 88' lang='lat' dir='ltr'><strong>diebus</strong></span> <span class='ocrx_word' id='word_1_336' title='bbox 1744 5124 1852 5182; x_wconf 82' lang='grc'><strong>355</strong></span> 
     </span>
    </p>
   </div>
   <div class='ocr_carea' id='block_1_56' title="bbox 849 5213 1849 5281">
    <p class='ocr_par' dir='ltr' id='par_1_56' title="bbox 849 5213 1849 5281">
     <span class='ocr_line' id='line_1_56' title="bbox 849 5213 1849 5281; baseline 0.003 -15"><span class='ocrx_word' id='word_1_337' title='bbox 849 5213 986 5279; x_wconf 76' lang='lat' dir='ltr'><strong>Ejus</strong></span> <span class='ocrx_word' id='word_1_338' title='bbox 1009 5213 1271 5266; x_wconf 72' lang='lat' dir='ltr'><strong>Kalendae</strong></span> <span class='ocrx_word' id='word_1_339' title='bbox 1299 5215 1586 5266; x_wconf 76' lang='lat' dir='ltr'><strong>Ianuariae</strong></span> <span class='ocrx_word' id='word_1_340' title='bbox 1633 5227 1849 5281; x_wconf 66' lang='lat' dir='ltr'><strong>praece-</strong></span> 
     </span>
    </p>
   </div>
   <div class='ocr_carea' id='block_1_57' title="bbox 775 5298 1853 5360">
    <p class='ocr_par' dir='ltr' id='par_1_57' title="bbox 775 5298 1853 5360">
     <span class='ocr_line' id='line_1_57' title="bbox 775 5298 1853 5360; baseline 0.005 -6"><span class='ocrx_word' id='word_1_341' title='bbox 775 5298 923 5354; x_wconf 89' lang='lat' dir='ltr'><strong>dunt</strong></span> <span class='ocrx_word' id='word_1_342' title='bbox 973 5300 1208 5355; x_wconf 90' lang='lat' dir='ltr'><strong>initium</strong></span> <span class='ocrx_word' id='word_1_343' title='bbox 1255 5313 1411 5353; x_wconf 61' lang='lat' dir='ltr'><strong>novae</strong></span> <span class='ocrx_word' id='word_1_344' title='bbox 1462 5299 1853 5360; x_wconf 84' lang='lat' dir='ltr'><strong>ordinationis</strong></span> 
     </span>
    </p>
   </div>
   <div class='ocr_carea' id='block_1_58' title="bbox 775 5387 1848 5448">
    <p class='ocr_par' dir='ltr' id='par_1_58' title="bbox 775 5387 1848 5448">
     <span class='ocr_line' id='line_1_58' title="bbox 775 5387 1848 5448; baseline 0.003 -3"><span class='ocrx_word' id='word_1_345' title='bbox 775 5399 1058 5445; x_wconf 88' lang='lat' dir='ltr'><strong>annorum</strong></span> <span class='ocrx_word' id='word_1_346' title='bbox 1107 5387 1469 5442; x_wconf 89' lang='lat' dir='ltr'><strong>Julianorum</strong></span> <span class='ocrx_word' id='word_1_347' title='bbox 1499 5387 1705 5444; x_wconf 86' lang='lat' dir='ltr'><strong>diebus</strong></span> <span class='ocrx_word' id='word_1_348' title='bbox 1740 5389 1848 5448; x_wconf 89' lang='lat'><strong>800</strong></span> 
     </span>
    </p>
   </div>
   <div class='ocr_carea' id='block_1_59' title="bbox 773 5473 1852 5536">
    <p class='ocr_par' dir='ltr' id='par_1_59' title="bbox 773 5473 1852 5536">
     <span class='ocr_line' id='line_1_59' title="bbox 773 5473 1852 5536; baseline 0.003 -3"><span class='ocrx_word' id='word_1_349' title='bbox 773 5484 831 5533; x_wconf 91' lang='lat' dir='ltr'><strong>et</strong></span> <span class='ocrx_word' id='word_1_350' title='bbox 860 5474 1126 5532; x_wconf 89' lang='lat' dir='ltr'><strong>incidunt</strong></span> <span class='ocrx_word' id='word_1_351' title='bbox 1170 5475 1231 5529; x_wconf 90' lang='lat' dir='ltr'><strong>in</strong></span> <span class='ocrx_word' id='word_1_352' title='bbox 1262 5474 1414 5530; x_wconf 90' lang='lat' dir='ltr'><strong>diem</strong></span> <span class='ocrx_word' id='word_1_353' title='bbox 1461 5473 1535 5532; x_wconf 91' lang='lat'><strong>23</strong></span> <span class='ocrx_word' id='word_1_354' title='bbox 1583 5477 1852 5536; x_wconf 86' lang='lat' dir='ltr'><strong>Octobris</strong></span> 
     </span>
    </p>
   </div>
   <div class='ocr_carea' id='block_1_60' title="bbox 773 5562 1852 5634">
    <p class='ocr_par' dir='ltr' id='par_1_60' title="bbox 773 5562 1852 5634">
     <span class='ocr_line' id='line_1_60' title="bbox 773 5562 1852 5634; baseline -0.001 -9"><span class='ocrx_word' id='word_1_355' title='bbox 773 5565 910 5626; x_wconf 86' lang='lat' dir='ltr'><strong>anni</strong></span> <span class='ocrx_word' id='word_1_356' title='bbox 967 5562 1184 5620; x_wconf 75' lang='lat' dir='ltr'><strong>Iuliani</strong></span> <span class='ocrx_word' id='word_1_357' title='bbox 1244 5562 1546 5634; x_wconf 90' lang='lat' dir='ltr'><strong>proleptici</strong></span> <span class='ocrx_word' id='word_1_358' title='bbox 1599 5563 1670 5622; x_wconf 74' lang='grc'><strong>48</strong></span> <span class='ocrx_word' id='word_1_359' title='bbox 1716 5572 1852 5624; x_wconf 88' lang='lat' dir='ltr'><strong>ante</strong></span> 
     </span>
    </p>
   </div>
   <div class='ocr_carea' id='block_1_61' title="bbox 1897 620 2064 674">
    <p class='ocr_par' dir='ltr' id='par_1_61' title="bbox 1897 620 2064 674">
     <span class='ocr_line' id='line_1_61' title="bbox 1897 620 2064 674; baseline -0.012 0"><span class='ocrx_word' id='word_1_360' title='bbox 1897 620 2064 674; x_wconf 83' lang='lat' dir='ltr'><strong>Palil.</strong></span> 
     </span>
    </p>
   </div>
   <div class='ocr_carea' id='block_1_62' title="bbox 1916 2745 2061 2787">
    <p class='ocr_par' dir='ltr' id='par_1_62' title="bbox 1916 2745 2061 2787">
     <span class='ocr_line' id='line_1_62' title="bbox 1916 2745 2061 2787; baseline 0.007 -1"><span class='ocrx_word' id='word_1_361' title='bbox 1916 2745 2061 2787; x_wconf 71' lang='grc' dir='ltr'><strong>ΔΕΜ</strong></span> 
     </span>
    </p>
   </div>
   <div class='ocr_carea' id='block_1_63' title="bbox 2267 480 2474 552">
    <p class='ocr_par' dir='ltr' id='par_1_63' title="bbox 2267 480 2474 552">
     <span class='ocr_line' id='line_1_63' title="bbox 2267 480 2474 552; baseline 0.014 -17"><span class='ocrx_word' id='word_1_362' title='bbox 2267 480 2474 552; x_wconf 74' lang='lat' dir='ltr'><strong>Olymp.</strong></span> 
     </span>
    </p>
   </div>
   <div class='ocr_carea' id='block_1_64' title="bbox 2163 3222 2213 3286">
    <p class='ocr_par' dir='ltr' id='par_1_64' title="bbox 2163 3222 2213 3286">
     <span class='ocr_line' id='line_1_64' title="bbox 2163 3222 2213 3286; baseline 0 0"><span class='ocrx_word' id='word_1_363' title='bbox 2163 3222 2213 3286; x_wconf 88' lang='lat' dir='ltr'><strong>C</strong></span> 
     </span>
    </p>
   </div>
   <div class='ocr_carea' id='block_1_65' title="bbox 2747 483 3800 538">
    <p class='ocr_par' dir='ltr' id='par_1_65' title="bbox 2747 483 3800 538">
     <span class='ocr_line' id='line_1_65' title="bbox 2747 483 3800 538; baseline 0.002 -2"><span class='ocrx_word' id='word_1_364' title='bbox 2747 483 2948 538; x_wconf 82' lang='lat' dir='ltr'><strong>Christi</strong></span> <span class='ocrx_word' id='word_1_365' title='bbox 2985 498 3331 538; x_wconf 84' lang='lat' dir='ltr'><strong>communem.</strong></span> <span class='ocrx_word' id='word_1_366' title='bbox 3677 491 3800 538; x_wconf 83' lang='lat' dir='ltr'><strong>ante</strong></span> 
     </span>
    </p>
   </div>
   <div class='ocr_carea' id='block_1_66' title="bbox 3641 557 3824 610">
    <p class='ocr_par' dir='ltr' id='par_1_66' title="bbox 3641 557 3824 610">
     <span class='ocr_line' id='line_1_66' title="bbox 3641 557 3824 610; baseline 0 -1"><span class='ocrx_word' id='word_1_367' title='bbox 3641 557 3824 610; x_wconf 67' lang='lat' dir='ltr'><strong>Eram</strong></span> 
     </span>
    </p>
   </div>
   <div class='ocr_carea' id='block_1_67' title="bbox 2517 625 3827 692">
    <p class='ocr_par' dir='ltr' id='par_1_67' title="bbox 2517 625 3827 692">
     <span class='ocr_line' id='line_1_67' title="bbox 2517 625 3827 692; baseline -0.004 0"><span class='ocrx_word' id='word_1_368' title='bbox 2517 637 2824 692; x_wconf 88' lang='lat' dir='ltr'><strong>deductum</strong></span> <span class='ocrx_word' id='word_1_369' title='bbox 2937 634 3116 690; x_wconf 85' lang='lat' dir='ltr'><strong>fuisse</strong></span> <span class='ocrx_word' id='word_1_370' title='bbox 3206 632 3586 689; x_wconf 87' lang='lat' dir='ltr'><strong>Antiochenis</strong></span> <span class='ocrx_word' id='word_1_371' title='bbox 3625 625 3827 682; x_wconf 77' lang='lat' dir='ltr'><strong>Christi</strong></span> 
     </span>
    </p>
   </div>
   <div class='ocr_carea' id='block_1_68' title="bbox 2517 723 3566 794">
    <p class='ocr_par' dir='ltr' id='par_1_68' title="bbox 2517 723 3566 794">
     <span class='ocr_line' id='line_1_68' title="bbox 2517 723 3566 794; baseline -0.007 -10"><span class='ocrx_word' id='word_1_372' title='bbox 2517 726 2771 784; x_wconf 88' lang='lat' dir='ltr'><strong>ostendit</strong></span> <span class='ocrx_word' id='word_1_373' title='bbox 2816 725 2981 781; x_wconf 90' lang='lat' dir='ltr'><strong>Card.</strong></span> <span class='ocrx_word' id='word_1_374' title='bbox 3031 724 3202 780; x_wconf 92' lang='lat' dir='ltr'><strong>Noris</strong></span> <span class='ocrx_word' id='word_1_375' title='bbox 3250 737 3318 794; x_wconf 91' lang='lat' dir='ltr'><strong>ep</strong></span> <span class='ocrx_word' id='word_1_376' title='bbox 3348 723 3566 794; x_wconf 86' lang='lat' dir='ltr'><strong>Syrom.</strong></span> 
     </span>
    </p>
   </div>
   <div class='ocr_carea' id='block_1_69' title="bbox 2517 809 3584 885">
    <p class='ocr_par' dir='ltr' id='par_1_69' title="bbox 2517 809 3584 885">
     <span class='ocr_line' id='line_1_69' title="bbox 2517 809 3584 885; baseline -0.005 -13"><span class='ocrx_word' id='word_1_377' title='bbox 2517 816 2661 872; x_wconf 88' lang='lat' dir='ltr'><strong>diss.</strong></span> <span class='ocrx_word' id='word_1_378' title='bbox 2691 828 2779 885; x_wconf 84' lang='lat' dir='ltr'><strong>Ill,</strong></span> <span class='ocrx_word' id='word_1_379' title='bbox 2811 826 2934 884; x_wconf 88' lang='lat' dir='ltr'><strong>cap.</strong></span> <span class='ocrx_word' id='word_1_380' title='bbox 2969 809 3020 882; x_wconf 74' lang='grc'><strong>4,</strong></span> <span class='ocrx_word' id='word_1_381' title='bbox 3055 824 3292 882; x_wconf 86' lang='lat' dir='ltr'><strong>eamque</strong></span> <span class='ocrx_word' id='word_1_382' title='bbox 3319 824 3388 866; x_wconf 83' lang='lat' dir='ltr'><strong>ex</strong></span> <span class='ocrx_word' id='word_1_383' title='bbox 3413 811 3584 867; x_wconf 80' lang='lat' dir='ltr'><strong>Num-</strong></span> 
     </span>
    </p>
   </div>
   <div class='ocr_carea' id='block_1_70' title="bbox 2520 902 3581 981">
    <p class='ocr_par' dir='ltr' id='par_1_70' title="bbox 2520 902 3581 981">
     <span class='ocr_line' id='line_1_70' title="bbox 2520 902 3581 981; baseline -0.002 -22"><span class='ocrx_word' id='word_1_384' title='bbox 2520 904 2648 974; x_wconf 91' lang='lat' dir='ltr'><strong>mis,</strong></span> <span class='ocrx_word' id='word_1_385' title='bbox 2704 903 2890 959; x_wconf 59' lang='lat' dir='ltr'><strong>Galba</strong></span> <span class='ocrx_word' id='word_1_386' title='bbox 2935 902 3044 981; x_wconf 86' lang='lat' dir='ltr'><strong>sub</strong></span> <span class='ocrx_word' id='word_1_387' title='bbox 3066 903 3332 960; x_wconf 84' lang='lat' dir='ltr'><strong>Muciano</strong></span> <span class='ocrx_word' id='word_1_388' title='bbox 3354 903 3581 974; x_wconf 88' lang='lat' dir='ltr'><strong>signato</strong></span> 
     </span>
    </p>
   </div>
   <div class='ocr_carea' id='block_1_71' title="bbox 2520 989 3582 1063">
    <p class='ocr_par' dir='ltr' id='par_1_71' title="bbox 2520 989 3582 1063">
     <span class='ocr_line' id='line_1_71' title="bbox 2520 989 3582 1063; baseline 0 -17"><span class='ocrx_word' id='word_1_389' title='bbox 2520 1009 2634 1047; x_wconf 62' lang='lat' dir='ltr'><strong>era</strong></span> <span class='ocrx_word' id='word_1_390' title='bbox 2671 989 2792 1062; x_wconf 85' lang='lat'><strong>447,</strong></span> <span class='ocrx_word' id='word_1_391' title='bbox 2821 999 2876 1048; x_wconf 91' lang='lat' dir='ltr'><strong>et</strong></span> <span class='ocrx_word' id='word_1_392' title='bbox 2910 991 3126 1048; x_wconf 87' lang='lat' dir='ltr'><strong>Tiberii</strong></span> <span class='ocrx_word' id='word_1_393' title='bbox 3157 992 3428 1063; x_wconf 79' lang='lat' dir='ltr'><strong>Augusti,</strong></span> <span class='ocrx_word' id='word_1_394' title='bbox 3473 991 3582 1047; x_wconf 91' lang='lat' dir='ltr'><strong>sub</strong></span> 
     </span>
    </p>
   </div>
   <div class='ocr_carea' id='block_1_72' title="bbox 2521 1079 3585 1153">
    <p class='ocr_par' dir='ltr' id='par_1_72' title="bbox 2521 1079 3585 1153">
     <span class='ocr_line' id='line_1_72' title="bbox 2521 1079 3585 1153; baseline 0 -15"><span class='ocrx_word' id='word_1_395' title='bbox 2521 1083 2738 1151; x_wconf 90' lang='lat' dir='ltr'><strong>Flacco,</strong></span> <span class='ocrx_word' id='word_1_396' title='bbox 2780 1097 2930 1140; x_wconf 85' lang='lat' dir='ltr'><strong>anno</strong></span> <span class='ocrx_word' id='word_1_397' title='bbox 2964 1083 3092 1153; x_wconf 90' lang='lat' dir='ltr'><strong>ejus</strong></span> <span class='ocrx_word' id='word_1_398' title='bbox 3152 1081 3381 1153; x_wconf 92' lang='lat' dir='ltr'><strong>imperii</strong></span> <span class='ocrx_word' id='word_1_399' title='bbox 3425 1079 3477 1151; x_wconf 88' lang='lat'><strong>4,</strong></span> <span class='ocrx_word' id='word_1_400' title='bbox 3526 1089 3585 1138; x_wconf 90' lang='lat' dir='ltr'><strong>et</strong></span> 
     </span>
    </p>
   </div>
   <div class='ocr_carea' id='block_1_73' title="bbox 2519 1170 3581 1242">
    <p class='ocr_par' dir='ltr' id='par_1_73' title="bbox 2519 1170 3581 1242">
     <span class='ocr_line' id='line_1_73' title="bbox 2519 1170 3581 1242; baseline -0.002 -14"><span class='ocrx_word' id='word_1_401' title='bbox 2519 1173 2773 1228; x_wconf 82' lang='lat' dir='ltr'><strong>Antioch.</strong></span> <span class='ocrx_word' id='word_1_402' title='bbox 2819 1170 2911 1242; x_wconf 92' lang='lat'><strong>82,</strong></span> <span class='ocrx_word' id='word_1_403' title='bbox 2957 1173 3310 1228; x_wconf 88' lang='lat' dir='ltr'><strong>demonstrat</strong></span> <span class='ocrx_word' id='word_1_404' title='bbox 3342 1171 3581 1226; x_wconf 89' lang='lat' dir='ltr'><strong>initium</strong></span> 
     </span>
    </p>
   </div>
   <div class='ocr_carea' id='block_1_74' title="bbox 2521 1262 3580 1318">
    <p class='ocr_par' dir='ltr' id='par_1_74' title="bbox 2521 1262 3580 1318">
     <span class='ocr_line' id='line_1_74' title="bbox 2521 1262 3580 1318; baseline -0.002 -1"><span class='ocrx_word' id='word_1_405' title='bbox 2521 1263 2817 1318; x_wconf 88' lang='lat' dir='ltr'><strong>desumere</strong></span> <span class='ocrx_word' id='word_1_406' title='bbox 2864 1278 2932 1315; x_wconf 76' lang='lat' dir='ltr'><strong>ea:</strong></span> <span class='ocrx_word' id='word_1_407' title='bbox 2966 1266 3242 1315; x_wconf 86' lang='lat' dir='ltr'><strong>autummo</strong></span> <span class='ocrx_word' id='word_1_408' title='bbox 3280 1262 3419 1314; x_wconf 89' lang='lat' dir='ltr'><strong>anni</strong></span> <span class='ocrx_word' id='word_1_409' title='bbox 3460 1263 3580 1316; x_wconf 78' lang='lat' dir='ltr'><strong>Per.</strong></span> 
     </span>
    </p>
   </div>
   <div class='ocr_carea' id='block_1_75' title="bbox 2521 1348 3587 1418">
    <p class='ocr_par' dir='ltr' id='par_1_75' title="bbox 2521 1348 3587 1418">
     <span class='ocr_line' id='line_1_75' title="bbox 2521 1348 3587 1418; baseline -0.003 -12"><span class='ocrx_word' id='word_1_410' title='bbox 2521 1352 2614 1406; x_wconf 85' lang='lat' dir='ltr'><strong>Jul</strong></span> <span class='ocrx_word' id='word_1_411' title='bbox 2641 1391 2654 1404; x_wconf 95' lang='lat'><strong>.</strong></span> <span class='ocrx_word' id='word_1_412' title='bbox 2688 1348 2847 1418; x_wconf 69' lang='grc'>4665,</span> <span class='ocrx_word' id='word_1_413' title='bbox 2878 1355 3004 1405; x_wconf 88' lang='lat' dir='ltr'><strong>ante</strong></span> <span class='ocrx_word' id='word_1_414' title='bbox 3047 1365 3375 1404; x_wconf 87' lang='lat' dir='ltr'><strong>com-munem</strong></span> <span class='ocrx_word' id='word_1_415' title='bbox 3420 1348 3587 1404; x_wconf 78' lang='lat' dir='ltr'><strong>Chri-</strong></span> 
     </span>
    </p>
   </div>
   <div class='ocr_carea' id='block_1_76' title="bbox 2523 1437 3587 1510">
    <p class='ocr_par' dir='ltr' id='par_1_76' title="bbox 2523 1437 3587 1510">
     <span class='ocr_line' id='line_1_76' title="bbox 2523 1437 3587 1510; baseline -0.004 -14"><span class='ocrx_word' id='word_1_416' title='bbox 2523 1443 2596 1496; x_wconf 87' lang='lat' dir='ltr'><strong>sti</strong></span> <span class='ocrx_word' id='word_1_417' title='bbox 2638 1441 2910 1510; x_wconf 83' lang='lat' dir='ltr'><strong>Epocham</strong></span> <span class='ocrx_word' id='word_1_418' title='bbox 2972 1437 3061 1496; x_wconf 76' lang='grc'><strong>49.</strong></span> <span class='ocrx_word' id='word_1_419' title='bbox 3120 1443 3189 1496; x_wconf 89' lang='lat' dir='ltr'><strong>Et</strong></span> <span class='ocrx_word' id='word_1_420' title='bbox 3231 1454 3300 1495; x_wconf 82' lang='lat' dir='ltr'><strong>ex</strong></span> <span class='ocrx_word' id='word_1_421' title='bbox 3349 1445 3587 1494; x_wconf 89' lang='lat' dir='ltr'><strong>autum-</strong></span> 
     </span>
    </p>
   </div>
   <div class='ocr_carea' id='block_1_77' title="bbox 2525 1524 3588 1600">
    <p class='ocr_par' dir='ltr' id='par_1_77' title="bbox 2525 1524 3588 1600">
     <span class='ocr_line' id='line_1_77' title="bbox 2525 1524 3588 1600; baseline -0.008 -12"><span class='ocrx_word' id='word_1_422' title='bbox 2525 1547 2597 1589; x_wconf 93' lang='lat' dir='ltr'><strong>no</strong></span> <span class='ocrx_word' id='word_1_423' title='bbox 2653 1531 2826 1600; x_wconf 87' lang='lat' dir='ltr'><strong>hujus</strong></span> <span class='ocrx_word' id='word_1_424' title='bbox 2874 1530 3008 1584; x_wconf 90' lang='lat' dir='ltr'><strong>anni</strong></span> <span class='ocrx_word' id='word_1_425' title='bbox 3060 1524 3220 1596; x_wconf 76' lang='grc'>4666,</span> <span class='ocrx_word' id='word_1_426' title='bbox 3269 1540 3414 1583; x_wconf 62' lang='lat' dir='ltr'><strong>una</strong></span> <span class='ocrx_word' id='word_1_427' title='bbox 3439 1527 3588 1581; x_wconf 80' lang='lat' dir='ltr'><strong>CAE-</strong></span> 
     </span>
    </p>
   </div>
   <div class='ocr_carea' id='block_1_78' title="bbox 2527 1612 3584 1686">
    <p class='ocr_par' dir='ltr' id='par_1_78' title="bbox 2527 1612 3584 1686">
     <span class='ocr_line' id='line_1_78' title="bbox 2527 1612 3584 1686; baseline -0.006 -10"><span class='ocrx_word' id='word_1_428' title='bbox 2527 1635 2681 1676; x_wconf 75' lang='lat' dir='ltr'><strong>SARIS</strong></span> <span class='ocrx_word' id='word_1_429' title='bbox 2742 1631 3039 1674; x_wconf 75' lang='lat' dir='ltr'><strong>LAODICENA</strong></span> <span class='ocrx_word' id='word_1_430' title='bbox 3088 1617 3191 1673; x_wconf 89' lang='lat' dir='ltr'><strong>ibi.</strong></span> <span class='ocrx_word' id='word_1_431' title='bbox 3235 1631 3284 1672; x_wconf 91' lang='lat' dir='ltr'><strong>c.</strong></span> <span class='ocrx_word' id='word_1_432' title='bbox 3342 1614 3398 1679; x_wconf 83' lang='lat'><strong>8,</strong></span> <span class='ocrx_word' id='word_1_433' title='bbox 3449 1615 3481 1686; x_wconf 89' lang='lat'>§</span> <span class='ocrx_word' id='word_1_434' title='bbox 3529 1612 3584 1671; x_wconf 92' lang='lat'><strong>2.</strong></span> 
     </span>
    </p>
   </div>
   <div class='ocr_carea' id='block_1_79' title="bbox 2594 1703 3590 1764">
    <p class='ocr_par' dir='ltr' id='par_1_79' title="bbox 2594 1703 3590 1764">
     <span class='ocr_line' id='line_1_79' title="bbox 2594 1703 3590 1764; baseline -0.005 -1"><span class='ocrx_word' id='word_1_435' title='bbox 2594 1709 2740 1764; x_wconf 87' lang='lat' dir='ltr'><strong>Ante</strong></span> <span class='ocrx_word' id='word_1_436' title='bbox 2798 1721 2978 1763; x_wconf 87' lang='lat' dir='ltr'><strong>annos</strong></span> <span class='ocrx_word' id='word_1_437' title='bbox 3040 1713 3156 1762; x_wconf 92' lang='lat' dir='ltr'><strong>tres</strong></span> <span class='ocrx_word' id='word_1_438' title='bbox 3222 1703 3590 1761; x_wconf 91' lang='lat' dir='ltr'><strong>Aristobulus</strong></span> 
     </span>
    </p>
   </div>
   <div class='ocr_carea' id='block_1_80' title="bbox 2525 1794 3592 1872">
    <p class='ocr_par' dir='ltr' id='par_1_80' title="bbox 2525 1794 3592 1872">
     <span class='ocr_line' id='line_1_80' title="bbox 2525 1794 3592 1872; baseline -0.007 -15"><span class='ocrx_word' id='word_1_439' title='bbox 2525 1803 2771 1872; x_wconf 87' lang='lat' dir='ltr'><strong>Hyrcani</strong></span> <span class='ocrx_word' id='word_1_440' title='bbox 2815 1801 3138 1856; x_wconf 64' lang='lat' dir='ltr'><strong>Judmorum</strong></span> <span class='ocrx_word' id='word_1_441' title='bbox 3163 1795 3456 1869; x_wconf 90' lang='lat' dir='ltr'><strong>pontiﬁcis</strong></span> <span class='ocrx_word' id='word_1_442' title='bbox 3487 1794 3592 1850; x_wconf 89' lang='lat' dir='ltr'><strong>fra-</strong></span> 
     </span>
    </p>
   </div>
   <div class='ocr_carea' id='block_1_81' title="bbox 2529 1891 3591 1965">
    <p class='ocr_par' dir='ltr' id='par_1_81' title="bbox 2529 1891 3591 1965">
     <span class='ocr_line' id='line_1_81' title="bbox 2529 1891 3591 1965; baseline -0.006 -15"><span class='ocrx_word' id='word_1_443' title='bbox 2529 1902 2633 1965; x_wconf 89' lang='lat' dir='ltr'><strong>ter,</strong></span> <span class='ocrx_word' id='word_1_444' title='bbox 2694 1902 2752 1952; x_wconf 90' lang='lat' dir='ltr'><strong>et</strong></span> <span class='ocrx_word' id='word_1_445' title='bbox 2808 1895 3138 1960; x_wconf 85' lang='lat' dir='ltr'><strong>insidiator,</strong></span> <span class='ocrx_word' id='word_1_446' title='bbox 3198 1891 3270 1948; x_wconf 88' lang='lat' dir='ltr'><strong>ob</strong></span> <span class='ocrx_word' id='word_1_447' title='bbox 3329 1891 3591 1964; x_wconf 86' lang='lat' dir='ltr'><strong>querelas</strong></span> 
     </span>
    </p>
   </div>
   <div class='ocr_carea' id='block_1_82' title="bbox 2527 1981 3588 2054">
    <p class='ocr_par' dir='ltr' id='par_1_82' title="bbox 2527 1981 3588 2054">
     <span class='ocr_line' id='line_1_82' title="bbox 2527 1981 3588 2054; baseline -0.007 -12"><span class='ocrx_word' id='word_1_448' title='bbox 2527 2000 2659 2042; x_wconf 92' lang='lat' dir='ltr'><strong>cum</strong></span> <span class='ocrx_word' id='word_1_449' title='bbox 2749 1983 2945 2054; x_wconf 87' lang='lat' dir='ltr'><strong>fratre,</strong></span> <span class='ocrx_word' id='word_1_450' title='bbox 3045 1982 3234 2038; x_wconf 68' lang='lat' dir='ltr'><strong>Romae</strong></span> <span class='ocrx_word' id='word_1_451' title='bbox 3301 1981 3588 2050; x_wconf 85' lang='lat' dir='ltr'><strong>detentus,</strong></span> 
     </span>
    </p>
   </div>
   <div class='ocr_carea' id='block_1_83' title="bbox 2526 2067 3593 2131">
    <p class='ocr_par' dir='ltr' id='par_1_83' title="bbox 2526 2067 3593 2131">
     <span class='ocr_line' id='line_1_83' title="bbox 2526 2067 3593 2131; baseline -0.007 0"><span class='ocrx_word' id='word_1_452' title='bbox 2526 2076 2736 2131; x_wconf 91' lang='lat' dir='ltr'><strong>deinde</strong></span> <span class='ocrx_word' id='word_1_453' title='bbox 2776 2072 3111 2128; x_wconf 72' lang='lat' dir='ltr'><strong>Caesarianae</strong></span> <span class='ocrx_word' id='word_1_454' title='bbox 3172 2069 3444 2126; x_wconf 87' lang='lat' dir='ltr'><strong>factionis</strong></span> <span class='ocrx_word' id='word_1_455' title='bbox 3501 2067 3593 2123; x_wconf 87' lang='lat' dir='ltr'><strong>fa—</strong></span> 
     </span>
    </p>
   </div>
   <div class='ocr_carea' id='block_1_84' title="bbox 2528 2159 3590 2232">
    <p class='ocr_par' dir='ltr' id='par_1_84' title="bbox 2528 2159 3590 2232">
     <span class='ocr_line' id='line_1_84' title="bbox 2528 2159 3590 2232; baseline -0.012 -7"><span class='ocrx_word' id='word_1_456' title='bbox 2528 2181 2662 2225; x_wconf 86' lang='lat' dir='ltr'><strong>vore</strong></span> <span class='ocrx_word' id='word_1_457' title='bbox 2718 2165 2860 2223; x_wconf 89' lang='lat' dir='ltr'><strong>liber</strong></span> <span class='ocrx_word' id='word_1_458' title='bbox 2900 2165 3180 2221; x_wconf 90' lang='lat' dir='ltr'><strong>dimissus</strong></span> <span class='ocrx_word' id='word_1_459' title='bbox 3210 2163 3270 2217; x_wconf 91' lang='lat' dir='ltr'><strong>in</strong></span> <span class='ocrx_word' id='word_1_460' title='bbox 3327 2159 3590 2232; x_wconf 89' lang='lat' dir='ltr'><strong>patriam,</strong></span> 
     </span>
    </p>
   </div>
   <div class='ocr_carea' id='block_1_85' title="bbox 2528 2253 3597 2326">
    <p class='ocr_par' dir='ltr' id='par_1_85' title="bbox 2528 2253 3597 2326">
     <span class='ocr_line' id='line_1_85' title="bbox 2528 2253 3597 2326; baseline -0.007 -13"><span class='ocrx_word' id='word_1_461' title='bbox 2528 2271 2562 2314; x_wconf 89' lang='lat' dir='ltr'><strong>a</strong></span> <span class='ocrx_word' id='word_1_462' title='bbox 2591 2255 2953 2326; x_wconf 88' lang='lat' dir='ltr'><strong>Pompeianis</strong></span> <span class='ocrx_word' id='word_1_463' title='bbox 2995 2253 3182 2310; x_wconf 87' lang='lat' dir='ltr'><strong>fuerat</strong></span> <span class='ocrx_word' id='word_1_464' title='bbox 3224 2263 3440 2308; x_wconf 89' lang='lat' dir='ltr'><strong>veneno</strong></span> <span class='ocrx_word' id='word_1_465' title='bbox 3489 2265 3597 2306; x_wconf 93' lang='lat' dir='ltr'><strong>su-</strong></span> 
     </span>
    </p>
   </div>
   <div class='ocr_carea' id='block_1_86' title="bbox 2529 2341 3597 2415">
    <p class='ocr_par' dir='ltr' id='par_1_86' title="bbox 2529 2341 3597 2415">
     <span class='ocr_line' id='line_1_86' title="bbox 2529 2341 3597 2415; baseline -0.006 -12"><span class='ocrx_word' id='word_1_466' title='bbox 2529 2347 2741 2414; x_wconf 88' lang='lat' dir='ltr'><strong>blatus,</strong></span> <span class='ocrx_word' id='word_1_467' title='bbox 2791 2346 3032 2415; x_wconf 88' lang='lat' dir='ltr'><strong>ejusque</strong></span> <span class='ocrx_word' id='word_1_468' title='bbox 3074 2342 3233 2398; x_wconf 90' lang='lat' dir='ltr'><strong>ﬁlius</strong></span> <span class='ocrx_word' id='word_1_469' title='bbox 3271 2341 3597 2397; x_wconf 84' lang='lat' dir='ltr'><strong>Alexander</strong></span> 
     </span>
    </p>
   </div>
   <div class='ocr_carea' id='block_1_87' title="bbox 2529 2428 3600 2504">
    <p class='ocr_par' dir='ltr' id='par_1_87' title="bbox 2529 2428 3600 2504">
     <span class='ocr_line' id='line_1_87' title="bbox 2529 2428 3600 2504; baseline -0.006 -13"><span class='ocrx_word' id='word_1_470' title='bbox 2529 2436 2717 2491; x_wconf 89' lang='lat' dir='ltr'><strong>securi</strong></span> <span class='ocrx_word' id='word_1_471' title='bbox 2751 2446 3058 2504; x_wconf 89' lang='lat' dir='ltr'><strong>percussus</strong></span> <span class='ocrx_word' id='word_1_472' title='bbox 3077 2430 3403 2486; x_wconf 71' lang='lat' dir='ltr'><strong>Antiochia:</strong></span> <span class='ocrx_word' id='word_1_473' title='bbox 3432 2442 3465 2484; x_wconf 94' lang='lat' dir='ltr'><strong>a</strong></span> <span class='ocrx_word' id='word_1_474' title='bbox 3483 2428 3600 2485; x_wconf 87' lang='lat' dir='ltr'><strong>Sci-</strong></span> 
     </span>
    </p>
   </div>
   <div class='ocr_carea' id='block_1_88' title="bbox 2530 2515 3594 2596">
    <p class='ocr_par' dir='ltr' id='par_1_88' title="bbox 2530 2515 3594 2596">
     <span class='ocr_line' id='line_1_88' title="bbox 2530 2515 3594 2596; baseline -0.008 -15"><span class='ocrx_word' id='word_1_475' title='bbox 2530 2525 2700 2596; x_wconf 91' lang='lat' dir='ltr'><strong>pione</strong></span> <span class='ocrx_word' id='word_1_476' title='bbox 2719 2524 2888 2594; x_wconf 90' lang='lat' dir='ltr'><strong>jussu</strong></span> <span class='ocrx_word' id='word_1_477' title='bbox 2922 2520 3175 2589; x_wconf 89' lang='lat' dir='ltr'><strong>Pompeii</strong></span> <span class='ocrx_word' id='word_1_478' title='bbox 3210 2515 3459 2593; x_wconf 87' lang='lat' dir='ltr'><strong>[Joseph.</strong></span> <span class='ocrx_word' id='word_1_479' title='bbox 3492 2519 3594 2576; x_wconf 90' lang='lat' dir='ltr'><strong>lib.</strong></span> 
     </span>
    </p>
   </div>
   <div class='ocr_carea' id='block_1_89' title="bbox 2528 2609 3597 2685">
    <p class='ocr_par' dir='ltr' id='par_1_89' title="bbox 2528 2609 3597 2685">
     <span class='ocr_line' id='line_1_89' title="bbox 2528 2609 3597 2685; baseline -0.007 -12"><span class='ocrx_word' id='word_1_480' title='bbox 2528 2629 2647 2685; x_wconf 81' lang='lat' dir='ltr'><strong>xw,</strong></span> <span class='ocrx_word' id='word_1_481' title='bbox 2678 2630 2730 2670; x_wconf 93' lang='lat' dir='ltr'><strong>c.</strong></span> <span class='ocrx_word' id='word_1_482' title='bbox 2782 2612 2891 2684; x_wconf 87' lang='lat'><strong>43.]</strong></span> <span class='ocrx_word' id='word_1_483' title='bbox 2921 2611 3245 2682; x_wconf 83' lang='lat' dir='ltr'><strong>Antigonus</strong></span> <span class='ocrx_word' id='word_1_484' title='bbox 3274 2609 3597 2666; x_wconf 89' lang='lat' dir='ltr'><strong>Aristobuli</strong></span> 
     </span>
    </p>
   </div>
   <div class='ocr_carea' id='block_1_90' title="bbox 2531 2700 3599 2760">
    <p class='ocr_par' dir='ltr' id='par_1_90' title="bbox 2531 2700 3599 2760">
     <span class='ocr_line' id='line_1_90' title="bbox 2531 2700 3599 2760; baseline -0.006 0"><span class='ocrx_word' id='word_1_485' title='bbox 2531 2705 2690 2760; x_wconf 92' lang='lat' dir='ltr'><strong>ﬁlius</strong></span> <span class='ocrx_word' id='word_1_486' title='bbox 2714 2704 2820 2760; x_wconf 92' lang='lat' dir='ltr'><strong>hoc</strong></span> <span class='ocrx_word' id='word_1_487' title='bbox 2845 2717 2995 2759; x_wconf 91' lang='lat' dir='ltr'><strong>anno</strong></span> <span class='ocrx_word' id='word_1_488' title='bbox 3033 2702 3102 2757; x_wconf 95' lang='lat' dir='ltr'><strong>ad</strong></span> <span class='ocrx_word' id='word_1_489' title='bbox 3133 2701 3408 2757; x_wconf 66' lang='lat' dir='ltr'><strong>Caesarem</strong></span> <span class='ocrx_word' id='word_1_490' title='bbox 3441 2700 3599 2755; x_wconf 87' lang='lat' dir='ltr'><strong>venit</strong></span> 
     </span>
    </p>
   </div>
   <div class='ocr_carea' id='block_1_91' title="bbox 2527 2789 3599 2862">
    <p class='ocr_par' dir='ltr' id='par_1_91' title="bbox 2527 2789 3599 2862">
     <span class='ocr_line' id='line_1_91' title="bbox 2527 2789 3599 2862; baseline -0.006 -14"><span class='ocrx_word' id='word_1_491' title='bbox 2527 2791 2850 2848; x_wconf 73' lang='lat' dir='ltr'><strong>Antiochia:</strong></span> <span class='ocrx_word' id='word_1_492' title='bbox 2915 2796 3195 2862; x_wconf 85' lang='lat' dir='ltr'><strong>agentem,</strong></span> <span class='ocrx_word' id='word_1_493' title='bbox 3268 2789 3472 2859; x_wconf 88' lang='lat' dir='ltr'><strong>patris.</strong></span> <span class='ocrx_word' id='word_1_494' title='bbox 3532 2801 3599 2843; x_wconf 89' lang='lat' dir='ltr'><strong>ac</strong></span> 
     </span>
    </p>
   </div>
   <div class='ocr_carea' id='block_1_92' title="bbox 2530 2880 3592 2948">
    <p class='ocr_par' dir='ltr' id='par_1_92' title="bbox 2530 2880 3592 2948">
     <span class='ocr_line' id='line_1_92' title="bbox 2530 2880 3592 2948; baseline -0.003 -11"><span class='ocrx_word' id='word_1_495' title='bbox 2530 2880 2730 2937; x_wconf 87' lang='lat' dir='ltr'><strong>fratris</strong></span> <span class='ocrx_word' id='word_1_496' title='bbox 2759 2880 3083 2937; x_wconf 87' lang='lat' dir='ltr'><strong>infortunia</strong></span> <span class='ocrx_word' id='word_1_497' title='bbox 3120 2892 3592 2948; x_wconf 88' lang='lat' dir='ltr'><strong>commemorans,</strong></span> 
     </span>
    </p>
   </div>
   <div class='ocr_carea' id='block_1_93' title="bbox 2529 2967 3599 3040">
    <p class='ocr_par' dir='ltr' id='par_1_93' title="bbox 2529 2967 3599 3040">
     <span class='ocr_line' id='line_1_93' title="bbox 2529 2967 3599 3040; baseline -0.003 -13"><span class='ocrx_word' id='word_1_498' title='bbox 2529 2976 2586 3027; x_wconf 91' lang='lat' dir='ltr'><strong>et</strong></span> <span class='ocrx_word' id='word_1_499' title='bbox 2653 2983 2930 3027; x_wconf 88' lang='lat' dir='ltr'><strong>accusans</strong></span> <span class='ocrx_word' id='word_1_500' title='bbox 2990 2972 3306 3040; x_wconf 81' lang='lat' dir='ltr'><strong>Hyrcanum</strong></span> <span class='ocrx_word' id='word_1_501' title='bbox 3358 2967 3599 3039; x_wconf 90' lang='lat' dir='ltr'><strong>pontiﬁ-</strong></span> 
     </span>
    </p>
   </div>
   <div class='ocr_carea' id='block_1_94' title="bbox 2530 3059 3597 3130">
    <p class='ocr_par' dir='ltr' id='par_1_94' title="bbox 2530 3059 3597 3130">
     <span class='ocr_line' id='line_1_94' title="bbox 2530 3059 3597 3130; baseline -0.005 -14"><span class='ocrx_word' id='word_1_502' title='bbox 2530 3074 2671 3130; x_wconf 91' lang='lat' dir='ltr'><strong>cem,</strong></span> <span class='ocrx_word' id='word_1_503' title='bbox 2727 3065 2786 3115; x_wconf 91' lang='lat' dir='ltr'><strong>et</strong></span> <span class='ocrx_word' id='word_1_504' title='bbox 2846 3059 3214 3129; x_wconf 90' lang='lat' dir='ltr'><strong>Antipatrum</strong></span> <span class='ocrx_word' id='word_1_505' title='bbox 3273 3059 3597 3115; x_wconf 71' lang='lat' dir='ltr'><strong>Judaeorum</strong></span> 
     </span>
    </p>
   </div>
   <div class='ocr_carea' id='block_1_95' title="bbox 2530 3147 3596 3222">
    <p class='ocr_par' dir='ltr' id='par_1_95' title="bbox 2530 3147 3596 3222">
     <span class='ocr_line' id='line_1_95' title="bbox 2530 3147 3596 3222; baseline -0.004 -17"><span class='ocrx_word' id='word_1_506' title='bbox 2530 3149 2990 3222; x_wconf 88' lang='lat' dir='ltr'><strong>gubernatorem,</strong></span> <span class='ocrx_word' id='word_1_507' title='bbox 3032 3151 3298 3207; x_wconf 90' lang='lat' dir='ltr'><strong>mandato</strong></span> <span class='ocrx_word' id='word_1_508' title='bbox 3327 3147 3596 3219; x_wconf 85' lang='lat' dir='ltr'><strong>Hyrcani,</strong></span> 
     </span>
    </p>
   </div>
   <div class='ocr_carea' id='block_1_96' title="bbox 2529 3239 3595 3310">
    <p class='ocr_par' dir='ltr' id='par_1_96' title="bbox 2529 3239 3595 3310">
     <span class='ocr_line' id='line_1_96' title="bbox 2529 3239 3595 3310; baseline -0.003 -16"><span class='ocrx_word' id='word_1_509' title='bbox 2529 3244 2800 3310; x_wconf 90' lang='lat' dir='ltr'><strong>tanquam</strong></span> <span class='ocrx_word' id='word_1_510' title='bbox 2854 3253 2953 3310; x_wconf 89' lang='lat' dir='ltr'><strong>per</strong></span> <span class='ocrx_word' id='word_1_511' title='bbox 3030 3239 3147 3295; x_wconf 86' lang='lat' dir='ltr'><strong>vim</strong></span> <span class='ocrx_word' id='word_1_512' title='bbox 3205 3239 3595 3310; x_wconf 87' lang='lat' dir='ltr'><strong>principatum</strong></span> 
     </span>
    </p>
   </div>
   <div class='ocr_carea' id='block_1_97' title="bbox 2531 3325 3598 3403">
    <p class='ocr_par' dir='ltr' id='par_1_97' title="bbox 2531 3325 3598 3403">
     <span class='ocr_line' id='line_1_97' title="bbox 2531 3325 3598 3403; baseline -0.007 -16"><span class='ocrx_word' id='word_1_513' title='bbox 2531 3332 2718 3403; x_wconf 88' lang='lat' dir='ltr'><strong>gentis</strong></span> <span class='ocrx_word' id='word_1_514' title='bbox 2757 3334 3034 3401; x_wconf 89' lang='lat' dir='ltr'><strong>gererent.</strong></span> <span class='ocrx_word' id='word_1_515' title='bbox 3063 3329 3267 3396; x_wconf 89' lang='lat' dir='ltr'><strong>Causa,</strong></span> <span class='ocrx_word' id='word_1_516' title='bbox 3301 3327 3442 3383; x_wconf 90' lang='lat' dir='ltr'><strong>vicit</strong></span> <span class='ocrx_word' id='word_1_517' title='bbox 3470 3325 3598 3381; x_wconf 88' lang='lat' dir='ltr'><strong>An—</strong></span> 
     </span>
    </p>
   </div>
   <div class='ocr_carea' id='block_1_98' title="bbox 2532 3418 3595 3490">
    <p class='ocr_par' dir='ltr' id='par_1_98' title="bbox 2532 3418 3595 3490">
     <span class='ocr_line' id='line_1_98' title="bbox 2532 3418 3595 3490; baseline -0.004 -15"><span class='ocrx_word' id='word_1_518' title='bbox 2532 3421 2761 3490; x_wconf 89' lang='lat' dir='ltr'><strong>tipater,</strong></span> <span class='ocrx_word' id='word_1_519' title='bbox 2803 3419 2952 3489; x_wconf 91' lang='lat' dir='ltr'><strong>apud</strong></span> <span class='ocrx_word' id='word_1_520' title='bbox 2996 3418 3271 3473; x_wconf 77' lang='lat' dir='ltr'><strong>Caesarem</strong></span> <span class='ocrx_word' id='word_1_521' title='bbox 3314 3421 3595 3487; x_wconf 89' lang='lat' dir='ltr'><strong>perorata.</strong></span> 
     </span>
    </p>
   </div>
   <div class='ocr_carea' id='block_1_99' title="bbox 2529 3508 3594 3578">
    <p class='ocr_par' dir='ltr' id='par_1_99' title="bbox 2529 3508 3594 3578">
     <span class='ocr_line' id='line_1_99' title="bbox 2529 3508 3594 3578; baseline -0.006 -14"><span class='ocrx_word' id='word_1_522' title='bbox 2529 3509 2874 3564; x_wconf 89' lang='lat' dir='ltr'><strong>Conﬁrmata</strong></span> <span class='ocrx_word' id='word_1_523' title='bbox 2910 3510 3159 3576; x_wconf 84' lang='lat' dir='ltr'><strong>Hyrcani</strong></span> <span class='ocrx_word' id='word_1_524' title='bbox 3180 3508 3456 3578; x_wconf 79' lang='lat' dir='ltr'><strong>pontiﬁcis</strong></span> <span class='ocrx_word' id='word_1_525' title='bbox 3481 3520 3594 3558; x_wconf 88' lang='lat' dir='ltr'><strong>au—</strong></span> 
     </span>
    </p>
   </div>
   <div class='ocr_carea' id='block_1_100' title="bbox 2531 3596 3594 3667">
    <p class='ocr_par' dir='ltr' id='par_1_100' title="bbox 2531 3596 3594 3667">
     <span class='ocr_line' id='line_1_100' title="bbox 2531 3596 3594 3667; baseline -0.003 -13"><span class='ocrx_word' id='word_1_526' title='bbox 2531 3601 2751 3654; x_wconf 74' lang='lat' dir='ltr'><strong>ctoritas</strong></span> <span class='ocrx_word' id='word_1_527' title='bbox 2765 3616 2781 3651; x_wconf 86' lang='lat'><strong><em>:</em></strong></span> <span class='ocrx_word' id='word_1_528' title='bbox 2797 3597 2986 3653; x_wconf 89' lang='lat' dir='ltr'><strong>oblata</strong></span> <span class='ocrx_word' id='word_1_529' title='bbox 2996 3598 3295 3667; x_wconf 85' lang='lat' dir='ltr'><strong>Antipatro</strong></span> <span class='ocrx_word' id='word_1_530' title='bbox 3307 3596 3451 3666; x_wconf 84' lang='lat' dir='ltr'><strong>dyna</strong></span> <span class='ocrx_word' id='word_1_531' title='bbox 3461 3597 3594 3652; x_wconf 89' lang='lat' dir='ltr'><strong>stia.</strong></span> 
     </span>
    </p>
   </div>
   <div class='ocr_carea' id='block_1_101' title="bbox 2531 3686 3602 3758">
    <p class='ocr_par' dir='ltr' id='par_1_101' title="bbox 2531 3686 3602 3758">
     <span class='ocr_line' id='line_1_101' title="bbox 2531 3686 3602 3758; baseline -0.003 -14"><span class='ocrx_word' id='word_1_532' title='bbox 2531 3700 2933 3758; x_wconf 91' lang='lat' dir='ltr'><strong>quamcunque</strong></span> <span class='ocrx_word' id='word_1_533' title='bbox 2975 3686 3272 3758; x_wconf 91' lang='lat' dir='ltr'><strong>voluisset,</strong></span> <span class='ocrx_word' id='word_1_534' title='bbox 3301 3693 3358 3742; x_wconf 89' lang='lat' dir='ltr'><strong>et</strong></span> <span class='ocrx_word' id='word_1_535' title='bbox 3389 3703 3602 3757; x_wconf 85' lang='lat' dir='ltr'><strong>procu-</strong></span> 
     </span>
    </p>
   </div>
   <div class='ocr_carea' id='block_1_102' title="bbox 2529 3777 3601 3844">
    <p class='ocr_par' dir='ltr' id='par_1_102' title="bbox 2529 3777 3601 3844">
     <span class='ocr_line' id='line_1_102' title="bbox 2529 3777 3601 3844; baseline 0 -11"><span class='ocrx_word' id='word_1_536' title='bbox 2529 3780 2672 3833; x_wconf 84' lang='lat' dir='ltr'><strong>ratio</strong></span> <span class='ocrx_word' id='word_1_537' title='bbox 2701 3777 2905 3831; x_wconf 65' lang='lat' dir='ltr'><strong>Judzae</strong></span> <span class='ocrx_word' id='word_1_538' title='bbox 2937 3778 3246 3832; x_wconf 85' lang='lat' dir='ltr'><strong>concredita</strong></span> <span class='ocrx_word' id='word_1_539' title='bbox 3267 3780 3383 3844; x_wconf 82' lang='lat' dir='ltr'><strong>fuit</strong></span> <span class='ocrx_word' id='word_1_540' title='bbox 3421 3791 3454 3833; x_wconf 88' lang='lat' dir='ltr'><strong>a</strong></span> <span class='ocrx_word' id='word_1_541' title='bbox 3473 3777 3601 3833; x_wconf 62' lang='lat' dir='ltr'><strong>Ca!-</strong></span> 
     </span>
    </p>
   </div>
   <div class='ocr_carea' id='block_1_103' title="bbox 2530 3860 3601 3936">
    <p class='ocr_par' dir='ltr' id='par_1_103' title="bbox 2530 3860 3601 3936">
     <span class='ocr_line' id='line_1_103' title="bbox 2530 3860 3601 3936; baseline -0.001 -15"><span class='ocrx_word' id='word_1_542' title='bbox 2530 3879 2680 3922; x_wconf 91' lang='lat' dir='ltr'><strong>sare.</strong></span> <span class='ocrx_word' id='word_1_543' title='bbox 2725 3860 2994 3936; x_wconf 84' lang='lat' dir='ltr'><strong>[Joseph.,</strong></span> <span class='ocrx_word' id='word_1_544' title='bbox 3030 3865 3131 3922; x_wconf 92' lang='lat' dir='ltr'><strong>lib.</strong></span> <span class='ocrx_word' id='word_1_545' title='bbox 3183 3879 3304 3936; x_wconf 75' lang='lat' dir='ltr'><strong>xw,</strong></span> <span class='ocrx_word' id='word_1_546' title='bbox 3353 3878 3476 3934; x_wconf 88' lang='lat' dir='ltr'><strong>cap.</strong></span> <span class='ocrx_word' id='word_1_547' title='bbox 3531 3862 3601 3920; x_wconf 86' lang='lat'><strong>45</strong></span> 
     </span>
    </p>
   </div>
   <div class='ocr_carea' id='block_1_104' title="bbox 2528 3951 3591 4030">
    <p class='ocr_par' dir='ltr' id='par_1_104' title="bbox 2528 3951 3591 4030">
     <span class='ocr_line' id='line_1_104' title="bbox 2528 3951 3591 4030; baseline 0.001 -22"><span class='ocrx_word' id='word_1_548' title='bbox 2528 3953 2818 4022; x_wconf 83' lang='lat' dir='ltr'><strong>Antiquit.</strong></span> <span class='ocrx_word' id='word_1_549' title='bbox 2867 3960 2924 4008; x_wconf 89' lang='lat' dir='ltr'><strong>et</strong></span> <span class='ocrx_word' id='word_1_550' title='bbox 2974 3955 3074 4009; x_wconf 92' lang='lat' dir='ltr'><strong>lib.</strong></span> <span class='ocrx_word' id='word_1_551' title='bbox 3106 3969 3122 4009; x_wconf 92' lang='grc' dir='ltr'><strong>ι</strong></span> <span class='ocrx_word' id='word_1_552' title='bbox 3151 3954 3292 4010; x_wconf 92' lang='lat' dir='ltr'><strong>Belli</strong></span> <span class='ocrx_word' id='word_1_553' title='bbox 3333 3967 3456 4022; x_wconf 91' lang='lat' dir='ltr'><strong>cap.</strong></span> <span class='ocrx_word' id='word_1_554' title='bbox 3507 3951 3591 4030; x_wconf 90' lang='lat'><strong>8.]</strong></span> 
     </span>
    </p>
   </div>
   <div class='ocr_carea' id='block_1_105' title="bbox 2531 4041 3603 4114">
    <p class='ocr_par' dir='ltr' id='par_1_105' title="bbox 2531 4041 3603 4114">
     <span class='ocr_line' id='line_1_105' title="bbox 2531 4041 3603 4114; baseline 0.004 -20"><span class='ocrx_word' id='word_1_555' title='bbox 2531 4041 2803 4097; x_wconf 67' lang='lat' dir='ltr'><strong>Praeterea</strong></span> <span class='ocrx_word' id='word_1_556' title='bbox 2824 4045 3080 4111; x_wconf 88' lang='lat' dir='ltr'><strong>Hyrcano</strong></span> <span class='ocrx_word' id='word_1_557' title='bbox 3119 4043 3398 4114; x_wconf 89' lang='lat' dir='ltr'><strong>pontiﬁci,</strong></span> <span class='ocrx_word' id='word_1_558' title='bbox 3430 4048 3488 4099; x_wconf 92' lang='lat' dir='ltr'><strong>et</strong></span> <span class='ocrx_word' id='word_1_559' title='bbox 3518 4042 3603 4098; x_wconf 90' lang='lat' dir='ltr'><strong>li-</strong></span> 
     </span>
    </p>
   </div>
   <div class='ocr_carea' id='block_1_106' title="bbox 2530 4128 3599 4201">
    <p class='ocr_par' dir='ltr' id='par_1_106' title="bbox 2530 4128 3599 4201">
     <span class='ocr_line' id='line_1_106' title="bbox 2530 4128 3599 4201; baseline 0.003 -17"><span class='ocrx_word' id='word_1_560' title='bbox 2530 4129 2687 4185; x_wconf 89' lang='lat' dir='ltr'><strong>beris</strong></span> <span class='ocrx_word' id='word_1_561' title='bbox 2705 4129 2832 4198; x_wconf 90' lang='lat' dir='ltr'><strong>ejus</strong></span> <span class='ocrx_word' id='word_1_562' title='bbox 2862 4128 3292 4201; x_wconf 86' lang='lat' dir='ltr'><strong>Ethnarchiam,</strong></span> <span class='ocrx_word' id='word_1_563' title='bbox 3316 4137 3373 4186; x_wconf 92' lang='lat' dir='ltr'><strong>et</strong></span> <span class='ocrx_word' id='word_1_564' title='bbox 3395 4131 3599 4201; x_wconf 88' lang='lat' dir='ltr'><strong>ponti-</strong></span> 
     </span>
    </p>
   </div>
   <div class='ocr_carea' id='block_1_107' title="bbox 2532 4217 3600 4289">
    <p class='ocr_par' dir='ltr' id='par_1_107' title="bbox 2532 4217 3600 4289">
     <span class='ocr_line' id='line_1_107' title="bbox 2532 4217 3600 4289; baseline 0.002 -17"><span class='ocrx_word' id='word_1_565' title='bbox 2532 4217 2762 4272; x_wconf 89' lang='lat' dir='ltr'><strong>ﬁcatum</strong></span> <span class='ocrx_word' id='word_1_566' title='bbox 2791 4217 3116 4274; x_wconf 63' lang='lat' dir='ltr'><strong>Judaaorum</strong></span> <span class='ocrx_word' id='word_1_567' title='bbox 3147 4225 3420 4289; x_wconf 88' lang='lat' dir='ltr'><strong>perpetuo</strong></span> <span class='ocrx_word' id='word_1_568' title='bbox 3448 4219 3600 4274; x_wconf 86' lang='lat' dir='ltr'><strong>reti-</strong></span> 
     </span>
    </p>
   </div>
   <div class='ocr_carea' id='block_1_108' title="bbox 2533 4307 3599 4378">
    <p class='ocr_par' dir='ltr' id='par_1_108' title="bbox 2533 4307 3599 4378">
     <span class='ocr_line' id='line_1_108' title="bbox 2533 4307 3599 4378; baseline 0.001 -16"><span class='ocrx_word' id='word_1_569' title='bbox 2533 4318 2664 4362; x_wconf 90' lang='lat' dir='ltr'><strong>nere</strong></span> <span class='ocrx_word' id='word_1_570' title='bbox 2699 4319 2852 4361; x_wconf 90' lang='lat' dir='ltr'><strong>more</strong></span> <span class='ocrx_word' id='word_1_571' title='bbox 2897 4307 3103 4378; x_wconf 87' lang='lat' dir='ltr'><strong>patrio,</strong></span> <span class='ocrx_word' id='word_1_572' title='bbox 3133 4307 3362 4363; x_wconf 84' lang='lat' dir='ltr'><strong>Judicia</strong></span> <span class='ocrx_word' id='word_1_573' title='bbox 3397 4308 3468 4363; x_wconf 91' lang='lat' dir='ltr'><strong>de</strong></span> <span class='ocrx_word' id='word_1_574' title='bbox 3486 4308 3599 4363; x_wconf 86' lang='lat' dir='ltr'><strong>Ju-</strong></span> 
     </span>
    </p>
   </div>
   <div class='ocr_carea' id='block_1_109' title="bbox 2529 4395 3603 4468">
    <p class='ocr_par' dir='ltr' id='par_1_109' title="bbox 2529 4395 3603 4468">
     <span class='ocr_line' id='line_1_109' title="bbox 2529 4395 3603 4468; baseline 0.004 -18"><span class='ocrx_word' id='word_1_575' title='bbox 2529 4395 2694 4450; x_wconf 89' lang='lat' dir='ltr'><strong>daica</strong></span> <span class='ocrx_word' id='word_1_576' title='bbox 2739 4396 3074 4468; x_wconf 90' lang='lat' dir='ltr'><strong>disciplina,</strong></span> <span class='ocrx_word' id='word_1_577' title='bbox 3103 4404 3160 4453; x_wconf 91' lang='lat' dir='ltr'><strong>et</strong></span> <span class='ocrx_word' id='word_1_578' title='bbox 3191 4399 3324 4468; x_wconf 91' lang='lat' dir='ltr'><strong>jura</strong></span> <span class='ocrx_word' id='word_1_579' title='bbox 3349 4398 3603 4454; x_wconf 88' lang='lat' dir='ltr'><strong>decima-</strong></span> 
     </span>
    </p>
   </div>
   <div class='ocr_carea' id='block_1_110' title="bbox 2533 4489 3603 4556">
    <p class='ocr_par' dir='ltr' id='par_1_110' title="bbox 2533 4489 3603 4556">
     <span class='ocr_line' id='line_1_110' title="bbox 2533 4489 3603 4556; baseline 0.005 -15"><span class='ocrx_word' id='word_1_580' title='bbox 2533 4499 2682 4556; x_wconf 89' lang='lat' dir='ltr'><strong>rum,</strong></span> <span class='ocrx_word' id='word_1_581' title='bbox 2777 4499 2844 4542; x_wconf 91' lang='lat' dir='ltr'><strong>ac</strong></span> <span class='ocrx_word' id='word_1_582' title='bbox 2929 4494 3130 4543; x_wconf 67' lang='lat' dir='ltr'><strong>caetera</strong></span> <span class='ocrx_word' id='word_1_583' title='bbox 3211 4489 3603 4546; x_wconf 84' lang='lat' dir='ltr'><strong>Sacerdotalia</strong></span> 
     </span>
    </p>
   </div>
   <div class='ocr_carea' id='block_1_111' title="bbox 2530 4575 3600 4650">
    <p class='ocr_par' dir='ltr' id='par_1_111' title="bbox 2530 4575 3600 4650">
     <span class='ocr_line' id='line_1_111' title="bbox 2530 4575 3600 4650; baseline 0.004 -19"><span class='ocrx_word' id='word_1_584' title='bbox 2530 4575 2890 4631; x_wconf 89' lang='lat' dir='ltr'><strong>conﬁrmavit</strong></span> <span class='ocrx_word' id='word_1_585' title='bbox 2923 4590 3115 4649; x_wconf 78' lang='lat' dir='ltr'><strong>eaque</strong></span> <span class='ocrx_word' id='word_1_586' title='bbox 3154 4581 3225 4636; x_wconf 91' lang='lat' dir='ltr'><strong>de</strong></span> <span class='ocrx_word' id='word_1_587' title='bbox 3270 4591 3351 4650; x_wconf 92' lang='lat' dir='ltr'><strong>re,</strong></span> <span class='ocrx_word' id='word_1_588' title='bbox 3381 4581 3600 4638; x_wconf 81' lang='lat' dir='ltr'><strong>Roma-</strong></span> 
     </span>
    </p>
   </div>
   <div class='ocr_carea' id='block_1_112' title="bbox 2532 4667 3596 4743">
    <p class='ocr_par' dir='ltr' id='par_1_112' title="bbox 2532 4667 3596 4743">
     <span class='ocr_line' id='line_1_112' title="bbox 2532 4667 3596 4743; baseline 0.008 -24"><span class='ocrx_word' id='word_1_589' title='bbox 2532 4667 2644 4734; x_wconf 92' lang='lat' dir='ltr'><strong>nis,</strong></span> <span class='ocrx_word' id='word_1_590' title='bbox 2677 4672 2734 4722; x_wconf 91' lang='lat' dir='ltr'><strong>et</strong></span> <span class='ocrx_word' id='word_1_591' title='bbox 2762 4669 2978 4725; x_wconf 66' lang='lat' dir='ltr'><strong>Graacis</strong></span> <span class='ocrx_word' id='word_1_592' title='bbox 3031 4670 3246 4726; x_wconf 88' lang='lat' dir='ltr'><strong>litteris</strong></span> <span class='ocrx_word' id='word_1_593' title='bbox 3279 4672 3596 4743; x_wconf 85' lang='lat' dir='ltr'><strong>inscriptas</strong></span> 
     </span>
    </p>
   </div>
   <div class='ocr_carea' id='block_1_113' title="bbox 2531 4758 3600 4834">
    <p class='ocr_par' dir='ltr' id='par_1_113' title="bbox 2531 4758 3600 4834">
     <span class='ocr_line' id='line_1_113' title="bbox 2531 4758 3600 4834; baseline 0.006 -19"><span class='ocrx_word' id='word_1_594' title='bbox 2531 4771 2715 4815; x_wconf 63' lang='lat' dir='ltr'><strong>aeneas</strong></span> <span class='ocrx_word' id='word_1_595' title='bbox 2759 4758 2984 4815; x_wconf 87' lang='lat' dir='ltr'><strong>tabulas</strong></span> <span class='ocrx_word' id='word_1_596' title='bbox 3029 4769 3149 4817; x_wconf 86' lang='lat' dir='ltr'><strong>tum</strong></span> <span class='ocrx_word' id='word_1_597' title='bbox 3195 4763 3257 4818; x_wconf 92' lang='lat' dir='ltr'><strong>in</strong></span> <span class='ocrx_word' id='word_1_598' title='bbox 3310 4763 3600 4834; x_wconf 91' lang='lat' dir='ltr'><strong>Capitolio</strong></span> 
     </span>
    </p>
   </div>
   <div class='ocr_carea' id='block_1_114' title="bbox 2531 4849 3598 4921">
    <p class='ocr_par' dir='ltr' id='par_1_114' title="bbox 2531 4849 3598 4921">
     <span class='ocr_line' id='line_1_114' title="bbox 2531 4849 3598 4921; baseline 0.006 -19"><span class='ocrx_word' id='word_1_599' title='bbox 2531 4849 2739 4918; x_wconf 74' lang='lat' dir='ltr'><strong>Romae,</strong></span> <span class='ocrx_word' id='word_1_600' title='bbox 2773 4852 2894 4903; x_wconf 90' lang='lat' dir='ltr'><strong>tum</strong></span> <span class='ocrx_word' id='word_1_601' title='bbox 2939 4849 3090 4919; x_wconf 91' lang='lat' dir='ltr'><strong>apud</strong></span> <span class='ocrx_word' id='word_1_602' title='bbox 3133 4851 3364 4921; x_wconf 87' lang='lat' dir='ltr'><strong>Tyrum,</strong></span> <span class='ocrx_word' id='word_1_603' title='bbox 3414 4851 3598 4909; x_wconf 89' lang='lat' dir='ltr'><strong>Sido—</strong></span> 
     </span>
    </p>
   </div>
   <div class='ocr_carea' id='block_1_115' title="bbox 2532 4939 3597 5014">
    <p class='ocr_par' dir='ltr' id='par_1_115' title="bbox 2532 4939 3597 5014">
     <span class='ocr_line' id='line_1_115' title="bbox 2532 4939 3597 5014; baseline 0.004 -17"><span class='ocrx_word' id='word_1_604' title='bbox 2532 4954 2680 5011; x_wconf 88' lang='lat' dir='ltr'><strong>nem,</strong></span> <span class='ocrx_word' id='word_1_605' title='bbox 2711 4944 2767 4994; x_wconf 90' lang='lat' dir='ltr'><strong>et</strong></span> <span class='ocrx_word' id='word_1_606' title='bbox 2803 4939 3137 4997; x_wconf 88' lang='lat' dir='ltr'><strong>Ascalonem</strong></span> <span class='ocrx_word' id='word_1_607' title='bbox 3167 4944 3448 4999; x_wconf 89' lang='lat' dir='ltr'><strong>constitui</strong></span> <span class='ocrx_word' id='word_1_608' title='bbox 3470 4945 3597 5014; x_wconf 84' lang='lat' dir='ltr'><strong>jus-</strong></span> 
     </span>
    </p>
   </div>
   <div class='ocr_carea' id='block_1_116' title="bbox 2532 5028 3598 5107">
    <p class='ocr_par' dir='ltr' id='par_1_116' title="bbox 2532 5028 3598 5107">
     <span class='ocr_line' id='line_1_116' title="bbox 2532 5028 3598 5107; baseline 0.008 -22"><span class='ocrx_word' id='word_1_609' title='bbox 2532 5030 2611 5085; x_wconf 90' lang='lat' dir='ltr'><strong>sit</strong></span> <span class='ocrx_word' id='word_1_610' title='bbox 2639 5029 2770 5099; x_wconf 87' lang='lat' dir='ltr'><strong>[Jos.</strong></span> <span class='ocrx_word' id='word_1_611' title='bbox 2798 5029 2902 5084; x_wconf 88' lang='lat' dir='ltr'><strong>lib.</strong></span> <span class='ocrx_word' id='word_1_612' title='bbox 2931 5043 3049 5098; x_wconf 75' lang='lat' dir='ltr'><strong>xxv,</strong></span> <span class='ocrx_word' id='word_1_613' title='bbox 3082 5045 3132 5085; x_wconf 92' lang='lat' dir='ltr'><strong>c.</strong></span> <span class='ocrx_word' id='word_1_614' title='bbox 3158 5028 3267 5107; x_wconf 91' lang='lat'><strong>47].</strong></span> <span class='ocrx_word' id='word_1_615' title='bbox 3292 5034 3598 5105; x_wconf 83' lang='lat' dir='ltr'><strong>Antipater</strong></span> 
     </span>
    </p>
   </div>
   <div class='ocr_carea' id='block_1_117' title="bbox 2533 5117 3598 5189">
    <p class='ocr_par' dir='ltr' id='par_1_117' title="bbox 2533 5117 3598 5189">
     <span class='ocr_line' id='line_1_117' title="bbox 2533 5117 3598 5189; baseline 0.008 -16"><span class='ocrx_word' id='word_1_616' title='bbox 2533 5122 2866 5189; x_wconf 89' lang='lat' dir='ltr'><strong>procurator</strong></span> <span class='ocrx_word' id='word_1_617' title='bbox 2907 5117 3131 5188; x_wconf 67' lang='lat' dir='ltr'><strong>Judaew,</strong></span> <span class='ocrx_word' id='word_1_618' title='bbox 3160 5135 3290 5178; x_wconf 92' lang='lat' dir='ltr'><strong>cum</strong></span> <span class='ocrx_word' id='word_1_619' title='bbox 3319 5125 3598 5182; x_wconf 83' lang='lat' dir='ltr'><strong>animad-</strong></span> 
     </span>
    </p>
   </div>
   <div class='ocr_carea' id='block_1_118' title="bbox 2531 5209 3598 5287">
    <p class='ocr_par' dir='ltr' id='par_1_118' title="bbox 2531 5209 3598 5287">
     <span class='ocr_line' id='line_1_118' title="bbox 2531 5209 3598 5287; baseline 0.011 -25"><span class='ocrx_word' id='word_1_620' title='bbox 2531 5213 2771 5264; x_wconf 88' lang='lat' dir='ltr'><strong>verteret</strong></span> <span class='ocrx_word' id='word_1_621' title='bbox 2799 5209 3119 5277; x_wconf 83' lang='lat' dir='ltr'><strong>Hyrcanum</strong></span> <span class='ocrx_word' id='word_1_622' title='bbox 3164 5213 3486 5287; x_wconf 85' lang='lat' dir='ltr'><strong>stupidum,</strong></span> <span class='ocrx_word' id='word_1_623' title='bbox 3529 5231 3598 5273; x_wconf 92' lang='lat' dir='ltr'><strong>ac</strong></span> 
     </span>
    </p>
   </div>
   <div class='ocr_carea' id='block_1_119' title="bbox 2537 5298 3602 5376">
    <p class='ocr_par' dir='ltr' id='par_1_119' title="bbox 2537 5298 3602 5376">
     <span class='ocr_line' id='line_1_119' title="bbox 2537 5298 3602 5376; baseline 0.008 -22"><span class='ocrx_word' id='word_1_624' title='bbox 2537 5311 2784 5369; x_wconf 89' lang='lat' dir='ltr'><strong>segnem,</strong></span> <span class='ocrx_word' id='word_1_625' title='bbox 2812 5298 2965 5354; x_wconf 90' lang='lat' dir='ltr'><strong>ﬁlios</strong></span> <span class='ocrx_word' id='word_1_626' title='bbox 3011 5314 3148 5357; x_wconf 89' lang='lat' dir='ltr'><strong>suos</strong></span> <span class='ocrx_word' id='word_1_627' title='bbox 3176 5307 3448 5376; x_wconf 89' lang='lat' dir='ltr'><strong>regimini</strong></span> <span class='ocrx_word' id='word_1_628' title='bbox 3481 5321 3602 5376; x_wconf 93' lang='lat' dir='ltr'><strong>pu—</strong></span> 
     </span>
    </p>
   </div>
   <div class='ocr_carea' id='block_1_120' title="bbox 2527 5389 3595 5467">
    <p class='ocr_par' dir='ltr' id='par_1_120' title="bbox 2527 5389 3595 5467">
     <span class='ocr_line' id='line_1_120' title="bbox 2527 5389 3595 5467; baseline 0.007 -21"><span class='ocrx_word' id='word_1_629' title='bbox 2527 5391 2680 5447; x_wconf 88' lang='lat' dir='ltr'><strong>blico</strong></span> <span class='ocrx_word' id='word_1_630' title='bbox 2718 5389 2826 5445; x_wconf 87' lang='lat' dir='ltr'><strong>sub</strong></span> <span class='ocrx_word' id='word_1_631' title='bbox 2873 5391 3129 5460; x_wconf 88' lang='lat' dir='ltr'><strong>Hyrcano</strong></span> <span class='ocrx_word' id='word_1_632' title='bbox 3176 5393 3258 5449; x_wconf 90' lang='lat' dir='ltr'><strong>ita</strong></span> <span class='ocrx_word' id='word_1_633' title='bbox 3295 5395 3595 5467; x_wconf 83' lang='lat' dir='ltr'><strong>admovit;</strong></span> 
     </span>
    </p>
   </div>
   <div class='ocr_carea' id='block_1_121' title="bbox 2526 5479 3594 5548">
    <p class='ocr_par' dir='ltr' id='par_1_121' title="bbox 2526 5479 3594 5548">
     <span class='ocr_line' id='line_1_121' title="bbox 2526 5479 3594 5548; baseline 0.002 -9"><span class='ocrx_word' id='word_1_634' title='bbox 2526 5488 2592 5539; x_wconf 90' lang='lat' dir='ltr'><strong>ut</strong></span> <span class='ocrx_word' id='word_1_635' title='bbox 2623 5479 2928 5535; x_wconf 90' lang='lat' dir='ltr'><strong>Phasaelus</strong></span> <span class='ocrx_word' id='word_1_636' title='bbox 2958 5486 3094 5535; x_wconf 91' lang='lat' dir='ltr'><strong>natu</strong></span> <span class='ocrx_word' id='word_1_637' title='bbox 3122 5483 3429 5548; x_wconf 82' lang='lat' dir='ltr'><strong>maximus,</strong></span> <span class='ocrx_word' id='word_1_638' title='bbox 3464 5486 3594 5541; x_wconf 83' lang='lat' dir='ltr'><strong>Hie-</strong></span> 
     </span>
    </p>
   </div>
   <div class='ocr_carea' id='block_1_122' title="bbox 2525 5571 3590 5646">
    <p class='ocr_par' dir='ltr' id='par_1_122' title="bbox 2525 5571 3590 5646">
     <span class='ocr_line' id='line_1_122' title="bbox 2525 5571 3590 5646; baseline 0.002 -17"><span class='ocrx_word' id='word_1_639' title='bbox 2525 5571 2841 5646; x_wconf 62' lang='lat' dir='ltr'><strong>rosolyma,</strong></span> <span class='ocrx_word' id='word_1_640' title='bbox 2891 5578 2948 5629; x_wconf 90' lang='lat' dir='ltr'><strong>et</strong></span> <span class='ocrx_word' id='word_1_641' title='bbox 2971 5573 3441 5644; x_wconf 88' lang='lat' dir='ltr'><strong>circumjacentis</strong></span> <span class='ocrx_word' id='word_1_642' title='bbox 3490 5588 3590 5631; x_wconf 79' lang='lat' dir='ltr'><strong>re—</strong></span> 
     </span>
    </p>
   </div>
  </div>
