3998 6176
170 293 251 354 ωδ
1114 285 1451 343 CHRONOL.
1503 285 1784 344 CONSUL.
1840 285 1928 343 ET
1970 285 2135 343 CES.
2193 286 2358 342 ROM.
2419 287 2562 343 ETC.
3421 284 3527 346 406

211 417 352 474 Anni
408 413 567 468 Anni
595 415 744 469 Rom.
793 413 998 480 civiles,
1046 428 1332 482 eorumque
1360 428 1501 467 com-
1567 410 1724 482 Anni
1805 411 1862 468 A
1944 409 2109 482 Anni
2170 411 2327 465 Anni
2352 413 2566 466 Iuliani
2589 417 2714 481 pret
2736 412 2873 480 pliot'
2893 416 3019 466 ante
3068 415 3249 468 Eram
3306 411 3464 466 Anni

169 487 401 562 parum}.
490 499 710 562 mensus
728 480 1493 562 cum.’i_ii-(_1Cltristi_éommuni
1553 481 1736 562 U._G.‘
1925 480 2137 552 Olymp.
2411 480 2613 540 Christi
2653 499 3000 536 communem.
3269 539 3274 542 _
3309 488 3442 562 ante

180 555 222 616 et
257 558 385 632 cycli
483 560 534 609 et
562 571 686 608 cum
712 555 934 624 periodo
948 557 1176 609 Juliana
1199 555 1482 622 Scalige-ri.
1537 555 1739 632 anteet
2172 600 2360 632 (“mh
2383 601 2496 632 δην
2513 605 2686 632 “mh
2714 600 3101 632 nmmum“
3115 605 3231 632 Mm
3285 555 3472 608 Eram

412 600 587 704 κζ’-ζ
867 600 1338 704 ῖζξῖᾷζὲῒζ
1539 600 1711 693 ᾜὸξί
1720 600 1735 605 ⁷
2170 603 2304 674 gion
2313 600 2328 655 i
2337 616 2364 656 s
2383 601 2416 656 d
2429 615 2500 655 ux
2513 605 2660 704 esset
2675 619 2688 654 :
2714 600 2957 656 Herodes
2971 614 3103 656 vero
3115 605 3176 656 tu
3185 615 3235 656 m
3279 600 3480 680 (Erg;-

211 1568 346 1629 I667.

191 1660 262 1731 49,
291 1659 368 1718 49.

411 694 580 736 teram
614 678 857 748 Christi,
893 692 994 734 seu
1043 679 1268 734 Periodi
1299 678 1489 753 Julia-5
1549 678 1714 750 ῥαιίι,

407 783 496 824 nae
551 765 713 824 4666.
774 768 936 823 Hunc
993 780 1205 822 annum
1256 768 1490 838 signant

405 857 687 914 Consules
720 857 779 911 in
804 856 1191 913 marmoribus
1218 855 1488 926 Capitoli-

407 947 506 1003 nis
539 946 620 1001 ita
641 946 899 1015 expressi

478 1048 525 1090 C.
563 1046 763 1088 IVLIVS.
794 1045 839 1086 C.
875 1047 924 1088 P.
972 1046 1018 1088 C.
1055 1048 1109 1088 Ν.
1165 1047 1368 1090 CAESAR
1399 1047 1483 1089 III.

482 1136 540 1179 l.
566 1121 842 1178 aemilius
865 1134 947 1176 ιιι.
974 1119 1014 1175 f.
1043 1137 1099 1192 q.
1123 1135 1178 1176 n.
1212 1123 1482 1192 Lepidus.

554 1225 602 1265 C.
651 1224 858 1266 IVLIVS.
890 1223 936 1262 C.
972 1224 1023 1266 Ἠ.
1075 1223 1120 1262 C.
1170 1224 1223 1264 N.
1285 1223 1488 1264 CAESAR

557 1315 618 1357 III
654 1305 915 1355 DICIaIOI'.

551 1404 608 1444 Μ.
633 1402 898 1446 AEMILIVS
925 1401 983 1443 Μ.
1007 1403 1058 1444 F.
1079 1402 1130 1450 Ο.
1161 1403 1216 1445 Ν.
1242 1401 1487 1445 LEPIDVS.

554 1481 700 1550 Mag.
735 1479 932 1549 Equit.

485 1569 759 1640 Sigonius
793 1567 853 1623 in
899 1566 1210 1622 Comment.
1259 1566 1328 1622 ad
1378 1566 1491 1620 Fa—

414 1664 537 1716 stos
587 1659 656 1713 ad
705 1658 859 1713 hunc
887 1671 1100 1712 annum
1157 1656 1221 1711 V.
1270 1657 1329 1712 C.
1384 1651 1491 1711 707

412 1745 734 1823 [ineuntem
765 1761 834 1802 ex
875 1743 1177 1820 Palilibus]
1229 1745 1491 1801 observat

405 1838 596 1894 videri
624 1837 914 1892 diversam
967 1835 1307 1890 sententiam
1336 1835 1480 1904 ejus,

409 1928 514 1999 qui
549 1927 746 1982 Fastos
772 1924 1149 1994 'Capitolinos
1180 1923 1260 1979 ita
1289 1924 1491 1994 diges-

414 2019 517 2087 sit,
552 2015 623 2072 ab
652 2015 828 2071 altera
859 2027 1082 2078 eorum,
1114 2013 1215 2082 qui
1243 2013 1490 2069 Annales

408 2107 698 2162 Romanos
760 2103 1156 2172 scripserunt:
1210 2115 1340 2157 cum
1393 2101 1492 2157 ille

410 2209 566 2252 anno
618 2192 906 2264 superiori
937 2191 1286 2247 dictaturam
1319 2204 1358 2245 ιι
1391 2205 1493 2246 so—

417 2284 714 2340 lummodo
755 2280 1060 2349 attribuat,
1096 2280 1234 2335 huic
1287 2293 1418 2335 vero
1448 2284 1504 2335 et

405 2374 772 2430 consulatum
818 2385 878 2426 Ill
913 2375 969 2427 et
999 2371 1354 2426 Dictaturam
1401 2383 1487 2441 in,

405 2463 670 2535 proxime
719 2460 982 2531 sequenti
1026 2473 1081 2514 ιν
1114 2457 1480 2514 consulatum

403 2559 463 2608 et
501 2565 558 2605 ιν
612 2550 990 2620 Dictaturam,
1036 2552 1092 2602 et
1131 2547 1293 2602 alteri
1353 2551 1481 2615 post

404 2641 562 2697 hunc
592 2637 956 2696 consulatum
983 2651 1054 2705 v;
1100 2635 1239 2690 aliis
1265 2635 1336 2690 de
1373 2634 1480 2689 Di-

401 2736 633 2786 ctatura
680 2741 714 2780 v
760 2725 1172 2798 quaerentibus,
1205 2739 1331 2794 quae
1364 2737 1482 2779 nu-

403 2818 592 2888 spiam
635 2815 866 2888 legitur.
901 2813 1187 2869 Conciliat
1207 2812 1478 2883 Sigonius

405 2902 486 2980 [et
513 2919 620 2961 nos
650 2918 777 2960 cum
831 2903 930 2958 illo
961 2902 1223 2958 tollimus
1254 2915 1477 2956 omnem

402 2988 878 3066 controversiam]
928 2989 1224 3060 productis
1290 2988 1478 3044 verbis

401 3083 631 3138 Dionis.
703 3083 920 3135 Postero
966 3094 1089 3132 vero
1132 3094 1276 3132 anno
1327 3073 1480 3150 [post

403 3185 559 3241 eum,
611 3183 777 3241 quem
808 3169 1058 3224 dictator
1096 3180 1136 3221 ιι
1189 3161 1473 3239 exegerat]

403 3261 750 3315 Dictaturam
791 3270 1004 3325 quoque
1033 3271 1147 3309 una
1193 3249 1314 3308 cum
1342 3269 1480 3307 con-

404 3349 613 3410 sulatu,
684 3352 974 3414 utrumque
1025 3346 1245 3399 tertium
1287 3344 1473 3411 gessit,

404 3437 611 3505 collega
667 3437 776 3490 sibi
821 3438 1106 3502 surrogato
1148 3435 1210 3488 in
1245 3438 1476 3502 utroque

403 3528 736 3594 magistratu
763 3525 833 3578 Μ.
867 3522 1089 3594 Lepido.

727 3674 856 3730 RES
895 3672 1151 3729 GESTE.

477 3793 664 3847 Caesar
732 3796 927 3846 contra
1003 3789 1060 3842 P.
1145 3785 1476 3841 Cornelium

403 3863 732 3933 Scipionem
779 3860 1031 3930 Pompeii
1071 3858 1256 3928 Magni
1286 3869 1478 3933 soce-

408 3928 558 4004 rum,
591 3935 662 3988 Μ.
696 3928 982 4001 Catonem,
1014 3937 1072 3985 et
1121 3928 1477 4004 Mauritaniae

407 4001 595 4078 regem
666 4006 921 4078 Jubam,_
958 4001 1337 4078 expeditione
1369 4013 1479 4078 su-

410 4069 598 4147 scépta
620 4089 714 4131 xiv
746 4069 1158 4147 Kal.'Janu:_irii
1200 4069 1256 4143 [9
1300 4073 1478 4147 Qcto—

409 4141 700 4228 iri'senni
745 4149 866 4228 Ρες-
915 4141 1076 4228 4697.1
1109 4141 1472 4228 verissim"

411 4219 758 4288 Lilybaeum;
789 4223 846 4273 et
875 4224 998 4286 post
1020 4212 1123 4288 die
1147 4212 1214 4268 42
1246 4215 1303 4288 in
1335 4225 1479 4288 con—

415 4279 612 4360 pec'tus
668 4279 886 4343 Africae
937 4287 1052 4344 fuit
1098 4284 1344 4360 [Hirtius
1409 4285 1480 4338 de

413 4362 579 4436 bello;
605 4358 753 4436 Aha]
801 4360 1066 4436 Kalendis
1107 4357 1479 4436 eersdanua—

411 4437 510 4486 riis
544 4428 674 4506 [hoc
719 4427 806 4506 est
849 4429 1245 4506 anniJuliani
1287 4427 1481 4506 prole:-

414 4496 564 4574 ιηιοῖ
599 4504 697 4558 die
740 4502 813 4558 23
855 4501 1165 4574 Octobris]
1197 4504 1386 4574 castra
1411 4496 1478 4574 ad

410 4565 700 4646 Oppidum
734 4575 1044 4647 Ruspirnam
1078 4565 1283 4647 habuit
1311 4565 1478 4647 _[ibi].

413 4639 643 4703 lii'acie
687 4639 951 4701 constitit
996 4658 1077 4700 xu
1123 4641 1247 4696 Kal.
1294 4639 1477 4706 April.

415 4714 698 4792 [Januarii
734 4718 953 4792 Juliani
991 4718 1086 4771 die
1127 4711 1182 4792 δ]
1241 4713 1482 4792 lustrato

414 4783 697 4845 Exercitu.
727 4791 918 4845 Pridie
935 4800 1113 4843 nonas
1129 4783 1311 4856 A'pril.
1337 4783 1480 4855 Han.

412 4857 526 4935 22.]
555 4862 757 4916 iubam
794 4868 852 4916 et
898 4860 1218 4935 Scipionem
1266 4865 1484 4935 memo-

417 4932 590 5004 rabili
621 4960 810 5019 pugna
837 4932 1325 5019 summm?!-
1348 4934 1485 5019 Cat?

413 5021 527 5077 sibi
564 5005 764 5074 maniis
792 5016 1087 5089 intulisset
1109 5008 1355 5089 [Hirtius
1385 5005 1484 5089 ubi

415 5090 635 5167 supra].
653 5091 924 5175 Africano
946 5086 1094 5143 bello
1103 5080 1364 5169 confecto
1386 5080 1489 5134 ldi-

415 5167 522 5223 bus
549 5167 711 5221 Junii
763 5159 878 5238 [die
919 5157 1200 5238 5_Aprilis
1245 5147 1484 5238 Juliani]

417 5175 522 5223 bus
549 5175 711 5221 Junll
763 5175 878 5238 [die
919 5175 1200 5228 DApl’llIS
1245 5175 1484 5225 Juuum]

417 5239 482 5294 ad
521 5243 748 5308 portum
785 5233 1176 5308 Cailaritanum
1209 5225 1489 5308 appulsus

419 5298 545 5379 post
573 5309 702 5379 dies
729 5301 1290 5379 xv,_l{omam__venit.
1326 5298 1490 5379 [Hir-

419 5294 545 5379 ι)οεί
573 5309 702 5364 dies
729 5319 824 5365 xv.
855 5307 1086 5358 Romam
1117 5294 1298 5356 venit.
1325 5294 1349 5446 ᾗ

419 5384 537 5439 tius
571 5382 631 5435 in
655 5377 754 5433 fin.
791 5376 891 5431 lib.
925 5375 996 5431 de
1022 5371 1171 5446 bello
1187 5371 1320 5446 ‘Afr.

489 5453 752 5522 Quatuor
803 5444 1137 5522 triumphos
1186 5443 1290 5498 hoc
1326 5443 1492 5522 'anno

427 5511 612 5583 Romae
674 5519 848 5576 duxit
891 5511 1082 5574 eodem
1136 5527 1340 5579 mense,
1392 5511 1488 5567 sed

430 5597 751 5665 interjectis
779 5589 985 5646 diebus
1007 5587 1257 5658 [Sueton.
1293 5586 1352 5639 in
1375 5583 1486 5638 Jul.

2166 691 2496 748 adolescens
2561 686 2627 744 45
2671 695 2772 744 aut
2819 696 2969 744 certe
3015 691 3246 759 juvenis

2163 779 2234 838 25
2255 791 2537 834 annorum
2567 773 2654 849 [ut
2681 791 2748 832 ex
2773 777 3008 833 Nicolao
3027 780 3241 835 Dama—

2165 881 2333 924 sceuo
2414 866 2642 936 Josephi
2719 866 2957 922 codices.
2983 870 3247 925 emendat

2164 957 2432 1013 Usserius
2457 953 2554 1011 fol.
2588 953 2693 1011 353
2719 953 3036 1032 annalium]
3068 957 3240 1014 Gali-

2170 1046 2330 1102 laeam
2360 1044 2811 1100 administraret.

2610 1147 2698 1206 47.

2237 1255 2438 1307 Annus
2500 1249 2646 1305 alter
2704 1250 3056 1320 prolepticus
3103 1251 3239 1323 styli

2164 1340 2382 1396 Juliani
2445 1347 2575 1394 ante
2630 1339 2819 1395 ordin.
2874 1341 3134 1412 Caesaris,
3189 1347 3246 1397 et

2168 1426 2236 1485 47
2310 1434 2442 1484 ante
2504 1442 2673 1483 atram
2749 1429 2966 1485 Christi
3039 1443 3244 1487 comm.

2166 1517 2394 1574 Periodi
2450 1515 2560 1572 Jul.
2636 1514 2795 1587 4665,
2860 1518 3082 1574 obtinet
3111 1533 3249 1576 suas

2169 1608 2447 1662 Kalendas
2503 1610 2765 1662 Januarii
2817 1608 2913 1663 die
2958 1605 3048 1672 74,
3111 1608 3249 1664 anni

2171 1696 2632 1766 Tarquiniensis,
2669 1709 2770 1750 seu
2813 1695 3009 1750 civilis
3034 1695 3247 1751 Roma-

2175 1799 2401 1850 norum,
2437 1798 2562 1854 quae
2588 1784 2889 1839 dicebatur
2934 1780 3000 1838 44
3026 1784 3239 1855 Martii,

2169 1886 2271 1928 seu
2303 1872 2457 1927 Prid.
2484 1874 2564 1927 Id.
2599 1875 2759 1927 Mart.
2785 1871 3018 1927 Constat
3037 1871 3242 1927 diebus

2169 1959 2292 2017 365.
2339 1961 2613 2031 Signatur
2663 1961 2966 2016 consulatu
2996 1963 3029 2018 3
3052 1960 3245 2016 Cassa-

2172 2053 2275 2121 ris,
2333 2057 2391 2106 et
2415 2051 2705 2106 dictatura
2744 2047 2779 2106 3
2808 2051 3087 2120 ejusdem,
3117 2049 3246 2105 col-

2170 2140 2294 2211 lega
2325 2140 2556 2209 Lepido.

1911 2228 1994 2284 Ol.
2051 2226 2152 2285 483
2250 2230 2310 2285 C.
2336 2229 2490 2285 Julio
2518 2229 2738 2285 Caesare
2762 2242 2878 2284 eos.
2927 2241 2990 2283 ιιι
3017 2231 3075 2282 et
3101 2225 3243 2282 dict.

1906 2331 1946 2374 ιι
1978 2323 2028 2374 et
2052 2333 2137 2375 ιιι.
2169 2334 2234 2375 ιιι
2257 2321 2328 2374 Μ.
2353 2319 2856 2387 EmilioLep.cos.
2887 2321 2945 2372 et
2972 2318 3117 2387 Mag,
3139 2315 3238 2385 Eq.

2484 2443 2611 2498 RES
2654 2442 2912 2498 GESTAE.

2231 2552 2479 2606 Herodes
2541 2550 2827 2619 specimen
2879 2548 3040 2603 dedit
3079 2547 3240 2618 vigi—

2161 2640 2353 2694 lantia:
2400 2641 2458 2694 in
2508 2653 2614 2696 suo
2668 2638 3016 2700 ministerio,
3076 2650 3241 2691 com-

2163 2731 2441 2801 prehenso
2471 2728 2709 2784 Ezechia
2727 2727 3014 2782 latronum
3044 2726 3224 2795 duce;

2157 2819 2253 2874 sed
2289 2819 2348 2872 in
2377 2831 2443 2873 eo
2477 2817 2644 2872 morti
2675 2815 2995 2882 addicendo
3028 2815 3224 2871 incon-

2157 2907 2312 2963 sulto
2354 2905 2620 2975 pontiﬁce
2663 2905 2942 2975 Hyrcano;
2970 2904 3227 2959 audaciai

2163 3001 2397 3052 notatus
2443 2993 2556 3050 fuit
2581 2994 2651 3048 ab
2703 2992 3096 3064 Optimatibus
3123 2994 3234 3049 Ju-

2161 3086 2434 3155 dteorum,
2467 3089 2523 3139 et
2573 3082 2944 3152 injudicium
2997 3086 3232 3138 vocatus

2161 3173 2312 3242 apud
2387 3173 2646 3226 eumdem
2722 3173 3063 3240 Hyrcanum,
3136 3169 3232 3224 cui

2160 3260 2510 3326 detulerunt,
2601 3258 2771 3312 etiam
2875 3257 3232 3326 Phasaelum,

2160 3345 2360 3401 fratris
2382 3344 2659 3414 exemplo,
2693 3343 3033 3398 insolescere
3058 3360 3074 3411 ;
3097 3343 3237 3397 licet

2159 3434 2460 3506 Antipater
2509 3435 2816 3504 utriusque
2843 3439 3001 3501 pater
3035 3444 3095 3486 se
3122 3429 3233 3486 ob—

2161 3529 2490 3594 sequentem
2579 3520 2838 3591 pontitici
2908 3517 3224 3587 exhiberet,

2160 3613 2261 3682 qui
2322 3618 2509 3666 tamen
2561 3611 2708 3665 citra
2758 3621 2960 3664 nomen
3007 3607 3232 3678 regium

2159 3698 2452 3755 colebatur
2507 3709 2618 3752 non
2662 3710 2829 3752 secus
2867 3709 2936 3750 ac
2983 3695 3106 3765 ipse
3136 3707 3234 3750 re~.

2159 3795 2376 3861 gnaret.
2431 3788 2659 3844 Sextum
2724 3787 2999 3841 Caisarem
3055 3783 3233 3852 Syria:

2161 3876 2557 3947 proconsulem
2590 3874 2927 3930 muneribus
2955 3874 3033 3927 ita
3053 3872 3238 3928 deme~

2161 3975 2355 4022 ruerat
2381 3962 2595 4038 [iisque
2615 3963 2686 4019 ab
2706 3966 2960 4034 Hyrcano
2985 3962 3237 4032 erogatis

2163 4056 2299 4112 licet
2340 4069 2446 4112 suo
2476 4055 2707 4109 nomine
2751 4048 2998 4125 offerret]
3035 4058 3096 4105 ut
3123 4065 3235 4105 au—

2161 4155 2284 4203 ctor
2313 4145 2492 4202 fuerit
2506 4150 2704 4198 sextus
2721 4143 2974 4211 llyrcano
2997 4139 3236 4194 Herodis

2161 4236 2514 4295 absolvendi.
2572 4233 2718 4288 Malo
2779 4237 2966 4286 tamen
3031 4241 3138 4283 suo
3176 4227 3234 4283 id

2163 4327 2436 4399 praestitit
2484 4327 2796 4395 Hyrcanus,
2831 4326 2894 4375 ut
2932 4317 3238 4374 Sameasin

2163 4416 2413 4475 concilio
2443 4412 2835 4470 ominabatur.
2858 4410 3064 4464 Sextus
3083 4406 3236 4471 enim

2171 4509 2376 4570 Caasar,
2403 4510 2633 4573 accepta
2665 4499 2928 4570 pecunia,
2964 4497 3237 4552 Herodem

2174 4594 2426 4668 praefecit
2458 4589 2815 4658 leesyriae:
2848 4600 2916 4642 ex
2959 4598 3074 4655 quo
3105 4597 3240 4638 mu-

2167 4697 2299 4740 nere
2358 4681 2539 4736 fomes
2601 4677 2692 4732 illi
2771 4674 3232 4740 ministrabatur,

2167 4786 2324 4831 arma
2354 4776 2554 4827 contra
2600 4769 2920 4838 Hyrcanum
2953 4760 3237 4824 movendi,

2171 4871 2227 4918 et
2253 4859 2699 4929 Hierosolymam
2757 4851 3081 4918 obsidendi,
3126 4848 3237 4904 nisi

2177 4958 2335 5021 pater
2420 4962 2486 5002 ac
2577 4945 2752 5000 frater
2855 4940 3235 4998 obstitissent.

2168 5039 2374 5108 Joseph
2407 5036 2508 5091 lib.
2543 5046 2662 5102 xxv,
2693 5047 2816 5102 cap.
2868 5028 2953 5084 47.

2242 5130 2451 5184 Sextur
2501 5124 2687 5180 Caesar
2727 5137 2760 5177 a
2792 5119 3021 5177 Ctecilio
3070 5119 3243 5174 Basso

2173 5219 2577 5290 reprehensus,
2605 5213 2755 5285 quod
2801 5211 3080 5283 legionem
3121 5222 3153 5264 a
3180 5209 3240 5265 C.

2173 5311 2390 5367 Caesare
2410 5307 2525 5363 sibi
2555 5303 2939 5362 concreditam
2969 5301 3247 5356 indecen-

2176 5407 2270 5457 ter
2312 5399 2563 5455 haberet.
2594 5397 2730 5452 dum
2769 5392 2983 5450 attrahi
3008 5392 3242 5446 Bassum

2172 5490 2417 5560 juberet,
2446 5502 2542 5558 per
2569 5485 2879 5543 tumultum
2924 5497 2956 5536 a
2981 5480 3244 5550 legiona—

2185 5581 2293 5637 riis
2329 5579 2633 5636 occiditur.
2665 5576 2980 5644 Conjurant
3033 5571 3244 5630 contu-

3346 1152 3417 1211 47
