3998 6176
447 215 551 276 407
1242 227 1337 283 AD
1372 231 1804 294 ANASTASIUM
1843 239 2356 302 PROLEGOMENA
2393 247 2569 303 EDIT.
2614 249 3041 308 ROM.-VATIC.

509 344 668 447 Anni
727 347 883 402 Anni
903 350 1050 405 Rom.
1086 355 1287 447 ciuilis,
1331 371 1620 447 eorumque
1648 378 1798 416 com—
1868 365 2040 447 Ann:
2114 369 2174 430 A
2249 369 2421 447 Αᾼηηί
2480 373 2636 428 Anni
2651 376 2864 447 Iuliani
2890 381 3013 446 prot
3038 379 3176 447 plici
3200 384 3328 434 ante
3356 379 3541 435 IEram
3624 385 3784 441 Anni

803 435 1021 503 mensus
1045 439 1164 477 cum
1188 429 1317 511 {Era
1344 416 1546 511 Christ-3'
1577 448 1806 511 commu-
1868 416 1934 490 if:
1978 436 2036 491 Ο.
2114 416 2174 430 ’⁵
2235 439 2446 511 Olymp.
2692 416 2925 501 Christi”
2977 416 3325 505 co-‘Inmunem.

524 487 636 572 ραι.
655 557 668 572 .
803 493 865 544 ni
893 498 944 544 ct
972 509 1092 547 cum
1106 499 1334 564 periodo
1342 500 1571 567 juliana
1596 504 1798 572 Sculig.
1875 487 2014 561 ante

483 557 686 702 etgg.
731 596 971 702 239:.37,
1005 557 1310 702 paérculq
1342 557 1454 660 Iib.
1513 622 1574 702 ιι,
1609 624 1657 664 c.
1833 594 1860 631 e

733 686 1042 760 Gallicum,
1093 691 1415 765 Ponticum,
1463 686 1812 756 Alexandri;

728 787 888 846 num,
913 783 970 832 et
997 777 1351 838 Africanum.

799 864 951 920 Anni
999 869 1450 928 emendationem
1524 875 1802 946 instituit,

733 966 876 1008 usus
904 967 1074 1024 opera
1111 957 1406 1029 Sosigenis
1437 962 1496 1017 in
1525 975 1585 1019 re
1613 972 1808 1023 astro—

740 1041 983 1112 nomica,
1015 1048 1071 1100 et
1121 1046 1300 1103 Flavii
1346 1050 1550 1108 scriba:
1589 1054 1648 1110 in
1699 1057 1812 1112 Fa-

732 1129 841 1185 stis
856 1131 1216 1190 ordinandis.
1245 1137 1350 1193 Dio
1367 1138 1478 1194 lib.
1507 1155 1680 1214 xLIII;
1702 1146 1812 1200 Ma-

731 1217 887 1276 crob.
919 1220 1148 1279 Saturn.
1198 1223 1303 1281 lib.
1335 1241 1373 1297 I,
1406 1243 1530 1299 cap.
1578 1229 1664 1288 44.

802 1311 1006 1367 Annus
1031 1315 1228 1371 clvilis
1257 1315 1639 1378 Romanorum
1674 1339 1814 1394 pro—

733 1399 888 1456 xime
972 1406 1294 1474 praecaiens
1363 1422 1564 1466 novam
1641 1415 1809 1470 ordi-

736 1489 1020 1548 nationem
1090 1507 1370 1552 annorum
1445 1498 1807 1559 Julianorum

731 1578 972 1637 Caesaris
1017 1583 1340 1656 dictatoris,
1376 1588 1475 1658 qul
1530 1595 1588 1644 et
1627 1607 1808 1647 annus

732 1670 1069 1734 confusionis
1138 1674 1332 1731 dictus
1401 1682 1506 1746 est,
1586 1687 1810 1737 constat

730 1756 938 1814 diebus
973 1757 1098 1830 445,
1154 1763 1368 1834 quibus
1398 1768 1670 1835 praecedit
1692 1769 1812 1825 Ka-

730 1845 931 1903 lendas
973 1850 1277 1906 Januarias
1330 1855 1467 1910 anni
1525 1857 1809 1927 principis

738 1933 798 1989 in
844 1936 992 1993 serie
1032 1938 1282 2009 Juliana,
1331 1955 1434 2000 seu
1485 1958 1698 2003 annum
1740 1945 1810 2006 45

727 2027 859 2080 ante
921 2041 1091 2084 teram
1145 2029 1364 2087 Christi
1425 2047 1802 2094 communem.

797 2114 936 2183 Ejus
963 2118 1220 2174 Kalendx
1234 2123 1516 2178 Ianuariae
1541 2125 1808 2184 incidunt

729 2199 788 2254 in
810 2200 964 2256 diem
996 2200 1062 2259 43
1085 2204 1350 2266 Octobris
1374 2213 1512 2268 anni
1535 2213 1657 2270 Per.
1687 2216 1803 2272 Jul.

725 2284 868 2344 4667
891 2296 948 2347 et
966 2295 1588 2361 praeceduntdiebusSO
1609 2304 1810 2361 Kalen-

724 2375 828 2430 das
842 2378 1071 2435 Januar.
1093 2384 1229 2439 anni
1253 2381 1412 2456 4668,
1435 2389 1682 2446 Per.Jul.
1703 2407 1805 2449 seu

723 2460 794 2519 46
816 2474 946 2522 ante
984 2481 1153 2525 teram
1178 2471 1391 2530 Christi
1423 2491 1802 2534 communem.

792 2555 1003 2613 Praeter
1066 2573 1289 2617 menses
1354 2565 1656 2636 Tarquinii
1721 2582 1802 2624 xu

459 2635 551 2708 20,
603 2635 690 2696 43.
724 2645 825 2714 qui
855 2648 1294 2706 constituuntur
1313 2635 1520 2709 diebus
1543 2653 1666 2725 355,
1695 2656 1806 2712 ob-

543 2727 614 2782 E.
722 2732 906 2788 tinuit
966 2742 1083 2792 tres
1141 2752 1360 2795 menses
1401 2742 1797 2816 interkalares,

719 2831 920 2890 nempe
946 2823 1372 2884 Merkedonium
1427 2829 1654 2886 dierum
1707 2830 1797 2899 23,

723 2909 880 2965 inser
926 2911 1086 2968 Febr.
1118 2921 1175 2970 et
1205 2917 1495 2988 Martium,
1546 2927 1603 2976 et
1653 2922 1800 2980 duos

718 2997 1099 3056 Interkalares
1178 3004 1330 3060 inter
1412 3009 1801 3083 Novembrem,

721 3097 788 3140 ac
841 3088 1203 3145 Decembrem
1265 3093 1528 3164 singulos
1575 3098 1802 3156 dierum

719 3169 808 3229 34.
863 3174 1096 3232 Summa
1139 3179 1366 3236 dierum
1442 3182 1617 3253 hujus
1664 3189 1801 3244 anni

721 3260 1085 3320 confusionis
1163 3265 1279 3324 fuit
1327 3266 1449 3327 445.
1505 3273 1798 3332 Censorin.

653 3343 658 3347 ’
718 3348 791 3405 de
816 3349 913 3407 die
935 3356 1048 3408 nat.
1091 3368 1218 3410 can.
1249 3355 1304 3411 8.

791 3439 1066 3512 Signatus
1091 3441 1205 3501 fuit
1228 3449 1534 3507 consulatu
1559 3451 1806 3511 Caesaris

723 3534 930 3598 quarto
948 3531 1075 3588 sine
1099 3533 1336 3607 collega,
1370 3539 1623 3608 ejusdem
1638 3543 1817 3599 dicta-
1877 3546 1929 3600 A
1985 3550 2029 3602 Ρ

723 3621 852 3672 tura
883 3620 1090 3686 partim
1117 3636 1204 3693 III,
1240 3627 1449 3694 partim
1482 3643 1592 3698 IIII,
1618 3636 1682 3686 ut
1707 3645 1810 3687 os—
1897 3631 2006 3690 707

1915 3725 2002 3780 PP

459 3793 600 3848 Dict.
636 3806 698 3848 III
797 3805 844 3846 c.
874 3807 1077 3851 IVLIVS.
1100 3812 1146 3852 c.
1172 3814 1222 3854 ιι.
1246 3814 1363 3856 an.
1386 3816 1822 3867 cxssxnmmcr.
1885 3809 2011 3871 708.

723 3706 1139 3765 tenduntFasti
1155 3717 1806 3788 marmoreiCapitolini.

832 3896 891 3936 M.
917 3896 1196 3940 AEMILIVS.
1233 3901 1292 3941 M.
1316 3903 1365 3943 F.
1421 3907 1534 3952 Q.N.
1579 3909 1808 3955 LEPIDVS

916 3985 1046 4044 uag.
1100 3987 1190 4045 eq.
1242 3988 1420 4033 nonan
1447 3994 1594 4036 anno

723 4073 772 4115 C.
815 4077 1010 4119 IVLIVS.
1060 4077 1108 4118 C.
1153 4079 1202 4120 F.
1256 4080 1302 4121 C.
1356 4083 1408 4124 N.
1459 4083 1663 4128 CAESAR
1715 4090 1801 4132 IIII

928 4168 1052 4210 SINE
1082 4159 1297 4231 collega
1319 4174 1496 4216 EODEM
1517 4174 1663 4218 ANNO

522 4236 644 4292 Cass
716 4253 767 4302 ο.
791 4253 1002 4300 FABIVS.
1036 4262 1086 4308 ο.
1143 4262 1190 4302 F.
1222 4264 1274 4312 ο.
1331 4265 1394 4306 ιι.
1442 4268 1713 4313 ιιιλιιιιινδ.
1745 4273 1802 4315 ιιι

794 4332 1121 4402 magistratu
1198 4352 1466 4398 nonrvvs.
1544 4359 1658 4400 EST.
1716 4361 1794 4403 ιιι.

863 4443 1008 4487 EIVS.
1038 4447 1236 4491 Locum
1286 4439 1506 4496 sutfect.
1539 4455 1584 4496 c.
1637 4456 1799 4498 CANI-

938 4537 1086 4580 NIVS.
1118 4538 1162 4580 c.
1189 4541 1236 4583 F.
1264 4541 1307 4582 c.
1345 4543 1397 4584 N.
1433 4530 1625 4587 asbila

722 4614 780 4664 et
809 4610 868 4666 in
897 4613 1112 4671 Tabula
1139 4617 1435 4676 Colotiana
1461 4623 1608 4691 apud
1636 4623 1800 4678 Grut.

720 4699 820 4757 fol.
897 4700 1023 4760 298.
1078 4718 1123 4760 c.
1190 4721 1399 4763 IVLIVS.
1463 4723 1663 4768 CAESAR
1715 4727 1799 4769 IIII

725 4803 850 4845 SINE
901 4805 1139 4849 CONLEGA
1212 4810 1470 4853 mauros
1543 4798 1798 4868 (tertium

791 4879 1130 4954 designatus
1169 4885 1458 4957 quartum)

976 4989 1028 5037 Ο.
1122 4990 1331 5032 FABIUS.
1407 4991 1660 5035 MAXIMUS
1749 4993 1794 5035 C.

727 4996 920 5105 SVF
976 4996 1028 5037 ρ.
1123 4996 1331 5032 FABIUS.
1407 4996 1660 5035 MAXIMUS
1749 4996 1794 5035 C.

975 5079 1298 5122 TREBONIVS.
1331 5080 1360 5122 C
1387 5080 1660 5124 CANINIVS.
1692 5083 1738 5124 C.
1771 5085 1801 5126 F

721 5161 768 5203 C.
831 5164 1034 5208 IVLIVS.
1108 5169 1329 5210 CAESAR.
1396 5170 1534 5211 DIC’I‘.
1603 5172 1679 5213 IV.
1734 5173 1794 5213 Μ.

717 5250 996 5294 AEMILIVS.
1031 5255 1095 5296 II.
1137 5257 1228 5313 aq.

791 5325 992 5382 Annus
1021 5331 1357 5386 consulatus
1386 5345 1450 5387 III
1497 5333 1799 5392 absolutus

720 5420 864 5486 erat,
897 5416 1124 5486 quando
1169 5418 1355 5474 Caesar
1382 5419 1555 5476 inivit
1583 5436 1800 5480 consu-

721 5506 900 5562 latum
941 5518 1049 5576 IIII,
1082 5506 1177 5561 sed
1207 5507 1460 5564 nondum
1493 5510 1796 5570 absolutus

1863 583 1884 632 t
1917 581 2060 648 ρίοεί

1870 650 2034 704 Palil.

2117 1700 2168 1761 Β

2481 710 2739 780 Apameae
2783 712 3136 769 nominatum
3221 715 3533 771 muniebat.

2482 797 2540 852 C.
2575 798 2868 855 Antistius
2899 802 3090 872 Vetus,
3123 802 3345 874 aliique
3371 803 3553 860 Caesa-

2486 886 2637 942 riani
2683 889 2944 944 eumdem
2977 890 3206 957 obdent,

2555 976 2854 1046 Antipater
2880 979 3222 1036 Casarianis
3255 995 3355 1052 per
3395 983 3549 1041 ﬁlios

2487 1076 2626 1120 suos
2642 1065 3046 1123 subministrat
3067 1069 3290 1125 auxilia
3304 1073 3416 1128 Jos.
3442 1073 3546 1129 lib.

2489 1153 2678 1208 IBelli
2727 1168 2852 1224 cap.
2918 1154 2956 1212 8
2992 1163 3048 1212 et
3077 1156 3180 1213 lib.
3236 1173 3335 1214 XIV
3381 1162 3556 1220 Anti—

2487 1243 2634 1313 quit.
2659 1257 2710 1299 c.
2746 1240 2811 1300 47
2836 1250 2894 1301 et
2919 1247 3028 1303 Dio
3060 1247 3166 1303 lib.
3199 1263 3373 1306 XLVII.

2216 1419 2427 1490 Olymp.
2544 1420 2748 1478 Annus
2779 1423 3003 1492 primus
3030 1426 3389 1498 prolepticus
3411 1431 3546 1501 styli

2297 1505 2399 1564 483
2486 1509 2702 1566 Iuliani
2734 1518 2865 1568 ante
2912 1514 3334 1573 ordinationem
3364 1519 3556 1576 Caesa-

2230 1612 2294 1654 III
2361 1601 2412 1652 et
2433 1611 2487 1652 Iv
2518 1599 2622 1668 ris,
2653 1603 2710 1655 et
2730 1597 2798 1656 46
2823 1607 2953 1658 ante
2981 1617 3151 1658 seram
3179 1605 3396 1662 Christi
3420 1622 3567 1665 com-

2482 1701 2708 1743 munem
2786 1690 3012 1746 Periodi
3073 1692 3316 1750 Julianae
3386 1694 3545 1766 4668,

2484 1773 2705 1831 obtinet
2736 1791 2872 1832 suas
2929 1780 3209 1835 Kalendas
3255 1784 3557 1842 Januarias

2489 1863 2585 1918 die
2621 1861 2684 1918 84
2737 1866 2874 1920 anni
2922 1868 3118 1924 civilis
3157 1870 3418 1941 Romani,
3452 1877 3552 1945 qui
3644 1869 3654 1878 ”

2489 1954 2840 2020 Ponfusionis
2871 1972 3052 2010 annus
3103 1959 3281 2014 dictus
3334 1960 3468 2032 fuit,
3500 1972 3557 2021 et

2489 2040 2616 2096 dies
2684 2039 2790 2098 445
2841 2044 3133 2102 obtinuit:
3197 2063 3396 2121 nempe
3460 2053 3559 2110 die

2489 2128 2552 2186 24
2613 2132 2965 2189 Merkedonii
3044 2136 3195 2192 inter
3270 2139 3431 2196 Febr.
3501 2147 3558 2198 et

2490 2221 2761 2276 Martium
2804 2223 3156 2296 interkalati,
3184 2239 3287 2282 seu
3335 2242 3390 2283 Iv
3429 2230 3553 2286 Kal.

2489 2310 2702 2364 Martii.
2731 2311 3183 2373 Constatdiebus
3205 2316 3557 2392 365.5ign1—

2489 2405 2589 2455 tur
2616 2401 2852 2458 initium
2882 2405 3017 2459 anni

2557 2491 2615 2546 C.
2653 2493 2804 2548 Julio
2827 2492 3043 2549 Caesare
3072 2509 3126 2549 Iv
3155 2496 3298 2566 solo,
3322 2497 3558 2555 eodem—

2490 2594 2600 2651 que
2641 2581 2923 2638 dictatore
2951 2597 3039 2650 III,
3085 2584 3384 2656 designato
3434 2601 3550 2643 IIII.

2560 2669 2724 2725 Anno
2766 2672 3162 2742 procendente,
3191 2675 3261 2730 ad
3303 2681 3418 2731 tres
3446 2691 3557 2733 no-

2487 2755 2758 2811 vissimos
2805 2758 3058 2827 ejusdem
3119 2775 3339 2818 menses
3387 2760 3556 2836 [duos

2488 2845 2714 2900 scilicet
2743 2847 3119 2903 Interkalares
3165 2856 3292 2920 post
3333 2851 3549 2908 exitum

2487 2933 2789 2989 Novembr.
2808 2936 3035 2991 dierum
3066 2934 3156 3007 34,
3184 2939 3554 3010 singillatim,

2487 3025 2544 3075 et
2574 3019 2957 3096 Decembrem]
2990 3022 3212 3080 suﬁ‘ecti
3242 3034 3383 3081 sunt
3404 3039 3550 3082 con-

2490 3108 2646 3168 sules

2559 3199 2624 3266 Q.
2675 3198 2886 3256 Fabius
2932 3201 3235 3258 Maximus.

2559 3286 2616 3340 C.
2645 3286 2983 3344 Trebonius.

2488 3376 2659 3433 etdie
2705 3380 2842 3433 anni
2878 3385 3180 3452 postrema,
3215 3387 3462 3454 mortuo,
3497 3385 3560 3441 in

2495 3467 2843 3538 magistratu
2889 3471 2950 3526 C.
2983 3469 3161 3526 Fabio
3189 3471 3456 3543 Maximo,
3492 3473 3553 3528 in

2488 3558 2613 3626 ejus
2655 3555 2844 3612 locum
2893 3557 3166 3615 suffectus
3194 3565 3281 3616 est
3307 3559 3377 3614 ad
3409 3573 3562 3630 pau-

2489 3656 2586 3698 cas
2613 3645 2784 3701 horas

2557 3734 2616 3788 C.
2643 3735 2926 3796 Caninius
2952 3736 3210 3793 Rebilus.

2488 3823 2639 3879 Plin.
2707 3827 2814 3883 lib.
2867 3843 2966 3900 vn,
3021 3846 3069 3886 c.
3131 3830 3224 3888 53.
3281 3835 3437 3890 Suet.
3498 3839 3559 3893 in

2485 3912 2686 3970 Claud.
2736 3930 2786 3970 c.
2849 3915 2938 3974 45.
2983 3920 3228 3977 Macrob.
3291 3922 3395 3980 lib.
3451 3939 3556 3993 vn,

2487 4015 2611 4074 cap.
2643 4005 2696 4062 3.

2807 4095 2937 4152 RES
2977 4097 3235 4154 GESTIE.

2557 4199 2703 4253 Dum
2736 4198 2948 4256 bellum
2998 4202 3058 4257 in
3102 4202 3279 4272 Syria,
3299 4203 3558 4260 trahitur

2485 4300 2615 4342 cum
2673 4289 2904 4347 Caecilio
2969 4292 3140 4347 Basso
3214 4294 3273 4347 L.
3335 4292 3558 4350 Statius

2484 4383 2718 4437 Murcus
2787 4381 2877 4436 vir
2941 4383 3244 4452 praetorius
3291 4398 3325 4438 a
3400 4384 3555 4442 Julio

2482 4471 2701 4527 Casare
2739 4472 2895 4528 Sexti
2953 4486 3249 4528 successor
3299 4473 3556 4530 mittitur

2484 4574 2614 4615 cum
2655 4560 2846 4616 tribus
2873 4561 3208 4633 agminibus
3246 4575 3315 4618 ex
3360 4564 3550 4632 Italia,

2484 4649 2580 4703 sed
2629 4663 2661 4704 a
2705 4651 2876 4705 Basso
2948 4651 3250 4720 repellitur
3324 4651 3555 4708 fortiter

2484 4738 2615 4808 [Jos.
2651 4737 2762 4792 lib.
2799 4752 2814 4792 I
2859 4740 3094 4814 Belli,c.
3131 4741 3187 4813 8,
3233 4744 3293 4799 in
3339 4743 3462 4813 ﬁn.,
3496 4750 3554 4799 et

2480 4825 2682 4900 Antiq.
2729 4828 2832 4884 lib.
2881 4844 2998 4902 xIv,
3033 4829 3176 4904 c.l7,
3230 4834 3369 4904 ﬁn.;
3437 4834 3551 4888 Pa-

2484 4921 2618 4971 terc.
2650 4916 2750 4972 lib.
2790 4931 2848 4990 II,
2882 4933 2932 4974 c.
2957 4919 3065 4991 69;
3095 4922 3381 4995 Appiam.,
3411 4923 3547 4999 etc.]

2549 5007 2711 5077 Apud
2767 5010 3074 5080 Josephum
3124 5016 3348 5070 Murcus
3413 5028 3550 5084 per-

2481 5109 2671 5166 peram
2703 5099 2982 5156 scribitur
3008 5103 3250 5158 Marcus.
3299 5105 3548 5160 Aderant

2479 5185 2633 5240 enim
2683 5187 2854 5243 Basso
2922 5189 2982 5245 in
3033 5191 3172 5248 belli
3217 5193 3544 5249 societatem

2476 5273 2728 5330 Arabum
2806 5277 3126 5350 phylarchi,
3227 5282 3541 5352 praesertim

2478 5363 2666 5432 gentis
2718 5365 3054 5438 Emessenaa,
3095 5379 3153 5426 et
3204 5370 3548 5428 Rhambzeo-

2479 5463 2606 5504 rum
2655 5453 2958 5510 nomadum
2991 5456 3144 5514 intra
3194 5458 3540 5529 Euphratem

2481 5538 2862 5599 habitantium
2927 5557 3025 5600 rex
3104 5547 3542 5604 Alchaudonius

3731 259 3844 318 408

3659 464 3790 514 ante

2499 547 2684 590 maces
2737 549 2837 605 pro
2881 536 3252 594 indemnitate
3299 541 3550 612 propria,
3611 534 3846 612 ,ρῖῖζαΨ

2481 629 2538 677 et
2583 637 2682 692 pro
2737 600 2928 696 Dasso,
2991 639 3100 696 que
3145 641 3205 682 se
3251 600 3549 697 praetorem
3606 600 3810 656 Christi
