3998 6176
253 204 332 264 109

299 473 396 527 Jul.

259 550 300 598 et
332 543 451 612 ενοι.

287 612 406 690 €99

1199 209 1531 270 CHRONOL.
1584 214 1861 275 CONSUL.
1913 220 2002 276 ET
2063 222 2221 281 C1133.
2278 225 2446 281 ROM.
2499 228 2644 283 ETC.

483 655 670 725 Quare
716 660 898 714 eodem
921 678 1064 717 anno
1087 664 1408 734 [dictaturae
1431 675 1554 725 ter-

483 734 576 790 tia
645 737 740 791 sed
793 752 903 794 non
953 743 1146 798 eodem
1216 748 1552 805 consulatus

483 811 663 889 tertii]
718 815 1011 874 indicatur
1071 822 1248 878 inisse
1300 829 1550 882 consula-

479 899 595 976 tum
621 908 710 976 Illi
744 898 860 976 sine
894 899 1096 968 collega
1125 921 1142 955 :
1174 904 1258 959 vel
1290 907 1554 976 sculpto-

478 972 562 1028 ris
578 974 888 1030 oscitantia
908 977 1192 1050 insculpta
1219 992 1355 1040 sunt
1375 972 1556 1042 Tabu-

477 1051 554 1108 lis
601 1053 946 1124 Capitolinis
999 1066 1131 1114 ante
1185 1067 1550 1122 consulatum

473 1131 720 1211 Cresaris
751 1147 838 1188 un
883 1135 1010 1192 sine
1038 1137 1255 1211 collega
1284 1143 1401 1199 duo
1450 1144 1552 1200 illa

473 1210 644 1266 verba
698 1225 877 1268 nonam
923 1229 1066 1271 ANNO
1108 1210 1234 1287 quae
1285 1226 1414 1289 post
1462 1237 1547 1279 un

469 1289 841 1347 consulatum
861 1300 1010 1350 recte
1041 1295 1396 1354 inseruntur.
1427 1301 1554 1357 An-

469 1381 587 1424 nus
627 1371 739 1426 iste
769 1375 1104 1440 confusionis
1145 1377 1350 1450 (credo)
1388 1380 1553 1437 scul—

471 1453 716 1520 ptorem,
767 1452 854 1508 vel
884 1462 1170 1512 auctorem
1206 1459 1459 1515 turbavit
1489 1461 1550 1516 in

465 1529 710 1610 Tabulis
784 1531 1128 1602 Capitolinis
1204 1538 1546 1610 incidendis,

467 1608 573 1663 ubi
614 1609 912 1666 abundant
961 1613 1126 1669 verba
1176 1617 1356 1671 eodem
1404 1608 1549 1672 anno

467 1690 655 1758 priori
697 1689 818 1746 loco
849 1693 1063 1763 posita,
1105 1700 1161 1750 et
1188 1696 1551 1753 desideratur

463 1769 761 1826 dictatura
815 1785 901 1826 un
947 1787 1215 1844 expressa
1267 1777 1325 1832 in
1377 1777 1552 1834 Colo—

465 1849 628 1905 tiano
677 1863 975 1919 marmore,
1032 1868 1142 1910 non
1193 1869 1359 1912 secus
1391 1871 1455 1912 ac
1489 1859 1550 1914 in

464 1929 726 1984 nummis
780 1931 1022 1988 Caesaris
1051 1948 1182 1990 cum
1211 1949 1370 1992 cons.
1437 1951 1546 1992 nu.

463 2007 686 2078 quibus
698 2009 882 2067 ﬁdend
893 2027 986 2068 um
1002 2020 1196 2084 utpote
1205 2016 1549 2087 aequalibus.

788 2119 917 2174 RES
963 2121 1222 2179 GESTAE.

543 2205 602 2260 C.
660 2205 853 2263 Julius
906 2208 1094 2266 Caesar
1155 2213 1304 2270 inito
1360 2216 1550 2274 Romae

463 2293 782 2351 consulatu
844 2303 1052 2373 quarto
1125 2301 1252 2357 sine
1308 2303 1546 2376 collega,

465 2380 739 2453 idemque
793 2397 1053 2443 DIC’I‘ATOR
1101 2384 1190 2461 [ut
1236 2392 1294 2446 in
1331 2392 1548 2449 Tabula

457 2469 770 2527 Colotiana
816 2475 1194 2552 nominatur],
1226 2493 1423 2550 nempe
1451 2483 1550 2537 di-

461 2563 642 2613 ctator
658 2573 745 2623 Ill,
771 2561 1091 2629 designatus
1112 2579 1198 2620 IIII
1220 2563 1548 2639 [utHirtius

463 2645 680 2702 scribit
709 2647 883 2704 initio
910 2649 1047 2707 libri
1068 2652 1140 2708 de
1176 2652 1325 2710 bello
1360 2654 1544 2732 Hisp.]

459 2749 681 2801 magnis
738 2737 1024 2792 itineribus
1088 2745 1216 2795 ante
1265 2745 1543 2810 confectis,

464 2837 588 2876 cum
632 2823 794 2877 celeri
836 2827 1186 2891 festinatione
1227 2831 1302 2884 ad
1349 2831 1546 2887 bellum

465 2911 766 2978 conﬁciend
777 2927 869 2966 um
909 2915 969 2966 in
1008 2915 1338 2985 Hispaniam
1361 2934 1546 2974 conve-

464 2990 552 3043 nit
579 2994 778 3046 contra
807 2993 1062 3062 Pompeii
1091 2994 1327 3053 liberos.

535 3076 724 3132 Caesar
765 3077 824 3132 in
855 3079 1133 3150 Hispania
1177 3083 1245 3138 ad
1285 3084 1437 3140 diem
1484 3099 1540 3142 χι

468 3163 590 3220 Kal.
627 3167 862 3222 Martias
911 3164 994 3241 [in
1032 3169 1155 3225 Kal.
1200 3172 1432 3229 Juliano
1472 3171 1545 3230 22

464 3251 758 3307 Decembr.
817 3255 954 3310 anni
1007 3257 1129 3313 Per.
1182 3259 1296 3315 Jul.
1353 3257 1538 3336 4667.]

463 3345 683 3411 Ategua
709 3342 922 3412 oppido
967 3345 1187 3414 potitus
1219 3352 1323 3416 est,
1351 3359 1406 3404 et
1445 3345 1546 3404 nl—

466 3442 716 3484 pnnnon
759 3430 1102 3500 appellatus.
1149 3435 1232 3489 Ad
1262 3436 1415 3492 diem
1443 3451 1539 3492 XVI

466 3516 590 3572 Kal.
625 3518 812 3588 April.
846 3521 1006 3576 Festo
1032 3522 1361 3578 liberalium
1387 3521 1540 3597 [Plu-

466 3606 668 3661 tarcho
704 3607 764 3661 in
805 3607 1042 3679 Caesare,
1070 3611 1304 3662 Διονύσια
1327 3611 1545 3667 dicun-

468 3689 585 3768 tur]
613 3697 972 3752 memorabile
993 3697 1256 3768 praelium
1271 3698 1346 3752 ad
1373 3701 1546 3754 Mun-

467 3780 595 3835 dam
624 3786 992 3842 commissum
1039 3793 1169 3842 est:
1207 3788 1267 3842 in
1316 3801 1430 3858 quo
1472 3785 1542 3845 30

469 3869 701 3926 circiter
721 3872 908 3929 millia
939 3874 1410 3944 Pompeianorum
1439 3890 1541 3933 ce—

469 3959 750 4016 ciderunt.
794 3963 944 4019 Anni
985 3965 1200 4022 Juliani
1234 3967 1536 4036 proleptici

465 4061 527 4106 ea
553 4051 682 4107 dies
705 4049 821 4108 fuit
851 4051 918 4108 47
935 4055 1216 4110 Januarii.
1245 4059 1390 4111 Ante
1415 4068 1539 4112 eam

469 4157 716 4216 pugnam
741 4144 951 4200 diebus
993 4142 1060 4200 42
1101 4145 1324 4201 Hirtius
1369 4148 1537 4203 testis

466 4234 731 4290 oculatus
763 4234 822 4288 in
850 4248 952 4290 sua
983 4235 1356 4305 Ephemeride
1399 4237 1537 4294 belli

465 4324 786 4394 Hispanici,
836 4325 895 4380 in
945 4339 1060 4396 quo
1110 4325 1386 4382 Caesarem
1439 4340 1540 4381 se-

467 4412 772 4484 quebatur,
801 4413 1008 4469 scribit
1037 4427 1098 4468 Ill
1125 4413 1316 4468 Nonas
1341 4414 1535 4470 Martii

468 4498 616 4576 [quin
649 4501 709 4556 in
737 4515 887 4558 anno
922 4501 1032 4558 Jul.
1084 4499 1399 4571 proleptico
1440 4517 1540 4559 re-

466 4597 706 4665 spondet
751 4597 868 4652 diei
916 4595 953 4652 5
998 4593 1279 4671 Januarii]
1323 4596 1533 4653 Caesari

467 4691 653 4741 castra
677 4687 921 4743 moventi
969 4686 1163 4743 lunam
1184 4685 1364 4742 visam
1391 4686 1530 4742 hora

468 4776 654 4830 noctis
681 4782 839 4832 sexta
871 4785 1190 4847 opportune
1225 4775 1531 4833 aﬁ‘ulsisse.

465 4863 523 4918 Id
548 4877 682 4920 vero
710 4866 938 4921 evenire
961 4879 1316 4937 nequaquam
1348 4865 1538 4936 potuit

467 4964 616 5008 anno
665 4953 854 5024 primo
906 4956 1035 5012 novi
1104 4957 1239 5028 styli
1295 4955 1538 5014 Caesaris

469 5037 584 5114 [cui
600 5045 814 5114 passim
832 5044 1161 5102 attribuunt
1175 5047 1533 5119 chronologi.

470 5131 613 5187 hanc
639 5132 1085 5208 expeditionem]
1124 5149 1254 5191 cum
1292 5149 1358 5192 eo
1387 5150 1537 5194 anno

466 5216 682 5276 ferente
736 5223 1112 5280 Novilunium
1158 5238 1241 5282 exe
1277 5226 1535 5282 omnium

467 5311 751 5366 sententia
779 5312 1053 5369 Kalendis
1071 5314 1351 5384 Januarii,
1380 5317 1537 5371 Luna

468 5399 559 5455 die
587 5415 620 5456 v
649 5402 845 5456 Martii
877 5403 1071 5458 triduo
1101 5407 1228 5473 post
1255 5404 1534 5473 synodum

470 5500 594 5546 cum
612 5490 736 5546 sole
752 5490 904 5546 intra
925 5491 1274 5549 horizontem
1293 5492 1536 5548 descen-

1640 416 1697 470 U.
1991 420 2201 493 Olymp.

2493 426 2697 481 Christi
2713 426 3059 484 carnmunem.

2234 528 2415 585 Arabs
2457 527 2678 605 [Strabo
2718 533 2818 588 lib.
2855 549 2968 602 xw,
3004 549 3129 607 pag.
3175 533 3284 592 753

2242 624 2299 673 et
2327 619 2452 687 Dio,
2488 619 2589 674 lib.
2618 619 2794 696 xnvu]
2817 623 2932 678 Sub
2958 623 3095 678 anui
3117 629 3311 679 extre-

2243 719 2397 761 mum
2429 707 2623 764 Parthi
2657 723 2886 781 quoque
2915 711 3258 767 advenerant
3287 727 3320 770 a

2237 793 2408 850 Basso
2435 795 2494 849 in
2523 795 2742 866 Syriam
2783 798 2977 867 acciti,
3019 799 3115 854 sed
3161 801 3304 870 hye-

2239 881 2349 937 mis
2377 882 2699 940 interventu
2733 898 2843 942 non
2864 886 2969 942 diu
2998 885 3315 944 adfuerunt

2237 967 2387 1040 [ibi].
2421 970 2638 1026 Bellum
2671 979 2857 1029 tamen
2887 987 2918 1030 a
2943 975 3168 1031 Parthis
3201 977 3310 1033 rei-

2239 1057 2484 1127 publicae
2504 1059 2734 1131 sibique
2752 1063 3060 1118 imminens
3078 1064 3157 1118 ita
3185 1064 3312 1120 Ca3-

2236 1159 2332 1201 sar
2345 1149 2628 1215 praevidit,
2646 1151 2812 1206 utred
2822 1165 2896 1206 ux
2909 1151 2979 1206 ab
3000 1152 3306 1222 Hispanica

2234 1235 2599 1304 expeditione
2619 1238 2772 1294 circa
2797 1239 3094 1296 Octobrem
3132 1242 3307 1313 hujus

2234 1323 2391 1390 anni,
2422 1324 2481 1378 in
2509 1331 2756 1382 mstatem
2797 1335 3126 1399 sequentem
3170 1333 3313 1389 Par-

2234 1411 2447 1468 thicam
2497 1421 2718 1484 pararet
2755 1435 2767 1470 :
2801 1423 2859 1472 et
2898 1418 2958 1473 C.
3008 1418 3305 1478 Octavium

2235 1501 2562 1558 studiorum
2664 1518 2837 1561 causa
2947 1507 3307 1578 Apolloniam

2235 1592 2594 1660 praemissum
2630 1589 2818 1665 [quem
2850 1595 3144 1665 HiSpanici
3169 1600 3306 1657 belli

2231 1679 2497 1733 comitem
2529 1680 2874 1736 adhibuerat
2920 1682 3033 1737 sibi
3087 1698 3305 1754 cogna-

2231 1768 2389 1821 tione
2461 1779 2558 1834 per
2606 1768 2835 1824 Acciam
2890 1769 3058 1825 Julia:
3126 1771 3304 1829 ﬁliam

2232 1854 2580 1924 proximum]
2623 1856 2938 1913 destinaret
2966 1860 3302 1930 Magistrum

2229 1943 2512 2013 equitum.
2538 1945 2590 1998 Is
2612 1949 2802 2014 postea
2826 1947 3148 2017 imperavit,
3178 1949 3298 2004 hae-

2231 2044 2322 2087 res
2344 2045 2377 2086 a
2403 2031 2620 2088 Caesare
2657 2034 2913 2103 scriptus
2936 2037 2994 2091 in
3014 2036 3302 2105 supremis

2230 2118 2469 2190 tabulis,
2518 2132 2660 2190 quas
2727 2120 2834 2176 hoc
2901 2135 3052 2178 anno
3104 2124 3304 2181 Idibus

2226 2207 2656 2277 Septembribus
2684 2209 2948 2266 conditas
2967 2211 3185 2282 virgini
3217 2206 3305 2268 ve-

2227 2296 2362 2351 stali
2396 2297 2640 2352 maxime
2668 2298 3077 2354 custodiendas
3109 2299 3301 2355 tradi-

2226 2383 2334 2439 dit.
2365 2384 2598 2441 Sueton.
2633 2385 2692 2440 in
2721 2385 2858 2456 Jul.,
2903 2399 3006 2456 cap
3030 2384 3121 2442 83.

2297 2472 2590 2540 Hyrcanus
2655 2471 2932 2543 pontifex,
2982 2478 3158 2531 missa
3228 2476 3297 2532 ad

2225 2559 2498 2614 Caesarem
2527 2560 2829 2631 legatione,
2851 2575 3017 2633 quem
3052 2565 3300 2619 maxima

2228 2647 2288 2702 in
2320 2646 2569 2702 Romana
2620 2649 2914 2718 republica
2957 2653 3302 2709 auctoritate

2228 2737 2304 2792 ita
2333 2743 2567 2792 auctum
2591 2737 2650 2792 in
2685 2743 3023 2808 perpetuum
3050 2742 3298 2813 audivit,

2225 2824 2711 2880 conﬁrmationem
2733 2826 2900 2895 petiit
2916 2827 3295 2900 decretorum,

2226 2924 2354 2981 qna:
2389 2912 2706 2968 honoriﬁca
2751 2920 2810 2968 et
2849 2915 3124 2986 proﬁcua,
3175 2925 3294 2973 tum

2226 2997 2364 3068 sibi,
2432 3005 2555 3055 tum
2625 3001 2905 3057 universae
2966 3003 3292 3060 Judaaorum

2228 3087 2406 3158 genti,
2441 3089 2500 3142 in
2526 3089 2765 3159 Egypto
2794 3095 2850 3144 et
2877 3090 2936 3144 in
2962 3091 3126 3162 Syria
3151 3105 3298 3148 con-

2225 3174 2469 3230 diderat.
2505 3177 2760 3230 Parthici
2805 3176 2946 3232 belli
2993 3186 3050 3232 et
3075 3179 3294 3248 Syriaci

2225 3265 2426 3315 contra
2457 3262 2692 3316 Bassum
2727 3261 3036 3317 imminens
3064 3263 3295 3318 sollici-

2226 3347 2386 3418 tudo,
2444 3354 2649 3418 praeter
2713 3352 2953 3418 antiqua
3002 3349 3294 3418 pontiﬁcis

2225 3435 2467 3503 Hyrcani
2499 3442 2556 3490 et
2575 3437 2903 3490 Judaeorum
2928 3440 3131 3489 merita
3161 3449 3292 3489 cum

2223 3522 2462 3591 Caesare,
2486 3523 2866 3590 impetrarunt
2884 3522 3294 3578 cumulatissi-

2225 3621 2373 3663 mam
2404 3609 2670 3679 gratiam.
2704 3609 3044 3664 Recitantur
3075 3623 3108 3664 a
3129 3611 3295 3665 Jose—

2224 3697 2358 3766 pho,
2394 3695 2495 3750 lib.
2523 3708 2617 3750 xxv
2639 3695 2860 3766 Antiq.,
2903 3710 3031 3766 cap.
3055 3693 3141 3765 l7,
3183 3696 3294 3750 lit-

2223 3792 2358 3840 tera:
2377 3799 2443 3840 ac
2459 3785 2685 3840 decreta
2706 3782 2948 3838 Caesaris
2969 3785 3230 3842 consulis
3249 3787 3294 3842 V

2223 3881 2281 3930 et
2299 3874 2604 3930 dictatoris
2635 3875 2894 3944 perpetui
2920 3875 3113 3930 titulis
3136 3875 3292 3930 insi-

2226 3963 2406 4033 gnita,
2453 3982 2478 4014 α
2512 3961 2726 4032 quibus
2771 3965 3030 4032 Hyrcano
3058 3963 3291 4018 Judaao—

2226 4066 2352 4107 rum
2403 4052 2661 4122 pontiﬁci
2691 4053 2932 4122 ejusque
2961 4051 3164 4108 liberis
3189 4065 3291 4107 sa-

2224 4141 2544 4196 cerdotium
2576 4146 2634 4195 et
2676 4140 3045 4209 pontiﬁcatus
3081 4142 3292 4197 Hiero—

2223 4229 2576 4300 solymorum
2593 4242 2659 4284 ac
2678 4229 2859 4284 totius
2875 4229 3064 4298 gentis
3083 4231 3292 4286 astrui-

2223 4325 2321 4373 tur
2347 4333 2414 4374 eo
2432 4319 2564 4388 jure
2597 4331 2711 4388 quo
2731 4324 2790 4373 et
2821 4321 3062 4387 majores
3091 4333 3288 4376 eorum

2225 4405 2331 4462 hoc
2379 4409 2761 4464 sacerdotium
2803 4416 3146 4480 gesserunt:
3181 4410 3292 4467 ha-

2224 4494 2355 4551 bere
2393 4504 2448 4553 et
2497 4501 2722 4554 munire
2767 4499 3285 4568 Hierosolymorum

2224 4586 2443 4656 urbem,
2475 4595 2532 4643 et
2560 4589 2878 4659 gubernare
2915 4602 3038 4643 eam
3070 4589 3288 4656 Hyrca—

2224 4691 2360 4734 num
2393 4677 2578 4733 ﬁlium
2620 4677 2925 4732 Alexandri
2960 4675 3284 4747 pontiﬁcem

2221 4770 2545 4827 Judaeorum
2575 4777 2632 4826 et
2673 4769 3041 4827 ethnarcham
3073 4784 3287 4826 secun-

2223 4862 2360 4916 dum
2385 4875 2548 4917 suam
2581 4861 2928 4920 voluntatem
2954 4884 2969 4935 ;
2996 4864 3286 4921 etJudaeis

2224 4953 2474 5007 secundo
2501 4953 2806 5008 locationis
2831 4968 2980 5010 anno
3009 4955 3079 5010 de
3124 4955 3286 5009 redi-

2223 5040 2381 5099 tibus
2392 5042 2518 5098 suis
2529 5042 2870 5114 subducant,
2888 5044 3286 5116 immunesque

2223 5133 2343 5189 sint
2369 5132 2441 5188 ab
2482 5133 2760 5204 angariis,
2809 5138 2866 5189 et
2905 5135 3283 5206 vectigalibus

2221 5227 2329 5276 etc.
2369 5221 2625 5291 Hyrcano
2669 5221 2908 5292 ejusque
2949 5221 3091 5278 ﬁliis
3118 5223 3285 5280 deci-

2224 5325 2344 5378 mas
2395 5310 2735 5380 persolvant,
2794 5313 2949 5368 sicut
3008 5311 3280 5369 hactenus

2221 5415 2416 5458 eorum
2473 5401 2806 5472 majoribus.
2850 5405 3030 5475 thue
3084 5402 3279 5458 nullus

2221 5493 2306 5551 vel
2339 5506 2566 5562 praeses,
2593 5492 2678 5549 vel
2699 5494 2837 5564 dux,
2865 5493 2952 5550 vel
2975 5495 3194 5566 legatus
3216 5499 3277 5558 in

3505 239 3612 300 ΗΟ

1085 351 1372 427 claramque
1397 357 1549 396 com-
1623 343 1780 427 Anni
1863 349 1919 410 A
2003 350 2172 427 Anni
2232 353 2388 407 Anni
2414 355 2628 427 Iuliani
2653 362 2777 424 prot
2795 359 2930 427 plici
2952 365 3084 416 ante
3125 365 3311 418 Eram
3382 368 3538 424 Anni

256 401 440 472 period.
545 415 762 454 mensus
785 418 906 457 cum
928 401 1061 460 nam
1107 401 1306 465 Christi
1319 428 1548 466 commu-

553 472 610 522 ni
629 476 680 525 et
699 488 818 526 cum
834 477 1062 544 periodo
1081 480 1308 535 Iuliana
1345 483 1546 553 Scalig.
1625 491 1753 541 ante

489 581 610 684 re‘rat
691 591 879 684 annJus
960 583 1261 684 dictaturae
1353 590 1553 646 tertiae.
1599 562 1793 684 eam?

3397 444 3535 495 ante

3362 509 3547 564 Eram

3290 576 3302 604 ’
3349 578 3568 635 Ahristi
