3998 6176
251 206 330 266 M3

273 401 452 457 Period

265 474 365 529 Jul.
386 544 399 560 ἱ
410 475 465 556 et
569 506 608 560 Ο

296 544 420 612 cycli
501 610 524 612 Α
539 544 626 612 L‘_‘_‘

1192 204 1528 263 CHRONOL.
1579 203 1861 264 CONSUL.
1909 207 1998 265 ΕΤ
2047 206 2208 265 (ωε.
2265 206 2432 264 ROM.
2497 207 2644 264 ETC.

668 414 754 454 res
787 405 951 468 gestas
975 408 1025 456 et
1055 403 1390 457 documenta.

660 506 854 562 Julius
881 508 1067 563 Caesar
1094 514 1317 563 sextum
1341 508 1564 563 trium—

489 699 563 760 26
587 702 872 757 Januarii.

501 804 550 845 C.
580 801 764 846 IVLIVS
791 805 840 846 Ο.
875 805 926 846 F.
955 805 1003 846 C.
1027 805 1081 847 N.
1113 805 1312 848 CAESAR
1341 806 1397 847 Vl
1425 805 1564 848 DICT.

573 891 663 934 IIII
693 891 888 934 OVANS.
919 893 973 934 Δ.
997 893 1148 937 DCCIX
1174 895 1246 936 EX
1269 893 1452 936 MONTE
1477 895 1570 936 AL-

575 979 718 1022 BANO
741 979 820 1022 vn
846 980 899 1022 ιι.
920 980 1080 1024 rana.
1111 970 1264 1025 Fasti
1289 969 1566 1040 triumph.

567 1055 757 1125 Capit.
778 1053 944 1112 Grut.
977 1069 1104 1127 pag.

571 1143 774 1200 Idibus
788 1145 978 1200 Martii
999 1145 1059 1199 C.
1081 1144 1268 1201 Caesar
1288 1145 1348 1199 in
1365 1145 1570 1200 curia-

497 1246 531 1288 a
559 1230 968 1303 conjuratisﬂl
987 1232 1326 1288 vulneribus
1349 1231 1570 1288 confos-

498 1336 601 1379 sus
627 1326 734 1377 est.
764 1320 1045 1376 Suﬁ‘ectus
1071 1321 1229 1376 Coss.
1265 1321 1322 1376 P.
1351 1321 1572 1376 Corne-

501 1412 619 1467 lius
647 1409 958 1466 Dolabella.

566 1500 626 1556 C.
657 1497 932 1554 Octavius
962 1497 1158 1565 haeres,
1186 1503 1244 1554 et
1273 1498 1332 1553 in
1354 1497 1568 1553 Juliam

499 1589 782 1645 familiam
857 1589 1180 1658 adoptatus,
1246 1587 1306 1641 C.
1376 1585 1570 1641 Julius

496 1679 682 1734 Casar
715 1678 850 1733 inde
897 1677 1089 1732 dictus
1128 1681 1231 1732 est.
1277 1677 1359 1731 Ex
1387 1674 1570 1744 Apol—

498 1769 657 1825 lonia
688 1769 749 1823 in
778 1768 983 1824 Urbem
1012 1768 1240 1823 rediens
1266 1767 1420 1822 circa
1446 1766 1568 1820 Ka-

499 1858 628 1915 lend
689 1857 825 1913 Maii
877 1853 1029 1929 [nam
1085 1870 1181 1912 xxv
1252 1856 1356 1911 Kal
1405 1855 1564 1911 Maii.

497 1947 757 2018 Neapoli,
801 1952 858 2002 et
906 1947 1186 2016 postridie
1226 1947 1288 2001 in
1316 1947 1568 2002 Cumano

499 2051 629 2094 cum
659 2037 930 2092 Cicerone
952 2035 1066 2091 fuit
1098 2032 1204 2109 [lib
1233 2049 1352 2099 xiv,
1386 2035 1566 2104 Epist.

501 2126 590 2198 46,
639 2129 708 2184 ad
792 2124 969 2201 Attio]
1025 2132 1183 2182 tanta
1251 2126 1568 2182 amicorum

501 2217 824 2288 frequentia
884 2215 1113 2286 stipari,
1181 2221 1237 2271 et
1303 2214 1566 2285 papulari

499 2308 685 2381 gratia
746 2306 1006 2363 roborari
1073 2305 1248 2375 caepit
1331 2304 1564 2360 Senatui

498 2395 930 2453 commendatus
949 2407 983 2449 a
1001 2394 1292 2461 Cicerone,
1325 2399 1392 2448 ut
1415 2393 1571 2448 circa

498 2486 820 2558 Angustum
870 2496 1116 2538 mensem
1172 2477 1330 2555 [tunc
1383 2481 1570 2536 sexti-

502 2575 609 2630 lem
630 2569 877 2646 dictum]
901 2571 1211 2628 exercitum
1234 2585 1302 2626 ex
1320 2568 1570 2626 coloniis

500 2676 700 2734 cogere
731 2662 953 2732 privata
983 2662 1238 2730 impensa
1261 2659 1565 2715 institerit.

504 2750 625 2826 [Liv
656 2752 738 2807 lib
768 2764 941 2806 cxvu.
974 2750 1176 2805 Florus
1208 2748 1291 2804 lib
1320 2762 1400 2820 1v,
1427 2763 1479 2804 c.
1512 2745 1566 2819 4,

499 2847 559 2897 et
574 2840 691 2896 Tab
706 2835 1063 2910 Ancyranas].
1083 2837 1295 2893 Bellum
1321 2837 1571 2893 Macedo-

500 2931 696 2986 nicum
713 2936 913 2984 contra
929 2926 1117 2994 Getas,
1140 2932 1197 2982 et
1217 2927 1568 2998 Parthicum,

497 3024 555 3076 et
599 3018 876 3089 Legiones
917 3029 951 3071 a
977 3013 1044 3070 C’.‘
1070 3014 1288 3071 Casare
1341 3022 1566 3086 paratae,

497 3109 573 3163 Η.
604 3106 858 3162 Antonio
881 3105 1120 3160 decreta:
1144 3110 1429 3160 suntcum
1455 3116 1569 3174 quo

497 3195 774 3252 Octavius
788 3192 1198 3249 reconciliatus
1216 3191 1420 3248 fuerat.
1446 3192 1574 3247 Pro-

497 3286 706 3341 vinciae
755 3285 1083 3355 assignatas.
1135 3281 1274 3338 Acta
1329 3281 1571 3338 Cmsaris

499 3373 774 3445 pleraque
805 3371 1160 3427 conﬁrmata.
1202 3372 1572 3427 Percussores

496 3460 761 3529 Caesaris,
802 3459 1032 3528 Brutus,
1064 3464 1120 3513 et
1164 3458 1418 3527 Cassius,
1472 3471 1572 3528 spe

499 3549 721 3618 abjecta
752 3548 1062 3603 retinenda:
1097 3546 1219 3615 reip
1251 3545 1568 3615 popularis,

503 3639 567 3694 in
593 3637 984 3693 voluntarium
1011 3635 1286 3691 exsilium
1319 3634 1570 3689 Athenas

504 3725 841 3781 concedunt.
889 3722 1242 3780 Velleiuslib
1285 3736 1349 3784 ιι,
1380 3735 1428 3776 c.
1480 3719 1568 3776 62.

501 3813 608 3869 Dio
639 3811 724 3867 lib
754 3825 930 3867 xnvn.

570 3903 770 3957 Cicero
817 3902 921 3957 hoc
972 3913 1121 3956 anno
1166 3900 1276 3956 iter
1317 3899 1376 3954 in
1411 3898 1577 3953 Grae—

501 3991 650 4046 ciam
703 3996 1082 4060 suscepturus
1134 3993 1266 4043 ante
1312 3986 1574 4057 Olympia

505 4073 596 4150 [ad
623 4078 876 4134 Atticum
909 4076 1012 4132 lib.
1042 4089 1136 4140 xv,
1168 4089 1255 4146 ep.
1288 4071 1359 4131 24
1387 4081 1444 4130 et
1469 4073 1571 4129 lib.

507 4180 623 4236 xvr,
641 4181 728 4237 ep.
753 4163 810 4240 7]
834 4165 1084 4222 ostendit
1100 4165 1456 4235 Olympiadis
1474 4160 1578 4219 484

507 4257 987 4311 ineuntisannum
1006 4253 1319 4325 plurimum
1334 4253 1578 4308 huican—

507 4357 579 4400 no
607 4345 786 4400 caedis
821 4345 881 4400 C.
905 4344 1144 4400 Caesaris
1167 4355 1291 4400 esse
1317 4341 1579 4411 allegan-

503 4434 663 4490 dum.

575 4523 864 4580 Antonius
909 4523 1142 4592 Consul,
1194 4523 1475 4591 potestate
1521 4520 1576 4576 ei

509 4612 657 4670 facta
689 4627 789 4684 per
811 4614 866 4668 S.
891 4614 950 4667 P.
981 4610 1046 4681 ρ.
1078 4613 1146 4667 R.
1171 4608 1575 4682 cognoscendi,

508 4708 566 4759 et
603 4702 952 4774 exsequendi
999 4701 1070 4756 de
1116 4699 1276 4757 Actis
1315 4698 1576 4769 Caesaris,

512 4806 637 4865 qua:
686 4793 738 4848 is
788 4793 1082 4863 jussisset,
1129 4789 1472 4857 libertatem,
1524 4794 1582 4843 et

508 4884 604 4952 jus
623 4883 888 4938 Romana:
910 4880 1194 4948 Civitatis,
1224 4886 1280 4935 et
1297 4876 1584 4934 immuni-

513 4979 656 5030 tates
687 4973 938 5044 populis,
975 4985 1040 5028 ac
1070 4971 1336 5042 Dynastis
1368 4968 1582 5041 passim

513 5063 818 5120 vendebat:
847 5063 1033 5133 deque
1062 5061 1153 5116 his
1170 5059 1439 5116 omnibus
1461 5063 1580 5114 toto

511 5152 798 5223 Capitolio
831 5150 1042 5207 tabula:
1089 5148 1428 5221 ﬁgebantur.
1459 5147 1578 5202 Cic.

519 5241 728 5312 Philip.
764 5239 876 5298 2et
894 5239 998 5296 lib.
1032 5252 1095 5310 ιι,
1118 5238 1211 5294 ad.
1236 5235 1368 5293 fam.
1404 5250 1492 5306 ep.
1529 5233 1580 5290 4.

521 5335 731 5390 Patere.
767 5330 872 5386 lib.
923 5343 964 5385 ιι
998 5329 1146 5384 Plut.
1203 5327 1264 5382 in
1311 5325 1446 5382 Ant.
1478 5325 1586 5382 Dio

522 5421 618 5478 lib.
653 5434 811 5490 xuv,
845 5433 970 5490 qua:
990 5417 1183 5476 omnia
1212 5414 1588 5486 comprobant

525 5510 827 5570 historiam
872 5509 1120 5578 Josephi.

1635 403 1796 456 Urbis

1636 473 1776 527 cond

1989 402 2179 472 Olymp
2191 442 2205 456 .

296 548 420 612 cycli
573 548 626 560 ‘”
660 548 854 606 ""1""
883 548 1055 563 “‘w‘"
1094 548 1317 563 “⁹⁴““⁸³³
1344 548 1548 563 “⁸“““³”
1641 548 1769 598 ante

294 613 418 692 @9
499 595 676 665 phum
699 600 819 666 egit
837 609 1012 652 ovans
1034 610 1101 652 ex
1127 602 1317 653 monte
1342 596 1560 652 Albano
1607 620 1658 669 ετ
1695 618 1819 684 post

1629 703 1796 759 Palil.

2315 479 2365 528 et
2390 475 2732 527 documenta.

2254 659 2561 728 petierunt.
2582 657 3088 714 Senatusconsulto
3111 657 3198 712 eis
3215 656 3322 712 de—

2251 751 2465 800 cretum
2501 751 2604 800 est.
2654 744 2944 800 Dolabella
2984 745 3186 810 etiam,
3217 756 3322 798 ac—

2251 833 2434 903 ceptis
2452 833 2521 887 ab
2547 834 2800 903 Hyrcano
2822 832 3054 901 litteris,
3084 830 3324 901 scripsit

2253 935 2352 992 per
2401 920 2723 977 universam
2759 920 2974 988 Asiam,
3022 924 3078 974 et
3124 919 3322 988 prima:

2250 1010 2376 1079 ejus
2424 1008 2732 1078 provincia:
2764 1007 2989 1063 civitati
3037 1006 3325 1076 Ephesio-

2253 1111 2378 1153 rum
2436 1097 2523 1162 in_
2543 1096 2695 1152 hunc
2742 1095 2990 1152 modum.
3041 1094 3322 1151 Dolabella

2254 1186 2563 1256 imperator
2581 1186 2960 1256 Ephesiorum
2979 1183 3324 1256 magistrati-

2251 1274 2359 1329 bus
2414 1276 2471 1330 S.
2521 1276 2581 1330 P.
2634 1275 2700 1343 Q.
2767 1274 2833 1329 R.
2892 1274 2950 1329 S.
3007 1271 3324 1328 Alexander

2252 1363 2412 1419 ﬁlius
2455 1362 2738 1419 Theodori
2793 1361 3014 1434 legatus
3078 1360 3321 1431 Hyrcani

2253 1452 2545 1523 pontiﬁcis
2566 1466 2632 1508 ac
2648 1450 2975 1507 ethnarcha:
2997 1449 3322 1505 Judaeorum

2253 1541 2397 1597 mihi
2432 1540 2632 1596 retulit
2650 1540 2722 1595 de
2746 1539 2975 1595 civibus
2989 1539 3136 1607 suis,
3169 1536 3320 1607 quod

2252 1629 2507 1685 militare
2530 1642 2643 1684 non
2671 1627 2911 1697 possint,
2942 1640 3009 1682 eo
3040 1626 3190 1694 quod
3218 1637 3328 1678 ne—

2252 1733 2362 1789 que
2389 1732 2546 1773 arma
2589 1722 2830 1789 gestare,
2863 1728 3048 1786 neque
3094 1714 3202 1769 iter
3231 1711 3327 1767 fa—

2250 1811 2377 1854 cere
2405 1796 2494 1853 fas
2523 1798 2601 1853 sit
2624 1798 2833 1854 diebus
2859 1794 3184 1862 Sabbathis,
3213 1805 3321 1848 ne-

2252 1901 2363 1958 que
2401 1889 2616 1945 victum
2660 1902 2815 1944 more
2860 1886 3047 1958 patrio
3096 1885 3324 1955 possent

2250 1976 2366 2032 sibi
2441 1993 2711 2050 quazrere.
2778 1980 3155 2049 Quamobrem
3221 1992 3325 2049 ego

2252 2089 2500 2147 quoque,
2534 2073 3010 2146 quemadmodum
3055 2071 3160 2126 alii
3193 2075 3324 2126 ante

2253 2182 2340 2224 me
2413 2167 2804 2236 imperatores,
2875 2163 3160 2217 immunes
3229 2172 3327 2215 eos

2251 2257 2379 2313 volo
2402 2269 2435 2311 a
2461 2255 2695 2323 militia,
2725 2251 3109 2322 permittoque
3130 2253 3193 2303 ut
3219 2261 3330 2320 pa—

2252 2347 2388 2403 triis
2407 2346 2601 2401 vivant
2632 2341 2932 2410 moribus;
2973 2340 3326 2396 convenien-

2252 2441 2338 2492 tes
2381 2447 2674 2491 sacrorum
2721 2444 2915 2498 causa,
2974 2428 3128 2484 sicut
3176 2429 3328 2500 leges

2252 2539 2446 2582 eorum
2507 2521 2820 2593 postulant,
2866 2524 2922 2575 et
2974 2517 3328 2574 conferentes

2255 2613 2315 2669 in
2370 2613 2654 2670 oﬁ‘erenda
2713 2609 2925 2679 templo
3005 2606 3329 2662 sacriﬁcia:

2251 2703 2495 2774 voloque
2526 2706 2589 2757 ut
2614 2701 2730 2755 haec
2763 2699 2887 2768 ipsa
2925 2695 3197 2752 scribatis
3227 2708 3326 2764 per

2255 2793 2427 2850 urbes
2449 2789 2757 2861 provincia:
2773 2786 3055 2858 singulas,
3079 2791 3187 2840 etc.
3211 2785 3332 2839 Lu-

2254 2882 2384 2937 cius
2412 2889 2600 2935 autem
2653 2875 2928 2932 Lentulus
2974 2872 3178 2929 consul
3225 2885 3327 2941 pro

2256 2967 2537 3026 sententia
2561 2967 2632 3022 de
2659 2965 2874 3021 Judwis
2892 2962 3073 3019 dixit:
3103 2960 3330 3016 Judaeos

2255 3058 2411 3114 cives
2481 3057 2766 3112 Romanos
2839 3051 3048 3122 templa
3092 3049 3331 3105 Judaica

2259 3146 2550 3211 habentes,
2593 3149 2650 3198 et
2679 3142 2952 3197 facientes
2991 3139 3197 3208 Ephesi
3228 3152 3330 3206 pro

2259 3223 2561 3285 tribunali,
2598 3221 2901 3290 religionis
2934 3230 3087 3288 ergo,
3125 3218 3327 3270 immu-

2259 3324 2359 3367 nes
2382 3323 2416 3364 a
2459 3308 2673 3364 militia
2702 3303 3067 3378 pronuntiari
3099 3316 3180 3356 xu
3212 3301 3333 3355 Ka-

2260 3401 2460 3458 lendas
2487 3397 2779 3456 Octobres.
2799 3397 2912 3451 Jos.
2940 3392 3045 3448 ibi.
3087 3391 3188 3462 qui
3213 3389 3330 3443 haec

2257 3491 2484 3544 decreta
2534 3491 2729 3542 narrat
2782 3484 2843 3538 in
2897 3482 3062 3537 aereis
3112 3476 3329 3533 tabulis

2260 3577 2370 3632 ﬁxa
2428 3577 2489 3630 in
2553 3573 2856 3644 Capitolio.
2934 3569 3322 3641 Suﬁ'ragantu.

2256 3664 2501 3733 Josepho
2555 3661 2823 3718 historici
2858 3658 3095 3715 Romani
3132 3659 3190 3712 in
3221 3655 3332 3711 ad—

2262 3753 2510 3808 haerente
2575 3752 2843 3807 columna
2908 3746 3173 3816 indicati,
3229 3744 3330 3815 qui

2263 3843 2477 3913 passim
2507 3841 2578 3896 ab
2592 3839 2842 3895 Antonio
2867 3838 3040 3893 etiam
3065 3831 3333 3905 pluribus

2262 3932 2400 3988 aliis
2453 3931 2704 3996 vendita,
2761 3929 2998 3984 obtentu
3062 3927 3333 3980 Actorum

2261 4023 2523 4091 Caesaris,
2560 4020 2891 4090 bujusmodi
2938 4015 3242 4086 privilegia
3273 4014 3333 4069 in

2263 4113 2439 4168 aeneis
2467 4111 2680 4166 tabulis
2723 4109 2907 4164 incisa
2937 4115 3108 4176 atque
3140 4105 3200 4158 in
3223 4103 3336 4157 Ca—

2266 4204 2473 4274 pitolio
2517 4203 2626 4259 ﬁxa
2660 4199 2841 4255 fuisse
2869 4195 3225 4253 conﬁrmant.

2337 4313 2560 4366 Mortuo
2594 4303 2891 4361 Ptolemaeo
2920 4296 3042 4354 sola
3075 4295 3133 4350 in
3163 4292 3341 4365 Egy—

2269 4405 2365 4470 pto
2409 4406 2606 4471 regnat
2647 4398 2945 4468 CleOpatra
2985 4395 3083 4450 Jos
3129 4391 3214 4449 lib
3238 4402 3334 4456 xv,

2268 4503 2373 4559 cap
2392 4486 2446 4543 4.

3503 200 3612 262 ML"

289 332 449 402 Anni,
489 330 862 398 Imperatores,
889 328 1142 385 Consules
1179 333 1558 394 Romanorum,
1623 330 1781 385 Anni
1873 327 1934 389 A
2020 331 2173 386 Anni
2244 332 2557 386 Iudaeorum
2603 336 2655 385 et
2706 333 3059 400 ﬁnitimorum
3103 331 3331 402 populo-
3392 330 3549 386 Anni

2313 420 2435 457 rum
2492 404 2784 471 Pontiﬁces,
2837 404 3022 468 Reges,
3048 417 3132 456 res
3168 406 3325 468 gestae
3406 407 3531 456 ante

2315 479 2365 526 et
2390 475 2732 526 documenta.
3375 474 3560 526 Eram

2245 585 2372 626 cum
2395 571 2480 625 eis
2502 575 2935 638 renovaverunt,
2954 573 3011 624 et
3027 568 3312 638 quidquid
3357 542 3560 597 Christi
