3998 6176
408 235 517 294 M5

470 355 628 430 Anni
692 361 810 430 Imp

488 427 624 481 Per.‘
770 427 789 430 “
872 447 958 488 res
992 427 1154 502 gestae
1185 441 1236 490 et
1260 437 1600 495 documenta.
1754 427 1770 436 ’
1849 427 2008 499 Urbis

465 515 595 588 Jul.
608 521 658 588 et
1798 533 2025 588 condita?

479 586 617 658 (ξρειὶ
1806 586 1817 588 ἡ
1845 586 1972 658 ante

495 601 512 638 :-
546 600 617 639 cn
1845 609 1972 658 ante

705 742 722 744 η
1808 679 1861 729 et
1892 680 2018 744 post

586 725 620 782 0

1190 241 1284 296 AD
1320 241 1758 305 ANASTASIUM
1797 248 2316 310 PROLEGOMENA
2357 255 2537 312 EDIT.
2578 256 3006 317 ROM.-VATIC.

695 742 740 784 C.
775 745 984 788 VIBIVS.
1019 747 1064 788 C.
1098 748 1148 789 ιτ.
1172 748 1224 788 C.
1261 751 1314 793 Ν.
1342 753 1513 796 PANSA

441 794 534 853 22.
562 795 648 853 45.
692 815 744 854 v.
783 815 1031 859 manus.
1060 820 1116 859 A.
1143 819 1199 859 ιτ.

503 870 574 925 A.

454 2372 616 2432 4674.

909 958 956 998 C.
999 958 1289 1003 CARRINAS.
1327 964 1374 1004 C.
1403 966 1454 1007 Ρ.

765 1048 879 1103 sm
906 1031 957 1103 9-
992 1030 1190 1103 FEP‘VS
1225 1034 1277 1080 ο·
1311 1035 1342 1075 ιτ

908 1101 957 1141 Ρ.
991 1101 1303 1146 VENTIDIVS.
1332 1107 1382 1148 P.
1415 1108 1446 1148 F

764 1154 936 1225 Lapis
1015 1159 1350 1220 Colotianus
1421 1180 1513 1237 ap.
1593 1167 1759 1223 Grut.

695 1240 793 1299 fol.
820 1256 1071 1303 ccxcvm.

765 1335 888 1390 Kal.
937 1338 1232 1396 Ianuariis
1277 1341 1494 1411 Cicero,
1537 1341 1766 1412 Philip-

695 1422 820 1492 pica
847 1425 1068 1496 quinta,
1096 1427 1411 1485 Antonium
1438 1429 1590 1486 belio
1629 1443 1766 1500 per-

693 1513 1044 1580 sequendum
1077 1517 1295 1572 suadet.
1340 1518 1622 1573 Postridie
1648 1520 1769 1573 [m-

693 1601 916 1670 perium
933 1605 1456 1661 extraordinarium
1475 1606 1536 1661 C.
1554 1605 1763 1661 Caesari

691 1690 998 1744 Octaviano
1023 1691 1298 1749 defertur.
1327 1691 1462 1767 [Cic.
1484 1695 1632 1748 Phil.
1654 1690 1758 1767 11.}

692 1779 1068 1835 Reconciliati
1091 1782 1358 1851 Lepidus,
1381 1781 1688 1848 Antonius,
1710 1788 1767 1835 et

689 1867 876 1923 Caesar
923 1871 1351 1924 Triumuiratum
1387 1868 1662 1922 invadunt
1684 1870 1757 1923 Β.

689 1940 752 1993 Ρ.
767 1938 822 1994 C.
846 1939 943 1995 die
958 1953 991 1993 v
1017 1941 1117 1996 Kal
1137 1941 1373 1996 Decemb
1397 1940 1565 2008 Lapis
1580 1938 1762 1994 Colot.

692 2030 798 2086 ibi.
825 2038 881 2086 et
910 2033 1130 2088 nummi
1149 2037 1206 2088 et
1232 2030 1498 2088 historici
1524 2029 1759 2120 passim.

759 2120 956 2176 Cicero
1013 2122 1302 2177 occiditur
1349 2133 1429 2175 vn
1488 2118 1568 2174 Id.
1621 2118 1756 2174 Dec.

687 2209 900 2280 dialog.
934 2210 1006 2267 de
1034 2213 1228 2266 causis
1257 2223 1376 2266 cor.
1409 2209 1482 2265 el.

749 2375 808 2429 L.
836 2373 1179 2429 Munatiusl.
1205 2371 1302 2426 f.l.
1335 2385 1389 2426 n.
1419 2370 1666 2424 Plancus
1689 2364 1762 2419 M.
1845 2355 1977 2414 740.

753 2461 952 2502 ινηίΙίιις
984 2475 1032 2502 m
1105 2460 1131 2502 f
1193 2476 1243 2502 n,
1306 2473 1363 2502 η-
1399 2457 1644 2502 Lenidns
1691 2465 1751 2502 ιι.
1840 2442 1967 2502 744.

436 2461 527 2520 23.
558 2460 644 2519 46.
682 2461 952 2517 Emilius
984 2475 1057 2515 ιιι.
1105 2460 1145 2514 ι.
1193 2476 1246 2531 q.
1306 2473 1364 2513 n.
1397 2457 1644 2525 Lepidus
1691 2465 1751 2520 ιι,

509 2551 572 2608 G.

452 4031 611 4090 4672.

685 2553 835 2607 Man.
864 2550 1011 2605 Anto
1032 2548 1169 2603 nius
1194 2549 1258 2601 H.
1283 2545 1572 2615 Sulpitius
1595 2542 1761 2596 Cons.

697 2624 966 2677 Lustrum
992 2634 1104 2676 non
1141 2619 1296 2674 fecit.

766 2707 917 2761 Fasti
943 2719 1138 2760 marm.
1172 2702 1453 2759 Colotian.
1477 2713 1566 2768 ap.
1595 2694 1763 2752 Grut.

694 2793 796 2850 fol.
825 2791 949 2849 298.
979 2793 1061 2848 Ad
1099 2792 1396 2861 Philippos
1425 2785 1768 2844 Macedoniae

693 2882 994 2938 commissa
1044 2893 1252 2952 pugna.
1283 2878 1444 2934 Bruti
1482 2882 1538 2934 et
1579 2874 1764 2931 Cassii

694 2967 948 3041 legiones
986 2983 1109 3037 xxx,
1133 2981 1264 3024 cum
1293 2966 1528 3022 totidem
1557 2965 1627 3019 M.
1657 2963 1770 3020 An-

694 3057 841 3112 tonii
872 3063 928 3111 et
972 3055 1232 3124 Caesaris,
1273 3054 1506 3109 Cassius
1556 3058 1765 3108 exutus

692 3144 902 3199 castris
927 3157 986 3198 se
1009 3142 1302 3197 interﬁcit.
1324 3143 1536 3196 Brutus
1559 3141 1763 3196 iterato

693 3233 893 3302 praelio
935 3231 1124 3286 victus
1153 3243 1214 3285 se
1257 3229 1471 3298 pariter
1503 3228 1757 3284 conﬁcit.

692 3319 811 3375 Liv.
841 3319 943 3374 lib.
976 3331 1145 3373 cxxw
1171 3336 1187 3388 ς
1218 3319 1433 3372 Patere.
1464 3315 1566 3370 lib.
1601 3330 1664 3384 ιι,
1707 3331 1757 3373 c.

688 3405 781 3465 70.
813 3408 945 3463 Plut
967 3407 1027 3462 in
1055 3408 1248 3462 Bruto.
1272 3405 1516 3474 Appian.
1551 3403 1652 3459 lib.
1681 3417 1756 3459 iv.

688 3494 977 3550 Antonius
999 3494 1059 3548 in
1076 3491 1395 3549 Orientales
1408 3491 1756 3561 Provincias,

688 3582 874 3638 Caesar
897 3583 956 3638 in
982 3579 1375 3638 Occidentales
1393 3577 1762 3650 proﬁciscun-

690 3677 787 3726 tur
809 3670 1042 3738 partitis
1069 3671 1218 3725 inter
1235 3683 1294 3724 se
1312 3669 1518 3738 copiis,
1543 3668 1639 3723 sed
1670 3667 1759 3722 in-

692 3764 862 3812 terim
890 3757 1179 3812 Antonius
1200 3758 1477 3812 hiemavit
1494 3757 1752 3812 Athenis.

691 3844 840 3899 Plut.
875 3845 935 3897 in
958 3844 1229 3898 Antonio.

755 4033 810 4087 L.
857 4027 1147 4085 Antonius
1187 4026 1248 4080 P.
1297 4023 1577 4082 Servilius
1623 4041 1676 4096 p.
1709 4025 1751 4081 f.
1838 4027 1968 4089 744.

755 4120 990 4174 ιυιὶοιιε.
1047 4115 1216 4174 Lapis
1263 4113 1442 4169 Colot.
1842 4114 1968 4174 742.

424 4119 516 4179 24.
559 4118 627 4176 47
682 4120 990 4180 Rauricus,
1047 4115 1216 4186 Lapis
1263 4113 1442 4169 Colot.

530 4211 579 4263 F

765 4205 1052 4263 Antonius
1115 4204 1186 4258 ab
1252 4203 1485 4258 Asianis
1534 4204 1771 4272 praemia

693 4295 878 4366 exigit
920 4291 992 4349 28
1039 4291 1367 4364 legionibus
1423 4291 1762 4348 victricibus

696 4380 844 4456 [qua
874 4387 1167 4438 suntcum
1215 4379 1458 4436 auxiliis
1503 4380 1759 4436 virorum

694 4470 797 4529 470
843 4469 1050 4548 millia]
1083 4485 1276 4528 novem
1323 4483 1603 4526 annorum
1644 4472 1761 4527 tri—

691 4561 895 4618 butum
944 4562 1095 4617 intra
1138 4560 1460 4630 biennium,
1511 4561 1756 4629 Appian.

691 4650 775 4706 lib
804 4664 889 4721 lll,
912 4665 1036 4720 pag.
1059 4646 1186 4719 673,
1203 4649 1409 4706 deinde
1426 4648 1549 4704 abit
1576 4648 1634 4703 in
1652 4647 1763 4718 Sy-

693 4741 855 4796 riam.
909 4739 1254 4797 Octavianus
1284 4742 1490 4814 Caesar,
1523 4755 1758 4799 causam

689 4829 758 4884 de
810 4828 969 4901 agris
1014 4830 1250 4900 civium,
1304 4831 1404 4904 qui
1479 4835 1652 4890 Bruto
1704 4839 1761 4890 et

687 4917 885 4975 Cassio
914 4916 1193 4989 faverant,
1235 4920 1566 4978 dividendis
1604 4923 1756 4979 inter

689 5007 905 5064 milites
923 5007 1294 5080 Caesarianos,
1325 5024 1455 5066 cum
1495 5010 1567 5067 ab
1611 5013 1758 5082 ipsis

692 5096 978 5151 militibus
1034 5097 1417 5154 dirimendam
1475 5107 1754 5172 curasset,

688 5181 886 5236 Fulvia
917 5182 1146 5238 illorum
1177 5186 1600 5255 odium,C:esar
1620 5201 1758 5256 gra-

687 5269 826 5325 tiam
857 5272 1210 5327 conciliavit.
1242 5273 1386 5328 Hinc
1413 5273 1623 5329 bellum
1659 5275 1757 5330 in-

687 5368 775 5419 ter
801 5361 1074 5416 Caasarem
1114 5367 1170 5415 et
1220 5362 1434 5417 Fulvia:
1485 5363 1754 5419 maritum

687 5448 1020 5506 Antonium.
1046 5448 1153 5504 Dio
1173 5449 1274 5504 lib.
1298 5464 1473 5505 XLVIII
1493 5451 1671 5519 ;Suet.
1692 5453 1752 5508 in

687 5540 808 5596 Oct.
852 5556 903 5596 c.
933 5536 1022 5596 62.
1037 5536 1254 5594 Bellum
1285 5540 1644 5596 Perusinum.

1817 747 1965 800 Palil
1983 787 1991 799 .

783 815 1031 859 manus.
1060 820 1116 859 A.
1143 819 1199 859 ιτ.
1828 814 1954 873 709.

765 908 880 963 SvF
907 887 954 963 ξ’
989 889 1200 963 ΨέίΫὲἱ
1237 891 1440 936 CAESAR
1483 881 1774 963 (Οοῐενὶἂῖ
1825 889 1898 943 Α.
1935 889 1995 942 Ρ.

1639 956 1766 1028 nus)
1821 962 2012 1029 etpost

1821 1031 1988 1100 dalil.

1853 1099 1980 1160 740.

3699 271 3799 332 446

812 365 1070 432 crateres,
1104 362 1359 420 Consules
1382 370 1772 436 Romanorum,
1842 375 1998 429 Anni
2076 375 2136 435 A
2231 376 2388 433 Anni
2454 383 2643 438 Judzo
2655 400 2776 438 rum
2805 390 2856 440 et
2899 365 3259 454 ﬁnitimorum
3278 393 3524 462 populo-
3598 395 3750 450 Anni

872 447 958 488 res
992 439 1154 502 gestae
1185 441 1236 490 et
1260 437 1600 495 documenta.
1849 447 2008 499 Urbis
2194 446 2405 502 Olumn.
2531 471 2653 502 rum.
2695 457 2992 502 Pnntiﬁms-
3042 460 3201 502 Πρηρς
3253 478 3340 502 ,θρα
3365 469 3524 502 nocfm
3609 472 3736 502 nnln

2259 464 2405 520 31⁷⁷³1³·

2531 471 2653 531 rum
2691 457 2994 525 Pontiﬁces,
3038 460 3222 527 Reges,
3253 457 3524 531 res'gestae
3609 472 3736 521 ante

2441 585 2443 587 _
2516 530 2567 579 et
2608 527 2924 582 documenta
2938 568 2952 582 .

2444 664 2503 720 C.
2552 665 2788 723 Cassius
2827 669 2963 724 olim
3013 679 3261 742 quaestor
3309 675 3523 747 Crassi,

2443 753 2606 823 Syria
2652 763 2948 828 occupata,
2985 759 3044 814 in
3091 762 3341 818 Judaeam
3379 777 3527 819 con-

2446 841 2633 897 tendit
2683 843 2930 900 Procons
2978 847 3085 902 Dio
3117 848 3199 903 lib
3240 863 3417 906 XLVII.
3473 857 3528 908 et

2444 929 2536 984 sui
2585 931 2741 999 juris
2791 930 2928 988 fecit
2985 949 3086 1004 pro
3133 937 3444 1007 Republica
3480 943 3528 996 A

2441 1016 2634 1073 Judaea
2663 1021 2850 1091 exegit
2892 1024 3113 1094 argenti
3147 1025 3356 1082 talenta
3384 1024 3517 1085 700.

2250 1100 2354 1158 484
2440 1105 2566 1161 Hist
2606 1107 2711 1163 Jud
2745 1109 2804 1163 in
2850 1110 2970 1165 Bibl
3003 1111 3194 1184 Polygl
3227 1115 3388 1170 Paris
3416 1117 3530 1174 He—

2189 1189 2399 1278 Oiynip.
2445 1193 2610 1249 rodes
2669 1209 2738 1250 ex
2809 1197 3047 1255 Galilaaa
3107 1199 3210 1257 400
3278 1204 3523 1278 talenta;

2215 1277 2374 1333 Ann.
2439 1281 2676 1338 totidem
2723 1284 3016 1354 Hyrcanus
3069 1289 3230 1346 misit
3267 1291 3364 1348 Jos
3393 1292 3526 1349 libi

2260 1379 2351 1422 ιιι
2448 1367 2584 1425 belli
2639 1385 2691 1426 c.
2737 1370 2790 1427 9.
2841 1378 2898 1429 et
2967 1374 3052 1430 lib
3104 1391 3200 1434 χιιι
3263 1381 3529 1452 Antiquit

2447 1471 2498 1513 c.
2534 1458 2620 1515 18.

2516 1549 2817 1621 Antipater
2843 1555 3076 1612 Malichi
3105 1557 3305 1616 fraude
3351 1575 3524 1618 vene-

2451 1651 2524 1694 no
2551 1652 2583 1694 e
2615 1642 2798 1697 medio
2829 1643 3077 1700 tollitur.
3114 1647 3439 1720 Phasaelus,
3471 1659 3528 1707 et

2447 1727 2695 1784 Herodes
2750 1729 2856 1786 ﬁlii
2920 1732 3198 1790 ultionem
3251 1736 3527 1795 diﬁ‘erunt

2452 1818 2654 1886 patris.
2705 1819 2971 1891 Herodes,
3015 1823 3214 1880 Cassio
3286 1831 3530 1896 permit-

2451 1912 2620 1977 tente,
2652 1909 2911 1965 eumdem
2945 1925 3043 1980 per
3072 1913 3351 1972 satellites
3386 1931 3531 1974 con—

2450 1993 2597 2052 fodit
2636 1998 2732 2052 Jos
2773 1999 2950 2070 Antiq
2983 2001 3064 2056 lib
3113 2017 3232 2058 XIV.
3264 2019 3315 2060 c.
3354 2003 3446 2063 20.
3469 2011 3527 2063 et

2449 2083 2533 2138 lib
2566 2098 2581 2138 ι
2613 2084 2774 2158 belli,
2802 2100 2851 2144 c.
2903 2087 2955 2145 9.

2517 2361 2811 2432 Hyrcanus
2881 2381 2980 2438 per
3041 2369 3255 2443 legatos
3301 2385 3532 2429 auream

2456 2465 2723 2509 coronam
2767 2455 2842 2510 M.
2885 2457 3136 2515 Antonio
3177 2461 3376 2530 mittit,
3430 2476 3532 2518 ro—

2457 2554 2598 2613 gans
2629 2557 2729 2612 pro
2773 2547 2961 2615 gentis
2987 2563 3103 2604 suae
3143 2549 3427 2614 libertate.
3474 2555 3532 2608 et

2454 2632 2610 2703 agris
2639 2646 2671 2686 a
2699 2632 2895 2690 Cassio
2927 2637 3231 2707 ademptis,
3265 2645 3329 2696 ut
3353 2641 3532 2696 resti-

2453 2725 2712 2776 tuantur.
2741 2721 2995 2791 Quorum
3030 2727 3316 2795 postulata
3347 2730 3530 2786 Anto—

2454 2807 2589 2863 nius
2621 2823 2782 2880 aaqua
2834 2814 3174 2870 existimans
3204 2831 3314 2872 non
3362 2819 3528 2876 modo

2450 2895 2707 2965 admisit,
2738 2901 2834 2956 sed
2863 2904 3160 2972 proposito
3197 2903 3386 2962 edicto
3413 2908 3529 2977 Ty-

2453 2985 2553 3052 ris,
2629 2987 2909 3059 Sidoniis,
2995 2993 3395 3064 Antiochenis,
3473 3002 3528 3053 et

2448 3075 2683 3134 Aradiis
2739 3080 2799 3135 in
2847 3083 3103 3138 eamdem
3185 3086 3526 3141 sententiam

2449 3165 2707 3236 scripsit,
2756 3173 2820 3224 ut
2865 3169 3037 3226 liberi
3094 3172 3528 3230 dimitterentur

2447 3253 2627 3309 Judaei
2651 3256 2760 3312 sub
2789 3256 2951 3314 hasta
2975 3273 3009 3316 a
3032 3261 3094 3315 C.
3126 3261 3342 3332 Cassio,
3383 3265 3526 3321 Cas-

2450 3340 2704 3398 sianisve
2753 3348 3085 3414 venundati,
3131 3358 3188 3406 et
3231 3351 3353 3408 loca
3384 3355 3528 3410 uni-

2447 3441 2628 3499 versa,
2703 3432 2906 3489 iisdem
2961 3437 3178 3494 Judaais
3250 3441 3527 3498 similiter

2447 3515 2710 3589 adempta
2763 3521 3156 3596 redderentur,
3216 3535 3520 3600 essentque

2449 3611 2572 3661 rata
2603 3611 2924 3683 privilegia,
2975 3619 3031 3669 et
3067 3615 3201 3684 jura
3249 3617 3524 3675 beneﬁcio

2445 3693 2770 3766 Dolabellae,
2855 3713 2922 3755 ac
3009 3716 3116 3758 suo
3197 3705 3522 3763 Judaeorum

2445 3783 2600 3863 genti
2693 3799 2981 3846 concessa.
3048 3794 3144 3849 Jos
3239 3793 3352 3848 lib-
3396 3807 3516 3864 xiv,

2441 3895 2490 3936 c.
2515 3877 2606 3936 22.

2193 4051 2258 4097 tu
2318 4052 2403 4096 ιιιι
2451 4040 2776 4113 Antigonus
2823 4043 2982 4100 ﬁlius
3027 4045 3349 4105 Aristobuli
3403 4046 3528 4125 [qui

2451 4126 2638 4216 fuerat
2683 4129 2861 4187 frater
2909 4134 3151 4204 Hyrcani
3203 4139 3523 4216 Pontiﬁcis]

2446 4215 2721 4272 adversus
2744 4225 3216 4293 patruum,cujus
3232 4226 3443 4298 Regno,
3468 4215 3528 4285 et

2445 4303 2774 4364 Sacerdotio
2852 4310 3129 4379 inhiabat,
3182 4315 3518 4373 Parthorum

2446 4406 2604 4449 arma
2656 4399 2918 4468 suscitat,
2954 4401 3100 4458 duce
3130 4402 3358 4474 Parbro,
3402 4407 3522 4475 jam

2445 4494 2477 4535 a
2527 4483 2775 4542 Labieno
2827 4489 3011 4544 excita
3064 4499 3261 4547 contra
3308 4493 3527 4549 Roma-

2445 4583 2549 4627 nos
2629 4581 2828 4644 pactus
2907 4578 3065 4634 mille
3141 4581 3371 4649 talenta,
3465 4589 3525 4639 et

2445 4662 2788 4733 quingentas
2838 4667 3132 4740 mulieres,
3185 4673 3236 4728 si
3269 4671 3340 4728 ab
3369 4674 3523 4744 Hyr-

2443 4764 2584 4809 cano
2636 4754 2692 4809 in
2745 4768 2805 4811 se
2862 4770 3099 4828 regnum
3150 4763 3517 4832 transferant,

2441 4849 2500 4899 et
2527 4844 2794 4902 Herodem
2841 4860 2956 4904 una
2984 4863 3114 4906 cum
3158 4851 3300 4909 ﬁliis
3328 4853 3517 4908 inter-

2444 4931 2657 4988 ﬁciant.

2511 5022 2784 5079 Herodem
2837 5026 3010 5097 enim,
3065 5033 3122 5083 et
3179 5029 3514 5088 Phasaelum

2441 5112 2756 5168 tetrarchas
2794 5115 3176 5172 constituerat
3203 5118 3512 5184 Antonius,

2441 5200 2588 5269 apud
2665 5215 2831 5269 quem
2910 5204 3135 5275 Daphni
3218 5208 3517 5267 Antochiaa

2442 5287 2713 5357 proximae
2744 5290 2849 5348 hoc
2873 5306 3024 5350 anno
3047 5302 3304 5366 agentem
3335 5312 3515 5354 accu-

2447 5377 2720 5434 sabantur
2742 5394 2774 5436 a
2793 5383 3115 5440 Judaaorum
3148 5387 3502 5456 proceribus.

2435 5466 2650 5523 Audito
2681 5474 2866 5526 tamen
2890 5473 3164 5544 Hyrcano,
3195 5476 3294 5546 qui
3331 5475 3512 5532 ﬁliam

2437 5556 2805 5614 Mariamnem
2862 5560 3068 5617 Herodi
3135 5563 3514 5637 desponderat

3573 537 3759 592 JEram

3543 608 3769 664 Christi.

3625 676 3712 734 44.

3627 4052 3716 4112 42.
