3998 6176
258 231 342 293 $24

302 375 473 466 Aram;
528 377 904 466 Imperatores,
936 380 1190 466 Consales
1210 391 1592 466 Romanorum,

276 447 492 500 Period.
665 465 751 503 res
780 458 942 518 gestae
988 461 1038 509 et
1081 458 1418 516 documenta.

298 518 486 641 ﬁt?
688 560 777 600 sx.
831 562 1029 606 IVDAEA
1092 568 1155 609 III
1227 570 1403 614 morus
1481 574 1614 616 sar-

313 603 451 656 cycu
931 603 1029 606 ""‘

302 655 437 732 θῶ
685 656 891 700 TEMBR.
930 661 984 702 A.
1018 662 1212 708 DCCXI!

585 780 632 822 ε.
668 783 982 828 NORBANVS.
1013 789 1066 830 C.
1095 792 1152 833 F.
1189 793 1435 838 FLACCVS.
1459 798 1602 840 PRO-

656 870 752 912 COS

653 960 724 1002 EX
772 962 1031 1008 HISPANIA
1073 969 1130 1011 ιν
1178 972 1234 1013 ID
1271 972 1493 1016 OCTOBR.
1541 975 1594 1017 Α.

656 1049 786 1093 DCCX
794 1053 808 1094 Ι
815 1055 849 1095 Χ

648 1125 803 1181 Fasti
836 1130 1216 1201 triumphales
1255 1136 1591 1206 Capitolini.

266 1241 394 1302 £680
572 1249 718 1320 Imp.
773 1251 962 1309 Caesar
1014 1257 1140 1312 Divi
1197 1257 1236 1314 ἰ.
1296 1274 1337 1315 ιι
1393 1263 1587 1318 eadem

265 1330 308 1404 4,
337 1332 370 1389 6
513 1335 611 1392 die
641 1339 767 1394 Kal.
796 1341 1119 1400 Abdicavit.
1147 1348 1210 1402 In
1237 1349 1362 1418 ejus
1389 1349 1483 1406 lo-

300 1423 338 1480 C
513 1439 643 1480 cum
684 1427 799 1484 suf.

571 1517 634 1570 L.
669 1517 966 1577 Volcatius
997 1521 1044 1578 l.
1077 1523 1118 1578 Γ.
1150 1526 1374 1583 Tullus.

572 1606 724 1661 Idem
759 1608 911 1678 lapis
941 1611 1235 1670 Fastorum
1269 1618 1548 1688 municip.

484 1707 582 1762 ap.
604 1693 771 1750 Grut.
818 1697 858 1752 f.
900 1712 1028 1769 CCIC,
1061 1709 1116 1758 et
1154 1705 1408 1760 Frontin.
1445 1707 1538 1762 his

484 1794 634 1838 coss.
680 1791 838 1841 notat
878 1789 1020 1844 V.C.
1066 1804 1202 1846 ann.
1245 1807 1456 1865 nccxix,
1493 1803 1550 1850 et

484 1876 616 1939 post
663 1887 846 1930 annos
885 1890 1011 1932 xm.
1067 1879 1125 1934 C.
1177 1880 1436 1938 Sentium
1481 1885 1541 1938 P.

476 1960 815 2018 Lucretium
850 1978 964 2022 cos.
992 1968 1214 2025 Boccho
1247 1985 1376 2042 rege
1401 1974 1552 2029 Mau-

485 2048 720 2105 ritania:
768 2051 1057 2126 defuncto,
1105 2059 1453 2134 Mauritania
1493 2061 1555 2116 in

491 2134 852 2195 Provinciam
883 2145 1130 2201 redacta.
1155 2147 1262 2202 Dio
1301 2147 1342 2202 l.
1384 2162 1536 2220 XLIX,

483 2224 826 2285 Simultates
864 2231 1122 2302 gliscunt
1170 2235 1320 2294 inter
1364 2237 1540 2295 Caesa-

495 2327 635 2386 rem,
667 2323 724 2372 et
750 2316 958 2376 Anton.

621 2583 722 2639 Cn.
751 2583 1040 2646 Domitius
1061 2590 1496 2651 Ahenobarbus.

623 2671 685 2727 C.
701 2673 926 2732 Sosius.

549 2760 700 2816 Idem
734 2762 905 2836 lapis,
937 2767 1037 2837 qui
1069 2776 1366 2827 enumerat
1394 2771 1568 2827 etiam

481 2847 776 2908 suffectos.

555 2936 685 2994 Kal.
737 2941 998 3000 Januarii
1043 2948 1344 3004 consulum
1384 2949 1568 3005 alter—

483 3027 638 3083 catio
683 3032 1040 3089 occasionem
1067 3035 1165 3091 dat
1208 3037 1343 3093 belli
1372 3039 1568 3094 civilis

485 3115 636 3171 inter
680 3117 979 3194 Caesarem,
1009 3129 1066 3180 et
1087 3124 1422 3184 Antonium.
1456 3128 1564 3184 Dio

478 3203 587 3258 sub
609 3206 739 3262 init.
771 3209 872 3264 lib.
902 3226 952 3267 ι.

544 3294 651 3350 His
693 3311 836 3354 coss.
870 3301 1103 3372 Dionys.
1159 3305 1448 3361 Halicarn.
1501 3307 1561 3362 in

476 3381 636 3452 praef.
695 3385 832 3444 hist.
885 3399 1149 3448 numerat
1178 3392 1571 3464 Olympiadem

475 3469 770 3530 ineuntem
809 3472 930 3546 487,
974 3483 1038 3534 ut
1075 3493 1142 3535 ex
1177 3480 1413 3538 biennio
1461 3497 1561 3539 se—

475 3563 678 3631 quenti
727 3564 1048 3637 colligitur,
1097 3569 1196 3624 ubi
1248 3569 1308 3626 in
1351 3571 1558 3628 diebus

474 3649 699 3706 aestivis
729 3660 990 3710 numerat
1021 3657 1286 3713 mediam.

553 3739 695 3808 Imp.
720 3741 854 3797 Caes.
879 3743 1008 3799 Divi
1034 3743 1073 3798 f.
1106 3759 1168 3800 ιη

553 3828 628 3882 Μ.
660 3829 920 3887 Valerius
942 3835 1017 3888 M.
1053 3831 1092 3888 ἰ.
1127 3834 1199 3888 Μ.
1231 3848 1291 3890 n.
1319 3836 1558 3893 Messala

472 3913 710 3972 Corvin.

473 4003 624 4059 Idem
661 4005 831 4078 lapis,
864 4009 974 4065 AA.
1011 4013 1247 4081 passim.
1279 4027 1346 4070 ac

476 4105 653 4148 rvcm
703 4109 926 4152 aeruca
976 4101 1282 4157 commissa
1336 4099 1370 4157 4
1413 4105 1555 4160 Non.

479 4182 630 4252 Sept.
668 4185 948 4243 Patercul.
989 4202 1050 4259 II,
1087 4187 1178 4245 84.
1215 4191 1356 4247 Vide
1393 4194 1564 4249 Noris

474 4271 608 4327 Cen.
661 4274 777 4329 Pis.
814 4291 866 4344 p.
919 4275 1039 4332 459.
1085 4279 1385 4351 Augustus
1438 4287 1566 4351 post

261 4367 379 4411 mu
480 4373 602 4417 eam
649 4363 948 4421 victoriam
984 4368 1043 4422 in
1083 4369 1278 4424 Asiam
1309 4371 1564 4426 Procon—

287 4455 349 4498 ιι
483 4450 733 4506 sularem
765 4453 1054 4523 profectus
1083 4455 1331 4511 eamdem
1364 4459 1561 4514 statim

259 4543 424 4592 Vicron
488 4539 768 4596 obtinuit.
808 4543 890 4598 Ex
925 4543 1134 4600 Africa:
1175 4545 1433 4616 proxima
1460 4547 1563 4600 2E-

259 4632 305 4675 u
346 4637 453 4680 ACl‘.
494 4629 653 4700 gypti
687 4635 867 4701 parte,
915 4631 1182 4691 Pinarius
1219 4638 1466 4705 Scarpus
1493 4649 1562 4692 ex

329 4719 381 4768 et
490 4717 731 4773 Antonii
763 4719 1049 4789 praefectis
1072 4724 1142 4779 ad
1169 4737 1298 4780 cum
1325 4723 1554 4781 defecit.

256 4810 360 4853 ης.
401 4815 458 4857 IN
495 4805 704 4862 Didius
761 4807 986 4880 legatus
1047 4811 1287 4868 Caesaris
1340 4813 1562 4884 Syriam

270 4899 428 4946 smn.
482 4897 802 4966 occupavit.
853 4897 1011 4956 Unde
1047 4915 1192 4956 ΔΕΜ
1219 4916 1345 4957 ave.
1374 4916 1432 4957 IN
1464 4917 1568 4958 sv—

481 4996 578 5038 RIA
601 4998 669 5040 ex
694 4984 929 5042 Autum.
959 4989 1102 5044 Vide
1119 4991 1288 5046 Noris
1309 4991 1410 5062 Ep.
1437 4991 1561 5057 Syr.

482 5087 538 5142 p.
572 5070 700 5145 254,
732 5075 874 5131 edit.
907 5077 1061 5147 Lips.

551 5163 690 5233 Imp.
730 5165 920 5221 Caesar
943 5168 1073 5223 Divi
1106 5164 1146 5222 f.
1177 5181 1285 5224 IIII.

316 3863 369 3892 ,.

315 3910 369 3965 G.

286 5150 410 5215 £683

283 5239 331 5316 7,
379 5245 412 5302 9
552 5253 625 5306 M.
671 5252 938 5311 Licinius
978 5256 1050 5311 M.
1104 5256 1143 5312 ἰ.
1181 5271 1254 5312 m.
1287 5273 1344 5314 n.
1389 5258 1565 5316 Cras-

315 5335 373 5388 F.
487 5353 587 5394 sus

679 5443 896 5486 BELLVM
920 5446 1351 5490 ALEXANDRINVI

503 5515 653 5575 Idem
683 5518 857 5591 lapis,
886 5521 984 5592 qui
1011 5527 1068 5580 et
1091 5522 1360 5580 suffectos
1384 5537 1532 5581 coss.

1246 247 1590 307 ΟΗΚΟΝΟῙ..
1645 253 1928 317 CONSUL.
1981 263 2069 318 ET
2107 259 2266 324 (ΖΕΒ.
2318 271 2483 329 ROM.
2541 271 2688 332 ETC.

3541 283 3648 354 422

1660 395 1816 482 ξίηζιί
1909 379 1966 438 Α
2056 389 2239 482 ﬁ???
2289 397 2598 482 JUd$0rupt
2647 409 2715 482 e_tA
2734 409 3092 474 ﬁnitimorum
3108 414 3351 482 papulo-
3421 417 3578 472 Anni

2053 461 2245 533 Olymp
2352 485 2477 550 rum
2523 461 3352 550 Pontiﬁces,Reges.reslpestz

1632 467 1702 520 U.
1741 467 1804 521 C.

1686 542 1813 591 ante

1649 612 1700 661 et
1722 613 1847 677 post

1665 679 1825 733 Palil.

1731 1260 1841 1320 749

1683 1369 1736 1408 α.
1771 1355 1833 1408 Ρ.

1718 2415 1826 2478 720

1714 2506 1814 2565 724

1665 3835 1768 3895 724

1667 4013 1778 4072 722

1669 5256 1780 5319 722

1668 5431 1777 5492 723

1883 3015 1934 3078 C

2002 2736 2084 2792 Ol.
2121 2735 2226 2795 486

2017 2837 2106 2880 1m
2147 2832 2200 2882 et

2345 546 2394 594 et
2423 543 2741 601 documenta

2275 698 2389 754 sibi
2435 702 2562 758 dari
2606 707 2900 778 ademptas
2947 715 3074 770 suis
3124 715 3357 784 regibus

2277 787 2480 844 Verum
2510 791 2797 853 Antonius
2837 801 3073 872 restitit,
3111 802 3358 875 largitus

2275 880 2461 932 tamen
2509 883 2796 941 maritima
2838 888 2962 945 loca
2991 904 3024 947 a
3054 892 3228 948 ﬂuvio
3274 894 3358 948 E-

2273 961 2536 1024 leuthero
2561 971 2628 1025 ad
2666 973 2908 1044 Egyptu
2921 993 2966 1032 m
3010 985 3216 1048 prater
3240 982 3357 1052 Ty—

2273 1066 2422 1125 rum,
2450 1062 2507 1112 et
2529 1059 2818 1129 Sidonem,
2855 1065 2956 1120 ibi.

2339 1145 2568 1204 Mortuo
2598 1151 2858 1218 pontiﬁci
2878 1155 3202 1213 Iudaeorum
3229 1172 3355 1214 suc-

2267 1234 2421 1289 cedit
2461 1237 2625 1294 .Iesus
2670 1240 2829 1297 ﬁlius
2875 1243 3078 1301 Phaba:
3119 1247 3189 1302 ab
3233 1248 3351 1304 Aa-

2268 1333 2404 1377 rone
2449 1338 2564 1380 LXI.

2404 1412 2535 1469 Jesu
2567 1415 2647 1471 ﬁl.
2696 1417 2898 1476 Phabaa
2937 1418 2986 1475 l.
3020 1423 3264 1480 Herodis
3287 1421 3345 1480 7.

2339 1499 2586 1560 Herodes
2606 1508 2828 1563 auxilia
2854 1509 2925 1564 ab
2945 1509 3196 1569 Antonio
3224 1521 3352 1583 post

2265 1586 2480 1645 bellum
2522 1596 2717 1651 Media:
2743 1598 2854 1653 sibi
2885 1601 3124 1656 remissa
3150 1603 3347 1659 educit

2263 1686 2461 1734 contra
2484 1681 2719 1744 Arabas.
2744 1691 2802 1741 et
2825 1688 2985 1744 vario
3014 1697 3191 1746 marte
3215 1705 3346 1747 cum

2263 1764 2386 1820 illis
2415 1769 2696 1842 conﬂigit.

2329 1855 2618 1913 Antonius
2673 1874 2802 1916 cum
2863 1877 2992 1935 rege
3048 1866 3339 1922 Medorum

2258 1943 2588 2001 societatem
2663 1949 2799 2005 belli
2861 1953 3151 2025 junxerat,
3223 1956 3338 2026 ipsi

2255 2038 2455 2089 contra
2499 2037 2716 2109 Persas,
2756 2039 2871 2095 sibi
2916 2048 3114 2098 contra
3144 2043 3338 2100 Caesa—

2253 2133 2391 2193 rem,
2438 2126 2588 2194 quod
2642 2126 2693 2181 is
2753 2128 3083 2185 Provincias
3137 2132 3336 2201 Lepidi

2252 2208 2365 2263 sibi
2426 2220 2780 2283 usurpasset.
2839 2217 2992 2273 Idem
3051 2217 3340 2275 Antonius

2249 2293 2532 2355 Armeniae
2578 2317 2762 2374 regem
2809 2318 2908 2374 per
2949 2304 3207 2361 fraudem
3232 2321 3338 2362 ca—

2251 2389 2422 2456 ptem,
2481 2394 2539 2444 et
2599 2391 2854 2446 vinctum
2906 2393 2966 2448 in
3039 2395 3336 2464 triumpho

3425 559 3607 612 Eram

3407 626 3609 683 Christi

3454 1421 3526 1482 34

2249 2473 2414 2530 ducit
2461 2476 2890 2551 Alexandriam,
2939 2487 2996 2536 et
3045 2496 3216 2554 regna
3253 2484 3340 2539 di-
3433 2541 3440 2550 ,

2251 2562 2400 2619 vidit
2450 2566 2600 2623 inter
2646 2568 2802 2624 ﬁlios
2837 2569 3172 2641 Cleopatrae.
3225 2573 3332 2629 Dio

2251 2649 2356 2706 lib.
2396 2668 2550 2710 xux.

2402 2744 2536 2802 Jesu
2562 2743 2615 2800 2.
2693 2749 2934 2805 Herodis
2961 2747 3014 2806 8.

2321 2831 2490 2887 Hillel
2539 2833 2887 2904 Babylonius
2938 2851 3006 2894 ex
3058 2839 3330 2896 Davidica

2000 2909 2125 2986 487,
2155 2929 2172 2971 ι
2249 2919 2432 2989 stirpe
2474 2920 2678 2978 ﬂoret:
2714 2938 2781 2980 ex
2811 2925 2988 2995 hujus
3014 2927 3335 2998 discipulo-

2049 3936 2089 3993 ι’

2028 5186 2185 5247 ιι,ιιι.

2121 3937 2160 3979 II

2252 3020 2377 3062 rum
2453 3023 2758 3070 numeroso
2829 3020 2981 3072 cmtu
3049 3017 3329 3074 Jonathan

2243 3094 2487 3154 Uzzielis
2530 3097 2570 3153 f.
2617 3108 2818 3159 auctor
2861 3103 3186 3161 Chaldaica:
3224 3107 3324 3161 Pa-

2249 3185 2588 3253 raphraseos
2639 3190 3005 3247 clarissimus
3063 3193 3325 3250 habetur.

2238 3270 2394 3326 Inter
2441 3273 2702 3330 Hillelem
2748 3277 2923 3344 hunc,
2967 3285 3025 3333 et
3065 3279 3328 3334 Samma-

2243 3357 2356 3414 iam
2405 3371 2532 3416 orto
2575 3363 2824 3420 dissidio
2869 3363 3126 3434 familiae,
3178 3367 3327 3422 sub-

2242 3449 2520 3506 oriuntur
2545 3452 2894 3522 Scribarum,
2929 3459 2986 3508 et
3012 3455 3321 3510 Pharisaeo~

2239 3552 2388 3608 rum,
2417 3537 2472 3593 S.
2522 3541 2840 3611 Hieronym.
2874 3543 2933 3596 in
2965 3542 3172 3598 Isaiam
3203 3543 3314 3598 lib.

2241 3638 2326 3696 III,
2359 3641 2484 3696 cap.
2511 3626 2566 3696 8,
2599 3640 2655 3685 et
2693 3643 2760 3685 ex
2805 3629 2908 3686 illo
2951 3631 3221 3688 Usserius
3263 3633 3323 3688 in

2235 3710 2440 3769 Annal.

2376 3840 2509 3895 Jesu
2539 3838 2592 3896 3.
2669 3842 2909 3898 Herodis
2937 3842 2991 3898 9.

2306 3925 2515 3984 Contra
2544 3928 2795 3985 Arabum
2837 3944 3022 4002 regem
3068 3933 3318 4003 Aretam,

2236 4015 2484 4072 Herodes
2532 4017 2887 4074 tributorum
2937 4033 3110 4076 causa
3161 4036 3318 4078 arma

2243 4110 2447 4160 movet.
2472 4106 2586 4161 Jos.
2626 4105 2728 4160 lib.
2757 4120 2850 4176 xv,
2881 4121 2931 4162 c.
2954 4107 3012 4164 6.

2309 4193 2502 4249 Iudaea
2584 4195 2905 4251 vehementi
2995 4201 3322 4255 terraemotu

2236 4283 2568 4338 concutitur
2596 4298 2644 4339 c.
2677 4279 2732 4339 7.

2309 4371 2555 4426 Herodes
2587 4373 2645 4427 in
2667 4373 2980 4430 discrimen
3011 4374 3322 4432 adductum

2241 4457 2302 4512 in
2354 4472 2414 4513 se
2445 4459 2674 4529 timens,
2708 4463 2859 4531 quod
2894 4461 3128 4520 favisset
3153 4463 3325 4521 Anto-

2237 4546 2356 4616 nio,
2399 4553 2526 4617 post
2553 4548 2843 4604 Actiacam
2896 4553 3218 4620 victoriam,
3251 4565 3322 4607 ne

2236 4633 2521 4691 Hircanus
2562 4637 2753 4692 adhuc
2792 4647 3081 4708 superstes
3131 4640 3190 4694 in
3240 4653 3320 4694 re-

2249 4736 2422 4794 gnum
2455 4725 2816 4798 restituatur,
2864 4727 2934 4783 de
2977 4727 3144 4783 illius
3187 4740 3320 4783 nece

2238 4809 2540 4868 deliberat.
2571 4812 2680 4868 Ibi.
2713 4828 2838 4885 cap.
2870 4813 2924 4871 9.

2402 5173 2533 5229 Jesu
2565 5167 2617 5228 4.
2650 5172 2890 5230 Herodis
2918 5166 3004 5230 40.

2309 5263 2557 5319 Herodes
2613 5267 2738 5332 post
2782 5263 3125 5334 interceptas
3174 5265 3314 5320 Hir-

2238 5352 2367 5406 cani
2393 5351 2617 5407 litteras
2645 5351 2713 5406 ad
2747 5352 3030 5408 Malchum
3060 5352 3310 5408 Arabum

2239 5453 2446 5511 regem,
2526 5453 2702 5497 suasu
2774 5440 3107 5497 Alexandra:
3177 5438 3311 5495 ﬁlia:

2238 5527 2482 5599 scriptas
2534 5529 2604 5586 ad
2659 5528 3073 5600 impetrandum
3124 5527 3311 5598 hospi-

3447 2748 3522 2808 33

3411 2841 3534 2896 Biss

3427 5173 3490 5234 34
