4032 6168
495 330 599 390 427
1274 340 1365 394 AD
1407 340 1840 397 ANASTASIUM
1900 343 2414 400 PROLEGOMENA
2461 346 2637 400 EDIT.
2679 343 3107 402 ROM.-VAT1C.
3789 345 3888 403 4%

550 471 732 547 Anni,
771 477 1148 547 Imperatores,
1192 485 1450 538 Consules
1478 485 1842 538 Romanorum
1911 483 2068 538 Anni

2299 467 2462 547 Anni
2530 471 2846 547 Iudaeoer
2897 477 2947 547 et
2973 474 3325 540 ﬁnitimorum
3355 472 3598 542 populo—
3673 467 3829 547 Anni

502 544 750 618 Per.jttL
851 544 866 547 ⁷
911 565 998 603 res
1033 544 1216 618 gestae,
1262 559 1312 607 et
1360 556 1697 610 documenta.

517 619 570 670 et
584 617 740 684 cycli.

545 827 726 918 “L46
843 846 990 902 Idem
1021 827 1170 918 lapis
1192 848 1524 907 Farnesian.

614 907 663 958 Β
839 907 1136 1006 Augustus
1151 936 1442 996 abdicavit
1465 937 1640 1014 [Idem
1665 943 1840 1021 lapis]

771 1024 830 1080 in
877 1023 1159 1082 Albanum
1217 1027 1505 1098 profectus
1555 1027 1682 1104 [Dio
1733 1033 1838 1090 lib.

762 1113 878 1190 53],
938 1116 1255 1173 substituto
1315 1119 1371 1174 in
1427 1120 1518 1176 sui
1565 1121 1752 1177 locum
1780 1125 1842 1179 L.

582 1219 689 1261 sua
760 1206 964 1275 Sestio,
998 1207 1152 1262 circa
1187 1208 1422 1263 initium
1463 1210 1647 1279 April.
1681 1216 1739 1266 et
1771 1224 1841 1266 ex

580 1311 652 1353 TR
759 1297 854 1352 die
884 1310 917 1349 v
971 1297 1073 1352 Kal
1120 1298 1210 1353 Jul
1251 1311 1531 1353 TRIBUNIC.
1572 1313 1843 1354 POTESTA-

562 1399 661 1441 POT
755 1400 866 1440 τιςιι
896 1387 1138 1455 accepit,
1166 1402 1296 1442 cum
1326 1396 1491 1444 antea
1535 1389 1704 1444 etiam
1737 1390 1840 1445 di—

757 1479 1037 1530 ctaturam
1081 1474 1329 1530 oblatam
1380 1483 1710 1532 constanter
1741 1491 1839 1533 re-

753 1569 1026 1619 cusasset.
1065 1564 1226 1618 Patin
1281 1565 1339 1618 in
1369 1564 1579 1620 Sueton
1622 1564 1661 1619 f.
1710 1563 1829 1621 439.

826 1652 1098 1708 Phraates
1143 1667 1204 1708 ιιι
1235 1653 1576 1724 Scytharum
1606 1655 1834 1711 auxilio

753 1742 813 1798 in
871 1755 1106 1813 regnum
1133 1744 1439 1800 restitutus
1499 1744 1716 1815 legatos
1763 1744 1832 1799 ad

752 1830 1025 1886 Caesarem
1086 1831 1269 1886 mittit
1334 1839 1594 1902 repetens
1642 1831 1828 1887 ﬁlium

749 1919 1006 1977 obsidem
1031 1920 1144 1976 sibi
1193 1921 1375 1988 reddi,
1406 1927 1462 1976 et
1487 1921 1637 1976 tradi
1665 1921 1830 1976 Tiri-

746 2010 954 2065 datem.
1021 2012 1182 2066 Hunc
1240 2012 1446 2066 retinet
1505 2010 1823 2081 Augustus,

751 2098 916 2153 illum
948 2099 1209 2154 concedit
1243 2117 1258 2169 ;
1287 2100 1380 2155 sed
1427 2101 1633 2169 repetit
1658 2101 1824 2171 signa

747 2187 856 2242 sub
911 2187 1114 2243 Crasso
1187 2195 1242 2243 et
1304 2189 1556 2244 Antonio
1608 2189 1823 2245 amissa

743 2276 957 2332 Justin.
990 2276 1094 2332 lib.
1127 2274 1216 2346 42,
1245 2278 1351 2333 Dio
1377 2278 1416 2332 l.
1443 2275 1534 2332 53.

1910 555 1971 609 U.
2015 554 2072 610 C.

845 665 1190 766 ImphCaesar.
1224 669 1352 724 Divi
1381 669 1418 725 f.
1450 670 1577 745 Aug
1624 687 1703 729 χι.
1837 630 2120 766 pfs'ﬁt'iaﬁ,

618 682 628 684 τ
845 682 963 736 Imp
993 682 1190 724 Caesar.
1224 682 1352 724 υινι
1381 682 1418 725 ι.
1450 682 1577 745 Aug
1624 687 1703 729 χι.
1879 701 1962 752 οδε
1997 698 2061 750 p6

559 682 701 815 ἓξ
844 757 942 811 Cn.
960 757 1306 828 Calpurnius
1325 760 1422 815 Cn.
1448 759 1485 816 f.
1506 762 1608 819 Cn.
1631 777 1688 817 n.
1718 713 1878 823 Pisoz.)
1952 764 2061 823 729

559 827 632 895 us
658 829 726 887 46
843 846 990 895 Idem
1021 846 1170 895 lanis
1194 848 1521 895 Farneeian,
1928 835 2036 895 730

2288 539 2481 612 Olymp
2600 558 2724 596 rum
2752 539 3056 612 Pontiﬁces,
3095 560 3264 613 reges,
3314 539 3399 598 res
3425 539 3591 611 ῥέξειε
3679 546 3805 594 ante

2595 620 2646 668 et
2675 615 3013 669 documenta.
3651 614 3837 667 Eram

2585 731 2717 788 Jesu
2753 727 3159 801 ll,Herod~lO,
3215 745 3284 788 ex
3327 733 3384 788 S.
3428 732 3490 788 C.
3539 740 3596 791 et

2529 814 2616 888 44,
2646 818 2736 874 ab.
2779 816 2833 875 4.

2590 908 2808 965 Simon.
2823 909 3029 966 Bocchi
3045 909 3101 966 ﬁl
3123 908 3172 980 4,
3187 909 3258 966 ab
3270 909 3493 968 Aarone
3508 910 3598 969 62.

2589 999 2836 1054 Herodes
2856 1006 3089 1056 amotoa
3112 1001 3447 1070 pontiﬁcatu
3469 1003 3602 1060 Jesu

2519 1085 2786 1143 Phabetis
2812 1087 2934 1144 ﬁlio
2973 1089 3282 1145 substituit
3305 1091 3592 1147 Simonem

2519 1175 2719 1231 Boethi
2767 1177 3145 1235 Alexandrini
3197 1179 3380 1236 ﬁliam
3426 1181 3597 1250 cujus

2520 1262 2698 1320 ﬁliam
2775 1268 3145 1324 Mariamnem
3223 1269 3387 1325 ducit
3445 1283 3600 1325 uxo-

2521 1366 2660 1407 rem.
2715 1355 2852 1425 Jos.,
2912 1355 3019 1411 lib.
3079 1355 3164 1418 45,
3224 1371 3348 1426 cap.
3402 1353 3488 1424 42,
3541 1362 3598 1413 et

2519 1438 2606 1510 48,
2632 1455 2736 1512 cap
2780 1439 2837 1498 7.
2879 1446 2932 1500 Is
2990 1445 3064 1500 ab
3113 1446 3338 1502 Aarone
3392 1459 3601 1502 numer

2516 1542 2633 1584 LXI.
2685 1532 2726 1585 Ρ
2775 1533 3088 1589 Petronius
3137 1548 3299 1590 arma
3361 1548 3593 1591 romana

2517 1625 2807 1689 promovet
2837 1621 2987 1678 ultra
3015 1624 3250 1694 Syenem
3283 1638 3358 1679 ιιι.
3392 1639 3446 1696 p.
3465 1621 3592 1683 870.

2515 1708 2574 1763 in
2605 1708 2902 1781 Ethiopas
2943 1709 3092 1786 [Plin
3124 1712 3208 1768 lib
3247 1713 3302 1783 6,
3331 1727 3435 1784 cap
3473 1711 3589 1789 29],

2511 1812 2758 1868 quorum
2815 1801 3012 1872 regina
3069 1802 3358 1859 Candaces
3416 1804 3592 1859 resti-

2511 1891 2672 1943 tuere
2696 1894 2890 1946 coacta
2914 1896 3002 1946 est
3042 1889 3322 1947 abductas
3362 1892 3592 1948 Cesaris

2508 1980 2749 2033 statuas.
2773 1978 3009 2036 Strrabo
3039 1980 3122 2036 lib
3162 1977 3249 2054 47,
3311 1995 3418 2053 pag
3457 1979 3583 2051 820,

2505 2065 2612 2120 Dio
2641 2065 2725 2121 lib
2749 2064 2838 2137 54,
2866 2082 2974 2140 pag
2995 2065 3123 2124 524.

2573 2155 2827 2226 Agrippa
2849 2156 2922 2212 ob
2949 2157 3275 2214 simultates
3303 2173 3434 2215 cum
3451 2161 3591 2215 Mar-

2499 2241 2644 2298 cello
2664 2246 2724 2298 in
2737 2246 2956 2314 Syriam
2977 2247 3189 2303 missus
3215 2247 3490 2304 subsistit
3517 2249 3576 2304 in

2499 2332 2666 2388 Lesto
2693 2334 2904 2391 insula.
2935 2335 3043 2392 Dio
3085 2335 3190 2392 ibi.

675 2449 837 2505 HINC
858 2451 990 2507 PER
1035 2451 1313 2507 ANNUAS
1341 2450 1773 2508 TRIBUNICIAS
1808 2449 2236 2506 POTESTATES
2286 2448 2456 2507 ROM.
2501 2454 2874 2512 PRINCIPUM
2919 2460 3251 2518 TEMPORA
3294 2463 3652 2520 DISTINCTE

525 2656 682 2711 Anni
738 2657 1116 2727 Imperatores,
1164 2657 1418 2712 Consules
1439 2659 1802 2713 Romanorum
1874 2654 2031 2709 Anni

525 2743 588 2781 ιν.
614 2727 716 2781 iul.
882 2745 967 2781 res
1007 2734 1186 2781 aestae.
1235 2735 1287 2781 et
1339 2730 1662 2781 documenta
1873 2727 1935 2781 U.
1996 2725 2036 2780 Ο

1855 2801 1984 2852 ante
2007 2800 2058 2851 et

1887 2871 2012 2938 post

1864 2939 2029 2993 Palil.

523 3009 655 3070 4694
737 3014 857 3082 Imp
906 3011 1093 3066 Caesar
1141 3009 1268 3081 Aug
1309 3015 1383 3064 tr.
1431 3024 1486 3078 p.
1554 3023 1590 3062 ι.
1644 3012 1702 3064 et
1750 3022 1812 3063 ιι.
1904 3006 2011 3066 730

523 3099 580 3138 ιις
624 3097 690 3138 n
917 3121 939 3138 ν
1018 3116 1318 3138 imm”---
1905 3077 2004 3138 734

468 2728 588 2782 Per.
603 2727 716 2797 jul.
882 2745 967 2784 res
1005 2734 1186 2801 gesta,
1235 2735 1287 2785 et
1339 2730 1662 2785 documenta

511 3099 599 3165 45»
624 3097 690 3156 47
917 3121 975 3174 L.
1004 3116 1321 3173 Arruntius

575 3173 615 3230 θ
739 3189 878 3246 Coss
918 3173 1032 3246 θα.
1127 3188 1406 3244 Claudius
1511 3187 1815 3244 Marcellus

1017 3260 1354 3316 Eserninus

808 3349 1012 3420 Vignol
1039 3364 1109 3406 ex
1155 3350 1320 3419 antiq
1360 3349 1454 3418 lap
1503 3349 1813 3404 Puteolano

734 3439 794 3496 in
878 3438 963 3495 lib
1025 3440 1096 3495 de
1147 3438 1264 3494 Col.
1342 3437 1430 3491 Pii
1499 3451 1606 3509 pag
1686 3433 1812 3492 492.

729 3529 962 3584 Nummi
999 3542 1107 3584 aur
1151 3534 1208 3584 et
1239 3541 1341 3600 arg
1390 3526 1642 3594 Augusto
1683 3526 1810 3582 cusi

727 3618 853 3672 Divi
876 3619 922 3682 f.
969 3617 1064 3671 Cos
1106 3631 1187 3672 χι.
1238 3622 1391 3685 tnp.
1449 3629 1488 3670 Il
1518 3617 1639 3685 Imp
1688 3628 1809 3684 Vill,

727 3708 785 3759 et
838 3704 896 3758 in
953 3710 1112 3773 parte
1153 3718 1351 3760 aversa
1391 3709 1508 3760 tres
1543 3703 1720 3775 globi,
1753 3703 1812 3757 in

727 3791 944 3861 quibus
964 3803 1181 3859 annopa
1209 3792 1336 3845 asia
1380 3792 1580 3845 unica
1607 3805 1654 3845 s.
1683 3805 1732 3844 p.
1757 3805 1808 3850 ο.

726 3895 784 3936 R.
834 3880 1052 3936 circum
1095 3881 1173 3946 Μ.
1226 3881 1474 3947 Coccejus
1526 3882 1676 3936 Νευα
1725 3893 1809 3933 ιιι.

733 3968 836 4024 Vir
884 3968 988 4024 His
1035 3967 1174 4024 Coss
1207 3968 1506 4040 Augustus
1551 3967 1610 4021 in
1657 3967 1815 4021 Sici-

729 4056 868 4112 liam
943 4056 1232 4126 profectus
1287 4061 1373 4111 est
1425 4061 1491 4112 ut
1541 4069 1686 4127 eam,
1741 4068 1810 4110 ac

729 4159 925 4202 omnes
950 4146 1097 4202 alias
1119 4147 1191 4202 ad
1217 4146 1438 4216 Syriam
1470 4159 1650 4216 usque
1667 4145 1812 4200 Pro-

727 4235 950 4290 vincias
993 4232 1391 4290 constitueret.
1447 4235 1554 4289 Dio
1606 4233 1689 4289 lib
1712 4230 1804 4289 54.

727 4324 870 4380 Vide
893 4324 1063 4381 Noris
1085 4324 1198 4380 Cen
1227 4324 1342 4392 Pis,
1374 4337 1482 4395 pag
1503 4321 1612 4379 292

512 4480 654 4541 4692
725 4487 846 4555 Imp
868 4483 1165 4557 Augustus
1188 4486 1285 4540 Tr.
1315 4485 1373 4539 P.
1409 4498 1472 4556 ιι,
1509 4498 1593 4539 ιιι.

485 4586 667 4732 es
934 4592 1010 4717 ιι.
1028 4591 1298 4719 esse

557 4753 602 4806 B
792 4750 962 4820 Lapis
1004 4751 1344 4806 Colotianus
1397 4764 1488 4820 ap.
1520 4750 1668 4807 Grut
1695 4749 1796 4807 fol.

723 4852 978 4894 CCXCVIII.

793 4927 1065 4985 Horatius
1098 4928 1157 4982 in
1186 4927 1296 4984 ﬁne
1325 4928 1408 4984 lib
1441 4943 1480 4984 ι.
1505 4928 1803 5000 Epistola-

723 5032 850 5075 rum
881 5017 972 5072 his
1011 5017 1167 5073 Coss.
1217 5017 1455 5088 implere
1501 5031 1562 5074 se
1591 5019 1799 5074 scribit

722 5107 910 5162 aetatis
930 5120 1141 5162 annum
1173 5103 1260 5162 44.

792 5195 1088 5266 Augustus
1110 5197 1420 5268 Agrippam
1464 5193 1798 5249 Praefectum

723 5282 861 5338 Urbi
889 5291 1062 5340 creat.

796 5373 904 5429 Dio
936 5374 1019 5429 lib
1045 5370 1135 5429 54.
1198 5372 1337 5428 Vide
1361 5372 1470 5426 Cen
1515 5370 1685 5427 Pisan
1738 5387 1791 5440 p.

718 5459 846 5534 292,
869 5464 1039 5532 eique
1062 5460 1270 5514 Juliam
1299 5461 1398 5516 dat
1422 5474 1675 5517 uxorem.
1706 5461 1799 5532 Sy-

721 5565 956 5606 racusas
983 5547 1267 5604 coloniam
1308 5546 1464 5604 facit.
1515 5551 1577 5605 In
1634 5551 1800 5606 Gra-

723 5639 874 5694 ciam
905 5637 1135 5694 transit.
1169 5637 1275 5695 Dio
1299 5637 1401 5694 ibi.

1901 4480 1999 4540 734

1891 4588 2000 4647 732

1917 2538 2417 2596 NUMERANTUR.

2276 2654 2433 2740 Anni
2505 2660 2819 2740 Iudaoruln
2885 2669 2936 2740 et
3005 2668 3288 2736 ﬁnitorum
3335 2669 3581 2740 populo—
3654 2670 3827 2729 Anni

2257 2725 2450 2799 Olymp
2569 2748 2692 2809 rum
2740 2725 3046 2808 Pontiﬁces,
3098 2754 3272 2807 reges,
3302 2725 3390 2795 ros
3405 2725 3578 2809 ‘gestw
3654 2725 3812 2801 alii;

2123 3187 2173 3252 Ο

2305 4501 2369 4540 III

2306 4587 2360 4629 IV

2562 2809 2615 2858 et
2644 2805 2967 2863 documenta
3039 2806 3041 2808 ’
3164 2805 3176 2807 ⁷
3419 2805 3437 2809 ⁷
3588 2815 3711 2870 Er.
3748 2817 3857 2874 Ch.

2565 2980 2820 3040 Simonis
2871 2980 2922 3056 4,
2970 2984 3027 3042 2.
3077 2987 3318 3045 Herodis
3374 2986 3443 3045 48
3489 3004 3557 3046 ex
3685 2991 3768 3050 23

2317 3078 2382 3119 ιιι
2490 3067 2547 3122 8.
2575 3067 2635 3124 C.

2566 3158 2813 3216 Herodes
2827 3161 3094 3219 Caesarea:
3107 3169 3334 3234 portum
3365 3166 3581 3237 magni-

2496 3244 2732 3303 ﬁcenter
2782 3252 3072 3308 construit
3116 3254 3308 3324 Pyraeo
3359 3269 3571 3325 parem.

2491 3333 2769 3407 Pleraque
2795 3353 2931 3396 saxa
2965 3342 3022 3395 in
3064 3339 3455 3400 fundamentis
3495 3345 3580 3414 ja-

2489 3428 2578 3478 cta
2613 3424 2873 3498 longitud
2900 3429 3002 3498 ped
3025 3427 3117 3498 50,
3144 3431 3350 3488 latitud
3383 3430 3468 3504 48,
3496 3432 3575 3488 al-

2492 3512 2643 3569 titud
2673 3513 2727 3570 9.
2759 3517 3052 3589 Templum
3088 3535 3316 3593 quoque
3362 3522 3574 3580 statuit

2488 3600 2722 3675 Caesari,
2751 3619 2852 3662 nec
2882 3621 2994 3664 non
3022 3609 3331 3680 theatrum,
3364 3616 3419 3666 et
3443 3623 3574 3666 am-

2489 3689 2881 3758 phitheatrum
2922 3695 3150 3766 lapidea
3181 3716 3194 3753 :
3229 3699 3354 3767 ejus
3396 3698 3573 3755 deni-

2448 3786 2449 3789 ‘
2492 3793 2604 3850 que
2627 3785 2871 3853 gratiam
2922 3790 3114 3856 captat
3160 3786 3426 3843 Caesareae
3475 3801 3572 3844 no-

2486 3870 2894 4015 mine‘énvitati
2924 3874 3216 3945 imposito.
3245 3877 3450 3947 Joseph
3473 3891 3568 3948 xv,

2487 3971 2593 4015 can
2700 4000 2714 4014 .

2487 3971 2593 4029 cap
2625 3971 2714 4015 ιδ.

2546 4487 2802 4573 Simonis
2861 4489 2919 4564 2,
2975 4492 3031 4550 3.
3087 4494 3270 4552 Herod
3347 4494 3434 4568 49,
3492 4512 3564 4554 ex
3673 4497 3768 4559 22

2547 4668 2795 4726 Herodes
2817 4669 3078 4741 c0gitans
3108 4673 3180 4728 de
3221 4675 3434 4746 templo
3475 4676 3561 4732 in-

2475 4757 2789 4814 staurando
2842 4761 3134 4816 materiam
3161 4764 3447 4819 convehit.
3468 4765 3557 4821 Jo-

2476 4845 2614 4913 seph
2642 4845 2725 4900 lib
2751 4844 2834 4915 45,
2862 4861 2966 4919 cap
3012 4847 3097 4904 44.
3121 4851 3266 4907 Hinc
3293 4853 3430 4908 anni
3464 4851 3556 4922 46,

2472 4933 2542 4989 ad
2577 4933 2825 5003 primum
2850 4938 3060 4993 Pascha
3090 4939 3308 4995 Christi
3356 4943 3560 5012 praedi-

2472 5021 2660 5078 cantis
2685 5032 3082 5083 numerantur.
3109 5029 3347 5085 Joannis
3374 5028 3435 5092 2.
3459 5029 3550 5088 20.

2544 5113 2696 5170 Idem
2740 5117 2986 5174 Herodes
3042 5119 3196 5176 ﬁlios
3248 5135 3386 5177 suos
3424 5121 3554 5178 Ari-

2473 5200 2765 5260 stobulum
2790 5211 2846 5262 et
2872 5206 3258 5267 Alexandrum
3315 5210 3551 5267 Romam

2471 5290 2654 5346 mittit
2699 5293 3010 5351 salutatum
3053 5297 3329 5354 Caesarem
3377 5305 3435 5354 et
3490 5305 3556 5356 ut

2474 5379 2734 5437 moribus
2756 5383 3136 5441 Romanorum
3192 5394 3550 5444 assuescant.

2469 5467 2766 5540 Augustus
2798 5471 2889 5527 his
2920 5481 3211 5542 permotus
3235 5475 3442 5532 oﬁlciis
3467 5489 3554 5532 re-

2472 5569 2644 5628 gnum
2676 5559 2862 5628 ipsius
2879 5569 3050 5634 auget
3063 5564 3390 5621 accessione
3414 5565 3550 5621 Tra-

2469 5645 2788 5705 chonitidis
2811 5652 2869 5706 et
2895 5649 3170 5723 Bataneaa,
3198 5652 3337 5708 dum
3361 5653 3546 5722 Syria
