3998 6176
210 349 299 408 429
1186 368 1523 433 CHBONOL.
1572 373 1733 432 CONS

1974 382 1991 435 Γ
2025 383 2185 440 CIES.
2227 385 2393 442 ROM.
2436 392 2581 445 ETC.

249 478 402 534 Anni
500 483 881 553 Imperatores,
931 488 1186 548 Consules
1213 499 1575 552 Romanorum
1629 502 1783 556 Anni
1854 503 1913 562 A
1998 508 2130 563 Ann

249 553 431 597 mlul-
626 570 713 597 rp:
747 564 906 597 nucis»
961 568 1011 597 pl
1040 564 1353 597 [Inmummen
1636 573 1682 597 rr
1742 579 1775 597 ,ι
1978 576 2051 597 ni,

1636 573 1697 627 U.
1739 579 1793 628 υ.

1597 648 1724 698 ante
1749 648 1800 698 et

1620 720 1748 782 post

1594 785 1761 839 Palil.

1624 852 1733 911 732

221 925 386 1021 47,139
494 963 633 1021 COSS
774 929 1072 1021 (Apuleius
1108 937 1212 994 Sex
1258 937 1297 994 f.
1329 942 1534 1021 ﬁepos,
1625 939 1733 1000 733

196 549 302 603 Per.
321 553 433 606 Jul.

214 625 258 672 et
275 625 418 690 cycli

250 688 383 766 ΦΒ

626 570 713 611 res
745 564 927 632 gestae,
960 568 1011 617 et
1039 564 1373 623 documenta.

254 836 381 895 4693
540 838 681 909 Imp.
712 840 773 895 C.
814 841 941 915 Aug
980 845 1097 900 trib
1122 853 1235 919 pot.
1267 863 1353 921 ιιι,
1386 866 1463 907 IV.

216 1001 259 1054 Α
300 999 341 1054 G
494 999 633 1021 W”
682 1001 740 1056 P.
773 999 957 1061 Silius
1329 999 1529 1069 Nerva:

519 1090 673 1147 Idem
702 1090 866 1162 lapis.
918 1095 1216 1166 Augustus
1261 1100 1321 1156 in
1369 1102 1534 1159 Samo

443 1179 665 1251 excipit
713 1180 927 1254 legatos
962 1184 1241 1245 Candacis
1279 1190 1526 1261 Reginae.

223 1268 297 1321 Ea:
318 1267 400 1321 his
440 1268 579 1323 Inde
643 1269 702 1325 in
746 1270 939 1327 Asiam
998 1276 1203 1346 pergit.
1243 1276 1526 1334 Armeniae

250 1356 363 1410 Cass
449 1358 690 1427 majuris
744 1361 953 1429 populo
1003 1364 1315 1420 Artabazen
1346 1380 1526 1423 accu-

224 1447 403 1516 incipit
461 1449 635 1517 santi,
679 1455 735 1505 et
781 1450 1078 1521 Tigranem
1127 1454 1314 1510 Romae
1356 1456 1522 1512 obsi-

440 1536 570 1591 dem
618 1540 830 1607 petenti
897 1554 1081 1612 regem
1132 1546 1410 1616 concedit,
1462 1552 1518 1602 et

242 1638 351 1679 eiu
422 1640 527 1695 per
552 1625 848 1685 Tiberium
904 1629 1102 1687 induci
1174 1632 1232 1687 in
1283 1647 1519 1706 regnum

236 1727 363 1768 ΑΜ·
442 1714 597 1772 hunc
625 1716 807 1785 jubet.
848 1720 956 1775 Dio
999 1720 1082 1775 lib
1106 1720 1361 1779 54.Tacit
1397 1727 1520 1780 An-

225 1814 362 1859 um
422 1804 521 1859 nal
553 1804 637 1860 lib
668 1803 722 1875 2,
751 1821 800 1861 c.
829 1804 883 1877 3,
911 1814 968 1863 et
992 1811 1241 1866 Nummi.
1266 1813 1419 1883 Tyrii
1453 1819 1511 1869 et

233 1891 372 1946 Naris
434 1893 665 1950 Sidonii
692 1894 762 1950 ab
786 1895 1045 1968 Augusto
1072 1898 1334 1957 libertate
1356 1903 1515 1958 mul-

254 1983 340 2050 Ep.
431 1983 540 2039 tati
571 1990 801 2055 propter
824 1984 1120 2044 factiones.
1162 1990 1270 2047 Dio
1302 2006 1353 2060 p.
1397 1989 1505 2048 525

246 2070 336 2139 Syr
421 2075 501 2128 M.
527 2075 725 2132 Cicero
768 2078 1015 2133 oratoris
1043 2077 1083 2135 f.
1132 2080 1310 2150 Syria
1349 2080 1510 2153 lega-

209 2156 374 2226 p.370.
421 2165 525 2217 tus
553 2164 777 2234 Appian
814 2164 897 2220 lib
939 2164 993 2221 4.

233 2243 346 2305 4694
495 2253 680 2322 Imper
701 2253 818 2310 Caes
842 2256 963 2311 divi
982 2255 1019 2311 f.
1046 2256 1172 2329 Aug
1188 2262 1259 2314 tr.
1280 2273 1333 2327 p.
1354 2272 1427 2330 iv,
1451 2274 1504 2315 v.
1597 2258 1706 2318 733

222 2332 341 2432 ⁴⁸ι,⁴
456 2375 597 2432 Coss
623 2342 685 2432 Ξ·
713 2343 944 2432 Win?
967 2346 1316 2432 δεξιέῖρίημβ

275 2379 340 2463 ir
456 2379 597 2432 οοεε
624 2379 689 2482 δε
713 2379 1341 2495 smnia-3]

409 2500 748 2559 Screverius
788 2505 848 2560 in
888 2507 1163 2564 Frontino
1199 2508 1356 2597 legit‘
1391 2512 1502 2566 Ve—

407 2592 598 2660 sputo.

485 2713 597 2770 Suf
634 2717 707 2771 Μ.
766 2718 1061 2777 Minucius
1110 2738 1166 2793 p.
1238 2721 1278 2778 τ.

487 2804 638 2860 Idem
669 2806 837 2877 lapis.
862 2810 963 2865 His
986 2810 1125 2867 Coss
1152 2811 1405 2884 Agrippa
1436 2815 1497 2871 in

408 2893 615 2950 urbem
651 2897 915 2965 perducit
937 2898 1155 2970 Aquam
1180 2902 1494 2975 Virginem.

411 2984 679 3040 Frontin.
709 2986 995 3058 Virgilius
1032 2996 1195 3060 poeta
1236 2991 1328 3047 his
1364 2993 1501 3049 Coss

407 3073 679 3129 moritur.
706 3076 961 3134 Donatus
993 3078 1051 3134 in
1074 3080 1200 3149 ejus
1240 3081 1358 3137 vita
1384 3081 1501 3138 Au-

406 3169 617 3233 gustus
628 3164 861 3221 Romam
877 3170 1201 3225 revertitur.
1215 3171 1355 3227 Vide
1366 3171 1499 3227 card

404 3252 525 3307 Nor
551 3253 732 3309 Cenot
755 3255 871 3311 Pis.
907 3271 1015 3329 pag
1037 3256 1163 3329 293,
1198 3259 1298 3316 ubi
1325 3261 1395 3317 de
1423 3262 1495 3317 Μ.

404 3340 682 3398 Cicerone
727 3346 977 3403 oratoris
1002 3346 1125 3405 ﬁlio
1167 3348 1345 3416 Syriae
1409 3350 1499 3407 le-

407 3437 560 3504 gato,
634 3447 745 3505 pag
793 3431 923 3491 294.

223 3600 341 3662 4695
410 3610 533 3681 Imp
556 3611 678 3668 Cas
702 3613 825 3669 divi
858 3613 904 3670 f.
950 3614 1079 3689 Aug
1124 3621 1195 3674 tr.
1242 3633 1294 3690 p.
1329 3634 1379 3675 v.
1414 3633 1489 3675 vr.

232 3690 331 3749 492
702 3703 758 3757 P.
784 3705 1085 3763 Cornelius
1125 3721 1179 3778 p.
1212 3706 1249 3762 ἰ.
1284 3710 1497 3764 Lentu—

916 3796 1001 3849 lus
1043 3798 1349 3853 Marcellin.

916 3822 1000 3849 tua
1043 3822 1349 3853 ωατσειιῑη.

442 3822 588 3881 coss
626 3860 725 3918 Cn.
745 3863 1047 3923 Cornelius
1066 3869 1343 3926 Lentulus
1357 3868 1485 3927 Au-

738 3968 866 4025 gur.

253 4054 294 4107 E
468 4059 624 4116 Idem
672 4060 853 4132 lapis:
911 4071 968 4122 et
997 4065 1148 4137 lapis
1181 4067 1370 4140 Ancyr
1396 4083 1489 4141 ap.

405 4148 554 4204 Grut
580 4147 708 4206 234.
735 4152 794 4207 L.
840 4153 1141 4213 Cornelius
1181 4173 1232 4228 p.
1268 4157 1310 4215 t'.
1357 4159 1491 4214 Bal-

404 4235 515 4294 bus
547 4255 652 4309 pro
675 4241 784 4298 Cos
808 4244 876 4299 ad
905 4244 1056 4302 diem
1088 4260 1142 4304 vi
1175 4248 1278 4304 Kal
1325 4248 1486 4320 April

408 4328 669 4399 triumph
716 4345 785 4387 ex
834 4332 1029 4391 Africa
1078 4335 1142 4392 A.
1200 4350 1484 4395 nccxxxxv.

404 4416 557 4473 Fasti
605 4420 866 4491 triumph
919 4438 1009 4493 ap.
1052 4425 1200 4482 Grut
1249 4426 1327 4483 fol
1378 4441 1482 4483 ccc.

401 4504 542 4562 Cum
574 4506 951 4569 Garamantas
970 4514 1307 4573 domuisset.
1328 4517 1487 4573 Solin

400 4595 558 4652 Plin.
600 4598 685 4654 lib
710 4598 765 4657 5.
791 4602 1060 4661 Censoria
1088 4611 1337 4677 potestas
1364 4606 1490 4663 Au-

404 4692 575 4756 gusto
624 4689 833 4747 collata

210 4813 332 4913 E696
471 4829 613 4899 Imp.
642 4830 762 4888 Caes
784 4833 906 4890 divi
926 4833 967 4890 f.
995 4836 1123 4909 Aug
1137 4842 1207 4894 tr.
1233 4854 1287 4910 p.
1311 4853 1387 4913 vi,
1412 4854 1490 4895 vn

208 4902 314 4965 203
413 4949 549 4981 ru.--
597 4918 658 4974 C.
723 4921 975 4980 Furnius
1040 4902 1117 4981 cf
1145 4925 1188 4981 f.

238 4949 314 4965 νυ
413 4949 551 5009 coss
597 4949 658 4974 υ.
724 4949 975 5006 rutulius
1006 4949 1089 5007 .6.
1145 4949 1188 4981 Ι.

238 4981 280 5032 D
598 4990 660 5045 C.
707 4992 1238 5070 Jumus[Silanus.]

473 5113 576 5170 His
602 5115 742 5173 Coss
762 5118 886 5175 ludi
922 5122 1225 5180 saeculares
1252 5123 1484 5193 Quincti

390 5214 462 5257 ex
493 5202 689 5274 lapide
729 5208 1077 5269 Farnesiano
1118 5215 1269 5283 apud
1317 5217 1483 5275 Grut.

400 5303 694 5367 cccxxvm,
733 5311 769 5353 ι.

472 5411 706 5469 Nummi
733 5429 842 5472 aur
868 5422 924 5474 et
942 5433 1046 5492 arg
1067 5420 1311 5496 Augusti
1333 5428 1404 5480 tr.
1427 5440 1479 5495 p.

400 5511 503 5569 vn,
552 5516 605 5571 p.
636 5516 692 5559 a.
716 5505 776 5560 L.
826 5504 1144 5567 Mescinius
1170 5511 1355 5569 Rufus
1398 5528 1481 5570 Ill.

412 5587 518 5643 Vir
552 5590 770 5663 Cippus
815 5595 875 5651 in
926 5611 1041 5669 quo
1082 5614 1177 5657 mp
1223 5602 1489 5675 casune

403 5686 513 5732 ιω)
544 5692 639 5734 SEC
658 5695 732 5736 ιν
756 5696 801 5737 S.
836 5697 887 5739 Ρ.

1592 2346 1700 2406 734

1586 3618 1692 3678 734

1582 3706 1692 3767 735

1579 4837 1688 4899 735

1578 4928 1687 4988 736

1999 1153 2053 1194 ιι·
2079 1148 2132 1197 et

2011 1208 2113 1269 490

2056 1297 2073 1339 Ι

2010 4042 2049 4083 II

1991 4132 2056 4175 ιιι

2218 670 2269 719 et
2297 668 2636 726 documenta.

2217 828 2483 894 praesidet
2510 834 2703 891 Varro.
2731 839 2826 894 Jos
2868 855 2962 911 xv,
3019 841 3104 901 43.
3154 847 3294 905 Vide

2214 914 2275 969 C.
2301 918 2470 976 Noris
2494 921 2605 979 Cen
2630 926 2724 981 Pis
2751 942 2859 1001 pag
2877 927 2983 988 290

3471 410 3577 471 430

2134 513 2156 564 i
2217 515 2619 601 Judaeo'rwn‘et
2659 524 3015 591 ﬁnitimorum
3056 534 3295 601 populo—
3357 533 3511 594 Anni

1974 576 2183 651 Olymp.
2221 601 2345 640 rum
2390 576 2690 663 Pontiﬁces,
2740 576 3300 674 reﬁés;"}}as"5e}?z,
3357 576 3513 665 -ἔὲίὲ

1978 997 2189 1127 “is”
2218 1007 2619 1127 -.ῗῐιξιοξιξεεέ
2645 997 2991 1127 tresue?
3010 1025 3291 1127 529-992.“
3364 1035 3462 1127 .24

2218 1103 2397 1152 morte
2442 1099 2617 1174 Antig
2659 1102 2744 1161 47.
2795 1109 3000 1181 Ioseph
3058 1114 3140 1172 lib
3193 1115 3279 1174 45.
3355 1110 3497 1167 Βὶεεο

2281 1186 2526 1245 Herodes
2574 1206 2606 1249 a
2653 1196 3082 1260 Gadarensibus
3126 1210 3278 1277 apud

2203 1271 2524 1345 Augustum
2548 1292 2873 1358 accusatus,
2901 1294 3068 1361 quasi
3091 1271 3278 1364 tyran-

2202 1361 2331 1418 nice
2383 1381 2620 1439 regnum
2672 1361 3131 1447 administraret,
3176 1400 3287 1442 non

2199 1453 2365 1509 modo
2394 1456 2695 1519 absolutus
2720 1471 2807 1521 est
2845 1482 2879 1523 a
2910 1469 3146 1545 Caesare,
3180 1476 3276 1531 sed

2198 1544 2526 1603 accessione
2556 1564 2697 1609 nova
2741 1556 2988 1615 donatus
3020 1564 3276 1635 regionis

2196 1630 2265 1684 ad
2313 1631 2496 1692 fontes
2543 1640 2827 1711 Iordanis,
2865 1630 3137 1719 templum
3167 1667 3275 1709 ex-

2195 1719 2336 1776 citat
2360 1723 2417 1778 in
2444 1725 2709 1785 honorem
2731 1733 3001 1809 Augusti,
3027 1740 3123 1795 ubi
3154 1743 3266 1798 Pa—

2194 1806 2287 1862 nis
2323 1812 2594 1879 spelunca
2634 1819 2741 1875 sub
2784 1806 3273 1900 monteliermon,

2178 1906 2212 1949 a
2255 1900 2523 1968 gentibus
2574 1906 2730 1965 dicto
2782 1911 2957 1969 Panio
3014 1920 3163 1975 unde
3208 1928 3266 1976 et

2178 1984 2316 2041 urbs
2349 1992 2608 2058 proxima
2650 1998 2857 2057 Paneas
2907 2013 3158 2080 vocatur,
3204 2018 3262 2065 et

2183 2071 2434 2133 Caesarea
2483 2081 2741 2155 Augusta
2805 2091 2914 2146 sub
2967 2071 3155 2152 Panio'
3188 2099 3260 2154 ab

2172 2160 2388 2220 Herode
2415 2173 2696 2230 tetrarcha
2728 2176 2901 2248 hujus
2948 2182 3070 2239 ﬁlio
3113 2199 3260 2242 con—

2177 2249 2299 2306 dita
2330 2263 2457 2323 post
2495 2273 2674 2319 annos
2721 2266 2956 2325 circiter
2995 2270 3083 2328 20.
3118 2276 3261 2332 Vide

2366 2346 2536 2404 Noris
2562 2351 2661 2421 Ep.
2698 2353 2843 2427 Syr.,
2873 2372 2982 2431 pag
3019 2358 3142 2419 450.

2244 2429 2499 2491 Simonis
2526 2435 2580 2508 4,
2625 2440 2679 2497 5.
2734 2444 2915 2503 Herod
2956 2429 3030 2505 ex
3081 2452 3137 2507 S.
3189 2454 3250 2511 C.

2176 2513 2247 2573 20
2266 2533 2298 2575 a
2331 2531 2508 2581 morte
2535 2528 2712 2603 Antig
2768 2530 2836 2589 48

2246 2608 2493 2671 Herodes
2522 2616 2629 2674 hoc
2657 2635 2807 2678 anno
2832 2640 2974 2682 xvm
3003 2634 3162 2704 regni
3216 2649 3250 2692 a

2177 2704 2356 2756 morte
2377 2701 2651 2778 Antigoni
2687 2716 2921 2770 materia
2947 2701 3090 2788 jamv
3121 2731 3253 2782 ante

2176 2797 2441 2847 convecta
2460 2798 2797 2867 aggreditur
2844 2819 3044 2865 novam
3097 2818 3263 2872 stru-

2178 2879 2401 2966 cturam
2447 2886 2640 2954 templi
2686 2889 3188 2966 Hierosolymitani
3218 2918 3250 2960 e

2176 2961 2409 3064 lapidhus
2432 2975 2700 3064 candidis
2731 2979 2919 3055 longis
2949 2961 3129 3045 'cubit
3154 2989 3246 3064 25,

2177 3050 2258 3149 l_at
2284 3052 2370 3149 42,
2401 3058 2560 3118 alt8.
2591 3066 2685 3122 Jos
2737 3050 2958 3145 libv45,
3008 3092 3112 3149 cap
3162 3050 3250 3139 it.

2178 3142 2405 3203 Turrim
2432 3150 2503 3206 ab
2558 3155 2923 3218 Assamoneis
2948 3142 3014 3222 in
3060 3142 3250 3228 arcem

2176 3239 2438 3305 erectam,
2492 3240 2589 3296 ubi
2655 3250 3055 3309 asservabatur
3105 3260 3253 3317 stola

2174 3319 2547 3396 Pontiﬁcalis,
2600 3336 2868 3407 munivit,
2923 3346 2978 3395 et
3030 3349 3251 3403 vocavit

2172 3406 2499 3485 Antoniam,
2527 3422 2585 3473 et
2612 3406 2864 3492 cryptam
2894 3427 2966 3483 ab
3009 3445 3074 3487 ea
3123 3448 3260 3503 per-

2171 3497 2469 3559 ducentem
2528 3508 2587 3563 in
2643 3510 2877 3570 alteram
2932 3497 3140 3576 turrim
3191 3525 3260 3580 ad

2174 3593 2393 3675 portam
2420 3595 2754 3656 orientalem
2787 3606 3004 3675 templi.
3032 3609 3126 3666 Jos
3166 3611 3251 3669 lib

2174 3672 2260 3746 45,
2306 3692 2411 3750 cap
2464 3684 2569 3739 ult.

2239 3765 2357 3823 Sim
2388 3767 2441 3841 5,
2474 3771 2813 3863 6,A‘Herodis
2842 3795 2911 3838 ex
2956 3785 3012 3841 S.
3058 3788 3117 3843 C.
3158 3788 3251 3863 22,

2166 3865 2201 3908 a
2228 3868 2302 3909 m.
2333 3859 2463 3915 Ant.
2521 3860 2607 3917 49.

2238 3944 2485 4006 Herodes
2513 3952 2743 4012 Romam
2786 3964 3032 4039 navigat,
3080 3976 3135 4025 et
3174 3971 3250 4027 ﬁ—

2179 4032 2293 4092 lios
2320 4036 2392 4093 ab
2415 4038 2675 4115 Augusto
2705 4032 2949 4127 recipit,
2956 4032 3124 4116 bonis
3147 4073 3249 4116 ar-

2175 4123 2335 4182 tibus
2366 4128 2681 4193 instructos
2727 4123 2959 4201 domum
3001 4149 3245 4225 reducit,

2169 4228 2377 4275 uxores
2408 4223 2642 4295 utrique
2665 4228 2882 4303 jungit,
2908 4223 3246 4297 Aristobulo

2164 4304 2471 4367 Berenicen
2502 4313 2753 4375 Salomes
2783 4326 3001 4382 sororis
3045 4328 3245 4402 ﬁliam,

2164 4392 2488 4458 Alexandro
2537 4412 2726 4464 autem
2778 4411 3044 4472 Archelai
3091 4392 3245 4491 Cap;

2168 4489 2453 4579 padocumi
2477 4496 2628 4565 regis
2668 4498 2842 4557 ﬁliam
2875 4489 3241 4579 Glaphyran).

2163 4574 2257 4630 Jos
2282 4577 2366 4632 lib
2398 4576 2463 4635 46
2490 4596 2538 4637 c.
2578 4581 2601 4638 4
2631 4592 2689 4642 et
2723 4585 2777 4643 2.

2235 4838 2351 4893 Sim
2378 4838 2431 4911 6,
2480 4838 2533 4897 7.
2593 4846 2704 4903 Her
2740 4862 2808 4905 ex
2857 4853 2911 4907 S.
2967 4853 3025 4909 C.
3071 4853 3161 4927 23,
3208 4872 3241 4915 a

2166 4938 2240 4979 ω.
2271 4927 2448 4999 Antig
2469 4928 2557 4987 20.

2234 5013 2553 5074 Alexander
2578 5027 2634 5077 et
2652 5022 3024 5088 Aristobulus
3050 5032 3160 5089 ﬁlii
3185 5034 3244 5091 in

1987 5113 2052 5156 III
2172 5104 2528 5165 Palaestinam
2596 5125 2724 5169 cum
2796 5122 2954 5187 patre
3028 5126 3238 5181 reversi

2002 5204 2056 5247 tv
2178 5195 2429 5255 Salomes
2442 5212 2509 5257 ac
2525 5202 2783 5262 Phreoraa
2806 5209 3044 5273 insidiis
3063 5228 3244 5288 appe‘

2164 5290 2386 5345 tuntur.
2410 5290 2617 5365 Ioseph
2640 5294 2722 5352 lib
2748 5293 2834 5372 46,
2861 5314 2911 5356 c.
2935 5300 2986 5358 4.

3362 3792 3431 3852 49

3352 4857 3421 4916 48
