2016 3084
131 129 172 161 ‘37
607 132 777 162 CHRONOL.
797 134 941 165 CONSUL.
967 138 1010 166 ET
1026 138 1109 168 CJES.
1132 139 1216 168 ROM.
1235 141 1310 168 ETC.

146 197 218 224 Anni
250 197 335 231 Imper

127 232 243 260 Per.Iu1.
321 239 364 259 res
383 235 473 268 gesta,
497 236 522 261 et
544 234 711 263 documenta.
824 236 888 264 U.C.

132 271 153 296 et
160 268 237 302 pycli.
805 274 867 299 ante
878 275 904 299 et

144 301 178 341 ᾧ
191 304 216 338 3)
790 310 854 342 post
865 308 927 336 Pal.

370 354 401 382 C.
413 354 564 396 Calvisius
575 355 605 383 ο.
619 355 639 384 ι.
653 364 678 385 c.
693 365 721 386 n.
733 359 789 388 Sa-

271 408 342 437 cOss
412 389 511 432 binus:

372 426 584 469 L.“Panss1enus
610 425 786 469 [Crispinus]

415 460 517 490 Rufus.

278 524 372 596 Lapis;
389 523 419 551 in
434 523 492 551 Pal.
508 524 623 553 Farnes.
635 533 682 562 ap.
702 528 786 557 Grut.

287 575 343 596 cu.
375 588 382 595 .

243 576 269 604 p.
287 575 343 603 CVI,
355 575 382 596 4.

274 612 423 648 Quintilio
433 613 505 640 Varo
528 613 557 640 in
570 614 681 649 Syriam
696 617 783 646 misso

235 656 381 693 judicium
394 655 522 685 defertur
530 657 674 693 Antipatri
687 662 784 695 parri-

236 701 350 730 cidium
372 702 529 730 machinati
557 703 675 731 insidiis
692 704 783 734 itera—

236 746 287 774 tis.
309 745 397 780 Quem
426 745 543 773 nefariae
560 748 783 778 machinationis

237 791 403 818 convictum
438 790 472 817 ad
504 790 641 819 Caesarem
674 795 786 823 mittere

237 835 371 871 eugitans
392 835 443 862 diu
461 835 582 863 retinuit
600 837 732 873 Herodes,
754 847 786 868 ac

233 880 348 908 demum
370 879 472 915 quinto
485 883 551 908 ante
572 880 680 909 obitum
697 891 780 912 suum

232 925 282 952 die
292 924 505 959 occidijussum
515 925 572 952 sibi
583 927 761 960 praemisitad

233 969 411 1005 sepulcrum.
426 969 482 997 Jos.
498 969 548 997 lib.
566 969 610 1006 17,
629 979 652 1000 c.
679 980 706 999 χ.
721 973 778 1001 Ar-

233 1015 354 1043 chelaus
377 1015 515 1043 succedit.

138 1198 197 1229 4740
266 1201 342 1238 Aug.
359 1202 387 1229 P.
405 1202 442 1230 Μ.
456 1204 493 1230 tr.
509 1210 536 1238 p.
552 1210 601 1239 χχ,
616 1211 674 1232 χχι.
825 1205 879 1236 749

143 1242 197 1278 6,17
339 1247 369 1275 L.
381 1247 531 1276 Cornelius
541 1248 688 1277 Lentulus.
815 1250 868 1280 750

158 1279 178 1308 ϐ
247 1282 321 1311 COss
337 1282 520 1346 lsiﬁlerius
541 1284 682 1313 Corvinus
695 1287 772 1314 Mes-

427 1326 453 1346 a.

264 1363 352 1398 Lapis
378 1362 453 1391 infra
474 1363 505 1391 in
525 1367 584 1393 not.
608 1374 634 1400 p.
652 1365 711 1401 122,
736 1375 769 1395 ex

227 1408 565 1444 quocorrigen.Reiues.
588 1410 662 1437 cl.v.
684 1418 711 1438 ιι.
722 1410 767 1446 29,

226 1454 254 1479 et
270 1451 327 1487 iap.
341 1452 444 1489 Ancyr.

263 1497 344 1526 Idem
363 1505 437 1526 coss.
452 1497 483 1526 in
518 1500 623 1527 tessera
646 1500 764 1535 gladiat.

222 1542 308 1571 Fabr.
328 1543 417 1571 Inscr.
431 1550 459 1578 p.
482 1541 525 1571 38.
536 1544 646 1572 Natalis
656 1545 763 1582 Galbae,

223 1587 276 1624 qui
299 1591 397 1623 postea
419 1588 580 1623 imperavit.
593 1588 671 1617 Suet.
697 1596 721 1617 c.
738 1589 761 1617 1.

132 1679 184 1711 4744
276 1683 426 1720 Augustus
447 1685 474 1712 P.
492 1685 528 1712 Μ.
543 1687 580 1713 tr.
601 1694 698 1722 p.xx1,
711 1694 781 1716 χχιι.
826 1687 880 1717 750

134 1723 185 1767 7,48
227 1764 242 1767 _
330 1729 392 1764 Imp
402 1729 496 1758 Caesar
509 1730 568 1758 divi
590 1730 613 1758 f.
631 1730 780 1767 Augustus
827 1732 877 1762 751

155 1762 173 1789 Ρ
223 1764 295 1793 (loss
368 1762 431 1793 χιιι.

330 1801 366 1828 M.
383 1801 516 1830 Plautius
530 1801 673 1831 Silvanus.

252 1853 342 1889 Lapis
377 1855 408 1883 in
434 1855 533 1884 Hortis
569 1856 705 1886 Mediceis
732 1859 762 1887 in

221 1900 318 1927 monte
345 1899 448 1928 Pincio
459 1907 504 1935 ap.
529 1901 603 1929 Grut
616 1908 670 1939 cvi,
693 1901 720 1937 7,
733 1906 761 1931 et

219 1942 333 1972 Reines.
362 1950 416 1980 pag
430 1942 491 1972 597.
519 1945 576 1974 Hoc
598 1953 673 1975 anno
698 1948 760 1976 Au-

220 1991 323 2023 gustus
346 1996 433 2017 PATER
462 1997 567 2029 mrum
597 1993 760 2027 appellatus

219 2035 261 2060 est
290 2034 374 2061 Nonis
399 2034 543 2062 Februarii
564 2043 609 2063 Ta.
636 2044 684 2064 POT
698 2045 756 2073 χχι,

218 2083 252 2105 ex
276 2076 450 2107 Kalendario
477 2080 700 2109 PraenestNoris
713 2082 760 2110 Ce-

218 2123 267 2148 not
282 2121 330 2149 Pis
349 2129 376 2157 p.
404 2121 465 2150 179.
488 2124 634 2159 Templum
661 2127 761 2154 Martis

217 2164 326 2194 Ultoris
336 2167 459 2202 dedicat,
474 2169 582 2197 Bellum
593 2169 758 2205 Arabicum,

216 2209 321 2239 Arinen
329 2231 336 2238 .
354 2212 531 2241 Parthicum.
617 2218 625 2221 ‘

130 2299 187 2344 tua
246 2307 311 2344 Aug

126 2343 180 2408 31:9
217 2368 285 2398 Cass

334 2309 364 2336 P.
388 2311 424 2338 M.
452 2313 488 2339 tr.
515 2318 542 2346 p.
566 2318 637 2346 χχιι,
653 2318 738 2340 χχιιι.
805 2312 857 2342 754

321 2353 427 2382 Cossus
448 2355 600 2384 Cornelius
626 2356 765 2385 Lentulus
803 2355 858 2386 752

323 2389 355 2416 L.
367 2390 542 2425 Calpurnius
566 2392 632 2420 Piso
652 2392 762 2428 Augur.

245 2433 332 2469 Lapis
345 2434 436 2463 Veron
454 2441 499 2470 ap.
522 2435 629 2464 Panvin
646 2437 676 2465 in
692 2436 758 2465 Fast

214 2477 288 2506 Grut
301 2476 362 2513 166,
377 2477 404 2514 3,
432 2482 461 2506 et
474 2479 579 2508 Reines
591 2487 620 2515 p.
634 2479 697 2509 597.

121 2604 179 2636 4743
250 2611 314 2648 Aug
327 2612 357 2640 P.
383 2613 419 2641 Μ.
441 2615 477 2640 tr.
491 2620 518 2649 p.
532 2620 614 2650 χχιιι,
625 2622 700 2644 χχιν.
807 2615 861 2646 752

131 2650 169 2702 Ἠ
217 2673 287 2702 COSS
323 2657 765 2702 C.JuliusCms'arYipsanianus
809 2660 863 2691 753

134 2688 169 2715 DC
217 2688 287 2702 W“
325 2688 633 2723 L.1EmiliusPaulu§.

251 2736 355 2766 Gruter
370 2736 451 2773 1074,
464 2737 490 2774 2,
504 2742 534 2767 et
542 2740 647 2769 Reiues
656 2739 719 2769 597.

1015 239 1111 276 Olymp
1166 250 1228 268 rum
1248 239 1401 276 Pontiﬁces,
1412 252 1498 278 reges,
1517 239 1560 273 res
1574 239 1655 279 {gestae
1704 250 1767 273 ante

1165 279 1190 305 et
1200 279 1370 305 documenta.

1126 349 1171 386 37,
1185 357 1201 378 a
1217 351 1306 378 morte
1328 351 1417 387 Antig
1439 350 1486 380 33.

1161 395 1303 422 KALENDIS
1326 402 1456 424 JANUARII
1469 403 1640 427 CIRCUICISIO

1127 446 1225 467 unum
1265 439 1294 466 in
1310 446 1365 475 qua
1390 444 1523 469 vocatum
1538 445 1581 471 est
1603 450 1706 472 nomen

1125 484 1187 518 ejus
1202 484 1284 511 Jesus

1159 528 1322 563 Quintilius
1329 529 1456 557 Varusin
1467 530 1575 565 Syriam
1584 532 1651 560 mit-

1124 573 1198 600 titur
1218 579 1367 601 successor
1382 573 1544 603 Saturnini.
1561 576 1608 604 .ios
1624 576 1665 604 lib

1124 616 1167 653 17,
1178 625 1203 644 c.
1218 616 1259 645 17.

1157 663 1258 690 Eodem
1275 669 1352 690 anno
1368 670 1502 692 ADORATIO
1522 672 1663 702 MAconuu,

1122 709 1150 733 et
1168 713 1236 734 ruas
1255 707 1357 735 Domm
1376 715 1402 735 ιιι
1415 715 1549 737 ,εαγρτιιιι
1566 713 1594 738 et
1615 718 1665 739 cae
1711 712 1760 738 Ecl

1121 758 1169 778 DES
1192 759 1340 780 PUERORUM
1362 756 1656 783 lNNOCENTlUM.JUdas
1698 756 1771 784 lunae

1120 799 1147 823 et
1163 797 1296 824 Matthias
1321 803 1384 824 cum
1401 799 1489 826 sociis
1501 800 1666 835 Hierosoly-
1702 802 1770 828 total

1122 840 1176 867 mis
1197 841 1256 876 igni
1270 841 1411 869 combusti
1427 850 1482 876 qua
1497 846 1577 871 nocte
1592 844 1660 872 luna

1120 884 1252 919 eclipsim
1266 885 1379 912 totalem
1394 887 1451 920 pati
1463 891 1588 921 spectata
1602 888 1658 916 fuit

1119 929 1147 956 in
1163 929 1225 963 ejus
1245 934 1346 957 exortu
1360 931 1407 958 die
1470 933 1529 959 Mar
1544 940 1575 959 ex
1602 933 1659 960 Tab

1117 974 1239 1001 AstrJos
1254 974 1294 1002 lib
1307 973 1349 1009 17,
1367 983 1418 1010 cap
1434 974 1475 1003 10.

1152 1020 1275 1046 Herodes
1291 1020 1408 1055 gravius
1421 1024 1539 1056 aegrotat
1553 1024 1581 1049 et
1592 1029 1656 1050 mo-

1116 1064 1191 1092 rilur
1209 1064 1244 1092 25
1256 1065 1314 1092 Nov
1339 1066 1419 1101 regni
1436 1072 1482 1092 an.
1499 1065 1533 1094 37
1559 1066 1653 1094 inito:

1113 1115 1147 1137 ex
1166 1116 1223 1144 quo
1247 1110 1340 1138 Roma:
1355 1117 1389 1137 ex
1402 1110 1427 1137 S.
1443 1111 1473 1138 (ὲ.
1486 1110 1583 1138 declar
1597 1111 1654 1139 Ar-

1112 1153 1399 1183 chelaussuccessur.
1410 1155 1571 1191 Augustum
1579 1155 1651 1183 adit.

1041 1204 1050 1224 ι
1148 1199 1245 1226 Joasar
1267 1198 1292 1232 3,
1319 1198 1345 1233 4,
1378 1199 1510 1227 Archelai
1538 1198 1549 1226 1
1573 1204 1600 1227 et
1615 1199 1643 1227 2.
1719 1200 1737 1229 4

1035 1249 1055 1270 ιι
1151 1243 1270 1271 Reditus
1305 1244 1387 1272 Pueri
1412 1245 1477 1272 Jesu
1514 1252 1548 1272 ex
1572 1245 1652 1281 Egy-

1111 1290 1167 1322 pto.
1196 1288 1292 1315 Matth.
1327 1287 1353 1315 2.

1145 1333 1265 1360 Herodis
1315 1335 1516 1362 testamentum
1557 1335 1651 1364 Caesar

1109 1377 1268 1411 conﬁrmat,
1306 1377 1445 1407 Archelao
1491 1380 1648 1408 ethnarcha

1108 1421 1266 1449 constituto
1293 1422 1322 1449 in
1353 1423 1459 1455 Judaaa,
1484 1424 1605 1452 ldumaza
1621 1427 1649 1453 et

1105 1466 1243 1494 Samaria.
1279 1467 1381 1494 Herodi
1420 1468 1533 1502 Antipae
1568 1470 1647 1504 regio

1106 1513 1186 1538 trans
1200 1511 1277 1538 Jord.
1306 1515 1333 1539 et
1348 1512 1466 1540 Galilma
1482 1522 1488 1540 :
1512 1513 1646 1549 Philippo

1103 1555 1208 1582 Batana
1224 1556 1406 1584 Trachonitis
1422 1560 1450 1584 et
1462 1558 1642 1586 Gaulanitis:

1103 1599 1208 1634 aliqua:
1234 1599 1318 1626 urbes
1333 1601 1490 1628 Graecanici
1513 1602 1644 1630 instituti

1102 1643 1188 1677 Syriae
1201 1643 1373 1670 contributae
1382 1645 1428 1671 Jos
1442 1644 1482 1671 lib
1499 1643 1542 1679 17,
1558 1653 1583 1672 c.
1598 1645 1641 1673 43.

1018 1694 1039 1715 ιι
1126 1688 1232 1714 Joasar.
1261 1685 1287 1714 4.
1315 1687 1441 1715 Eleazari
1468 1687 1492 1715 4.
1509 1689 1639 1717 Archelai

1017 1738 1048 1759 ιιι
1104 1731 1130 1766 2,
1142 1730 1167 1759 3.
1698 1734 1717 1763 3

1136 1776 1294 1804 Archelaus
1332 1777 1391 1810 jam
1429 1777 1585 1805 ethnarcha
1609 1778 1638 1806 in

1099 1822 1222 1848 Judaeam
1247 1828 1377 1849 reversus
1398 1823 1514 1851 Joasaro
1535 1824 1638 1858 pontii.

1099 1865 1226 1901 abrogat,
1238 1869 1266 1894 et
1277 1865 1386 1894 confert
1402 1867 1431 1894 in
1447 1868 1509 1902 ejus
1522 1867 1639 1897 fratrem

1099 1911 1262 1938 Eleazarum
1300 1912 1356 1939 .los.
1387 1911 1438 1939 lib.
1471 1910 1515 1946 47,
1539 1919 1565 1939 c.
1594 1911 1637 1941 15.

1134 1954 1174 1982 Ad
1185 1955 1290 1982 bellum
1303 1955 1466 1983 Parthicum
1477 1956 1564 1984 Caius
1575 1957 1638 1985 Ca-

1098 2006 1145 2027 sar
1167 2000 1361 2034 proﬁciscitur
1385 2001 1453 2027 dum
1472 2001 1621 2037 Augustus

1098 2046 1179 2072 Pater
1194 2046 1294 2072 Patriae
1315 2045 1411 2073 dictus
1438 2049 1488 2073 est.
1525 2048 1592 2075 Vide
1607 2049 1637 2076 C.

1098 2090 1183 2118 Noris
1209 2090 1304 2118 Cenot.
1332 2091 1388 2118 Pis.
1417 2098 1480 2127 pag.
1519 2091 1579 2124 188,
1610 2097 1638 2120 et

1097 2134 1180 2162 Ovid.
1193 2134 1244 2161 lib.
1261 2133 1272 2161 1
1285 2134 1320 2162 de
1330 2138 1391 2162 arte
1401 2139 1467 2167 etc...
1480 2143 1536 2171 quo
1549 2137 1635 2165 etiam

1101 2185 1177 2206 anno
1199 2178 1347 2214 Augustus
1368 2181 1571 2209 Naumachiam
1583 2182 1638 2210 de—

1097 2223 1151 2251 dit.
1164 2223 1216 2251 lbi.
1237 2224 1371 2252 Tiberius
1385 2225 1497 2253 Samum
1523 2226 1638 2263 navigat

1098 2270 1131 2296 ut
1139 2268 1239 2296 Caium
1253 2268 1369 2295 invisat.
1385 2268 1519 2298 Velleius.

1010 2318 1043 2340 ιιι
1135 2312 1273 2346 Eleazari,
1286 2311 1312 2347 1,
1325 2311 1354 2340 2.
1367 2312 1500 2342 Archelai
1511 2314 1538 2351 3,
1550 2313 1575 2342 4.
1693 2315 1712 2344 2

1011 2363 1039 2384 iv
1098 2356 1227 2384 Armenia
1266 2360 1373 2391 recepta
1398 2356 1537 2396 [iterum].
1565 2361 1635 2388 Nam

1095 2405 1178 2429 antea
1204 2408 1255 2436 per
1273 2401 1421 2431 Tiberium
1449 2410 1525 2432 anno
1548 2405 1580 2432 V.
1603 2405 1633 2432 C.

1094 2444 1130 2473 73
1144 2444 1198 2479 2/3
1224 2447 1338 2481 quando
1354 2447 1384 2474 in
1399 2448 1525 2476 nummis
1540 2449 1637 2477 dictus

1094 2491 1139 2517 est
1152 2489 1223 2525 Aug.
1252 2497 1301 2517 uir
1321 2498 1373 2525 vn,
1389 2497 1465 2519 nunc
1492 2500 1520 2527 p.
1534 2492 1635 2521 Caium

1095 2534 1209 2570 quando
1237 2534 1348 2562 dicitur
1381 2535 1449 2570 imp.
1480 2543 1540 2564 xiv.
1564 2537 1635 2567 Vide

1095 2579 1181 2608 Noris
1192 2579 1258 2607 Cen.
1273 2579 1330 2608 Pis.
1345 2586 1408 2616 pag.
1433 2579 1493 2609 185.

954 2622 1048 2652 0.194
1132 2625 1259 2654 Eleazari
1288 2624 1316 2661 2,
1339 2625 1367 2654 3.
1393 2625 1526 2654 Archelai
1552 2625 1579 2663 4,
1599 2628 1626 2656 5.
1698 2627 1711 2656 4

993 2674 1020 2695 ιν
1132 2671 1221 2699 Caius
1229 2671 1322 2699 Caasar
1335 2671 1517 2700 consulatum
1530 2673 1586 2701 init
1603 2674 1632 2701 in

953 2716 982 2743 Ο.
998 2714 1051 2744 495
1094 2717 1175 2751 Syria
1190 2716 1251 2743 Kal.
1265 2716 1412 2744 Januarii:
1430 2720 1457 2744 et
1472 2718 1568 2745 Cenot.
1584 2717 1632 2745 Pis

1005 2768 1014 2789 ι
1089 2760 1119 2789 C.
1146 2761 1231 2788 Noris
1245 2768 1308 2797 pag.
1333 2760 1388 2791 243
1413 2765 1442 2790 et
1467 2763 1496 2790 in
1513 2762 1631 2796 Oriente

1092 2805 1226 2835 absolvit.
1239 2805 1293 2834 ibi.

1757 146 1811 176 438

335 198 440 244 (κτον-(ξεε
458 197 586 244 υοηξυξεε
608 199 790 244 Romanorum
819 200 898 244 ἐνεῃί
943 202 973 233 Α
1015 203 1097 244 ἐίῃηί
1134 206 1290 244 Iudaeorum
1313 209 1338 233 et
1348 208 1527 240 ﬁnitimorum
1542 209 1664 244 populo-
1698 211 1777 239 Anni
