  <div class='ocr_page' id='page_1' title='image "/cluster/home/n/w/nwhite01/storage/ocr_20150623/127/hvd.32044054759881/235.png"; bbox 0 0 3998 6176; ppageno 0'>
   <div class='ocr_carea' id='block_1_1' title="bbox 420 300 527 360">
    <p class='ocr_par' dir='ltr' id='par_1_1' title="bbox 420 300 527 360">
     <span class='ocr_line' id='line_1_1' title="bbox 420 300 527 360; baseline -0.047 0"><span class='ocrx_word' id='word_1_1' title='bbox 420 300 527 360; x_wconf 87' lang='grc'><strong>459</strong></span> 
     </span>
    </p>
   </div>
   <div class='ocr_carea' id='block_1_2' title="bbox 1245 302 2995 365">
    <p class='ocr_par' dir='ltr' id='par_1_2' title="bbox 1245 302 2995 365">
     <span class='ocr_line' id='line_1_2' title="bbox 1245 302 2995 365; baseline 0.003 -9"><span class='ocrx_word' id='word_1_2' title='bbox 1245 302 1339 357; x_wconf 82' lang='grc' dir='ltr'><strong>ΑΙ)</strong></span> <span class='ocrx_word' id='word_1_3' title='bbox 1371 302 1803 359; x_wconf 73' lang='lat' dir='ltr'><strong>ANASTASIUM</strong></span> <span class='ocrx_word' id='word_1_4' title='bbox 1830 302 2337 359; x_wconf 78' lang='lat' dir='ltr'><strong>PROLEGOMENA</strong></span> <span class='ocrx_word' id='word_1_5' title='bbox 2372 308 2545 363; x_wconf 86' lang='lat' dir='ltr'><strong>EDIT.</strong></span> <span class='ocrx_word' id='word_1_6' title='bbox 2590 308 2995 365; x_wconf 61' lang='grc' dir='ltr'><strong>ΒΟΜυ-ΥΑΤΙΟ.</strong></span> 
     </span>
    </p>
   </div>
   <div class='ocr_carea' id='block_1_3' title="bbox 3715 304 3812 362">
    <p class='ocr_par' dir='ltr' id='par_1_3' title="bbox 3715 304 3812 362">
     <span class='ocr_line' id='line_1_3' title="bbox 3715 304 3812 362; baseline 0 0"><span class='ocrx_word' id='word_1_7' title='bbox 3715 304 3812 362; x_wconf 84' lang='grc'><strong>460</strong></span> 
     </span>
    </p>
   </div>
   <div class='ocr_carea' id='block_1_4' title="bbox 478 418 2057 503">
    <p class='ocr_par' dir='ltr' id='par_1_4' title="bbox 478 425 2007 503">
     <span class='ocr_line' id='line_1_4' title="bbox 478 425 2007 503; baseline -0.001 -23"><span class='ocrx_word' id='word_1_8' title='bbox 478 427 634 503; x_wconf 64' lang='lat' dir='ltr'><strong>Annj</strong></span> <span class='ocrx_word' id='word_1_9' title='bbox 664 499 676 503; x_wconf 94' lang='lat'><em>_</em></span> <span class='ocrx_word' id='word_1_10' title='bbox 705 429 1085 496; x_wconf 80' lang='lat' dir='ltr'><strong>Imperatores,</strong></span> <span class='ocrx_word' id='word_1_11' title='bbox 1165 425 1440 503; x_wconf 79' lang='lat' dir='ltr'><strong>Consules,</strong></span> <span class='ocrx_word' id='word_1_12' title='bbox 1512 430 1788 481; x_wconf 78' lang='lat' dir='ltr'><strong>Romano—</strong></span> <span class='ocrx_word' id='word_1_13' title='bbox 1842 426 2007 503; x_wconf 45' lang='lat' dir='ltr'><strong>Ann}</strong></span> 
     </span>
    </p>
   </div>
   <div class='ocr_carea' id='block_1_5' title="bbox 2171 418 3750 503">
    <p class='ocr_par' dir='ltr' id='par_1_5' title="bbox 2240 418 3750 503">
     <span class='ocr_line' id='line_1_5' title="bbox 2240 418 3750 503; baseline -0.001 -18"><span class='ocrx_word' id='word_1_14' title='bbox 2240 432 2395 503; x_wconf 64' lang='lat' dir='ltr'><strong>Anni</strong></span> <span class='ocrx_word' id='word_1_15' title='bbox 2468 418 2916 503; x_wconf 66' lang='lat' dir='ltr'><strong>Christianorum,</strong></span> <span class='ocrx_word' id='word_1_16' title='bbox 2973 436 3285 490; x_wconf 71' lang='lat' dir='ltr'><strong>Iudaeorum</strong></span> <span class='ocrx_word' id='word_1_17' title='bbox 3323 438 3373 487; x_wconf 86' lang='lat' dir='ltr'><strong>et</strong></span> <span class='ocrx_word' id='word_1_18' title='bbox 3400 434 3537 501; x_wconf 75' lang='lat' dir='ltr'><strong>ﬁni—</strong></span> <span class='ocrx_word' id='word_1_19' title='bbox 3602 434 3750 486; x_wconf 80' lang='lat' dir='ltr'><strong>Anni</strong></span> 
     </span>
    </p>
   </div>
   <div class='ocr_carea' id='block_1_6' title="bbox 415 499 1704 566">
    <p class='ocr_par' dir='ltr' id='par_1_6' title="bbox 415 499 1704 566">
     <span class='ocr_line' id='line_1_6' title="bbox 415 499 1704 566; baseline -0.001 -14"><span class='ocrx_word' id='word_1_20' title='bbox 415 500 537 552; x_wconf 83' lang='lat' dir='ltr'><strong>Per.</strong></span> <span class='ocrx_word' id='word_1_21' title='bbox 587 499 695 553; x_wconf 73' lang='lat' dir='ltr'><strong>Jul.</strong></span> <span class='ocrx_word' id='word_1_22' title='bbox 774 513 919 561; x_wconf 81' lang='lat' dir='ltr'><strong>rum,</strong></span> <span class='ocrx_word' id='word_1_23' title='bbox 952 513 1038 552; x_wconf 82' lang='lat' dir='ltr'><strong>res</strong></span> <span class='ocrx_word' id='word_1_24' title='bbox 1066 503 1246 566; x_wconf 67' lang='lat' dir='ltr'><strong>gestae,</strong></span> <span class='ocrx_word' id='word_1_25' title='bbox 1275 510 1325 552; x_wconf 85' lang='lat' dir='ltr'><strong>et</strong></span> <span class='ocrx_word' id='word_1_26' title='bbox 1368 499 1704 552; x_wconf 78' lang='lat' dir='ltr'><strong>documenta.</strong></span> 
     </span>
    </p>
   </div>
   <div class='ocr_carea' id='block_1_7' title="bbox 1842 496 2013 552">
    <p class='ocr_par' dir='ltr' id='par_1_7' title="bbox 1842 496 2013 552">
     <span class='ocr_line' id='line_1_7' title="bbox 1842 496 2013 552; baseline -0.012 0"><span class='ocrx_word' id='word_1_27' title='bbox 1842 499 1902 552; x_wconf 92' lang='lat' dir='ltr'><strong>U.</strong></span> <span class='ocrx_word' id='word_1_28' title='bbox 1958 496 2013 551; x_wconf 75' lang='grc' dir='ltr'><strong>Ο.</strong></span> 
     </span>
    </p>
   </div>
   <div class='ocr_carea' id='block_1_8' title="bbox 441 570 2035 637">
    <p class='ocr_par' dir='ltr' id='par_1_8' title="bbox 441 570 2035 637">
     <span class='ocr_line' id='line_1_8' title="bbox 441 570 2035 637; baseline -0.001 -14"><span class='ocrx_word' id='word_1_29' title='bbox 441 574 491 623; x_wconf 83' lang='lat' dir='ltr'><strong>et</strong></span> <span class='ocrx_word' id='word_1_30' title='bbox 515 570 671 637; x_wconf 78' lang='lat' dir='ltr'><strong>cycli.</strong></span> <span class='ocrx_word' id='word_1_31' title='bbox 1823 573 1949 622; x_wconf 82' lang='lat' dir='ltr'><strong>ante</strong></span> <span class='ocrx_word' id='word_1_32' title='bbox 1986 572 2035 621; x_wconf 84' lang='lat' dir='ltr'><strong>et</strong></span> 
     </span>
    </p>
   </div>
   <div class='ocr_carea' id='block_1_9' title="bbox 487 638 2066 712">
    <p class='ocr_par' dir='ltr' id='par_1_9' title="bbox 487 638 2066 712">
     <span class='ocr_line' id='line_1_9' title="bbox 487 638 2066 712; baseline -0.013 0"><span class='ocrx_word' id='word_1_33' title='bbox 487 638 626 712; x_wconf 59' lang='lat'><strong>@9</strong></span> <span class='ocrx_word' id='word_1_34' title='bbox 1046 656 1053 665; x_wconf 87' lang='lat'><strong>‘</strong></span> <span class='ocrx_word' id='word_1_35' title='bbox 1786 644 1912 710; x_wconf 84' lang='lat' dir='ltr'><strong>post</strong></span> <span class='ocrx_word' id='word_1_36' title='bbox 1949 639 2066 694; x_wconf 83' lang='lat' dir='ltr'><strong>Pal.</strong></span> 
     </span>
    </p>
   </div>
   <div class='ocr_carea' id='block_1_10' title="bbox 490 760 2069 837">
    <p class='ocr_par' dir='ltr' id='par_1_10' title="bbox 490 760 1984 837">
     <span class='ocr_line' id='line_1_10' title="bbox 490 760 1984 837; baseline -0.001 -17"><span class='ocrx_word' id='word_1_37' title='bbox 490 762 631 822; x_wconf 89' lang='grc'><strong>4754</strong></span> <span class='ocrx_word' id='word_1_38' title='bbox 778 768 918 835; x_wconf 96' lang='lat' dir='ltr'><strong>Imp.</strong></span> <span class='ocrx_word' id='word_1_39' title='bbox 952 766 1012 821; x_wconf 88' lang='lat' dir='ltr'><strong>C.</strong></span> <span class='ocrx_word' id='word_1_40' title='bbox 1059 766 1266 821; x_wconf 63' lang='lat' dir='ltr'><strong>Caesar.</strong></span> <span class='ocrx_word' id='word_1_41' title='bbox 1298 764 1446 837; x_wconf 85' lang='lat' dir='ltr'><strong>Aug.</strong></span> <span class='ocrx_word' id='word_1_42' title='bbox 1485 781 1537 837; x_wconf 90' lang='lat' dir='ltr'><strong>p.</strong></span> <span class='ocrx_word' id='word_1_43' title='bbox 1587 779 1658 819; x_wconf 87' lang='grc' dir='ltr'>ιιι.</span> <span class='ocrx_word' id='word_1_44' title='bbox 1710 771 1782 820; x_wconf 85' lang='lat' dir='ltr'><strong>tr.</strong></span> <span class='ocrx_word' id='word_1_45' title='bbox 1877 760 1984 818; x_wconf 88' lang='lat'><strong>793</strong></span> 
     </span>
    </p>
   </div>
   <div class='ocr_carea' id='block_1_11' title="bbox 749 760 2328 837">
    <p class='ocr_par' dir='ltr' id='par_1_11' title="bbox 778 760 2328 837">
     <span class='ocr_line' id='line_1_11' title="bbox 778 760 2328 837; baseline -0.003 -15"><span class='ocrx_word' id='word_1_46' title='bbox 778 768 918 835; x_wconf 96' lang='lat' dir='ltr'><strong>Imp.</strong></span> <span class='ocrx_word' id='word_1_47' title='bbox 952 766 1012 821; x_wconf 88' lang='lat' dir='ltr'><strong>C.</strong></span> <span class='ocrx_word' id='word_1_48' title='bbox 1059 766 1266 821; x_wconf 63' lang='lat' dir='ltr'><strong>Caesar.</strong></span> <span class='ocrx_word' id='word_1_49' title='bbox 1298 764 1446 837; x_wconf 85' lang='lat' dir='ltr'><strong>Aug.</strong></span> <span class='ocrx_word' id='word_1_50' title='bbox 1485 781 1537 837; x_wconf 90' lang='lat' dir='ltr'><strong>p.</strong></span> <span class='ocrx_word' id='word_1_51' title='bbox 1587 779 1658 819; x_wconf 87' lang='grc' dir='ltr'>ιιι.</span> <span class='ocrx_word' id='word_1_52' title='bbox 1710 771 1782 820; x_wconf 85' lang='lat' dir='ltr'><strong>tr.</strong></span> <span class='ocrx_word' id='word_1_53' title='bbox 1877 760 1984 818; x_wconf 88' lang='lat'><strong>793</strong></span> <span class='ocrx_word' id='word_1_54' title='bbox 2311 769 2328 805; x_wconf 84' lang='grc' dir='ltr'><strong>Ι</strong></span> 
     </span>
    </p>
   </div>
   <div class='ocr_carea' id='block_1_12' title="bbox 480 853 842 926">
    <p class='ocr_par' dir='ltr' id='par_1_12' title="bbox 480 853 842 926">
     <span class='ocr_line' id='line_1_12' title="bbox 480 853 842 926; baseline -0.011 -14"><span class='ocrx_word' id='word_1_55' title='bbox 480 853 571 925; x_wconf 84' lang='lat'><strong>22,</strong></span> <span class='ocrx_word' id='word_1_56' title='bbox 610 853 643 911; x_wconf 85' lang='grc'><strong>4</strong></span> <span class='ocrx_word' id='word_1_57' title='bbox 703 871 842 926; x_wconf 91' lang='lat' dir='ltr'><strong>p.v.</strong></span> 
     </span>
    </p>
   </div>
   <div class='ocr_carea' id='block_1_13' title="bbox 534 943 1786 1001">
    <p class='ocr_par' dir='ltr' id='par_1_13' title="bbox 534 943 1786 1001">
     <span class='ocr_line' id='line_1_13' title="bbox 534 943 1786 1001; baseline -0.002 0"><span class='ocrx_word' id='word_1_58' title='bbox 534 949 586 1001; x_wconf 84' lang='lat' dir='ltr'><strong>A</strong></span> <span class='ocrx_word' id='word_1_59' title='bbox 774 944 1016 1000; x_wconf 84' lang='lat' dir='ltr'><strong>Occisus</strong></span> <span class='ocrx_word' id='word_1_60' title='bbox 1058 950 1146 1001; x_wconf 87' lang='lat' dir='ltr'><strong>est</strong></span> <span class='ocrx_word' id='word_1_61' title='bbox 1196 944 1292 1000; x_wconf 91' lang='lat' dir='ltr'><strong>die</strong></span> <span class='ocrx_word' id='word_1_62' title='bbox 1336 959 1395 1000; x_wconf 77' lang='grc' dir='ltr'>ιιι</span> <span class='ocrx_word' id='word_1_63' title='bbox 1453 944 1577 999; x_wconf 85' lang='lat' dir='ltr'><strong>Kal.</strong></span> <span class='ocrx_word' id='word_1_64' title='bbox 1623 943 1786 999; x_wconf 84' lang='lat' dir='ltr'><strong>Febr.</strong></span> 
     </span>
    </p>
   </div>
   <div class='ocr_carea' id='block_1_14' title="bbox 702 1031 1514 1103">
    <p class='ocr_par' dir='ltr' id='par_1_14' title="bbox 702 1031 1514 1103">
     <span class='ocr_line' id='line_1_14' title="bbox 702 1031 1514 1103; baseline -0.004 -14"><span class='ocrx_word' id='word_1_65' title='bbox 702 1034 857 1089; x_wconf 85' lang='lat' dir='ltr'><strong>Suet.</strong></span> <span class='ocrx_word' id='word_1_66' title='bbox 882 1047 1004 1103; x_wconf 93' lang='lat' dir='ltr'><strong>cap.</strong></span> <span class='ocrx_word' id='word_1_67' title='bbox 1043 1031 1110 1088; x_wconf 89' lang='lat'><strong>49</strong></span> <span class='ocrx_word' id='word_1_68' title='bbox 1133 1034 1192 1088; x_wconf 90' lang='lat' dir='ltr'><strong>in</strong></span> <span class='ocrx_word' id='word_1_69' title='bbox 1214 1034 1342 1102; x_wconf 89' lang='lat' dir='ltr'><strong>ejus</strong></span> <span class='ocrx_word' id='word_1_70' title='bbox 1365 1033 1514 1089; x_wconf 96' lang='lat' dir='ltr'><strong>Vita.</strong></span> 
     </span>
    </p>
   </div>
   <div class='ocr_carea' id='block_1_15' title="bbox 709 1122 1268 1248">
    <p class='ocr_par' dir='ltr' id='par_1_15' title="bbox 709 1122 1268 1248">
     <span class='ocr_line' id='line_1_15' title="bbox 709 1122 1268 1248; baseline -0.002 0"><span class='ocrx_word' id='word_1_71' title='bbox 709 1159 847 1215; x_wconf 69' lang='grc'><strong>(³0⁵⁵</strong></span> <span class='ocrx_word' id='word_1_72' title='bbox 882 1122 1268 1248; x_wconf 46' lang='grc' dir='ltr'><strong>ἶῗέἓῗξιῗιδυε</strong></span> 
     </span>
    </p>
   </div>
   <div class='ocr_carea' id='block_1_16' title="bbox 774 1279 1787 1339">
    <p class='ocr_par' dir='ltr' id='par_1_16' title="bbox 774 1279 1787 1339">
     <span class='ocr_line' id='line_1_16' title="bbox 774 1279 1787 1339; baseline -0.004 -1"><span class='ocrx_word' id='word_1_73' title='bbox 774 1285 819 1339; x_wconf 91' lang='grc' dir='ltr'>Ε</span> <span class='ocrx_word' id='word_1_74' title='bbox 843 1281 1010 1337; x_wconf 82' lang='lat' dir='ltr'><strong>fastis</strong></span> <span class='ocrx_word' id='word_1_75' title='bbox 1034 1281 1228 1337; x_wconf 88' lang='lat' dir='ltr'><strong>abrasi</strong></span> <span class='ocrx_word' id='word_1_76' title='bbox 1260 1279 1505 1337; x_wconf 78' lang='lat' dir='ltr'><strong>fortasse</strong></span> <span class='ocrx_word' id='word_1_77' title='bbox 1531 1279 1787 1336; x_wconf 84' lang='lat' dir='ltr'><strong>fuerunt.</strong></span> 
     </span>
    </p>
   </div>
   <div class='ocr_carea' id='block_1_17' title="bbox 775 1367 1791 1439">
    <p class='ocr_par' dir='ltr' id='par_1_17' title="bbox 775 1367 1791 1439">
     <span class='ocr_line' id='line_1_17' title="bbox 775 1367 1791 1439; baseline -0.003 -12"><span class='ocrx_word' id='word_1_78' title='bbox 775 1372 917 1428; x_wconf 84' lang='lat' dir='ltr'><strong>Vide</strong></span> <span class='ocrx_word' id='word_1_79' title='bbox 935 1377 1099 1426; x_wconf 87' lang='lat' dir='ltr'><strong>notas</strong></span> <span class='ocrx_word' id='word_1_80' title='bbox 1114 1370 1346 1425; x_wconf 90' lang='lat' dir='ltr'><strong>Blanch.</strong></span> <span class='ocrx_word' id='word_1_81' title='bbox 1371 1383 1498 1439; x_wconf 90' lang='lat' dir='ltr'><strong>pap.</strong></span> <span class='ocrx_word' id='word_1_82' title='bbox 1524 1367 1612 1439; x_wconf 88' lang='lat'><strong>48,</strong></span> <span class='ocrx_word' id='word_1_83' title='bbox 1631 1369 1791 1424; x_wconf 89' lang='lat' dir='ltr'><strong>etdo-</strong></span> 
     </span>
    </p>
   </div>
   <div class='ocr_carea' id='block_1_18' title="bbox 705 1458 1795 1529">
    <p class='ocr_par' dir='ltr' id='par_1_18' title="bbox 705 1458 1795 1529">
     <span class='ocr_line' id='line_1_18' title="bbox 705 1458 1795 1529; baseline -0.006 -12"><span class='ocrx_word' id='word_1_84' title='bbox 705 1474 857 1517; x_wconf 91' lang='lat' dir='ltr'><strong>cum.</strong></span> <span class='ocrx_word' id='word_1_85' title='bbox 911 1460 992 1514; x_wconf 87' lang='lat' dir='ltr'><strong>ibi</strong></span> <span class='ocrx_word' id='word_1_86' title='bbox 1040 1459 1317 1529; x_wconf 86' lang='lat' dir='ltr'><strong>producta</strong></span> <span class='ocrx_word' id='word_1_87' title='bbox 1370 1460 1453 1513; x_wconf 85' lang='lat' dir='ltr'><strong>T1.</strong></span> <span class='ocrx_word' id='word_1_88' title='bbox 1518 1458 1795 1513; x_wconf 73' lang='lat' dir='ltr'><strong>CLAUDIUS</strong></span> 
     </span>
    </p>
   </div>
   <div class='ocr_carea' id='block_1_19' title="bbox 706 1548 1793 1620">
    <p class='ocr_par' dir='ltr' id='par_1_19' title="bbox 706 1548 1793 1620">
     <span class='ocr_line' id='line_1_19' title="bbox 706 1548 1793 1620; baseline -0.005 -14"><span class='ocrx_word' id='word_1_89' title='bbox 706 1550 880 1606; x_wconf 86' lang='lat' dir='ltr'><strong>Drusi</strong></span> <span class='ocrx_word' id='word_1_90' title='bbox 930 1548 970 1604; x_wconf 88' lang='lat' dir='ltr'><strong>f.</strong></span> <span class='ocrx_word' id='word_1_91' title='bbox 1005 1549 1151 1620; x_wconf 85' lang='lat' dir='ltr'><strong>Aug.</strong></span> <span class='ocrx_word' id='word_1_92' title='bbox 1184 1563 1238 1618; x_wconf 91' lang='lat' dir='ltr'><strong>p.</strong></span> <span class='ocrx_word' id='word_1_93' title='bbox 1276 1562 1346 1602; x_wconf 93' lang='lat' dir='ltr'><strong>m.</strong></span> <span class='ocrx_word' id='word_1_94' title='bbox 1376 1554 1449 1604; x_wconf 91' lang='lat' dir='ltr'><strong>tr.</strong></span> <span class='ocrx_word' id='word_1_95' title='bbox 1476 1562 1531 1616; x_wconf 90' lang='lat' dir='ltr'><strong>p.</strong></span> <span class='ocrx_word' id='word_1_96' title='bbox 1559 1562 1592 1602; x_wconf 88' lang='lat' dir='ltr'><strong>a</strong></span> <span class='ocrx_word' id='word_1_97' title='bbox 1636 1548 1793 1601; x_wconf 79' lang='lat' dir='ltr'><strong>Prae—</strong></span> 
     </span>
    </p>
   </div>
   <div class='ocr_carea' id='block_1_20' title="bbox 706 1636 1787 1697">
    <p class='ocr_par' dir='ltr' id='par_1_20' title="bbox 706 1636 1787 1697">
     <span class='ocr_line' id='line_1_20' title="bbox 706 1636 1787 1697; baseline -0.006 -2"><span class='ocrx_word' id='word_1_98' title='bbox 706 1638 954 1697; x_wconf 89' lang='lat' dir='ltr'><strong>torianis</strong></span> <span class='ocrx_word' id='word_1_99' title='bbox 972 1639 1200 1694; x_wconf 89' lang='lat' dir='ltr'><strong>decitur</strong></span> <span class='ocrx_word' id='word_1_100' title='bbox 1222 1651 1280 1692; x_wconf 84' lang='lat' dir='ltr'><strong>1x</strong></span> <span class='ocrx_word' id='word_1_101' title='bbox 1301 1637 1424 1693; x_wconf 86' lang='lat' dir='ltr'><strong>Kal.</strong></span> <span class='ocrx_word' id='word_1_102' title='bbox 1454 1636 1610 1692; x_wconf 89' lang='lat' dir='ltr'><strong>Febr.</strong></span> <span class='ocrx_word' id='word_1_103' title='bbox 1633 1636 1787 1692; x_wconf 91' lang='lat' dir='ltr'><strong>Suet.</strong></span> 
     </span>
    </p>
   </div>
   <div class='ocr_carea' id='block_1_21' title="bbox 706 1722 1791 1797">
    <p class='ocr_par' dir='ltr' id='par_1_21' title="bbox 706 1722 1791 1797">
     <span class='ocr_line' id='line_1_21' title="bbox 706 1722 1791 1797; baseline -0.004 -14"><span class='ocrx_word' id='word_1_104' title='bbox 706 1728 1058 1785; x_wconf 74' lang='lat' dir='ltr'><strong>Mauritania</strong></span> <span class='ocrx_word' id='word_1_105' title='bbox 1093 1727 1284 1783; x_wconf 90' lang='lat' dir='ltr'><strong>divisa</strong></span> <span class='ocrx_word' id='word_1_106' title='bbox 1314 1727 1372 1782; x_wconf 90' lang='lat' dir='ltr'><strong>in</strong></span> <span class='ocrx_word' id='word_1_107' title='bbox 1400 1722 1791 1797; x_wconf 82' lang='lat' dir='ltr'><strong>Tingitanam,</strong></span> 
     </span>
    </p>
   </div>
   <div class='ocr_carea' id='block_1_22' title="bbox 706 1811 1715 1877">
    <p class='ocr_par' dir='ltr' id='par_1_22' title="bbox 706 1811 1715 1877">
     <span class='ocr_line' id='line_1_22' title="bbox 706 1811 1715 1877; baseline -0.005 -6"><span class='ocrx_word' id='word_1_108' title='bbox 706 1821 763 1871; x_wconf 91' lang='lat' dir='ltr'><strong>et</strong></span> <span class='ocrx_word' id='word_1_109' title='bbox 784 1815 1210 1871; x_wconf 66' lang='lat' dir='ltr'><strong>Caesariensem.</strong></span> <span class='ocrx_word' id='word_1_110' title='bbox 1246 1814 1355 1869; x_wconf 92' lang='lat' dir='ltr'><strong>Dio</strong></span> <span class='ocrx_word' id='word_1_111' title='bbox 1387 1812 1488 1868; x_wconf 87' lang='lat' dir='ltr'><strong>lib.</strong></span> <span class='ocrx_word' id='word_1_112' title='bbox 1515 1811 1601 1868; x_wconf 88' lang='grc'><strong>60.</strong></span> <span class='ocrx_word' id='word_1_113' title='bbox 1690 1866 1715 1877; x_wconf 65' lang='grc'><strong>,</strong></span> 
     </span>
    </p>
   </div>
   <div class='ocr_carea' id='block_1_23' title="bbox 494 1902 1783 1974">
    <p class='ocr_par' dir='ltr' id='par_1_23' title="bbox 494 1902 1783 1974">
     <span class='ocr_line' id='line_1_23' title="bbox 494 1902 1783 1974; baseline -0.009 -11"><span class='ocrx_word' id='word_1_114' title='bbox 494 1904 637 1963; x_wconf 86' lang='grc'><strong>4755</strong></span> <span class='ocrx_word' id='word_1_115' title='bbox 781 1907 922 1974; x_wconf 89' lang='lat' dir='ltr'><strong>Imp.</strong></span> <span class='ocrx_word' id='word_1_116' title='bbox 947 1903 1086 1959; x_wconf 81' lang='lat' dir='ltr'><strong>Caes.</strong></span> <span class='ocrx_word' id='word_1_117' title='bbox 1114 1903 1203 1958; x_wconf 93' lang='lat' dir='ltr'><strong>Ti.</strong></span> <span class='ocrx_word' id='word_1_118' title='bbox 1239 1902 1521 1958; x_wconf 91' lang='lat' dir='ltr'><strong>Claudius</strong></span> <span class='ocrx_word' id='word_1_119' title='bbox 1550 1902 1696 1972; x_wconf 91' lang='lat' dir='ltr'><strong>Aug.</strong></span> <span class='ocrx_word' id='word_1_120' title='bbox 1732 1915 1783 1970; x_wconf 92' lang='lat' dir='ltr'><strong>p.</strong></span> 
     </span>
    </p>
   </div>
   <div class='ocr_carea' id='block_1_24' title="bbox 487 1988 1188 2069">
    <p class='ocr_par' dir='ltr' id='par_1_24' title="bbox 487 1988 1188 2069">
     <span class='ocr_line' id='line_1_24' title="bbox 487 1988 1188 2069; baseline -0.013 -14"><span class='ocrx_word' id='word_1_121' title='bbox 487 1995 580 2069; x_wconf 91' lang='lat'><strong>23,</strong></span> <span class='ocrx_word' id='word_1_122' title='bbox 612 1994 648 2052; x_wconf 85' lang='lat'><strong>5</strong></span> <span class='ocrx_word' id='word_1_123' title='bbox 710 2009 786 2052; x_wconf 91' lang='lat' dir='ltr'><strong>m.</strong></span> <span class='ocrx_word' id='word_1_124' title='bbox 821 1999 895 2050; x_wconf 81' lang='lat' dir='ltr'><strong>tr.</strong></span> <span class='ocrx_word' id='word_1_125' title='bbox 930 2010 984 2064; x_wconf 92' lang='lat' dir='ltr'><strong>p.</strong></span> <span class='ocrx_word' id='word_1_126' title='bbox 1015 1990 1066 2047; x_wconf 94' lang='lat'><strong>4.</strong></span> <span class='ocrx_word' id='word_1_127' title='bbox 1101 1988 1188 2047; x_wconf 93' lang='grc'><strong>44.</strong></span> 
     </span>
    </p>
   </div>
   <div class='ocr_carea' id='block_1_25' title="bbox 925 2204 1788 2276">
    <p class='ocr_par' dir='ltr' id='par_1_25' title="bbox 925 2204 1788 2276">
     <span class='ocr_line' id='line_1_25' title="bbox 925 2204 1788 2276; baseline -0.007 -15"><span class='ocrx_word' id='word_1_128' title='bbox 925 2207 1012 2262; x_wconf 85' lang='lat' dir='ltr'><strong>Ti.</strong></span> <span class='ocrx_word' id='word_1_129' title='bbox 1071 2204 1269 2263; x_wconf 87' lang='lat' dir='ltr'><strong>Claud.</strong></span> <span class='ocrx_word' id='word_1_130' title='bbox 1322 2205 1468 2276; x_wconf 88' lang='lat' dir='ltr'><strong>Aug.</strong></span> <span class='ocrx_word' id='word_1_131' title='bbox 1519 2204 1682 2259; x_wconf 89' lang='lat' dir='ltr'><strong>Pont.</strong></span> <span class='ocrx_word' id='word_1_132' title='bbox 1716 2216 1788 2256; x_wconf 79' lang='grc' dir='ltr'>ιιι.</span> 
     </span>
    </p>
   </div>
   <div class='ocr_carea' id='block_1_26' title="bbox 991 2284 1449 2347">
    <p class='ocr_par' dir='ltr' id='par_1_26' title="bbox 991 2284 1449 2347">
     <span class='ocr_line' id='line_1_26' title="bbox 991 2284 1449 2347; baseline -0.009 -14"><span class='ocrx_word' id='word_1_133' title='bbox 991 2284 1065 2333; x_wconf 92' lang='lat' dir='ltr'><strong>tr.</strong></span> <span class='ocrx_word' id='word_1_134' title='bbox 1097 2292 1152 2347; x_wconf 87' lang='lat' dir='ltr'><strong>p.</strong></span> <span class='ocrx_word' id='word_1_135' title='bbox 1184 2291 1221 2347; x_wconf 92' lang='grc' dir='ltr'><strong>ι,</strong></span> <span class='ocrx_word' id='word_1_136' title='bbox 1244 2290 1361 2332; x_wconf 90' lang='lat' dir='ltr'><strong>cos.</strong></span> <span class='ocrx_word' id='word_1_137' title='bbox 1387 2290 1449 2331; x_wconf 91' lang='grc' dir='ltr'>ιι.</span> 
     </span>
    </p>
   </div>
   <div class='ocr_carea' id='block_1_27' title="bbox 931 2349 1507 2419">
    <p class='ocr_par' dir='ltr' id='par_1_27' title="bbox 931 2349 1507 2419">
     <span class='ocr_line' id='line_1_27' title="bbox 931 2349 1507 2419; baseline -0.007 -15"><span class='ocrx_word' id='word_1_138' title='bbox 931 2350 989 2404; x_wconf 90' lang='lat' dir='ltr'><strong>C.</strong></span> <span class='ocrx_word' id='word_1_139' title='bbox 1022 2349 1245 2404; x_wconf 71' lang='lat' dir='ltr'><strong>Caecina</strong></span> <span class='ocrx_word' id='word_1_140' title='bbox 1268 2350 1507 2419; x_wconf 81' lang='lat' dir='ltr'><strong>Largus.</strong></span> 
     </span>
    </p>
   </div>
   <div class='ocr_carea' id='block_1_28' title="bbox 788 2435 1797 2507">
    <p class='ocr_par' dir='ltr' id='par_1_28' title="bbox 788 2435 1797 2507">
     <span class='ocr_line' id='line_1_28' title="bbox 788 2435 1797 2507; baseline -0.003 -12"><span class='ocrx_word' id='word_1_141' title='bbox 788 2439 1027 2495; x_wconf 88' lang='lat' dir='ltr'><strong>Kalend.</strong></span> <span class='ocrx_word' id='word_1_142' title='bbox 1058 2438 1276 2494; x_wconf 87' lang='lat' dir='ltr'><strong>Antiat.</strong></span> <span class='ocrx_word' id='word_1_143' title='bbox 1323 2438 1383 2492; x_wconf 92' lang='lat' dir='ltr'><strong>in</strong></span> <span class='ocrx_word' id='word_1_144' title='bbox 1438 2436 1550 2492; x_wconf 83' lang='lat' dir='ltr'><strong>ﬁne</strong></span> <span class='ocrx_word' id='word_1_145' title='bbox 1581 2435 1797 2507; x_wconf 85' lang='lat' dir='ltr'><strong>proleg.</strong></span> 
     </span>
    </p>
   </div>
   <div class='ocr_carea' id='block_1_29' title="bbox 712 2526 1794 2587">
    <p class='ocr_par' dir='ltr' id='par_1_29' title="bbox 712 2526 1794 2587">
     <span class='ocr_line' id='line_1_29' title="bbox 712 2526 1794 2587; baseline -0.007 0"><span class='ocrx_word' id='word_1_146' title='bbox 712 2546 782 2587; x_wconf 86' lang='lat' dir='ltr'><strong>ex</strong></span> <span class='ocrx_word' id='word_1_147' title='bbox 802 2532 945 2586; x_wconf 80' lang='lat' dir='ltr'><strong>Mus.</strong></span> <span class='ocrx_word' id='word_1_148' title='bbox 976 2528 1214 2585; x_wconf 86' lang='lat' dir='ltr'><strong>Albano.</strong></span> <span class='ocrx_word' id='word_1_149' title='bbox 1236 2530 1440 2583; x_wconf 91' lang='lat' dir='ltr'><strong>Portus</strong></span> <span class='ocrx_word' id='word_1_150' title='bbox 1455 2526 1743 2583; x_wconf 88' lang='lat' dir='ltr'><strong>Ostiensis</strong></span> <span class='ocrx_word' id='word_1_151' title='bbox 1762 2539 1794 2579; x_wconf 90' lang='lat' dir='ltr'><strong>a</strong></span> 
     </span>
    </p>
   </div>
   <div class='ocr_carea' id='block_1_30' title="bbox 715 2612 1791 2689">
    <p class='ocr_par' dir='ltr' id='par_1_30' title="bbox 715 2612 1791 2689">
     <span class='ocr_line' id='line_1_30' title="bbox 715 2612 1791 2689; baseline -0.01 -12"><span class='ocrx_word' id='word_1_152' title='bbox 715 2620 959 2677; x_wconf 92' lang='lat' dir='ltr'><strong>Claudio</strong></span> <span class='ocrx_word' id='word_1_153' title='bbox 1010 2624 1235 2689; x_wconf 72' lang='lat' dir='ltr'><strong>emptus</strong></span> <span class='ocrx_word' id='word_1_154' title='bbox 1278 2617 1427 2689; x_wconf 91' lang='lat' dir='ltr'><strong>(Dio.</strong></span> <span class='ocrx_word' id='word_1_155' title='bbox 1480 2615 1579 2671; x_wconf 91' lang='lat' dir='ltr'><strong>lib.</strong></span> <span class='ocrx_word' id='word_1_156' title='bbox 1637 2612 1725 2684; x_wconf 88' lang='lat'><strong>60)</strong></span> <span class='ocrx_word' id='word_1_157' title='bbox 1777 2631 1791 2666; x_wconf 90' lang='lat'><strong>:</strong></span> 
     </span>
    </p>
   </div>
   <div class='ocr_carea' id='block_1_31' title="bbox 710 2280 847 2335">
    <p class='ocr_par' dir='ltr' id='par_1_31' title="bbox 710 2280 847 2335">
     <span class='ocr_line' id='line_1_31' title="bbox 710 2280 847 2335; baseline 0.007 -1"><span class='ocrx_word' id='word_1_158' title='bbox 710 2280 847 2335; x_wconf 89' lang='lat' dir='ltr'><strong>Coss</strong></span> 
     </span>
    </p>
   </div>
   <div class='ocr_carea' id='block_1_32' title="bbox 716 2705 1799 2779">
    <p class='ocr_par' dir='ltr' id='par_1_32' title="bbox 716 2705 1799 2779">
     <span class='ocr_line' id='line_1_32' title="bbox 716 2705 1799 2779; baseline -0.009 -14"><span class='ocrx_word' id='word_1_159' title='bbox 716 2710 819 2779; x_wconf 91' lang='lat' dir='ltr'><strong>qui</strong></span> <span class='ocrx_word' id='word_1_160' title='bbox 836 2709 1226 2764; x_wconf 89' lang='lat' dir='ltr'><strong>Britannicam</strong></span> <span class='ocrx_word' id='word_1_161' title='bbox 1254 2705 1671 2777; x_wconf 77' lang='lat' dir='ltr'><strong>expeditionem</strong></span> <span class='ocrx_word' id='word_1_162' title='bbox 1705 2715 1799 2771; x_wconf 89' lang='lat' dir='ltr'><strong>pa-</strong></span> 
     </span>
    </p>
   </div>
   <div class='ocr_carea' id='block_1_33' title="bbox 718 2791 1793 2866">
    <p class='ocr_par' dir='ltr' id='par_1_33' title="bbox 718 2791 1793 2866">
     <span class='ocr_line' id='line_1_33' title="bbox 718 2791 1793 2866; baseline -0.008 -15"><span class='ocrx_word' id='word_1_163' title='bbox 718 2809 854 2851; x_wconf 89' lang='lat' dir='ltr'><strong>rans</strong></span> <span class='ocrx_word' id='word_1_164' title='bbox 879 2797 1116 2853; x_wconf 85' lang='lat' dir='ltr'><strong>advocat</strong></span> <span class='ocrx_word' id='word_1_165' title='bbox 1140 2797 1419 2866; x_wconf 75' lang='lat' dir='ltr'><strong>legionem</strong></span> <span class='ocrx_word' id='word_1_166' title='bbox 1472 2806 1525 2848; x_wconf 85' lang='lat' dir='ltr'><strong>1v</strong></span> <span class='ocrx_word' id='word_1_167' title='bbox 1558 2810 1587 2847; x_wconf 88' lang='lat' dir='ltr'><strong>c</strong></span> <span class='ocrx_word' id='word_1_168' title='bbox 1612 2791 1793 2860; x_wconf 84' lang='lat' dir='ltr'><strong>Syria.</strong></span> 
     </span>
    </p>
   </div>
   <div class='ocr_carea' id='block_1_34' title="bbox 715 2882 1625 2955">
    <p class='ocr_par' dir='ltr' id='par_1_34' title="bbox 715 2882 1625 2955">
     <span class='ocr_line' id='line_1_34' title="bbox 715 2882 1625 2955; baseline -0.005 -16"><span class='ocrx_word' id='word_1_169' title='bbox 715 2883 873 2941; x_wconf 79' lang='lat' dir='ltr'><strong>Vider</strong></span> <span class='ocrx_word' id='word_1_170' title='bbox 890 2893 1054 2942; x_wconf 88' lang='lat' dir='ltr'><strong>notas</strong></span> <span class='ocrx_word' id='word_1_171' title='bbox 1078 2887 1147 2942; x_wconf 90' lang='lat' dir='ltr'><strong>ad</strong></span> <span class='ocrx_word' id='word_1_172' title='bbox 1176 2890 1333 2955; x_wconf 90' lang='lat' dir='ltr'><strong>pont.</strong></span> <span class='ocrx_word' id='word_1_173' title='bbox 1356 2884 1409 2938; x_wconf 92' lang='lat' dir='ltr'><strong>S.</strong></span> <span class='ocrx_word' id='word_1_174' title='bbox 1450 2882 1625 2937; x_wconf 89' lang='lat' dir='ltr'><strong>Petri.</strong></span> 
     </span>
    </p>
   </div>
   <div class='ocr_carea' id='block_1_35' title="bbox 500 3267 1789 3342">
    <p class='ocr_par' dir='ltr' id='par_1_35' title="bbox 500 3267 1789 3342">
     <span class='ocr_line' id='line_1_35' title="bbox 500 3267 1789 3342; baseline -0.009 -12"><span class='ocrx_word' id='word_1_175' title='bbox 500 3271 641 3330; x_wconf 85' lang='grc'><strong>4756</strong></span> <span class='ocrx_word' id='word_1_176' title='bbox 782 3274 923 3342; x_wconf 90' lang='lat' dir='ltr'><strong>Imp.</strong></span> <span class='ocrx_word' id='word_1_177' title='bbox 976 3271 1113 3327; x_wconf 70' lang='lat' dir='ltr'><strong>Caes.</strong></span> <span class='ocrx_word' id='word_1_178' title='bbox 1148 3269 1239 3325; x_wconf 92' lang='lat' dir='ltr'><strong>Ti.</strong></span> <span class='ocrx_word' id='word_1_179' title='bbox 1288 3267 1569 3325; x_wconf 90' lang='lat' dir='ltr'><strong>Claudius</strong></span> <span class='ocrx_word' id='word_1_180' title='bbox 1614 3282 1665 3338; x_wconf 89' lang='lat' dir='ltr'><strong>p.</strong></span> <span class='ocrx_word' id='word_1_181' title='bbox 1717 3280 1789 3321; x_wconf 84' lang='grc' dir='ltr'>ιιι.</span> 
     </span>
    </p>
   </div>
   <div class='ocr_carea' id='block_1_36' title="bbox 487 3360 1149 3434">
    <p class='ocr_par' dir='ltr' id='par_1_36' title="bbox 487 3360 1149 3434">
     <span class='ocr_line' id='line_1_36' title="bbox 487 3360 1149 3434; baseline -0.008 -15"><span class='ocrx_word' id='word_1_182' title='bbox 487 3360 578 3434; x_wconf 74' lang='grc'><strong>24,</strong></span> <span class='ocrx_word' id='word_1_183' title='bbox 605 3361 641 3418; x_wconf 88' lang='grc'>6</span> <span class='ocrx_word' id='word_1_184' title='bbox 706 3361 843 3418; x_wconf 86' lang='lat' dir='ltr'><strong>trib.</strong></span> <span class='ocrx_word' id='word_1_185' title='bbox 873 3376 927 3431; x_wconf 89' lang='lat' dir='ltr'><strong>p.</strong></span> <span class='ocrx_word' id='word_1_186' title='bbox 963 3374 1027 3431; x_wconf 89' lang='grc' dir='ltr'>ιι,</span> <span class='ocrx_word' id='word_1_187' title='bbox 1061 3373 1149 3415; x_wconf 91' lang='grc' dir='ltr'>ιιι.</span> 
     </span>
    </p>
   </div>
   <div class='ocr_carea' id='block_1_37' title="bbox 549 3447 1455 3577">
    <p class='ocr_par' dir='ltr' id='par_1_37' title="bbox 549 3447 1455 3577">
     <span class='ocr_line' id='line_1_37' title="bbox 549 3447 1455 3577; baseline -0.006 2"><span class='ocrx_word' id='word_1_188' title='bbox 549 3454 597 3506; x_wconf 69' lang='lat' dir='ltr'><strong><em>F</em></strong></span> <span class='ocrx_word' id='word_1_189' title='bbox 715 3487 853 3545; x_wconf 72' lang='grc' dir='ltr'><strong>αοεε</strong></span> <span class='ocrx_word' id='word_1_190' title='bbox 890 3450 955 3577; x_wconf 64' lang='lat' dir='ltr'><strong>if.</strong></span> <span class='ocrx_word' id='word_1_191' title='bbox 981 3447 1358 3577; x_wconf 56' lang='grc' dir='ltr'><strong>ίξβξὶἓῖῖιυίέιέἕ</strong></span> 
     </span>
    </p>
   </div>
   <div class='ocr_carea' id='block_1_38' title="bbox 780 3608 1543 3680">
    <p class='ocr_par' dir='ltr' id='par_1_38' title="bbox 780 3608 1543 3680">
     <span class='ocr_line' id='line_1_38' title="bbox 780 3608 1543 3680; baseline -0.01 -11"><span class='ocrx_word' id='word_1_192' title='bbox 780 3614 933 3668; x_wconf 90' lang='lat' dir='ltr'><strong>Idem</strong></span> <span class='ocrx_word' id='word_1_193' title='bbox 967 3610 1115 3680; x_wconf 87' lang='lat' dir='ltr'><strong>lapis</strong></span> <span class='ocrx_word' id='word_1_194' title='bbox 1146 3608 1381 3665; x_wconf 87' lang='lat' dir='ltr'><strong>Kalend.</strong></span> <span class='ocrx_word' id='word_1_195' title='bbox 1412 3609 1543 3663; x_wconf 86' lang='lat' dir='ltr'><strong>Ant.</strong></span> 
     </span>
    </p>
   </div>
   <div class='ocr_carea' id='block_1_39' title="bbox 778 3696 1796 3769">
    <p class='ocr_par' dir='ltr' id='par_1_39' title="bbox 778 3696 1796 3769">
     <span class='ocr_line' id='line_1_39' title="bbox 778 3696 1796 3769; baseline -0.004 -14"><span class='ocrx_word' id='word_1_196' title='bbox 778 3700 1033 3755; x_wconf 88' lang='lat' dir='ltr'><strong>Devictis</strong></span> <span class='ocrx_word' id='word_1_197' title='bbox 1086 3700 1145 3753; x_wconf 91' lang='lat' dir='ltr'><strong>in</strong></span> <span class='ocrx_word' id='word_1_198' title='bbox 1208 3699 1507 3753; x_wconf 84' lang='lat' dir='ltr'><strong>Britannia</strong></span> <span class='ocrx_word' id='word_1_199' title='bbox 1564 3696 1796 3769; x_wconf 85' lang='lat' dir='ltr'><strong>regibus</strong></span> 
     </span>
    </p>
   </div>
   <div class='ocr_carea' id='block_1_40' title="bbox 705 3786 1795 3855">
    <p class='ocr_par' dir='ltr' id='par_1_40' title="bbox 705 3786 1795 3855">
     <span class='ocr_line' id='line_1_40' title="bbox 705 3786 1795 3855; baseline -0.004 -12"><span class='ocrx_word' id='word_1_200' title='bbox 705 3802 878 3843; x_wconf 91' lang='lat' dir='ltr'><strong>arcus</strong></span> <span class='ocrx_word' id='word_1_201' title='bbox 926 3786 1209 3855; x_wconf 84' lang='lat' dir='ltr'><strong>triumph.</strong></span> <span class='ocrx_word' id='word_1_202' title='bbox 1267 3786 1509 3841; x_wconf 90' lang='lat' dir='ltr'><strong>Claudio</strong></span> <span class='ocrx_word' id='word_1_203' title='bbox 1572 3793 1795 3839; x_wconf 86' lang='lat' dir='ltr'><strong>erectus</strong></span> 
     </span>
    </p>
   </div>
   <div class='ocr_carea' id='block_1_41' title="bbox 712 3873 1800 3945">
    <p class='ocr_par' dir='ltr' id='par_1_41' title="bbox 712 3873 1800 3945">
     <span class='ocr_line' id='line_1_41' title="bbox 712 3873 1800 3945; baseline -0.005 -14"><span class='ocrx_word' id='word_1_204' title='bbox 712 3877 773 3931; x_wconf 92' lang='lat' dir='ltr'><strong>in</strong></span> <span class='ocrx_word' id='word_1_205' title='bbox 799 3874 973 3945; x_wconf 87' lang='lat' dir='ltr'><strong>Urbe,</strong></span> <span class='ocrx_word' id='word_1_206' title='bbox 1001 3880 1060 3930; x_wconf 89' lang='lat' dir='ltr'><strong>et</strong></span> <span class='ocrx_word' id='word_1_207' title='bbox 1077 3885 1280 3928; x_wconf 88' lang='lat' dir='ltr'><strong>nomen</strong></span> <span class='ocrx_word' id='word_1_208' title='bbox 1306 3873 1624 3928; x_wconf 81' lang='lat' dir='ltr'><strong>Britannici</strong></span> <span class='ocrx_word' id='word_1_209' title='bbox 1649 3873 1800 3927; x_wconf 86' lang='lat' dir='ltr'><strong>dela-</strong></span> 
     </span>
    </p>
   </div>
   <div class='ocr_carea' id='block_1_42' title="bbox 712 3970 856 4020">
    <p class='ocr_par' dir='ltr' id='par_1_42' title="bbox 712 3970 856 4020">
     <span class='ocr_line' id='line_1_42' title="bbox 712 3970 856 4020; baseline -0.021 0"><span class='ocrx_word' id='word_1_210' title='bbox 712 3970 856 4020; x_wconf 88' lang='lat' dir='ltr'><strong>tum.</strong></span> 
     </span>
    </p>
   </div>
   <div class='ocr_carea' id='block_1_43' title="bbox 498 4384 638 4444">
    <p class='ocr_par' dir='ltr' id='par_1_43' title="bbox 498 4384 638 4444">
     <span class='ocr_line' id='line_1_43' title="bbox 498 4384 638 4444; baseline -0.007 0"><span class='ocrx_word' id='word_1_211' title='bbox 498 4384 638 4444; x_wconf 79' lang='grc'><strong>4757</strong></span> 
     </span>
    </p>
   </div>
   <div class='ocr_carea' id='block_1_44' title="bbox 488 4472 657 4541">
    <p class='ocr_par' dir='ltr' id='par_1_44' title="bbox 488 4472 657 4541">
     <span class='ocr_line' id='line_1_44' title="bbox 488 4472 657 4541; baseline -0.018 -8"><span class='ocrx_word' id='word_1_212' title='bbox 488 4472 657 4541; x_wconf 74' lang='lat'><strong>25,7</strong></span> 
     </span>
    </p>
   </div>
   <div class='ocr_carea' id='block_1_45' title="bbox 498 4568 619 4620">
    <p class='ocr_par' dir='ltr' id='par_1_45' title="bbox 498 4568 619 4620">
     <span class='ocr_line' id='line_1_45' title="bbox 498 4568 619 4620; baseline -0.008 0"><span class='ocrx_word' id='word_1_213' title='bbox 498 4568 619 4620; x_wconf 81' lang='grc' dir='ltr'><strong>ΕΙ)</strong></span> 
     </span>
    </p>
   </div>
   <div class='ocr_carea' id='block_1_46' title="bbox 786 4384 1792 4456">
    <p class='ocr_par' dir='ltr' id='par_1_46' title="bbox 786 4384 1792 4456">
     <span class='ocr_line' id='line_1_46' title="bbox 786 4384 1792 4456; baseline -0.004 -15"><span class='ocrx_word' id='word_1_214' title='bbox 786 4388 923 4456; x_wconf 88' lang='lat' dir='ltr'><strong>Imp.</strong></span> <span class='ocrx_word' id='word_1_215' title='bbox 954 4386 1096 4441; x_wconf 60' lang='lat' dir='ltr'><strong>Caes.</strong></span> <span class='ocrx_word' id='word_1_216' title='bbox 1116 4386 1206 4441; x_wconf 88' lang='lat' dir='ltr'><strong>Ti.</strong></span> <span class='ocrx_word' id='word_1_217' title='bbox 1228 4385 1430 4440; x_wconf 90' lang='lat' dir='ltr'><strong>Claud.</strong></span> <span class='ocrx_word' id='word_1_218' title='bbox 1463 4399 1518 4455; x_wconf 85' lang='lat' dir='ltr'><strong>p.</strong></span> <span class='ocrx_word' id='word_1_219' title='bbox 1550 4387 1625 4439; x_wconf 86' lang='lat' dir='ltr'><strong>M.</strong></span> <span class='ocrx_word' id='word_1_220' title='bbox 1657 4384 1792 4440; x_wconf 89' lang='lat' dir='ltr'><strong>trib.</strong></span> 
     </span>
    </p>
   </div>
   <div class='ocr_carea' id='block_1_47' title="bbox 865 4488 1141 4543">
    <p class='ocr_par' dir='ltr' id='par_1_47' title="bbox 865 4488 1141 4543">
     <span class='ocr_line' id='line_1_47' title="bbox 865 4488 1141 4543; baseline 0.004 -15"><span class='ocrx_word' id='word_1_221' title='bbox 865 4488 1029 4543; x_wconf 76' lang='lat' dir='ltr'><strong>p.111,</strong></span> <span class='ocrx_word' id='word_1_222' title='bbox 1064 4488 1141 4531; x_wconf 84' lang='grc' dir='ltr'><strong>ιν.</strong></span> 
     </span>
    </p>
   </div>
   <div class='ocr_carea' id='block_1_48' title="bbox 783 4563 1788 4656">
    <p class='ocr_par' dir='ltr' id='par_1_48' title="bbox 783 4563 1788 4656">
     <span class='ocr_line' id='line_1_48' title="bbox 783 4563 1788 4656; baseline -0.004 -37"><span class='ocrx_word' id='word_1_223' title='bbox 783 4602 922 4656; x_wconf 70' lang='lat' dir='ltr'><strong>COSS</strong></span> <span class='ocrx_word' id='word_1_224' title='bbox 960 4565 1019 4618; x_wconf 94' lang='lat' dir='ltr'><strong>L.</strong></span> <span class='ocrx_word' id='word_1_225' title='bbox 1046 4563 1356 4633; x_wconf 88' lang='lat' dir='ltr'><strong>Quinctius</strong></span> <span class='ocrx_word' id='word_1_226' title='bbox 1380 4563 1683 4633; x_wconf 78' lang='lat' dir='ltr'><strong>Crispinus</strong></span> <span class='ocrx_word' id='word_1_227' title='bbox 1728 4576 1788 4615; x_wconf 84' lang='grc' dir='ltr'><strong>ιι.</strong></span> 
     </span>
     <span class='ocr_line' id='line_1_49' title="bbox 962 4635 1569 4656; baseline -0.002 0"><span class='ocrx_word' id='word_1_228' title='bbox 962 4637 1011 4656; x_wconf 81' lang='grc' dir='ltr'>ι.</span> <span class='ocrx_word' id='word_1_229' title='bbox 1062 4635 1569 4656; x_wconf 53' lang='grc' dir='ltr'><strong>σ.-.ειι---ηηη---.--</strong></span> 
     </span>
    </p>
   </div>
   <div class='ocr_carea' id='block_1_49' title="bbox 960 4635 1591 4691">
    <p class='ocr_par' dir='ltr' id='par_1_49' title="bbox 960 4635 1591 4691">
     <span class='ocr_line' id='line_1_50' title="bbox 960 4635 1591 4691; baseline -0.002 -1"><span class='ocrx_word' id='word_1_230' title='bbox 960 4637 1033 4690; x_wconf 88' lang='lat' dir='ltr'><strong>M.</strong></span> <span class='ocrx_word' id='word_1_231' title='bbox 1061 4635 1330 4691; x_wconf 86' lang='lat' dir='ltr'><strong>Statilius</strong></span> <span class='ocrx_word' id='word_1_232' title='bbox 1349 4635 1591 4691; x_wconf 89' lang='lat' dir='ltr'><strong>Taurus.</strong></span> 
     </span>
    </p>
   </div>
   <div class='ocr_carea' id='block_1_50' title="bbox 785 4720 1797 4792">
    <p class='ocr_par' dir='ltr' id='par_1_50' title="bbox 785 4720 1797 4792">
     <span class='ocr_line' id='line_1_51' title="bbox 785 4720 1797 4792; baseline -0.001 -14"><span class='ocrx_word' id='word_1_233' title='bbox 785 4723 951 4780; x_wconf 87' lang='lat' dir='ltr'><strong>Grut.</strong></span> <span class='ocrx_word' id='word_1_234' title='bbox 1035 4721 1190 4792; x_wconf 89' lang='grc'><strong>4044,</strong></span> <span class='ocrx_word' id='word_1_235' title='bbox 1275 4720 1358 4778; x_wconf 91' lang='grc'><strong>40.</strong></span> <span class='ocrx_word' id='word_1_236' title='bbox 1438 4730 1495 4779; x_wconf 89' lang='lat' dir='ltr'><strong>et</strong></span> <span class='ocrx_word' id='word_1_237' title='bbox 1552 4723 1797 4778; x_wconf 81' lang='lat' dir='ltr'><strong>Almelo—</strong></span> 
     </span>
    </p>
   </div>
   <div class='ocr_carea' id='block_1_51' title="bbox 718 4811 1793 4883">
    <p class='ocr_par' dir='ltr' id='par_1_51' title="bbox 718 4811 1793 4883">
     <span class='ocr_line' id='line_1_52' title="bbox 718 4811 1793 4883; baseline -0.003 -14"><span class='ocrx_word' id='word_1_238' title='bbox 718 4827 844 4869; x_wconf 85' lang='lat' dir='ltr'><strong>ven.</strong></span> <span class='ocrx_word' id='word_1_239' title='bbox 897 4814 956 4868; x_wconf 91' lang='lat' dir='ltr'><strong>in</strong></span> <span class='ocrx_word' id='word_1_240' title='bbox 991 4812 1149 4883; x_wconf 68' lang='lat' dir='ltr'><strong>praef.</strong></span> <span class='ocrx_word' id='word_1_241' title='bbox 1207 4813 1275 4868; x_wconf 92' lang='lat' dir='ltr'><strong>ad</strong></span> <span class='ocrx_word' id='word_1_242' title='bbox 1332 4811 1460 4869; x_wconf 85' lang='lat' dir='ltr'><strong>fast.</strong></span> <span class='ocrx_word' id='word_1_243' title='bbox 1513 4827 1668 4868; x_wconf 89' lang='lat' dir='ltr'><strong>num.</strong></span> <span class='ocrx_word' id='word_1_244' title='bbox 1700 4826 1793 4867; x_wconf 94' lang='lat' dir='ltr'><strong>xv.</strong></span> 
     </span>
    </p>
   </div>
   <div class='ocr_carea' id='block_1_52' title="bbox 715 4904 1798 4961">
    <p class='ocr_par' dir='ltr' id='par_1_52' title="bbox 715 4904 1798 4961">
     <span class='ocr_line' id='line_1_53' title="bbox 715 4904 1798 4961; baseline -0.001 -2"><span class='ocrx_word' id='word_1_245' title='bbox 715 4904 994 4961; x_wconf 89' lang='lat' dir='ltr'><strong>Claudius</strong></span> <span class='ocrx_word' id='word_1_246' title='bbox 1016 4905 1249 4960; x_wconf 86' lang='lat' dir='ltr'><strong>Romam</strong></span> <span class='ocrx_word' id='word_1_247' title='bbox 1283 4917 1544 4959; x_wconf 89' lang='lat' dir='ltr'><strong>reversus</strong></span> <span class='ocrx_word' id='word_1_248' title='bbox 1580 4904 1798 4960; x_wconf 84' lang='lat' dir='ltr'><strong>trium-</strong></span> 
     </span>
    </p>
   </div>
   <div class='ocr_carea' id='block_1_53' title="bbox 718 4993 1796 5063">
    <p class='ocr_par' dir='ltr' id='par_1_53' title="bbox 718 4993 1796 5063">
     <span class='ocr_line' id='line_1_54' title="bbox 718 4993 1796 5063; baseline -0.001 -13"><span class='ocrx_word' id='word_1_249' title='bbox 718 4994 858 5063; x_wconf 87' lang='lat' dir='ltr'><strong>phat</strong></span> <span class='ocrx_word' id='word_1_250' title='bbox 940 4995 1005 5049; x_wconf 87' lang='lat' dir='ltr'><strong>de</strong></span> <span class='ocrx_word' id='word_1_251' title='bbox 1086 4996 1390 5049; x_wconf 77' lang='lat' dir='ltr'><strong>Britannis.</strong></span> <span class='ocrx_word' id='word_1_252' title='bbox 1455 4994 1526 5048; x_wconf 89' lang='lat' dir='ltr'><strong>M.</strong></span> <span class='ocrx_word' id='word_1_253' title='bbox 1605 4993 1796 5050; x_wconf 86' lang='lat' dir='ltr'><strong>Tullio</strong></span> 
     </span>
    </p>
   </div>
   <div class='ocr_carea' id='block_1_54' title="bbox 715 5081 1795 5153">
    <p class='ocr_par' dir='ltr' id='par_1_54' title="bbox 715 5081 1795 5153">
     <span class='ocr_line' id='line_1_55' title="bbox 715 5081 1795 5153; baseline 0.001 -17"><span class='ocrx_word' id='word_1_254' title='bbox 715 5081 911 5137; x_wconf 88' lang='lat' dir='ltr'><strong>Coetio</strong></span> <span class='ocrx_word' id='word_1_255' title='bbox 959 5087 1259 5151; x_wconf 88' lang='lat' dir='ltr'><strong>paternum</strong></span> <span class='ocrx_word' id='word_1_256' title='bbox 1307 5082 1695 5153; x_wconf 88' lang='lat' dir='ltr'><strong>principatum</strong></span> <span class='ocrx_word' id='word_1_257' title='bbox 1725 5082 1795 5137; x_wconf 90' lang='lat' dir='ltr'><strong>ad</strong></span> 
     </span>
    </p>
   </div>
   <div class='ocr_carea' id='block_1_55' title="bbox 718 5167 1800 5239">
    <p class='ocr_par' dir='ltr' id='par_1_55' title="bbox 718 5167 1800 5239">
     <span class='ocr_line' id='line_1_56' title="bbox 718 5167 1800 5239; baseline 0.002 -18"><span class='ocrx_word' id='word_1_258' title='bbox 718 5167 889 5237; x_wconf 81' lang='lat' dir='ltr'><strong>Alpes</strong></span> <span class='ocrx_word' id='word_1_259' title='bbox 919 5170 1012 5224; x_wconf 90' lang='lat' dir='ltr'><strong>sui</strong></span> <span class='ocrx_word' id='word_1_260' title='bbox 1035 5171 1290 5225; x_wconf 91' lang='lat' dir='ltr'><strong>nominis</strong></span> <span class='ocrx_word' id='word_1_261' title='bbox 1332 5170 1595 5239; x_wconf 78' lang='lat' dir='ltr'><strong>adauget.</strong></span> <span class='ocrx_word' id='word_1_262' title='bbox 1631 5184 1800 5224; x_wconf 90' lang='lat' dir='ltr'><strong>eum-</strong></span> 
     </span>
    </p>
   </div>
   <div class='ocr_carea' id='block_1_56' title="bbox 721 5257 1796 5327">
    <p class='ocr_par' dir='ltr' id='par_1_56' title="bbox 721 5257 1796 5327">
     <span class='ocr_line' id='line_1_57' title="bbox 721 5257 1796 5327; baseline 0.004 -18"><span class='ocrx_word' id='word_1_263' title='bbox 721 5269 831 5324; x_wconf 89' lang='lat' dir='ltr'><strong>que</strong></span> <span class='ocrx_word' id='word_1_264' title='bbox 879 5270 1063 5326; x_wconf 85' lang='lat' dir='ltr'><strong>regem</strong></span> <span class='ocrx_word' id='word_1_265' title='bbox 1121 5257 1393 5327; x_wconf 83' lang='lat' dir='ltr'><strong>appellat.</strong></span> <span class='ocrx_word' id='word_1_266' title='bbox 1460 5257 1567 5311; x_wconf 93' lang='lat' dir='ltr'><strong>Dio</strong></span> <span class='ocrx_word' id='word_1_267' title='bbox 1618 5257 1657 5311; x_wconf 91' lang='lat' dir='ltr'><strong>l.</strong></span> <span class='ocrx_word' id='word_1_268' title='bbox 1705 5270 1796 5327; x_wconf 82' lang='lat' dir='ltr'><strong>1.x,</strong></span> 
     </span>
    </p>
   </div>
   <div class='ocr_carea' id='block_1_57' title="bbox 722 5340 1003 5415">
    <p class='ocr_par' dir='ltr' id='par_1_57' title="bbox 722 5340 1003 5415">
     <span class='ocr_line' id='line_1_58' title="bbox 722 5340 1003 5415; baseline -0.011 -17"><span class='ocrx_word' id='word_1_269' title='bbox 722 5356 851 5415; x_wconf 83' lang='lat' dir='ltr'><strong>pag.</strong></span> <span class='ocrx_word' id='word_1_270' title='bbox 878 5340 1003 5397; x_wconf 87' lang='lat'><strong>684.</strong></span> 
     </span>
    </p>
   </div>
   <div class='ocr_carea' id='block_1_58' title="bbox 508 5430 1796 5504">
    <p class='ocr_par' dir='ltr' id='par_1_58' title="bbox 508 5430 1796 5504">
     <span class='ocr_line' id='line_1_59' title="bbox 508 5430 1796 5504; baseline 0.001 -17"><span class='ocrx_word' id='word_1_271' title='bbox 508 5430 645 5489; x_wconf 88' lang='grc'><strong>4750</strong></span> <span class='ocrx_word' id='word_1_272' title='bbox 684 5444 693 5452; x_wconf 86' lang='grc'><em>’</em></span> <span class='ocrx_word' id='word_1_273' title='bbox 790 5434 933 5503; x_wconf 88' lang='lat' dir='ltr'><strong>Imp.</strong></span> <span class='ocrx_word' id='word_1_274' title='bbox 978 5432 1065 5487; x_wconf 91' lang='lat' dir='ltr'><strong>Ti.</strong></span> <span class='ocrx_word' id='word_1_275' title='bbox 1100 5432 1300 5503; x_wconf 83' lang='lat' dir='ltr'><strong>Claud,</strong></span> <span class='ocrx_word' id='word_1_276' title='bbox 1334 5433 1479 5504; x_wconf 87' lang='lat' dir='ltr'><strong>Aug.</strong></span> <span class='ocrx_word' id='word_1_277' title='bbox 1531 5448 1585 5504; x_wconf 92' lang='lat' dir='ltr'><strong>p.</strong></span> <span class='ocrx_word' id='word_1_278' title='bbox 1622 5436 1694 5490; x_wconf 88' lang='lat' dir='ltr'><strong>M.</strong></span> <span class='ocrx_word' id='word_1_279' title='bbox 1725 5440 1796 5491; x_wconf 88' lang='lat' dir='ltr'><strong>tr.</strong></span> 
     </span>
    </p>
   </div>
   <div class='ocr_carea' id='block_1_59' title="bbox 500 5518 967 5613">
    <p class='ocr_par' dir='ltr' id='par_1_59' title="bbox 500 5518 967 5613">
     <span class='ocr_line' id='line_1_60' title="bbox 500 5518 967 5613; baseline 0.002 -38"><span class='ocrx_word' id='word_1_280' title='bbox 500 5518 591 5590; x_wconf 81' lang='lat'><strong>26,</strong></span> <span class='ocrx_word' id='word_1_281' title='bbox 625 5519 662 5576; x_wconf 91' lang='lat'>8</span> <span class='ocrx_word' id='word_1_282' title='bbox 730 5538 785 5592; x_wconf 90' lang='lat' dir='ltr'><strong>p.</strong></span> <span class='ocrx_word' id='word_1_283' title='bbox 810 5536 887 5591; x_wconf 86' lang='lat' dir='ltr'><strong>IV,</strong></span> <span class='ocrx_word' id='word_1_284' title='bbox 911 5536 967 5613; x_wconf 41' lang='grc' dir='ltr'><strong>νζ</strong></span> 
     </span>
    </p>
   </div>
   <div class='ocr_carea' id='block_1_60' title="bbox 1876 849 2343 907">
    <p class='ocr_par' dir='ltr' id='par_1_60' title="bbox 1876 849 2343 907">
     <span class='ocr_line' id='line_1_61' title="bbox 1876 849 2343 907; baseline 0 0"><span class='ocrx_word' id='word_1_285' title='bbox 1876 849 1984 907; x_wconf 84' lang='grc'><strong>794</strong></span> <span class='ocrx_word' id='word_1_286' title='bbox 2302 854 2343 894; x_wconf 80' lang='grc' dir='ltr'>η</span> 
     </span>
    </p>
   </div>
   <div class='ocr_carea' id='block_1_61' title="bbox 2105 1768 2156 1826">
    <p class='ocr_par' dir='ltr' id='par_1_61' title="bbox 2105 1768 2156 1826">
     <span class='ocr_line' id='line_1_62' title="bbox 2105 1768 2156 1826; baseline 0 0"><span class='ocrx_word' id='word_1_287' title='bbox 2105 1768 2156 1826; x_wconf 88' lang='grc' dir='ltr'><strong>Β</strong></span> 
     </span>
    </p>
   </div>
   <div class='ocr_carea' id='block_1_62' title="bbox 1880 1894 2342 1963">
    <p class='ocr_par' dir='ltr' id='par_1_62' title="bbox 1880 1894 2342 1963">
     <span class='ocr_line' id='line_1_63' title="bbox 1880 1894 2342 1963; baseline -0.004 -11"><span class='ocrx_word' id='word_1_288' title='bbox 1880 1894 1987 1952; x_wconf 90' lang='grc'><strong>794</strong></span> <span class='ocrx_word' id='word_1_289' title='bbox 2302 1926 2342 1963; x_wconf 74' lang='grc' dir='ltr'>ιι</span> 
     </span>
    </p>
   </div>
   <div class='ocr_carea' id='block_1_63' title="bbox 1884 1982 1993 2042">
    <p class='ocr_par' dir='ltr' id='par_1_63' title="bbox 1884 1982 1993 2042">
     <span class='ocr_line' id='line_1_64' title="bbox 1884 1982 1993 2042; baseline 0 -1"><span class='ocrx_word' id='word_1_290' title='bbox 1884 1982 1993 2042; x_wconf 87' lang='grc'><strong>795</strong></span> 
     </span>
    </p>
   </div>
   <div class='ocr_carea' id='block_1_64' title="bbox 2111 3082 2159 3143">
    <p class='ocr_par' dir='ltr' id='par_1_64' title="bbox 2111 3082 2159 3143">
     <span class='ocr_line' id='line_1_65' title="bbox 2111 3082 2159 3143; baseline 0 0"><span class='ocrx_word' id='word_1_291' title='bbox 2111 3082 2159 3143; x_wconf 89' lang='lat' dir='ltr'>C</span> 
     </span>
    </p>
   </div>
   <div class='ocr_carea' id='block_1_65' title="bbox 1884 3261 2360 3320">
    <p class='ocr_par' dir='ltr' id='par_1_65' title="bbox 1884 3261 2360 3320">
     <span class='ocr_line' id='line_1_66' title="bbox 1884 3261 2360 3320; baseline -0.004 0"><span class='ocrx_word' id='word_1_292' title='bbox 1884 3261 1991 3320; x_wconf 75' lang='lat'><strong>795</strong></span> <span class='ocrx_word' id='word_1_293' title='bbox 2296 3268 2360 3307; x_wconf 81' lang='grc' dir='ltr'><strong>ΠΙ</strong></span> 
     </span>
    </p>
   </div>
   <div class='ocr_carea' id='block_1_66' title="bbox 1887 3349 2353 3408">
    <p class='ocr_par' dir='ltr' id='par_1_66' title="bbox 1887 3349 2353 3408">
     <span class='ocr_line' id='line_1_67' title="bbox 1887 3349 2353 3408; baseline 0 0"><span class='ocrx_word' id='word_1_294' title='bbox 1887 3349 1995 3408; x_wconf 87' lang='grc'><strong>796</strong></span> <span class='ocrx_word' id='word_1_295' title='bbox 2300 3356 2353 3397; x_wconf 79' lang='lat' dir='ltr'><strong>1V</strong></span> 
     </span>
    </p>
   </div>
   <div class='ocr_carea' id='block_1_67' title="bbox 1884 4378 2420 4441">
    <p class='ocr_par' dir='ltr' id='par_1_67' title="bbox 1884 4378 2420 4441">
     <span class='ocr_line' id='line_1_68' title="bbox 1884 4378 2420 4441; baseline -0.006 -2"><span class='ocrx_word' id='word_1_296' title='bbox 1884 4381 1992 4441; x_wconf 88' lang='lat'><strong>796</strong></span> <span class='ocrx_word' id='word_1_297' title='bbox 2239 4382 2282 4436; x_wconf 91' lang='lat'><em>0</em></span> <span class='ocrx_word' id='word_1_298' title='bbox 2313 4378 2420 4437; x_wconf 83' lang='lat'><strong>205</strong></span> 
     </span>
    </p>
   </div>
   <div class='ocr_carea' id='block_1_68' title="bbox 1882 4453 2164 4527">
    <p class='ocr_par' dir='ltr' id='par_1_68' title="bbox 1882 4453 2164 4527">
     <span class='ocr_line' id='line_1_69' title="bbox 1882 4453 2164 4527; baseline -0.004 0"><span class='ocrx_word' id='word_1_299' title='bbox 1882 4469 1990 4527; x_wconf 83' lang='lat'><strong>797</strong></span> <span class='ocrx_word' id='word_1_300' title='bbox 2109 4453 2164 4513; x_wconf 94' lang='lat' dir='ltr'><strong>D</strong></span> 
     </span>
    </p>
   </div>
   <div class='ocr_carea' id='block_1_69' title="bbox 2220 502 2431 574">
    <p class='ocr_par' dir='ltr' id='par_1_69' title="bbox 2220 502 2431 574">
     <span class='ocr_line' id='line_1_70' title="bbox 2220 502 2431 574; baseline 0.009 -18"><span class='ocrx_word' id='word_1_301' title='bbox 2220 502 2431 574; x_wconf 79' lang='lat' dir='ltr'><strong>Olymp.</strong></span> 
     </span>
    </p>
   </div>
   <div class='ocr_carea' id='block_1_70' title="bbox 2539 506 3753 576">
    <p class='ocr_par' dir='ltr' id='par_1_70' title="bbox 2539 506 3753 576">
     <span class='ocr_line' id='line_1_71' title="bbox 2539 506 3753 576; baseline -0.004 -16"><span class='ocrx_word' id='word_1_302' title='bbox 2539 509 2789 561; x_wconf 83' lang='lat' dir='ltr'><strong>timorum</strong></span> <span class='ocrx_word' id='word_1_303' title='bbox 2830 509 3179 576; x_wconf 81' lang='lat' dir='ltr'><strong>populorum,</strong></span> <span class='ocrx_word' id='word_1_304' title='bbox 3241 506 3537 573; x_wconf 77' lang='lat' dir='ltr'><strong>pontiﬁces,</strong></span> <span class='ocrx_word' id='word_1_305' title='bbox 3617 506 3753 576; x_wconf 56' lang='grc' dir='ltr'><strong>Λῇτω</strong></span> 
     </span>
    </p>
   </div>
   <div class='ocr_carea' id='block_1_71' title="bbox 2537 574 3731 645">
    <p class='ocr_par' dir='ltr' id='par_1_71' title="bbox 2537 574 3731 645">
     <span class='ocr_line' id='line_1_72' title="bbox 2537 574 3731 645; baseline -0.007 -12"><span class='ocrx_word' id='word_1_306' title='bbox 2537 580 2721 645; x_wconf 82' lang='lat' dir='ltr'><strong>Reges,</strong></span> <span class='ocrx_word' id='word_1_307' title='bbox 2766 574 2851 631; x_wconf 79' lang='lat' dir='ltr'><strong>res</strong></span> <span class='ocrx_word' id='word_1_308' title='bbox 2895 574 3056 645; x_wconf 55' lang='lat' dir='ltr'><strong>gestae</strong></span> <span class='ocrx_word' id='word_1_309' title='bbox 3104 583 3152 631; x_wconf 81' lang='lat' dir='ltr'><strong>et</strong></span> <span class='ocrx_word' id='word_1_310' title='bbox 3200 577 3539 629; x_wconf 74' lang='lat' dir='ltr'><strong>documenta.</strong></span> <span class='ocrx_word' id='word_1_311' title='bbox 3641 574 3731 628; x_wconf 86' lang='lat' dir='ltr'><strong>Ch.</strong></span> 
     </span>
    </p>
   </div>
   <div class='ocr_carea' id='block_1_72' title="bbox 2529 748 3710 811">
    <p class='ocr_par' dir='ltr' id='par_1_72' title="bbox 2529 748 3710 811">
     <span class='ocr_line' id='line_1_73' title="bbox 2529 748 3710 811; baseline -0.003 -3"><span class='ocrx_word' id='word_1_312' title='bbox 2529 755 2677 811; x_wconf 89' lang='lat' dir='ltr'><strong>Petri</strong></span> <span class='ocrx_word' id='word_1_313' title='bbox 2762 753 2828 810; x_wconf 89' lang='grc'><strong>43</strong></span> <span class='ocrx_word' id='word_1_314' title='bbox 2893 752 2977 809; x_wconf 89' lang='grc'><strong>44.</strong></span> <span class='ocrx_word' id='word_1_315' title='bbox 3045 754 3207 811; x_wconf 87' lang='lat' dir='ltr'><strong>Sedis</strong></span> <span class='ocrx_word' id='word_1_316' title='bbox 3272 754 3538 808; x_wconf 74' lang='lat' dir='ltr'><strong>Romana:</strong></span> <span class='ocrx_word' id='word_1_317' title='bbox 3651 748 3710 805; x_wconf 86' lang='grc'><strong>44</strong></span> 
     </span>
    </p>
   </div>
   <div class='ocr_carea' id='block_1_73' title="bbox 2472 839 2596 913">
    <p class='ocr_par' dir='ltr' id='par_1_73' title="bbox 2472 839 2596 913">
     <span class='ocr_line' id='line_1_74' title="bbox 2472 839 2596 913; baseline 0 -17"><span class='ocrx_word' id='word_1_318' title='bbox 2472 839 2596 913; x_wconf 72' lang='lat'><strong>4,2.</strong></span> 
     </span>
    </p>
   </div>
   <div class='ocr_carea' id='block_1_74' title="bbox 2536 930 3815 1003">
    <p class='ocr_par' dir='ltr' id='par_1_74' title="bbox 2536 930 3815 1003">
     <span class='ocr_line' id='line_1_75' title="bbox 2536 930 3815 1003; baseline -0.003 -14"><span class='ocrx_word' id='word_1_319' title='bbox 2536 934 2759 989; x_wconf 74' lang='lat' dir='ltr'><strong>Marcus</strong></span> <span class='ocrx_word' id='word_1_320' title='bbox 2801 932 3169 1003; x_wconf 88' lang='lat' dir='ltr'><strong>Evangelium</strong></span> <span class='ocrx_word' id='word_1_321' title='bbox 3200 945 3231 985; x_wconf 92' lang='lat' dir='ltr'><strong>a</strong></span> <span class='ocrx_word' id='word_1_322' title='bbox 3277 944 3337 985; x_wconf 90' lang='lat' dir='ltr'><strong>se</strong></span> <span class='ocrx_word' id='word_1_323' title='bbox 3389 930 3815 985; x_wconf 77' lang='lat' dir='ltr'><strong>SCI‘i-FUNDATIO</strong></span> 
     </span>
    </p>
   </div>
   <div class='ocr_carea' id='block_1_75' title="bbox 2468 1018 3761 1089">
    <p class='ocr_par' dir='ltr' id='par_1_75' title="bbox 2468 1018 3761 1089">
     <span class='ocr_line' id='line_1_76' title="bbox 2468 1018 3761 1089; baseline 0.001 -15"><span class='ocrx_word' id='word_1_324' title='bbox 2468 1026 2626 1089; x_wconf 90' lang='lat' dir='ltr'><strong>ptum</strong></span> <span class='ocrx_word' id='word_1_325' title='bbox 2680 1022 2891 1084; x_wconf 68' lang='lat' dir='ltr'><strong>Romae,</strong></span> <span class='ocrx_word' id='word_1_326' title='bbox 2933 1026 2988 1075; x_wconf 89' lang='lat' dir='ltr'><strong>et</strong></span> <span class='ocrx_word' id='word_1_327' title='bbox 3020 1034 3051 1075; x_wconf 91' lang='lat' dir='ltr'><strong>a</strong></span> <span class='ocrx_word' id='word_1_328' title='bbox 3078 1022 3240 1075; x_wconf 84' lang='lat' dir='ltr'><strong>Petro</strong></span> <span class='ocrx_word' id='word_1_329' title='bbox 3270 1018 3546 1089; x_wconf 87' lang='lat' dir='ltr'><strong>approba-</strong></span> <span class='ocrx_word' id='word_1_330' title='bbox 3611 1034 3761 1075; x_wconf 82' lang='lat' dir='ltr'><strong>SEDIS</strong></span> 
     </span>
    </p>
   </div>
   <div class='ocr_carea' id='block_1_76' title="bbox 2466 1108 3816 1180">
    <p class='ocr_par' dir='ltr' id='par_1_76' title="bbox 2466 1108 3816 1180">
     <span class='ocr_line' id='line_1_77' title="bbox 2466 1108 3816 1180; baseline 0.001 -18"><span class='ocrx_word' id='word_1_331' title='bbox 2466 1114 2608 1178; x_wconf 89' lang='lat' dir='ltr'><strong>tum,</strong></span> <span class='ocrx_word' id='word_1_332' title='bbox 2644 1110 2703 1164; x_wconf 91' lang='lat' dir='ltr'><strong>in</strong></span> <span class='ocrx_word' id='word_1_333' title='bbox 2748 1110 3044 1180; x_wconf 73' lang='lat' dir='ltr'><strong>.Egyptum</strong></span> <span class='ocrx_word' id='word_1_334' title='bbox 3094 1108 3295 1176; x_wconf 83' lang='lat' dir='ltr'><strong>defert,</strong></span> <span class='ocrx_word' id='word_1_335' title='bbox 3343 1118 3400 1164; x_wconf 90' lang='lat' dir='ltr'><strong>et</strong></span> <span class='ocrx_word' id='word_1_336' title='bbox 3444 1123 3555 1165; x_wconf 94' lang='lat' dir='ltr'><strong>no-</strong></span> <span class='ocrx_word' id='word_1_337' title='bbox 3584 1122 3816 1164; x_wconf 72' lang='lat' dir='ltr'><strong>ALEXAN-</strong></span> 
     </span>
    </p>
   </div>
   <div class='ocr_carea' id='block_1_77' title="bbox 2468 1197 3774 1254">
    <p class='ocr_par' dir='ltr' id='par_1_77' title="bbox 2468 1197 3774 1254">
     <span class='ocr_line' id='line_1_78' title="bbox 2468 1197 3774 1254; baseline 0.001 -2"><span class='ocrx_word' id='word_1_338' title='bbox 2468 1197 2620 1253; x_wconf 90' lang='lat' dir='ltr'><strong>mine</strong></span> <span class='ocrx_word' id='word_1_339' title='bbox 2650 1199 2798 1253; x_wconf 87' lang='lat' dir='ltr'><strong>Petri</strong></span> <span class='ocrx_word' id='word_1_340' title='bbox 2829 1198 3031 1254; x_wconf 89' lang='lat' dir='ltr'><strong>fundat</strong></span> <span class='ocrx_word' id='word_1_341' title='bbox 3072 1198 3261 1251; x_wconf 79' lang='lat' dir='ltr'><strong>Sedem</strong></span> <span class='ocrx_word' id='word_1_342' title='bbox 3288 1199 3541 1252; x_wconf 69' lang='lat' dir='ltr'><strong>Aleman—</strong></span> <span class='ocrx_word' id='word_1_343' title='bbox 3595 1212 3774 1253; x_wconf 58' lang='lat' dir='ltr'><strong>nam;</strong></span> 
     </span>
    </p>
   </div>
   <div class='ocr_carea' id='block_1_78' title="bbox 2467 1287 3547 1357">
    <p class='ocr_par' dir='ltr' id='par_1_78' title="bbox 2467 1287 3547 1357">
     <span class='ocr_line' id='line_1_79' title="bbox 2467 1287 3547 1357; baseline 0.001 -17"><span class='ocrx_word' id='word_1_344' title='bbox 2467 1288 2702 1341; x_wconf 75' lang='lat' dir='ltr'><strong>drinam.</strong></span> <span class='ocrx_word' id='word_1_345' title='bbox 2759 1288 2966 1344; x_wconf 88' lang='lat' dir='ltr'><strong>Herodi</strong></span> <span class='ocrx_word' id='word_1_346' title='bbox 3025 1287 3290 1357; x_wconf 72' lang='lat' dir='ltr'><strong>Agrippm</strong></span> <span class='ocrx_word' id='word_1_347' title='bbox 3333 1288 3547 1356; x_wconf 88' lang='lat' dir='ltr'><strong>optime</strong></span> 
     </span>
    </p>
   </div>
   <div class='ocr_carea' id='block_1_79' title="bbox 2465 1376 3550 1433">
    <p class='ocr_par' dir='ltr' id='par_1_79' title="bbox 2465 1376 3550 1433">
     <span class='ocr_line' id='line_1_80' title="bbox 2465 1376 3550 1433; baseline 0 -2"><span class='ocrx_word' id='word_1_348' title='bbox 2465 1377 2535 1431; x_wconf 89' lang='lat' dir='ltr'><strong>de</strong></span> <span class='ocrx_word' id='word_1_349' title='bbox 2582 1390 2642 1432; x_wconf 90' lang='lat' dir='ltr'><strong>se</strong></span> <span class='ocrx_word' id='word_1_350' title='bbox 2694 1379 2900 1433; x_wconf 83' lang='lat' dir='ltr'><strong>merito</strong></span> <span class='ocrx_word' id='word_1_351' title='bbox 2969 1376 3248 1432; x_wconf 86' lang='lat' dir='ltr'><strong>Claudius</strong></span> <span class='ocrx_word' id='word_1_352' title='bbox 3305 1378 3403 1431; x_wconf 88' lang='lat' dir='ltr'><strong>dat</strong></span> <span class='ocrx_word' id='word_1_353' title='bbox 3450 1376 3550 1431; x_wconf 84' lang='lat' dir='ltr'><strong>Re-</strong></span> 
     </span>
    </p>
   </div>
   <div class='ocr_carea' id='block_1_80' title="bbox 2469 1465 3544 1536">
    <p class='ocr_par' dir='ltr' id='par_1_80' title="bbox 2469 1465 3544 1536">
     <span class='ocr_line' id='line_1_81' title="bbox 2469 1465 3544 1536; baseline 0 -16"><span class='ocrx_word' id='word_1_354' title='bbox 2469 1480 2640 1536; x_wconf 89' lang='lat' dir='ltr'><strong>gnum</strong></span> <span class='ocrx_word' id='word_1_355' title='bbox 2693 1466 3000 1535; x_wconf 87' lang='lat' dir='ltr'><strong>Jerosolym</strong></span> <span class='ocrx_word' id='word_1_356' title='bbox 3044 1470 3100 1520; x_wconf 88' lang='lat' dir='ltr'><strong>et</strong></span> <span class='ocrx_word' id='word_1_357' title='bbox 3144 1465 3395 1520; x_wconf 88' lang='lat' dir='ltr'><strong>Samarit</strong></span> <span class='ocrx_word' id='word_1_358' title='bbox 3444 1478 3544 1520; x_wconf 89' lang='lat' dir='ltr'><strong>seu</strong></span> 
     </span>
    </p>
   </div>
   <div class='ocr_carea' id='block_1_81' title="bbox 2467 1551 3192 1624">
    <p class='ocr_par' dir='ltr' id='par_1_81' title="bbox 2467 1551 3192 1624">
     <span class='ocr_line' id='line_1_82' title="bbox 2467 1551 3192 1624; baseline 0 -17"><span class='ocrx_word' id='word_1_359' title='bbox 2467 1555 2738 1610; x_wconf 74' lang='lat' dir='ltr'><strong>Iudaeam.</strong></span> <span class='ocrx_word' id='word_1_360' title='bbox 2774 1554 2978 1624; x_wconf 74' lang='lat' dir='ltr'><strong>Ioseph</strong></span> <span class='ocrx_word' id='word_1_361' title='bbox 3010 1569 3129 1617; x_wconf 75' lang='lat' dir='ltr'><strong>xxx,</strong></span> <span class='ocrx_word' id='word_1_362' title='bbox 3161 1551 3192 1607; x_wconf 91' lang='grc'><strong>4</strong></span> 
     </span>
    </p>
   </div>
   <div class='ocr_carea' id='block_1_82' title="bbox 2471 1642 3048 1718">
    <p class='ocr_par' dir='ltr' id='par_1_82' title="bbox 2471 1642 3048 1718">
     <span class='ocr_line' id='line_1_83' title="bbox 2471 1642 3048 1718; baseline 0 -21"><span class='ocrx_word' id='word_1_363' title='bbox 2471 1644 2892 1718; x_wconf 61' lang='grc' dir='ltr'><strong>ΡθῐιεοιιίἰΡιιωδ</strong></span> <span class='ocrx_word' id='word_1_364' title='bbox 2911 1643 2965 1712; x_wconf 81' lang='lat'><strong>2,</strong></span> <span class='ocrx_word' id='word_1_365' title='bbox 2998 1642 3048 1699; x_wconf 91' lang='lat'><strong>3.</strong></span> 
     </span>
    </p>
   </div>
   <div class='ocr_carea' id='block_1_83' title="bbox 2540 1733 3547 1804">
    <p class='ocr_par' dir='ltr' id='par_1_83' title="bbox 2540 1733 3547 1804">
     <span class='ocr_line' id='line_1_84' title="bbox 2540 1733 3547 1804; baseline -0.002 -16"><span class='ocrx_word' id='word_1_366' title='bbox 2540 1734 2678 1802; x_wconf 86' lang='lat' dir='ltr'><strong>Ejus</strong></span> <span class='ocrx_word' id='word_1_367' title='bbox 2700 1748 2971 1790; x_wconf 91' lang='lat' dir='ltr'><strong>nummus</strong></span> <span class='ocrx_word' id='word_1_368' title='bbox 3004 1747 3097 1803; x_wconf 90' lang='lat' dir='ltr'><strong>ap.</strong></span> <span class='ocrx_word' id='word_1_369' title='bbox 3125 1735 3294 1789; x_wconf 90' lang='lat' dir='ltr'><strong>Noris</strong></span> <span class='ocrx_word' id='word_1_370' title='bbox 3320 1735 3419 1804; x_wconf 86' lang='lat' dir='ltr'><strong>Ep.</strong></span> <span class='ocrx_word' id='word_1_371' title='bbox 3446 1733 3547 1802; x_wconf 89' lang='lat' dir='ltr'><strong>Syr</strong></span> 
     </span>
    </p>
   </div>
   <div class='ocr_carea' id='block_1_84' title="bbox 2472 1819 3009 1891">
    <p class='ocr_par' dir='ltr' id='par_1_84' title="bbox 2472 1819 3009 1891">
     <span class='ocr_line' id='line_1_85' title="bbox 2472 1819 3009 1891; baseline -0.002 -16"><span class='ocrx_word' id='word_1_372' title='bbox 2472 1837 2524 1891; x_wconf 92' lang='lat' dir='ltr'><strong>p.</strong></span> <span class='ocrx_word' id='word_1_373' title='bbox 2563 1819 2666 1876; x_wconf 88' lang='lat'><strong>478</strong></span> <span class='ocrx_word' id='word_1_374' title='bbox 2690 1823 2817 1877; x_wconf 66' lang='lat' dir='ltr'><strong>Ere</strong></span> <span class='ocrx_word' id='word_1_375' title='bbox 2840 1823 3009 1878; x_wconf 85' lang='lat' dir='ltr'><strong>Anto.</strong></span> 
     </span>
    </p>
   </div>
   <div class='ocr_carea' id='block_1_85' title="bbox 2532 1907 3730 1980">
    <p class='ocr_par' dir='ltr' id='par_1_85' title="bbox 2532 1907 3730 1980">
     <span class='ocr_line' id='line_1_86' title="bbox 2532 1907 3730 1980; baseline 0 -16"><span class='ocrx_word' id='word_1_376' title='bbox 2532 1912 2681 1966; x_wconf 88' lang='lat' dir='ltr'><strong>Petri</strong></span> <span class='ocrx_word' id='word_1_377' title='bbox 2741 1908 2825 1980; x_wconf 74' lang='grc'><strong>44,</strong></span> <span class='ocrx_word' id='word_1_378' title='bbox 2898 1908 2982 1966; x_wconf 77' lang='grc'><strong>45.</strong></span> <span class='ocrx_word' id='word_1_379' title='bbox 3061 1912 3224 1968; x_wconf 86' lang='lat' dir='ltr'><strong>Sedis</strong></span> <span class='ocrx_word' id='word_1_380' title='bbox 3281 1912 3546 1967; x_wconf 63' lang='lat' dir='ltr'><strong>Romanae</strong></span> <span class='ocrx_word' id='word_1_381' title='bbox 3656 1907 3730 1965; x_wconf 69' lang='grc'><strong>42</strong></span> 
     </span>
    </p>
   </div>
   <div class='ocr_carea' id='block_1_86' title="bbox 2291 1995 3259 2072">
    <p class='ocr_par' dir='ltr' id='par_1_86' title="bbox 2291 1995 3259 2072">
     <span class='ocr_line' id='line_1_87' title="bbox 2291 1995 3259 2072; baseline 0.002 -20"><span class='ocrx_word' id='word_1_382' title='bbox 2291 2014 2356 2052; x_wconf 86' lang='grc' dir='ltr'>ιιι</span> <span class='ocrx_word' id='word_1_383' title='bbox 2463 1995 2518 2068; x_wconf 89' lang='lat'><strong>2,</strong></span> <span class='ocrx_word' id='word_1_384' title='bbox 2546 1996 2599 2053; x_wconf 92' lang='grc'><strong>3.</strong></span> <span class='ocrx_word' id='word_1_385' title='bbox 2632 2000 2900 2071; x_wconf 67' lang='lat' dir='ltr'><strong>Agrippa:</strong></span> <span class='ocrx_word' id='word_1_386' title='bbox 2925 2001 3096 2072; x_wconf 82' lang='lat' dir='ltr'><strong>Regis</strong></span> <span class='ocrx_word' id='word_1_387' title='bbox 3125 1998 3175 2071; x_wconf 92' lang='lat'><strong>4,</strong></span> <span class='ocrx_word' id='word_1_388' title='bbox 3208 1999 3259 2054; x_wconf 83' lang='lat'><strong>2.</strong></span> 
     </span>
    </p>
   </div>
   <div class='ocr_carea' id='block_1_87' title="bbox 2519 2177 3552 2249">
    <p class='ocr_par' dir='ltr' id='par_1_87' title="bbox 2519 2177 3552 2249">
     <span class='ocr_line' id='line_1_88' title="bbox 2519 2177 3552 2249; baseline 0.002 -17"><span class='ocrx_word' id='word_1_389' title='bbox 2519 2178 2697 2233; x_wconf 66' lang='lat' dir='ltr'><strong>Judaei</strong></span> <span class='ocrx_word' id='word_1_390' title='bbox 2713 2180 2874 2234; x_wconf 86' lang='lat' dir='ltr'><strong>vetiti</strong></span> <span class='ocrx_word' id='word_1_391' title='bbox 2889 2178 2960 2234; x_wconf 90' lang='lat' dir='ltr'><strong>ob</strong></span> <span class='ocrx_word' id='word_1_392' title='bbox 2974 2177 3351 2249; x_wconf 86' lang='lat' dir='ltr'><strong>frequentiam</strong></span> <span class='ocrx_word' id='word_1_393' title='bbox 3364 2179 3552 2235; x_wconf 74' lang='lat' dir='ltr'><strong>Roma:</strong></span> 
     </span>
    </p>
   </div>
   <div class='ocr_carea' id='block_1_88' title="bbox 2469 2268 3539 2339">
    <p class='ocr_par' dir='ltr' id='par_1_88' title="bbox 2469 2268 3539 2339">
     <span class='ocr_line' id='line_1_89' title="bbox 2469 2268 3539 2339; baseline -0.001 -17"><span class='ocrx_word' id='word_1_394' title='bbox 2469 2273 2782 2324; x_wconf 87' lang='lat' dir='ltr'><strong>conventus</strong></span> <span class='ocrx_word' id='word_1_395' title='bbox 2810 2282 2995 2339; x_wconf 84' lang='lat' dir='ltr'><strong>agere,</strong></span> <span class='ocrx_word' id='word_1_396' title='bbox 3029 2268 3172 2323; x_wconf 89' lang='lat' dir='ltr'><strong>alibi</strong></span> <span class='ocrx_word' id='word_1_397' title='bbox 3206 2268 3539 2338; x_wconf 83' lang='lat' dir='ltr'><strong>permissos.</strong></span> 
     </span>
    </p>
   </div>
   <div class='ocr_carea' id='block_1_89' title="bbox 2469 2355 3553 2428">
    <p class='ocr_par' dir='ltr' id='par_1_89' title="bbox 2469 2355 3553 2428">
     <span class='ocr_line' id='line_1_90' title="bbox 2469 2355 3553 2428; baseline 0.002 -18"><span class='ocrx_word' id='word_1_398' title='bbox 2469 2357 2576 2411; x_wconf 90' lang='lat' dir='ltr'><strong>Dio</strong></span> <span class='ocrx_word' id='word_1_399' title='bbox 2631 2371 2737 2428; x_wconf 78' lang='lat' dir='ltr'><strong>pag</strong></span> <span class='ocrx_word' id='word_1_400' title='bbox 2759 2355 2882 2413; x_wconf 87' lang='lat'><strong>669.</strong></span> <span class='ocrx_word' id='word_1_401' title='bbox 2944 2360 3142 2413; x_wconf 88' lang='lat' dir='ltr'><strong>Petrus</strong></span> <span class='ocrx_word' id='word_1_402' title='bbox 3168 2358 3343 2412; x_wconf 88' lang='lat' dir='ltr'><strong>Roma</strong></span> <span class='ocrx_word' id='word_1_403' title='bbox 3369 2370 3553 2428; x_wconf 86' lang='lat' dir='ltr'><strong>regre-</strong></span> 
     </span>
    </p>
   </div>
   <div class='ocr_carea' id='block_1_90' title="bbox 2470 2445 3548 2517">
    <p class='ocr_par' dir='ltr' id='par_1_90' title="bbox 2470 2445 3548 2517">
     <span class='ocr_line' id='line_1_91' title="bbox 2470 2445 3548 2517; baseline 0 -16"><span class='ocrx_word' id='word_1_404' title='bbox 2470 2445 2632 2501; x_wconf 90' lang='lat' dir='ltr'><strong>ditur</strong></span> <span class='ocrx_word' id='word_1_405' title='bbox 2685 2447 2745 2500; x_wconf 87' lang='lat' dir='ltr'><strong>in</strong></span> <span class='ocrx_word' id='word_1_406' title='bbox 2796 2447 3180 2517; x_wconf 67' lang='lat' dir='ltr'><strong>Palaastinam,</strong></span> <span class='ocrx_word' id='word_1_407' title='bbox 3249 2454 3313 2502; x_wconf 89' lang='lat' dir='ltr'><strong>ut</strong></span> <span class='ocrx_word' id='word_1_408' title='bbox 3366 2447 3548 2502; x_wconf 80' lang='lat' dir='ltr'><strong>eidem</strong></span> 
     </span>
    </p>
   </div>
   <div class='ocr_carea' id='block_1_91' title="bbox 2471 2536 3556 2606">
    <p class='ocr_par' dir='ltr' id='par_1_91' title="bbox 2471 2536 3556 2606">
     <span class='ocr_line' id='line_1_92' title="bbox 2471 2536 3556 2606; baseline -0.002 -14"><span class='ocrx_word' id='word_1_409' title='bbox 2471 2536 2739 2592; x_wconf 74' lang='lat' dir='ltr'><strong>Ecclesiae</strong></span> <span class='ocrx_word' id='word_1_410' title='bbox 2786 2538 3052 2592; x_wconf 87' lang='lat' dir='ltr'><strong>consulat</strong></span> <span class='ocrx_word' id='word_1_411' title='bbox 3099 2536 3206 2593; x_wconf 89' lang='lat' dir='ltr'><strong>sub</strong></span> <span class='ocrx_word' id='word_1_412' title='bbox 3235 2550 3377 2593; x_wconf 87' lang='lat' dir='ltr'><strong>novo</strong></span> <span class='ocrx_word' id='word_1_413' title='bbox 3409 2537 3556 2606; x_wconf 84' lang='lat' dir='ltr'><strong>Rege</strong></span> 
     </span>
    </p>
   </div>
   <div class='ocr_carea' id='block_1_92' title="bbox 2471 2626 3549 2696">
    <p class='ocr_par' dir='ltr' id='par_1_92' title="bbox 2471 2626 3549 2696">
     <span class='ocr_line' id='line_1_93' title="bbox 2471 2626 3549 2696; baseline 0.001 -17"><span class='ocrx_word' id='word_1_414' title='bbox 2471 2626 2722 2696; x_wconf 86' lang='lat' dir='ltr'><strong>Agrippa</strong></span> <span class='ocrx_word' id='word_1_415' title='bbox 2750 2626 3105 2696; x_wconf 86' lang='lat' dir='ltr'><strong>periclitanti</strong></span> <span class='ocrx_word' id='word_1_416' title='bbox 3132 2644 3144 2680; x_wconf 89' lang='lat'><strong>:</strong></span> <span class='ocrx_word' id='word_1_417' title='bbox 3195 2640 3227 2680; x_wconf 91' lang='lat' dir='ltr'><strong>a</strong></span> <span class='ocrx_word' id='word_1_418' title='bbox 3257 2641 3367 2696; x_wconf 86' lang='lat' dir='ltr'><strong>quo</strong></span> <span class='ocrx_word' id='word_1_419' title='bbox 3395 2626 3549 2680; x_wconf 83' lang='lat' dir='ltr'><strong>Jaco-</strong></span> 
     </span>
    </p>
   </div>
   <div class='ocr_carea' id='block_1_93' title="bbox 2472 2713 3551 2771">
    <p class='ocr_par' dir='ltr' id='par_1_93' title="bbox 2472 2713 3551 2771">
     <span class='ocr_line' id='line_1_94' title="bbox 2472 2713 3551 2771; baseline 0 -2"><span class='ocrx_word' id='word_1_420' title='bbox 2472 2713 2582 2770; x_wconf 91' lang='lat' dir='ltr'><strong>bus</strong></span> <span class='ocrx_word' id='word_1_421' title='bbox 2606 2716 2929 2771; x_wconf 87' lang='lat' dir='ltr'><strong>occiditur:</strong></span> <span class='ocrx_word' id='word_1_422' title='bbox 2984 2717 3184 2771; x_wconf 88' lang='lat' dir='ltr'><strong>Petrus</strong></span> <span class='ocrx_word' id='word_1_423' title='bbox 3212 2716 3271 2769; x_wconf 87' lang='lat' dir='ltr'><strong>in</strong></span> <span class='ocrx_word' id='word_1_424' title='bbox 3321 2715 3551 2769; x_wconf 88' lang='lat' dir='ltr'><strong>vincula</strong></span> 
     </span>
    </p>
   </div>
   <div class='ocr_carea' id='block_1_94' title="bbox 2470 2804 3545 2877">
    <p class='ocr_par' dir='ltr' id='par_1_94' title="bbox 2470 2804 3545 2877">
     <span class='ocr_line' id='line_1_95' title="bbox 2470 2804 3545 2877; baseline -0.003 -17"><span class='ocrx_word' id='word_1_425' title='bbox 2470 2806 2765 2874; x_wconf 87' lang='lat' dir='ltr'><strong>conjectus</strong></span> <span class='ocrx_word' id='word_1_426' title='bbox 2838 2806 2906 2861; x_wconf 89' lang='lat' dir='ltr'><strong>ab</strong></span> <span class='ocrx_word' id='word_1_427' title='bbox 2979 2805 3180 2877; x_wconf 85' lang='lat' dir='ltr'><strong>angelo</strong></span> <span class='ocrx_word' id='word_1_428' title='bbox 3250 2804 3545 2861; x_wconf 85' lang='lat' dir='ltr'><strong>iibcratur.</strong></span> 
     </span>
    </p>
   </div>
   <div class='ocr_carea' id='block_1_95' title="bbox 2468 2893 3547 2962">
    <p class='ocr_par' dir='ltr' id='par_1_95' title="bbox 2468 2893 3547 2962">
     <span class='ocr_line' id='line_1_96' title="bbox 2468 2893 3547 2962; baseline -0.001 -14"><span class='ocrx_word' id='word_1_429' title='bbox 2468 2893 2574 2948; x_wconf 86' lang='lat' dir='ltr'><strong>Act</strong></span> <span class='ocrx_word' id='word_1_430' title='bbox 2625 2908 2727 2948; x_wconf 82' lang='lat' dir='ltr'><strong>xu.</strong></span> <span class='ocrx_word' id='word_1_431' title='bbox 2777 2894 3162 2962; x_wconf 85' lang='lat' dir='ltr'><strong>Antiochiam,</strong></span> <span class='ocrx_word' id='word_1_432' title='bbox 3231 2901 3285 2947; x_wconf 91' lang='lat' dir='ltr'><strong>et</strong></span> <span class='ocrx_word' id='word_1_433' title='bbox 3355 2893 3547 2948; x_wconf 89' lang='lat' dir='ltr'><strong>Asiam</strong></span> 
     </span>
    </p>
   </div>
   <div class='ocr_carea' id='block_1_96' title="bbox 2474 2983 3539 3053">
    <p class='ocr_par' dir='ltr' id='par_1_96' title="bbox 2474 2983 3539 3053">
     <span class='ocr_line' id='line_1_97' title="bbox 2474 2983 3539 3053; baseline -0.003 -15"><span class='ocrx_word' id='word_1_434' title='bbox 2474 2984 2571 3038; x_wconf 90' lang='lat' dir='ltr'><strong>mi.</strong></span> <span class='ocrx_word' id='word_1_435' title='bbox 2614 2983 2829 3039; x_wconf 88' lang='lat' dir='ltr'><strong>visitat.</strong></span> <span class='ocrx_word' id='word_1_436' title='bbox 2882 2984 3024 3039; x_wconf 88' lang='lat' dir='ltr'><strong>Vide</strong></span> <span class='ocrx_word' id='word_1_437' title='bbox 3050 2988 3234 3053; x_wconf 88' lang='lat' dir='ltr'><strong>notas,</strong></span> <span class='ocrx_word' id='word_1_438' title='bbox 3284 2984 3353 3039; x_wconf 89' lang='lat' dir='ltr'><strong>ad</strong></span> <span class='ocrx_word' id='word_1_439' title='bbox 3385 2989 3539 3052; x_wconf 89' lang='lat' dir='ltr'><strong>pont.</strong></span> 
     </span>
    </p>
   </div>
   <div class='ocr_carea' id='block_1_97' title="bbox 2472 3072 3410 3129">
    <p class='ocr_par' dir='ltr' id='par_1_97' title="bbox 2472 3072 3410 3129">
     <span class='ocr_line' id='line_1_98' title="bbox 2472 3072 3410 3129; baseline -0.002 -1"><span class='ocrx_word' id='word_1_440' title='bbox 2472 3073 2525 3128; x_wconf 92' lang='lat' dir='ltr'><strong>S.</strong></span> <span class='ocrx_word' id='word_1_441' title='bbox 2564 3073 2739 3129; x_wconf 91' lang='lat' dir='ltr'><strong>Petri.</strong></span> <span class='ocrx_word' id='word_1_442' title='bbox 2763 3074 2889 3129; x_wconf 87' lang='lat' dir='ltr'><strong>Mox</strong></span> <span class='ocrx_word' id='word_1_443' title='bbox 2922 3074 2982 3128; x_wconf 93' lang='lat' dir='ltr'><strong>in</strong></span> <span class='ocrx_word' id='word_1_444' title='bbox 3011 3072 3231 3128; x_wconf 87' lang='lat' dir='ltr'><strong>Italiam</strong></span> <span class='ocrx_word' id='word_1_445' title='bbox 3262 3072 3410 3129; x_wconf 89' lang='lat' dir='ltr'><strong>redit</strong></span> 
     </span>
    </p>
   </div>
   <div class='ocr_carea' id='block_1_98' title="bbox 2539 3247 3727 3322">
    <p class='ocr_par' dir='ltr' id='par_1_98' title="bbox 2539 3247 3727 3322">
     <span class='ocr_line' id='line_1_99' title="bbox 2539 3247 3727 3322; baseline 0.001 -17"><span class='ocrx_word' id='word_1_446' title='bbox 2539 3252 2692 3308; x_wconf 89' lang='lat' dir='ltr'><strong>Petri</strong></span> <span class='ocrx_word' id='word_1_447' title='bbox 2767 3249 2854 3322; x_wconf 78' lang='grc'><strong>45,</strong></span> <span class='ocrx_word' id='word_1_448' title='bbox 2925 3249 3009 3307; x_wconf 91' lang='grc'><strong>46.</strong></span> <span class='ocrx_word' id='word_1_449' title='bbox 3060 3251 3222 3307; x_wconf 88' lang='lat' dir='ltr'><strong>Sedis</strong></span> <span class='ocrx_word' id='word_1_450' title='bbox 3286 3252 3551 3306; x_wconf 73' lang='lat' dir='ltr'><strong>Romana:</strong></span> <span class='ocrx_word' id='word_1_451' title='bbox 3663 3247 3727 3306; x_wconf 86' lang='grc'><strong>43</strong></span> 
     </span>
    </p>
   </div>
   <div class='ocr_carea' id='block_1_99' title="bbox 2475 3337 3264 3412">
    <p class='ocr_par' dir='ltr' id='par_1_99' title="bbox 2475 3337 3264 3412">
     <span class='ocr_line' id='line_1_100' title="bbox 2475 3337 3264 3412; baseline -0.005 -15"><span class='ocrx_word' id='word_1_452' title='bbox 2475 3338 2530 3411; x_wconf 88' lang='lat'><strong>3,</strong></span> <span class='ocrx_word' id='word_1_453' title='bbox 2554 3337 2607 3394; x_wconf 94' lang='grc'><strong>4.</strong></span> <span class='ocrx_word' id='word_1_454' title='bbox 2652 3340 2920 3412; x_wconf 66' lang='lat' dir='ltr'><strong>Agrippae</strong></span> <span class='ocrx_word' id='word_1_455' title='bbox 2948 3342 3101 3412; x_wconf 89' lang='lat' dir='ltr'><strong>regis</strong></span> <span class='ocrx_word' id='word_1_456' title='bbox 3125 3338 3180 3409; x_wconf 86' lang='lat'><strong>2,</strong></span> <span class='ocrx_word' id='word_1_457' title='bbox 3213 3340 3264 3396; x_wconf 85' lang='lat'><strong>3.</strong></span> 
     </span>
    </p>
   </div>
   <div class='ocr_carea' id='block_1_100' title="bbox 2545 3411 3554 3481">
    <p class='ocr_par' dir='ltr' id='par_1_100' title="bbox 2545 3411 3554 3481">
     <span class='ocr_line' id='line_1_101' title="bbox 2545 3411 3554 3481; baseline 0.001 -14"><span class='ocrx_word' id='word_1_458' title='bbox 2545 3411 2826 3481; x_wconf 78' lang='lat' dir='ltr'><strong>Expedite</strong></span> <span class='ocrx_word' id='word_1_459' title='bbox 2882 3411 3213 3468; x_wconf 83' lang='lat' dir='ltr'><strong>Britannica</strong></span> <span class='ocrx_word' id='word_1_460' title='bbox 3244 3413 3360 3481; x_wconf 90' lang='lat' dir='ltr'><strong>imp</strong></span> <span class='ocrx_word' id='word_1_461' title='bbox 3384 3411 3554 3468; x_wconf 92' lang='lat' dir='ltr'><strong>Clau-</strong></span> 
     </span>
    </p>
   </div>
   <div class='ocr_carea' id='block_1_101' title="bbox 2472 3500 3551 3568">
    <p class='ocr_par' dir='ltr' id='par_1_101' title="bbox 2472 3500 3551 3568">
     <span class='ocr_line' id='line_1_102' title="bbox 2472 3500 3551 3568; baseline -0.003 -11"><span class='ocrx_word' id='word_1_462' title='bbox 2472 3501 2559 3557; x_wconf 84' lang='lat' dir='ltr'><strong>dii</strong></span> <span class='ocrx_word' id='word_1_463' title='bbox 2606 3502 2963 3557; x_wconf 89' lang='lat' dir='ltr'><strong>occasionem</strong></span> <span class='ocrx_word' id='word_1_464' title='bbox 2990 3501 3091 3557; x_wconf 91' lang='lat' dir='ltr'><strong>dat</strong></span> <span class='ocrx_word' id='word_1_465' title='bbox 3139 3502 3305 3557; x_wconf 87' lang='lat' dir='ltr'><strong>Petro</strong></span> <span class='ocrx_word' id='word_1_466' title='bbox 3351 3500 3551 3568; x_wconf 87' lang='lat' dir='ltr'><strong>eundi,</strong></span> 
     </span>
    </p>
   </div>
   <div class='ocr_carea' id='block_1_102' title="bbox 2474 3590 3558 3647">
    <p class='ocr_par' dir='ltr' id='par_1_102' title="bbox 2474 3590 3558 3647">
     <span class='ocr_line' id='line_1_103' title="bbox 2474 3590 3558 3647; baseline -0.003 0"><span class='ocrx_word' id='word_1_467' title='bbox 2474 3592 2560 3647; x_wconf 89' lang='lat' dir='ltr'><strong>vel</strong></span> <span class='ocrx_word' id='word_1_468' title='bbox 2616 3591 2879 3647; x_wconf 89' lang='lat' dir='ltr'><strong>mittendi</strong></span> <span class='ocrx_word' id='word_1_469' title='bbox 2910 3590 2969 3645; x_wconf 91' lang='lat' dir='ltr'><strong>in</strong></span> <span class='ocrx_word' id='word_1_470' title='bbox 2999 3591 3351 3646; x_wconf 88' lang='lat' dir='ltr'><strong>Britanniam</strong></span> <span class='ocrx_word' id='word_1_471' title='bbox 3383 3590 3558 3645; x_wconf 87' lang='lat' dir='ltr'><strong>Evan-</strong></span> 
     </span>
    </p>
   </div>
   <div class='ocr_carea' id='block_1_103' title="bbox 2476 3681 3551 3753">
    <p class='ocr_par' dir='ltr' id='par_1_103' title="bbox 2476 3681 3551 3753">
     <span class='ocr_line' id='line_1_104' title="bbox 2476 3681 3551 3753; baseline -0.004 -16"><span class='ocrx_word' id='word_1_472' title='bbox 2476 3682 2611 3753; x_wconf 88' lang='lat' dir='ltr'><strong>gelii</strong></span> <span class='ocrx_word' id='word_1_473' title='bbox 2643 3681 2960 3737; x_wconf 88' lang='lat' dir='ltr'><strong>ministros.</strong></span> <span class='ocrx_word' id='word_1_474' title='bbox 2988 3682 3129 3737; x_wconf 88' lang='lat' dir='ltr'><strong>Vide</strong></span> <span class='ocrx_word' id='word_1_475' title='bbox 3155 3688 3318 3737; x_wconf 85' lang='lat' dir='ltr'><strong>notas</strong></span> <span class='ocrx_word' id='word_1_476' title='bbox 3335 3685 3400 3737; x_wconf 89' lang='lat' dir='ltr'><strong>ut</strong></span> <span class='ocrx_word' id='word_1_477' title='bbox 3424 3695 3551 3749; x_wconf 89' lang='lat' dir='ltr'><strong>sup.</strong></span> 
     </span>
    </p>
   </div>
   <div class='ocr_carea' id='block_1_104' title="bbox 2545 3770 3547 3835">
    <p class='ocr_par' dir='ltr' id='par_1_104' title="bbox 2545 3770 3547 3835">
     <span class='ocr_line' id='line_1_105' title="bbox 2545 3770 3547 3835; baseline -0.002 -9"><span class='ocrx_word' id='word_1_478' title='bbox 2545 3771 2759 3827; x_wconf 90' lang='lat' dir='ltr'><strong>Paulus</strong></span> <span class='ocrx_word' id='word_1_479' title='bbox 2804 3771 3113 3827; x_wconf 88' lang='lat' dir='ltr'><strong>revertitur</strong></span> <span class='ocrx_word' id='word_1_480' title='bbox 3157 3770 3547 3835; x_wconf 79' lang='lat' dir='ltr'><strong>Antiochiam,</strong></span> 
     </span>
    </p>
   </div>
   <div class='ocr_carea' id='block_1_105' title="bbox 2476 3860 3558 3933">
    <p class='ocr_par' dir='ltr' id='par_1_105' title="bbox 2476 3860 3558 3933">
     <span class='ocr_line' id='line_1_106' title="bbox 2476 3860 3558 3933; baseline -0.002 -17"><span class='ocrx_word' id='word_1_481' title='bbox 2476 3874 2605 3916; x_wconf 85' lang='lat' dir='ltr'><strong>mox</strong></span> <span class='ocrx_word' id='word_1_482' title='bbox 2633 3862 2863 3933; x_wconf 86' lang='lat' dir='ltr'><strong>navigat</strong></span> <span class='ocrx_word' id='word_1_483' title='bbox 2906 3862 2964 3915; x_wconf 88' lang='lat' dir='ltr'><strong>in</strong></span> <span class='ocrx_word' id='word_1_484' title='bbox 2990 3861 3258 3931; x_wconf 82' lang='lat' dir='ltr'><strong>Cyprum,</strong></span> <span class='ocrx_word' id='word_1_485' title='bbox 3297 3867 3352 3917; x_wconf 87' lang='lat' dir='ltr'><strong>et</strong></span> <span class='ocrx_word' id='word_1_486' title='bbox 3375 3874 3409 3915; x_wconf 88' lang='lat' dir='ltr'><strong>a</strong></span> <span class='ocrx_word' id='word_1_487' title='bbox 3434 3860 3558 3915; x_wconf 83' lang='lat' dir='ltr'><strong>Ser-</strong></span> 
     </span>
    </p>
   </div>
   <div class='ocr_carea' id='block_1_106' title="bbox 2475 3949 3551 4020">
    <p class='ocr_par' dir='ltr' id='par_1_106' title="bbox 2475 3949 3551 4020">
     <span class='ocr_line' id='line_1_107' title="bbox 2475 3949 3551 4020; baseline -0.002 -16"><span class='ocrx_word' id='word_1_488' title='bbox 2475 3951 2569 4020; x_wconf 86' lang='lat' dir='ltr'><strong>gio</strong></span> <span class='ocrx_word' id='word_1_489' title='bbox 2624 3950 2965 4020; x_wconf 90' lang='lat' dir='ltr'><strong>proconsule</strong></span> <span class='ocrx_word' id='word_1_490' title='bbox 3037 3956 3272 4008; x_wconf 87' lang='lat' dir='ltr'><strong>vocatur</strong></span> <span class='ocrx_word' id='word_1_491' title='bbox 3316 3949 3551 4006; x_wconf 90' lang='lat' dir='ltr'><strong>Paulus.</strong></span> 
     </span>
    </p>
   </div>
   <div class='ocr_carea' id='block_1_107' title="bbox 2472 4039 2736 4096">
    <p class='ocr_par' dir='ltr' id='par_1_107' title="bbox 2472 4039 2736 4096">
     <span class='ocr_line' id='line_1_108' title="bbox 2472 4039 2736 4096; baseline 0 -3"><span class='ocrx_word' id='word_1_492' title='bbox 2472 4039 2577 4096; x_wconf 92' lang='lat' dir='ltr'><strong>Act</strong></span> <span class='ocrx_word' id='word_1_493' title='bbox 2608 4054 2736 4095; x_wconf 86' lang='lat' dir='ltr'><strong>xm.</strong></span> 
     </span>
    </p>
   </div>
   <div class='ocr_carea' id='block_1_108' title="bbox 2544 4128 3560 4202">
    <p class='ocr_par' dir='ltr' id='par_1_108' title="bbox 2544 4128 3560 4202">
     <span class='ocr_line' id='line_1_109' title="bbox 2544 4128 3560 4202; baseline 0 -18"><span class='ocrx_word' id='word_1_494' title='bbox 2544 4130 2811 4185; x_wconf 90' lang='lat' dir='ltr'><strong>Petronio</strong></span> <span class='ocrx_word' id='word_1_495' title='bbox 2890 4132 3040 4187; x_wconf 65' lang='lat' dir='ltr'><strong>Prses</strong></span> <span class='ocrx_word' id='word_1_496' title='bbox 3120 4131 3225 4202; x_wconf 89' lang='lat' dir='ltr'><strong>Syr</strong></span> <span class='ocrx_word' id='word_1_497' title='bbox 3296 4128 3560 4188; x_wconf 88' lang='lat' dir='ltr'><strong>succedit</strong></span> 
     </span>
    </p>
   </div>
   <div class='ocr_carea' id='block_1_109' title="bbox 2474 4219 3334 4290">
    <p class='ocr_par' dir='ltr' id='par_1_109' title="bbox 2474 4219 3334 4290">
     <span class='ocr_line' id='line_1_110' title="bbox 2474 4219 3334 4290; baseline 0 -16"><span class='ocrx_word' id='word_1_498' title='bbox 2474 4220 2712 4275; x_wconf 88' lang='lat' dir='ltr'><strong>Marsus.</strong></span> <span class='ocrx_word' id='word_1_499' title='bbox 2741 4219 2834 4274; x_wconf 89' lang='lat' dir='ltr'><strong>Jos</strong></span> <span class='ocrx_word' id='word_1_500' title='bbox 2861 4233 2981 4290; x_wconf 72' lang='lat' dir='ltr'><strong>xxx,</strong></span> <span class='ocrx_word' id='word_1_501' title='bbox 3031 4219 3086 4276; x_wconf 91' lang='lat'><strong>6.</strong></span> <span class='ocrx_word' id='word_1_502' title='bbox 3124 4222 3233 4276; x_wconf 87' lang='lat' dir='ltr'><strong>Tac</strong></span> <span class='ocrx_word' id='word_1_503' title='bbox 3260 4234 3334 4276; x_wconf 76' lang='grc' dir='ltr'>ιιι.</span> 
     </span>
    </p>
   </div>
   <div class='ocr_carea' id='block_1_110' title="bbox 2541 4375 3722 4452">
    <p class='ocr_par' dir='ltr' id='par_1_110' title="bbox 2541 4375 3722 4452">
     <span class='ocr_line' id='line_1_111' title="bbox 2541 4375 3722 4452; baseline 0 -20"><span class='ocrx_word' id='word_1_504' title='bbox 2541 4381 2692 4437; x_wconf 82' lang='lat' dir='ltr'><strong>Petri</strong></span> <span class='ocrx_word' id='word_1_505' title='bbox 2748 4378 2832 4452; x_wconf 87' lang='grc'><strong>46,</strong></span> <span class='ocrx_word' id='word_1_506' title='bbox 2877 4378 2961 4437; x_wconf 91' lang='grc'><strong>47.</strong></span> <span class='ocrx_word' id='word_1_507' title='bbox 3013 4382 3176 4439; x_wconf 88' lang='lat' dir='ltr'><strong>Sedis</strong></span> <span class='ocrx_word' id='word_1_508' title='bbox 3231 4377 3556 4438; x_wconf 48' lang='lat' dir='ltr'><strong>Romana”</strong></span> <span class='ocrx_word' id='word_1_509' title='bbox 3655 4375 3722 4433; x_wconf 76' lang='grc'><strong>44</strong></span> 
     </span>
    </p>
   </div>
   <div class='ocr_carea' id='block_1_111' title="bbox 2297 4469 3729 4543">
    <p class='ocr_par' dir='ltr' id='par_1_111' title="bbox 2297 4469 3729 4543">
     <span class='ocr_line' id='line_1_112' title="bbox 2297 4469 3729 4543; baseline -0.006 -17"><span class='ocrx_word' id='word_1_510' title='bbox 2297 4485 2352 4526; x_wconf 85' lang='lat' dir='ltr'><strong>1v</strong></span> <span class='ocrx_word' id='word_1_511' title='bbox 2462 4474 2517 4526; x_wconf 89' lang='lat' dir='ltr'><strong>et</strong></span> <span class='ocrx_word' id='word_1_512' title='bbox 2661 4472 2927 4543; x_wconf 62' lang='lat' dir='ltr'><strong>Agrippae</strong></span> <span class='ocrx_word' id='word_1_513' title='bbox 2976 4473 3128 4543; x_wconf 86' lang='lat' dir='ltr'><strong>regis</strong></span> <span class='ocrx_word' id='word_1_514' title='bbox 3176 4472 3231 4541; x_wconf 88' lang='lat'><strong>3,</strong></span> <span class='ocrx_word' id='word_1_515' title='bbox 3280 4469 3333 4526; x_wconf 85' lang='grc'><strong>4.</strong></span> <span class='ocrx_word' id='word_1_516' title='bbox 3388 4471 3541 4527; x_wconf 84' lang='lat' dir='ltr'><strong>Vibii</strong></span> <span class='ocrx_word' id='word_1_517' title='bbox 3616 4471 3729 4522; x_wconf 76' lang='lat' dir='ltr'><strong>Biss</strong></span> 
     </span>
    </p>
   </div>
   <div class='ocr_carea' id='block_1_112' title="bbox 2245 4558 2976 4633">
    <p class='ocr_par' dir='ltr' id='par_1_112' title="bbox 2245 4558 2976 4633">
     <span class='ocr_line' id='line_1_113' title="bbox 2245 4558 2976 4633; baseline -0.003 -18"><span class='ocrx_word' id='word_1_518' title='bbox 2245 4567 2295 4615; x_wconf 82' lang='lat' dir='ltr'><strong>et</strong></span> <span class='ocrx_word' id='word_1_519' title='bbox 2316 4559 2423 4617; x_wconf 82' lang='lat'><strong>206</strong></span> <span class='ocrx_word' id='word_1_520' title='bbox 2470 4562 2642 4617; x_wconf 86' lang='lat' dir='ltr'><strong>Marsi</strong></span> <span class='ocrx_word' id='word_1_521' title='bbox 2674 4578 2816 4633; x_wconf 76' lang='lat' dir='ltr'><strong>praes</strong></span> <span class='ocrx_word' id='word_1_522' title='bbox 2844 4558 2893 4631; x_wconf 89' lang='grc'><strong>4,</strong></span> <span class='ocrx_word' id='word_1_523' title='bbox 2923 4559 2976 4615; x_wconf 77' lang='lat'><strong>2.</strong></span> 
     </span>
    </p>
   </div>
   <div class='ocr_carea' id='block_1_113' title="bbox 2316 4668 2334 4705">
    <p class='ocr_par' dir='ltr' id='par_1_113' title="bbox 2316 4668 2334 4705">
     <span class='ocr_line' id='line_1_114' title="bbox 2316 4668 2334 4705; baseline 0 0"><span class='ocrx_word' id='word_1_524' title='bbox 2316 4668 2334 4705; x_wconf 83' lang='grc' dir='ltr'><strong>Ι</strong></span> 
     </span>
    </p>
   </div>
   <div class='ocr_carea' id='block_1_114' title="bbox 1886 5435 1990 5492">
    <p class='ocr_par' dir='ltr' id='par_1_114' title="bbox 1886 5435 1990 5492">
     <span class='ocr_line' id='line_1_115' title="bbox 1886 5435 1990 5492; baseline 0 0"><span class='ocrx_word' id='word_1_525' title='bbox 1886 5435 1990 5492; x_wconf 87' lang='grc'><strong>797</strong></span> 
     </span>
    </p>
   </div>
   <div class='ocr_carea' id='block_1_115' title="bbox 1891 5523 2335 5582">
    <p class='ocr_par' dir='ltr' id='par_1_115' title="bbox 1891 5523 2335 5582">
     <span class='ocr_line' id='line_1_116' title="bbox 1891 5523 2335 5582; baseline 0 0"><span class='ocrx_word' id='word_1_526' title='bbox 1891 5523 1998 5582; x_wconf 89' lang='grc'><strong>798</strong></span> <span class='ocrx_word' id='word_1_527' title='bbox 2317 5544 2335 5582; x_wconf 87' lang='grc' dir='ltr'>ι</span> 
     </span>
    </p>
   </div>
   <div class='ocr_carea' id='block_1_116' title="bbox 2313 5629 2353 5671">
    <p class='ocr_par' dir='ltr' id='par_1_116' title="bbox 2313 5629 2353 5671">
     <span class='ocr_line' id='line_1_117' title="bbox 2313 5629 2353 5671; baseline 0 0"><span class='ocrx_word' id='word_1_528' title='bbox 2313 5629 2353 5671; x_wconf 83' lang='grc' dir='ltr'>ΙΙ</span> 
     </span>
    </p>
   </div>
   <div class='ocr_carea' id='block_1_117' title="bbox 2547 4651 3554 4721">
    <p class='ocr_par' dir='ltr' id='par_1_117' title="bbox 2547 4651 3554 4721">
     <span class='ocr_line' id='line_1_118' title="bbox 2547 4651 3554 4721; baseline -0.001 -15"><span class='ocrx_word' id='word_1_529' title='bbox 2547 4651 2823 4707; x_wconf 87' lang='lat' dir='ltr'><strong>Claudius</strong></span> <span class='ocrx_word' id='word_1_530' title='bbox 2875 4651 3137 4707; x_wconf 88' lang='lat' dir='ltr'><strong>concedit</strong></span> <span class='ocrx_word' id='word_1_531' title='bbox 3196 4652 3411 4707; x_wconf 67' lang='lat' dir='ltr'><strong>ludatis</strong></span> <span class='ocrx_word' id='word_1_532' title='bbox 3469 4664 3554 4721; x_wconf 55' lang='lat' dir='ltr'><strong>pe.</strong></span> 
     </span>
    </p>
   </div>
   <div class='ocr_carea' id='block_1_118' title="bbox 2471 4740 3549 4809">
    <p class='ocr_par' dir='ltr' id='par_1_118' title="bbox 2471 4740 3549 4809">
     <span class='ocr_line' id='line_1_119' title="bbox 2471 4740 3549 4809; baseline -0.003 -12"><span class='ocrx_word' id='word_1_533' title='bbox 2471 4740 2727 4797; x_wconf 83' lang='lat' dir='ltr'><strong>tentibus</strong></span> <span class='ocrx_word' id='word_1_534' title='bbox 2789 4742 2885 4809; x_wconf 90' lang='lat' dir='ltr'><strong>jus</strong></span> <span class='ocrx_word' id='word_1_535' title='bbox 2957 4743 3313 4797; x_wconf 73' lang='lat' dir='ltr'><strong>asservandae</strong></span> <span class='ocrx_word' id='word_1_536' title='bbox 3383 4740 3549 4797; x_wconf 74' lang='lat' dir='ltr'><strong>Stolae</strong></span> 
     </span>
    </p>
   </div>
   <div class='ocr_carea' id='block_1_119' title="bbox 2470 4829 3459 4900">
    <p class='ocr_par' dir='ltr' id='par_1_119' title="bbox 2470 4829 3459 4900">
     <span class='ocr_line' id='line_1_120' title="bbox 2470 4829 3459 4900; baseline 0.002 -16"><span class='ocrx_word' id='word_1_537' title='bbox 2470 4829 2848 4886; x_wconf 84' lang='lat' dir='ltr'><strong>Pontiﬁcalis.</strong></span> <span class='ocrx_word' id='word_1_538' title='bbox 2878 4831 2971 4885; x_wconf 88' lang='lat' dir='ltr'><strong>Jos</strong></span> <span class='ocrx_word' id='word_1_539' title='bbox 2998 4830 3038 4886; x_wconf 93' lang='lat' dir='ltr'><strong>l.</strong></span> <span class='ocrx_word' id='word_1_540' title='bbox 3071 4844 3131 4885; x_wconf 90' lang='grc' dir='ltr'>ιι.</span> <span class='ocrx_word' id='word_1_541' title='bbox 3164 4831 3302 4887; x_wconf 86' lang='lat' dir='ltr'><strong>Bell.</strong></span> <span class='ocrx_word' id='word_1_542' title='bbox 3353 4844 3459 4900; x_wconf 89' lang='lat' dir='ltr'><strong>cap</strong></span> 
     </span>
    </p>
   </div>
   <div class='ocr_carea' id='block_1_120' title="bbox 2474 4919 3551 4991">
    <p class='ocr_par' dir='ltr' id='par_1_120' title="bbox 2474 4919 3551 4991">
     <span class='ocr_line' id='line_1_121' title="bbox 2474 4919 3551 4991; baseline 0.002 -18"><span class='ocrx_word' id='word_1_543' title='bbox 2474 4919 2771 4991; x_wconf 82' lang='lat' dir='ltr'><strong>1.Agrippa</strong></span> <span class='ocrx_word' id='word_1_544' title='bbox 2813 4919 2930 4975; x_wconf 86' lang='lat' dir='ltr'><strong>Rex</strong></span> <span class='ocrx_word' id='word_1_545' title='bbox 2979 4920 3227 4976; x_wconf 89' lang='lat' dir='ltr'><strong>moritur</strong></span> <span class='ocrx_word' id='word_1_546' title='bbox 3274 4935 3426 4977; x_wconf 89' lang='lat' dir='ltr'><strong>anno</strong></span> <span class='ocrx_word' id='word_1_547' title='bbox 3460 4920 3551 4976; x_wconf 90' lang='lat' dir='ltr'><strong>sui</strong></span> 
     </span>
    </p>
   </div>
   <div class='ocr_carea' id='block_1_121' title="bbox 2470 5005 3547 5080">
    <p class='ocr_par' dir='ltr' id='par_1_121' title="bbox 2470 5005 3547 5080">
     <span class='ocr_line' id='line_1_122' title="bbox 2470 5005 3547 5080; baseline -0.001 -16"><span class='ocrx_word' id='word_1_548' title='bbox 2470 5010 2649 5080; x_wconf 88' lang='lat' dir='ltr'><strong>Regni</strong></span> <span class='ocrx_word' id='word_1_549' title='bbox 2716 5005 2770 5077; x_wconf 92' lang='lat'><strong>7,</strong></span> <span class='ocrx_word' id='word_1_550' title='bbox 2821 5015 2877 5065; x_wconf 90' lang='lat' dir='ltr'><strong>et</strong></span> <span class='ocrx_word' id='word_1_551' title='bbox 2926 5010 3156 5080; x_wconf 90' lang='lat' dir='ltr'><strong>Imperii</strong></span> <span class='ocrx_word' id='word_1_552' title='bbox 3213 5011 3443 5067; x_wconf 72' lang='lat' dir='ltr'><strong>Claudii</strong></span> <span class='ocrx_word' id='word_1_553' title='bbox 3498 5006 3547 5079; x_wconf 81' lang='grc'><strong>4,</strong></span> 
     </span>
    </p>
   </div>
   <div class='ocr_carea' id='block_1_122' title="bbox 2474 5099 3549 5173">
    <p class='ocr_par' dir='ltr' id='par_1_122' title="bbox 2474 5099 3549 5173">
     <span class='ocr_line' id='line_1_123' title="bbox 2474 5099 3549 5173; baseline 0.001 -20"><span class='ocrx_word' id='word_1_554' title='bbox 2474 5099 2761 5155; x_wconf 82' lang='lat' dir='ltr'><strong>inchoato.</strong></span> <span class='ocrx_word' id='word_1_555' title='bbox 2810 5102 2988 5157; x_wconf 90' lang='lat' dir='ltr'><strong>Deum</strong></span> <span class='ocrx_word' id='word_1_556' title='bbox 3054 5101 3312 5173; x_wconf 83' lang='lat' dir='ltr'><strong>Agrippa</strong></span> <span class='ocrx_word' id='word_1_557' title='bbox 3351 5102 3549 5171; x_wconf 90' lang='lat' dir='ltr'><strong>junior</strong></span> 
     </span>
    </p>
   </div>
   <div class='ocr_carea' id='block_1_123' title="bbox 2471 5188 3552 5261">
    <p class='ocr_par' dir='ltr' id='par_1_123' title="bbox 2471 5188 3552 5261">
     <span class='ocr_line' id='line_1_124' title="bbox 2471 5188 3552 5261; baseline 0.003 -19"><span class='ocrx_word' id='word_1_558' title='bbox 2471 5189 2597 5258; x_wconf 86' lang='lat' dir='ltr'><strong>ejus</strong></span> <span class='ocrx_word' id='word_1_559' title='bbox 2627 5188 2666 5242; x_wconf 88' lang='lat' dir='ltr'><strong>f.</strong></span> <span class='ocrx_word' id='word_1_560' title='bbox 2717 5189 3013 5261; x_wconf 89' lang='lat' dir='ltr'><strong>adolescit,</strong></span> <span class='ocrx_word' id='word_1_561' title='bbox 3063 5192 3410 5247; x_wconf 88' lang='lat' dir='ltr'><strong>Procurator</strong></span> <span class='ocrx_word' id='word_1_562' title='bbox 3456 5191 3552 5245; x_wconf 86' lang='lat' dir='ltr'><strong>Re-</strong></span> 
     </span>
    </p>
   </div>
   <div class='ocr_carea' id='block_1_124' title="bbox 2473 5276 3545 5351">
    <p class='ocr_par' dir='ltr' id='par_1_124' title="bbox 2473 5276 3545 5351">
     <span class='ocr_line' id='line_1_125' title="bbox 2473 5276 3545 5351; baseline 0 -21"><span class='ocrx_word' id='word_1_563' title='bbox 2473 5290 2582 5348; x_wconf 88' lang='lat' dir='ltr'><strong>gno</strong></span> <span class='ocrx_word' id='word_1_564' title='bbox 2611 5276 2782 5333; x_wconf 89' lang='lat' dir='ltr'><strong>datur</strong></span> <span class='ocrx_word' id='word_1_565' title='bbox 2832 5281 3081 5351; x_wconf 88' lang='lat' dir='ltr'><strong>Cuspius</strong></span> <span class='ocrx_word' id='word_1_566' title='bbox 3127 5282 3336 5336; x_wconf 88' lang='lat' dir='ltr'><strong>Fadus.</strong></span> <span class='ocrx_word' id='word_1_567' title='bbox 3384 5282 3480 5335; x_wconf 82' lang='lat' dir='ltr'><strong>Jos</strong></span> <span class='ocrx_word' id='word_1_568' title='bbox 3508 5280 3545 5333; x_wconf 90' lang='lat' dir='ltr'><strong>I.</strong></span> 
     </span>
    </p>
   </div>
   <div class='ocr_carea' id='block_1_125' title="bbox 2471 5365 3551 5443">
    <p class='ocr_par' dir='ltr' id='par_1_125' title="bbox 2471 5365 3551 5443">
     <span class='ocr_line' id='line_1_126' title="bbox 2471 5365 3551 5443; baseline 0.006 -25"><span class='ocrx_word' id='word_1_569' title='bbox 2471 5378 2587 5436; x_wconf 76' lang='lat' dir='ltr'><strong>xix,</strong></span> <span class='ocrx_word' id='word_1_570' title='bbox 2621 5380 2724 5436; x_wconf 89' lang='lat' dir='ltr'><strong>cap</strong></span> <span class='ocrx_word' id='word_1_571' title='bbox 2751 5368 2856 5423; x_wconf 89' lang='lat' dir='ltr'><strong>ult.</strong></span> <span class='ocrx_word' id='word_1_572' title='bbox 2873 5371 3043 5426; x_wconf 79' lang='lat' dir='ltr'><strong>Noris</strong></span> <span class='ocrx_word' id='word_1_573' title='bbox 3066 5371 3177 5426; x_wconf 88' lang='lat' dir='ltr'><strong>Cen</strong></span> <span class='ocrx_word' id='word_1_574' title='bbox 3203 5372 3301 5427; x_wconf 88' lang='lat' dir='ltr'><strong>Pis</strong></span> <span class='ocrx_word' id='word_1_575' title='bbox 3318 5385 3426 5443; x_wconf 86' lang='lat' dir='ltr'><strong>pag</strong></span> <span class='ocrx_word' id='word_1_576' title='bbox 3449 5365 3551 5424; x_wconf 81' lang='lat'><strong>332</strong></span> 
     </span>
    </p>
   </div>
   <div class='ocr_carea' id='block_1_126' title="bbox 2543 5523 3733 5595">
    <p class='ocr_par' dir='ltr' id='par_1_126' title="bbox 2543 5523 3733 5595">
     <span class='ocr_line' id='line_1_127' title="bbox 2543 5523 3733 5595; baseline 0 -13"><span class='ocrx_word' id='word_1_577' title='bbox 2543 5528 2691 5584; x_wconf 89' lang='lat' dir='ltr'><strong>Petri</strong></span> <span class='ocrx_word' id='word_1_578' title='bbox 2773 5525 2858 5595; x_wconf 91' lang='lat'><strong>47,</strong></span> <span class='ocrx_word' id='word_1_579' title='bbox 2913 5529 2979 5587; x_wconf 85' lang='lat'><strong>48</strong></span> <span class='ocrx_word' id='word_1_580' title='bbox 3050 5533 3214 5591; x_wconf 89' lang='lat' dir='ltr'><strong>Sedis</strong></span> <span class='ocrx_word' id='word_1_581' title='bbox 3284 5531 3550 5588; x_wconf 66' lang='lat' dir='ltr'><strong>Romanae</strong></span> <span class='ocrx_word' id='word_1_582' title='bbox 3659 5523 3733 5582; x_wconf 80' lang='grc'><strong>45</strong></span> 
     </span>
    </p>
   </div>
   <div class='ocr_carea' id='block_1_127' title="bbox 2477 5614 3552 5693">
    <p class='ocr_par' dir='ltr' id='par_1_127' title="bbox 2477 5614 3552 5693">
     <span class='ocr_line' id='line_1_128' title="bbox 2477 5614 3552 5693; baseline 0.005 -21"><span class='ocrx_word' id='word_1_583' title='bbox 2477 5614 2531 5688; x_wconf 79' lang='grc'><strong>5,</strong></span> <span class='ocrx_word' id='word_1_584' title='bbox 2600 5616 2653 5672; x_wconf 89' lang='grc'><strong>6.</strong></span> <span class='ocrx_word' id='word_1_585' title='bbox 2723 5617 2878 5674; x_wconf 59' lang='grc' dir='ltr'>νιξηιι</span> <span class='ocrx_word' id='word_1_586' title='bbox 2940 5620 3112 5678; x_wconf 85' lang='lat' dir='ltr'><strong>Marsi</strong></span> <span class='ocrx_word' id='word_1_587' title='bbox 3191 5620 3399 5693; x_wconf 73' lang='lat' dir='ltr'><strong>praesid</strong></span> <span class='ocrx_word' id='word_1_588' title='bbox 3448 5622 3552 5692; x_wconf 83' lang='lat' dir='ltr'><strong>Syr</strong></span> 
     </span>
    </p>
   </div>
  </div>
