3998 6176
245 230 327 289 ,6,

247 504 292 550 et
315 497 445 565 cycli
455 535 469 549 .

289 563 414 641 ΕΒ

278 1544 403 1604 4767

283 1635 332 1705 7,
353 1637 411 1694 47

326 1732 365 1784 F

272 2798 389 2859 4768

269 2889 312 2953 8,
334 2891 391 2948 48

267 3585 383 3648 4769

263 3675 306 3748 9,
325 3679 384 3736 49

251 4827 371 4891 4770

253 4917 324 4992 40,
346 4924 366 4980 ι

295 5013 333 5066 Β

1230 237 1564 294 CHRONOL.
1612 241 1890 299 CONSUL.
1935 244 2022 300 ET
2049 245 2210 304 CASS.
2245 249 2408 306 ROM.
2462 254 2601 309 ETC.

290 354 472 454 Anni,
499 355 880 424 Imperatores,
949 358 1221 454 Consules,
1298 363 1570 454 Romano—
1631 365 1795 454 'Annlt;
1883 362 1942 421 A
2004 367 2204 454 nAnni
2262 375 2710 454 Christianorum,
2761 381 3075 454 Iudaeorum
3115 389 3163 438 et
3191 388 3326 454 fini-

232 427 333 480 Per.
379 425 489 478 Jul.
573 443 711 489 rum,
761 444 845 482 res
863 435 1045 497 gestet,
1070 437 1120 485 et
1138 433 1474 488 documenta.

1631 436 1692 488 U.
1759 435 1813 490 C.

1595 510 1721 560 ante
1779 512 1828 560 et

1563 583 1689 646 post
1743 578 1855 634 Pal.

493 751 617 800 tum
676 756 811 800 ann.
879 759 993 814 xvx,
1067 748 1304 806 duxisse
1336 765 1571 810 uxorem

485 832 810 889 Octaviam.
880 835 1058 892 Natus
1107 836 1292 895 fuerat
1333 843 1479 898 Nero
1534 858 1568 899 χ

486 937 666 978 mens.
700 929 826 992 post
850 922 1072 981 obitum
1099 927 1337 1000 Tiberii,
1373 945 1569 1004 nempe

482 1028 590 1068 Vill
621 1012 746 1067 Kal.
770 1016 892 1069 Jan.
919 1015 1152 1072 anno36
1177 1033 1302 1074 tera:
1323 1020 1563 1078 Christi.
1665 1026 1670 1031 “

558 1104 756 1159 Parthi
788 1104 1057 1160 Armenia
1091 1107 1312 1176 pellunt
1332 1111 1563 1168 Rhada-

481 1191 722 1247 mistum
749 1211 760 1247 :
791 1207 917 1250 mox
934 1193 1268 1252 abscedunt.

475 1280 659 1337 Tacit.
692 1294 820 1353 xm,
843 1280 894 1350 6,
919 1278 972 1337 7.

549 1553 688 1622 Imp.
715 1552 854 1609 Caes.
887 1554 975 1608 Ti.
1005 1553 1204 1612 Claud.
1228 1556 1372 1630 Aug.
1405 1559 1463 1613 P.
1499 1560 1567 1614 Μ.

483 1644 560 1694 tr.
589 1655 649 1719 1p.
687 1639 772 1708 43,
809 1638 893 1697 44.

473 1765 639 1822 ρος..
701 1731 770 1822 1:!-
803 1732 1360 1822 esiniasltelisellus

700 1803 770 1854 M.
795 1804 1020 1859 Acilius
1051 1807 1267 1862 Aviola.

541 1892 720 1946 Tacit.
752 1893 816 1946 A.
859 1906 966 1962 xu,
1021 1891 1106 1950 64.

541 1981 641 2034 llis
685 1981 844 2036 Coss.
899 1982 1179 2040 Claudius
1207 1985 1357 2041 diem
1395 1986 1544 2043 obiit

466 2083 532 2124 ιιι
564 2071 666 2136 ;id.
711 2071 831 2126 Oct.
863 2073 1048 2130 aetatis
1077 2088 1230 2132 anno
1251 2091 1402 2148 wa,
1435 2081 1551 2135 im-

463 2159 616 2227 perii
674 2174 791 2214 χιν.
845 2162 1075 2218 Sueton.
1137 2180 1186 2220 c.
1236 2164 1322 2222 45.
1372 2170 1550 2226 Natus

462 2247 658 2305 fuerat
697 2250 818 2306 Kal.
853 2252 996 2324 Aug.
1024 2254 1180 2310 Julio
1207 2255 1339 2311 Ant.
1387 2257 1550 2314 Afri-

465 2353 634 2409 cano,
668 2345 726 2396 et
755 2341 816 2410 Q.
841 2343 1011 2399 Fabio
1038 2344 1180 2399 Max.
1208 2345 1364 2402 Coss.

537 2429 978 2486 SucceditNeno
1003 2448 1054 2502 p.
1082 2448 1157 2489 ιιι.
1186 2434 1326 2490 trib.
1364 2442 1476 2508 pot.
1511 2436 1558 2492 4.

533 2807 674 2877 Imp.
708 2807 846 2880 Caes,
897 2810 1044 2866 Nero
1071 2810 1272 2868 Claud.
1309 2812 1452 2884 Aug.
1483 2819 1554 2870 tr.

462 2911 517 2967 p.
547 2910 584 2951 1.
614 2911 677 2953 ιι.

687 2991 825 3068 imp.
856 2989 994 3068 Caes.
1015 2993 1162 3068 Ne_r_o
1183 2990 1384 3049 Claud.
1414 2994 1558 3068 Aug.

684 3062 744 3116 L.
776 3061 1068 3119 Antistius
1093 3065 1266 3120 Vetus

524 3150 706 3205 Tacit.
729 3151 795 3206 A.
825 3164 952 3221 xm,
984 3167 1045 3206 ιι.

521 3240 670 3295 Nero
741 3241 966 3296 Parthis
1025 3243 1294 3299 Armenia
1344 3245 1530 3314 pulsis

451 3327 658 3384 Urbem
705 3342 882 3385 ovans
913 3330 1256 3402 ingreditur.
1294 3334 1529 3390 Britan-

453 3417 648 3474 nicum
682 3424 862 3475 necat.
893 3419 1073 3477 Tacit.
1100 3421 1201 3478 ibi.

458 3021 618 3079 Coss.

522 3597 664 3666 Imp.
695 3596 832 3653 Caes.
868 3599 1014 3655 Nero
1071 3599 1271 3657 Claud.
1320 3601 1464 3674 Aug.
1497 3606 1549 3659 tr

459 3699 516 3754 p.
562 3699 626 3756 ιι,
679 3700 760 3741 ιιι.

678 3777 739 3845 Q.
766 3778 1034 3836 Volusius
1059 3781 1408 3838 Saturninus

459 3807 620 3866 COSS.
678 3807 739 3845 κδ’
776 3807 1034 3862 ’ωυδιιξδ
1059 3807 1300 3865 cucurrit.

677 3851 736 3903 P.
763 3848 1070 3908 Cornelius
1106 3853 1300 3924 SClplo

516 3936 696 3993 Tacit.
731 3937 876 3995 Ann.
913 3955 1034 4011 xm,
1199 3943 1394 4000 Otium
1429 3943 1520 4002 fo-

449 4023 549 4094 ris,
578 4023 728 4083 faeda
757 4027 914 4085 domi
942 4029 1196 4088 luxuria.
1231 4032 1336 4088 lbi.

1664 1559 1771 1619 806

1664 1648 1920 1747 807B

1646 2813 1752 2872 807

1642 2903 1750 2963 808

1849 3007 1898 3087 (ι

1631 3601 1739 3660 808

1626 3690 1731 3749 809

1829 4376 1884 4437 D

507 4842 643 4912 Imp.
669 4843 810 4900 Caes.
858 4846 1005 4902 Nero
1032 4845 1233 4905 Claud.
1283 4849 1426 4922 Aug.
1462 4854 1552 4906 tr.-
1617 4851 1725 4909 809

443 4944 494 4999 p.
531 4945 613 5002 ιιι,
642 4947 716 4989 tv.

645 5023 796 5099 Nero
820 5024 1106 5099 Claudius
1134 5026 1279 5099 Aug.
1336 5042 1396 5084 li.

649 5095 706 5149 L.
738 5095 1093 5166 Calpurnius
1123 5095 1254 5154 Piso

500 5182 678 5238 Tacit.
713 5184 862 5239 Ann.
893 5200 1017 5257 xm,
1049 5184 1139 5242 34.

498 5269 750 5327 Colonia:
782 5274 994 5345 Capua,
1023 5281 1078 5331 et
1103 5277 1366 5348 Nuceria,
1397 5281 1508 5336 ad-

431 5357 573 5416 ditis
600 5363 906 5436 veteranis,
942 5364 1177 5421 ﬁrmatae
1215 5373 1370 5424 sunt.
1398 5369 1503 5425 lbi.

433 5054 593 5112 Coss.

1619 4939 1727 5000 840

2000 437 2207 513 Olymp.

2056 1651 2119 1693 III

2041 2808 2105 2853 Ill

2051 2899 2107 2940 IV

2010 3591 2117 3652 208
2277 3599 2428 3654 Petri
2457 3598 2547 3668 28,
2572 3597 2659 3654 29.
2693 3602 2853 3656 Rom.
2876 3601 3040 3658 Sedis
3068 3599 3154 3673 46,
3190 3599 3276 3659 47.

2027 3697 2082 3739 ιν
2190 3686 2464 3755 Quadrati
2513 3688 2742 3759 praesid.
2793 3689 2847 3762 5,
2903 3689 2956 3762 6,
3012 3691 3278 3764 Agrippae

2013 3770 2121 3829 209
2196 3776 2347 3847 regis
2371 3773 2426 3847 8,
2460 3774 2514 3832 9.

2044 3879 2062 3916 Ι

2332 449 2581 530 {tutorum
2618 453 2980 530 populorum,_
3018 449 3316 530 Pontifices,

2323 520 2508 592 Reges,
2537 537 2623 575 res
2649 528 2808 591 gestae
2845 530 2896 578 et
2942 520 3278 584 documenta.

2251 751 2358 807 lam
2413 754 2481 809 ad
2545 753 2898 829 Corinthios,
2953 771 3020 815 ex
3070 759 3325 830 ejusdem

2247 841 2514 911 Epistolae
2561 859 2682 915 cap.
2719 846 2822 902 ult.

2315 929 2595 990 Claudius
2610 948 2758 990 anno
2778 936 3004 1006 imperii
3022 952 3102 992 xu
3122 938 3325 1010 Agrip-

2247 1033 2372 1088 pam
2406 1035 2588 1093 regem
2617 1023 2791 1080 donat
2820 1026 3074 1097 Philippi
3109 1034 3323 1084 tetrar-

2241 1107 2392 1176 chia,
2445 1116 2501 1165 et
2559 1112 2836 1184 Batanaaa,
2892 1119 2948 1170 et
2993 1115 3320 1174 ditionibus

2239 1195 2376 1252 olim
2436 1199 2711 1270 Lysanize,
2783 1203 3207 1275 Trachonitide,
3265 1213 3321 1262 et

2237 1283 2490 1342 Abilina.
2560 1290 2888 1348 Chalcidem
2945 1308 3078 1351 vero
3133 1295 3316 1352 eidem

2237 1373 2499 1446 abstulit,
2528 1381 2624 1435 cui
2661 1380 2964 1449 praefuerat
2995 1385 3319 1455 quadrien—

2236 1465 2354 1522 nio.
2386 1467 2614 1539 Joseph.
2653 1485 2750 1541 xx,

2311 1555 2482 1624 Petri,
2506 1555 2596 1628 26,
2627 1556 2713 1614 27.
2743 1562 2901 1617 Rom.
2934 1563 3060 1619 Sed.
3097 1561 3183 1633 44,
3219 1563 3306 1621 45.

2240 1643 2516 1712 Quadrati
2577 1663 2659 1716 pr.
2715 1648 2769 1716 3,
2813 1647 2864 1704 4.
2918 1651 3126 1707 Felicis
3159 1665 3314 1721 proc.

2234 1729 2286 1801 3,
2344 1731 2395 1786 4.
2429 1735 2697 1806 Agrippae
2729 1752 2844 1810 reg.
2891 1741 3018 1808 jun.
3047 1738 3100 1810 6,
3150 1737 3204 1796 7.

2305 1820 2534 1890 Paulus,
2569 1825 2791 1894 expleto
2820 1827 3024 1896 Ephesi
3055 1827 3310 1898 biennio,

2231 1907 2618 1967 Macedoniam
2649 1913 2870 1984 invisit,
2902 1921 2959 1971 et
2988 1929 3088 1986 per
3116 1918 3310 1973 Asiam

2198 1998 2460 2070 .navigat
2492 2000 2549 2055 in
2580 2002 2821 2072 Syriam.
2857 2003 2977 2061 Act.
3014 2019 3112 2061 xx.

2299 2085 2545 2144 Rumore
2572 2092 2642 2148 de
2667 2093 2895 2149 Parthis
2919 2095 3150 2150 Romam
3175 2109 3310 2164 per-

2230 2174 2343 2230 lato
2374 2179 2518 2234 Nero
2542 2180 2800 2236 delectus
2832 2183 3018 2252 habet,
3041 2188 3098 2239 et
3117 2184 3306 2239 socios

2226 2278 2384 2336 reges
2427 2267 2736 2340 Agrippam
2779 2272 3056 2341 Judaeum,
3099 2277 3154 2328 et
3181 2271 3307 2328 An-

2227 2354 2483 2412 tiochum
2560 2358 3003 2431 Commagenum
3057 2362 3304 2432 jungere

2225 2455 2381 2499 arma
2434 2459 2538 2502 sua
2591 2447 2757 2517 jubet
2806 2454 3002 2506 contra
3067 2450 3302 2506 Parthos

2223 2533 2333 2587 sub
2361 2535 2614 2592 Domitio
2645 2536 2990 2608 Corbulone,
3017 2552 3181 2609 quem
3207 2554 3302 2594 re-

2221 2622 2472 2680 tinendae
2499 2625 2782 2684 Armeniae
2833 2627 3091 2698 praeficit.
3118 2627 3297 2686 Tacit.

2219 2724 2347 2782 χιιι,
2375 2711 2429 2785 9,
2455 2710 2508 2783 7,
2531 2712 2586 2770 8.

2282 2802 2432 2858 Petri
2459 2799 2548 2874 27,
2582 2801 2669 2859 28.
2699 2807 2860 2863 Rom.
2891 2807 3020 2864 Sed.
3052 2806 3138 2879 45,
3194 2805 3286 2865 46.

2213 2887 2490 2958 Quadrati
2525 2907 2678 2962 proc.
2713 2892 2765 2965 4,
2815 2895 2871 2950 5.
2901 2896 3112 2952 Felicis
3138 2911 3293 2967 proc.

2213 2975 2266 3046 4,
2320 2975 2372 3033 5.
2403 2979 2670 3050 Agrippae
2721 2983 2872 3055 regis
2890 2979 2944 3056 7,
2977 2980 3032 3054 8,
3062 2984 3164 3055 qui
3193 2987 3297 3042 Jo-

2212 3067 2444 3124 natham
2497 3070 2626 3125 Jud.
2677 3073 3002 3142 pontiﬁcem
3060 3087 3159 3144 per
3205 3075 3292 3130 si-

2209 3155 2398 3210 carios
2433 3162 2613 3227 necat,
2651 3160 2991 3218 succedente
3030 3162 3288 3219 Ismaele.

2208 3241 2404 3298 Phalei
2433 3243 2511 3298 ﬁl.

2277 3331 2490 3388 Paulus
2543 3333 2750 3404 quinto
2797 3335 2922 3392 adit
2966 3337 3289 3408 Hierosoly-

2207 3432 2351 3475 mam
2381 3422 2534 3478 circa
2555 3424 2972 3480 Pentecostem:
3002 3427 3048 3480 A
3077 3425 3292 3482 Judaeis

2201 3510 2445 3579 capitur,
2479 3519 2534 3568 et
2565 3511 2736 3567 Felici
2761 3513 3007 3568 sistitur.
3043 3513 3165 3570 Act.
3189 3511 3280 3570 24.

2277 3599 2428 3654 Petri
2457 3598 2547 3668 28,
2572 3597 2659 3654 29.
2693 3602 2853 3656 Rom.
2876 3601 3040 3658 Sedis
3068 3599 3154 3673 46,
3190 3599 3276 3659 47.

2269 3865 2328 3919 Β.
2358 3868 2559 3922 Petrus
2591 3867 2824 3924 Romam
2865 3883 3136 3927 reversus
3184 3873 3283 3929 dat

2201 3954 2442 4024 primam
2493 3969 2654 4012 suam
2697 3957 3014 4027 Epistolam
3042 3960 3111 4016 ad
3161 3960 3285 4017 ele-

2197 4047 2320 4099 ctos
2387 4043 2770 4115 dispersionis
2847 4047 3034 4120 Ponti,
3101 4048 3282 4107 Gala-

2201 4131 2315 4199 tiae,
2350 4139 2460 4189 etc.

2268 4223 2434 4278 Felici
2493 4224 2550 4280 in
2629 4225 3031 4295 procuratione
3073 4229 3282 4286 Judreae

2199 4313 2458 4369 succedit
2515 4314 2734 4370 Portius
2784 4318 2993 4372 Festus.
3071 4317 3281 4376 Felicis

2199 4402 2268 4457 ad
2303 4402 2558 4460 tribunal
2590 4404 2828 4462 sistitur
2877 4406 3109 4464 Paulus.
3148 4407 3276 4466 Act.

2196 4503 2354 4560 xxxv,
2384 4499 2440 4546 et
2465 4505 2594 4547 cum
2641 4493 2772 4548 ﬁdei
2819 4508 3051 4551 causam
3085 4511 3276 4554 coram

2197 4579 2321 4646 illo,
2375 4585 2431 4634 et
2473 4594 2822 4648 successore,
2880 4597 3096 4640 necnon
3149 4599 3279 4658 rege

2193 4667 2458 4738 dixisset,
2484 4668 2759 4726 Caasarem
2784 4671 3055 4743 appellat,
3084 4679 3139 4730 et
3157 4675 3278 4730 Ro—

2194 4769 2339 4812 mam
2372 4757 2646 4815 mittitur.
2678 4759 2803 4816 Act.
2840 4774 2973 4831 xxv,
3009 4776 3161 4820 xxvr.

2258 4847 2407 4901 Petri
2431 4845 2520 4918 29,
2549 4846 2635 4904 30.
2665 4850 2823 4906 Rom.
2873 4850 3001 4905 Sed.
3032 4848 3118 4920 47,
3171 4851 3256 4907 48.

2189 4931 2465 5001 Quadrati
2545 4950 2706 5004 praes.
2762 4936 2815 5006 6,
2888 4933 2943 4990 7.
3003 4937 3270 5010 Agrippa:

2193 5022 2347 5092 regis
2403 5018 2458 5092 9,
2518 5019 2602 5077 40.
2663 5024 2813 5080 Festi
2869 5037 3026 5094 proc.
3083 5023 3135 5100 4,
3211 5026 3267 5086 2.

2186 5109 2443 5166 Ismaelis
2475 5110 2679 5182 pontif.
2713 5109 2760 5167 4.

2256 5201 2456 5256 Petrus
2508 5203 2827 5260 constituto
2859 5203 3001 5262 Lino
3030 5206 3264 5267 Vicario

2188 5290 2513 5359 provincias
2544 5292 2928 5350 occidentales
2959 5296 3178 5370 visitat,
3206 5304 3263 5356 et

2183 5379 2480 5450 episcopos
2509 5396 2606 5452 per
2626 5383 2912 5440 civitates.

2256 5467 2595 5526 Adventanti
2628 5473 2860 5529 Romam
2914 5475 3108 5546 Paulo,
3156 5477 3261 5547 qui

2190 5561 2315 5625 post
2342 5557 2704 5631 naufragium
2732 5562 2982 5618 Melitam
3012 5565 3258 5635 appule-

3511 263 3616 325 466

3397 389 3553 444 Anni

3412 463 3550 515 xErze

3445 530 3538 586 Ch.

3424 1562 3496 1620 54

3348 3693 3497 3750 Biss.‘

3370 4849 3438 4908 57
