4032 6168
427 209 535 268 467

1220 215 1312 270 AD
1352 213 1786 274 ANASTASIUM
1817 216 2331 279 PROLEGOMENA
2365 224 2542 281 EDIT.
2589 227 3012 285 ROM.-—VATIC.

3725 225 3826 285 468

507 338 698 425 Anni.
724 342 1101 410 Imperatores.
1169 343 1443 425 Consules,
1517 348 1792 425 Romano-
1851 346 2021 425 432711:
2077 346 2137 407 A
2225 350 2380 425 Anni
2457 354 2910 417 Christianorum,
2976 358 3285 411 Judaorum
3310 361 3361 410 et
3403 358 3541 425 ﬁni—
3604 356 3755 409 Anni

427 410 716 533 ἓπὼσῇμι.
792 428 934 475 rum,
962 429 1047 469 res
1071 423 1255 483 gesta,
1277 423 1327 472 et
1343 418 1680 473 documenta.

1864 418 2022 475 U.C

1791 493 1916 542 ante
1962 492 2015 542 et

580 552 634 620 Β
1619 619 1633 629 ,
1774 564 1902 629 post
1941 559 2063 614 Pal.

494 1043 626 1103 4774
777 1048 899 1118 Imp
948 1046 1070 1102 Cas
1115 1049 1265 1104 Nero
1320 1047 1496 1106 Claud
1530 1051 1657 1122 Aug
1703 1058 1773 1107 tr.

485 1133 572 1207 44,
615 1133 652 1190 2
714 1150 767 1205 p.
798 1148 957 1207 vnv.

713 1257 869 1322 eo...
926 1228 1219 1322 aream
1244 1228 1422 1322 mead
1455 1227 1582 1322 eis

921 1300 994 1353 M.
1025 1299 1287 1355 Valerius
1312 1299 1571 1356 Messala.

775 1388 937 1445 Taeit
981 1388 1088 1443 An.
1149 1401 1276 1456 xm,
1306 1384 1394 1443 34.
1446 1398 1451 1403 '

773 1480 929 1533 Inter
952 1476 1191 1532 Parthos
1230 1478 1626 1548 Romanosque
1654 1492 1793 1548 pro-

702 1567 939 1624 telatum
1010 1565 1081 1621 de
1141 1566 1450 1622 obtinenda
1521 1568 1789 1626 Armenia

702 1655 940 1722 bellum,
981 1654 1156 1724 hujus
1193 1655 1331 1709 anni
1384 1655 1533 1712 intio
1576 1659 1788 1716 acriter

699 1743 1036 1799 resumitur.
1088 1741 1367 1798 Tiridatis
1410 1743 1787 1803 calliditatem

699 1830 1042 1888 Corbulanis
1077 1831 1267 1887 virtus
1288 1832 1470 1887 armis
1497 1842 1788 1906 appugnat

697 1920 989 1991 Artaxata,
1045 1920 1177 1992 igne
1224 1924 1442 1977 vastata

482 2339 625 2400 4772
786 2346 909 2415 Imp
964 2348 1112 2403 Nero
1166 2347 1345 2404 Claud
1417 2351 1545 2422 Aug
1596 2355 1668 2407 tr.
1718 2367 1770 2423 p.

485 2430 572 2504 42,
604 2430 640 2488 3
712 2447 770 2506 ν,
798 2447 881 2488 v1.

532 2522 579 2577 G
702 2558 838 2597 nn“
920 2523 1341 2597 L._Yipsanius
1387 2528 1781 2597 Apronianus.

917 2597 978 2652 L.
1010 2595 1282 2652 Fonteius
1307 2595 1529 2667 Capito.

707 2678 715 2683 ’
762 2688 872 2741 Tac
894 2682 1022 2740 Ann
1063 2699 1179 2755 xxv,
1208 2684 1258 2740 4.

767 2776 917 2830 Nero
942 2789 1041 2844 per
1073 2777 1277 2833 matris
1302 2777 1680 2846 parricidium
1709 2782 1780 2837 ad

691 2864 929 2934 nuptias
949 2864 1241 2921 adulteras
1264 2867 1516 2937 P0ppaa
1536 2869 1776 2940 gradum

691 2951 851 3010 facit.
904 2952 1057 3010 Solis
1081 2951 1338 3012 defectus
1369 2956 1428 3012 in
1469 2955 1779 3028 Campania

693 3046 984 3113 spectatus
1046 3041 1198 3099 inter
1252 3043 1446 3101 horam
1479 3043 1514 3101 7
1550 3051 1604 3103 et
1628 3045 1683 3114 8,
1716 3049 1774 3102 in

689 3131 960 3187 Armenia
990 3145 1122 3188 vero
1154 3132 1304 3188 inter
1358 3130 1425 3190 40
1449 3139 1504 3189 et
1535 3131 1559 3188 4
1571 3131 1616 3190 4.
1652 3134 1781 3191 Pli-

702 2558 856 2616 Cosa.

691 3210 830 3277 nius
855 3218 938 3276 lib
978 3234 1042 3291 ιι,
1082 3235 1186 3290 cap
1210 3217 1300 3277 70.
1346 3221 1537 3278 Roma
1581 3223 1641 3277 in
1670 3222 1798 3279 hac‘

624 3310 899 3380 .eclipsi
1004 3310 1184 3367 stella
1272 3310 1530 3367 interdiu
1618 3313 1775 3369 visa.

685 3400 846 3458 Taeit
896 3413 1015 3472 xxv,
1062 3395 1149 3467 42,
1198 3403 1254 3456 et
1297 3400 1647 3471 Xiphilinus
1709 3415 1778 3457 ex

690 3490 891 3546 Dione.
943 3489 1203 3563 Contigit
1244 3489 1338 3545 die
1357 3488 1426 3547 30
1449 3488 1673 3560 Aprilis
1692 3503 1762 3545 ex

692 3578 815 3635 Tali
855 3577 1295 3635 Astronomicis.

491 3756 633 3816 4773
776 3760 898 3828 Imp
944 3759 1091 3813 Nero
1159 3757 1338 3813 Cland
1391 3759 1518 3830 Aug
1568 3764 1641 3815 tr.
1710 3775 1764 3831 p.

466 3847 553 3920 43,
615 3845 651 3902 4
704 3860 912 3917 v1,vu.

485 3938 532 3991 Ε
580 3937 630 3990 Ε
702 3970 862 4027 Coss.
922 3936 1058 4027 ΗῙῘΡ.
1067 3931 1528 4027 ἓθνοηὲίῖιῖᾳείὶῖδ
1555 3933 1777 4027 Aug.”

849 4011 862 4023 '
923 4005 1135 4061 Cossus
1210 4003 1514 4067 Cornelius
1629 4003 1780 4061 IIen-

766 4095 947 4153 tulus.

2307 1026 2349 1063 II

2297 1113 2360 1151 III

1877 1052 1984 1112 840

1869 1140 1968 1198 844

2289 2356 2354 2394 III

1874 2438 1982 2498 842
2300 2444 2359 2484 1V

1866 3759 1976 3819 842

1864 3848 1971 3905 843

2212 420 2421 494 Olymp.

2533 430 2789 482 timorum
2835 430 3181 497 populorum,
3229 429 3539 495 Pontiﬁces,
3614 428 3760 497 A/Era

2531 501 2719 566 Reges,
2773 495 2859 553 res
2890 495 3053 566 gesta
3098 504 3147 553 et
3198 499 3540 566 documenta:
3594 495 3798 551 Christi

2467 662 2576 727 rat,
2623 661 2679 714 et
2722 660 3051 731 Syracusas,
3082 658 3289 714 deinde
3332 659 3547 714 Puteo—

2467 746 2576 817 los,
2609 746 2803 804 ﬁdeles
2854 748 3093 805 Romani
3127 750 3443 803 occurrunt
3473 745 3543 802 ad

2467 834 2653 892 forum
2708 836 2879 906 Appii
2925 837 2993 892 ad
3047 841 3161 892 tres
3233 834 3541 890 Tabernas.

2465 922 2656 980 Actor.
2685 939 2893 980 xxvm.

2543 1013 2693 1068 Petri
2720 1011 2808 1081 30,
2836 1010 2924 1067 34.
2957 1017 3094 1069 Rom
3119 1011 3285 1068 Sedis
3313 1010 3398 1080 48,
3452 1009 3537 1067 49.
3661 1010 3733 1068 58

2469 1099 2742 1170 Quadrati
2773 1116 2917 1171 pras
2942 1097 2998 1166 7,
3025 1099 3079 1155 8.
3132 1100 3399 1172 Agrippa
3428 1101 3546 1156 Re—

2466 1189 2555 1259 gis
2583 1186 2669 1254 40,
2700 1187 2783 1244 44.
2815 1189 3073 1245 Ismaelis
3099 1189 3299 1247 Pontif
3318 1188 3372 1246 2.

2536 1277 2750 1333 Paulus
2803 1291 2904 1347 per
2959 1278 3064 1335 hoc
3112 1278 3412 1335 biennium
3464 1276 3552 1353 [ex

2465 1380 2570 1421 suo
2595 1366 2843 1423 adventu
2873 1365 3132 1443 Romam]
3167 1368 3225 1422 in
3270 1369 3551 1424 conducta

2464 1454 2632 1510 domo
2662 1455 2721 1509 in
2772 1454 2919 1511 Urbe
2945 1463 3221 1525 moratur,
3265 1460 3321 1511 et
3369 1455 3548 1511 libere

2466 1540 2765 1598 Christum
2799 1546 3093 1613 pradicat.
3148 1545 3294 1600 Hinc
3342 1544 3551 1600 scribit

2464 1631 2752 1701 Epistolas
2778 1633 2847 1687 ad
2869 1633 3120 1700 Galatas,
3150 1633 3218 1688 ad
3248 1633 3542 1702 Ephesios,

2465 1721 2534 1777 ad
2562 1721 2981 1792 Philippenses,
3032 1724 3101 1778 ad
3139 1722 3540 1779 Colossenses:

2463 1815 2520 1865 et
2548 1811 2701 1866 circa
2752 1811 2858 1866 hoc
2884 1814 3111 1881 tempus
3160 1810 3550 1881 apostolorum

2459 1898 2595 1954 Acta
2613 1917 2628 1968 ;
2654 1900 2714 1954 in
2731 1899 2878 1956 Urbe
2897 1900 3115 1970 pariter
3127 1899 3335 1956 scribit
3350 1901 3546 1956 Lucas.

2532 1987 2580 2041 A
2626 1987 2916 2057 Quadrato
2964 1988 3141 2059 Syria
3185 1989 3432 2044 Praside
3457 1990 3550 2044 si-

2462 2076 2620 2147 gnati
2648 2078 2869 2132 nummi
2919 2091 3013 2132 an.
3069 2077 3314 2134 Neronis
3344 2083 3548 2148 quarto

2464 2163 2599 2218 ΕΠΙ
2631 2164 3157 2220 ΚΟΥΑΔΡΑΤΟΥ
3177 2166 3291 2220 ΕΤ.
3324 2168 3385 2219 Δ.
3409 2166 3549 2222 Vide

2460 2253 2649 2321 Noris,
2700 2253 2890 2323 Epoch
2942 2254 3302 2324 Syromaced.

2537 2341 2686 2397 Petri
2717 2339 2808 2411 34,
2840 2340 2929 2397 32.
2961 2343 3099 2399 Rom
3126 2343 3289 2400 Sedis
3318 2342 3402 2415 49,
3434 2342 3523 2400 20.
3642 2344 3716 2402 59

2466 2427 2741 2497 Quadrati
2813 2432 2963 2487 Pras
3027 2430 3081 2503 8,
3173 2431 3226 2487 9.
3280 2432 3545 2504 Agrippa

2461 2519 2633 2589 Regis
2665 2516 2750 2592 44,
2808 2516 2891 2574 42.
2923 2520 3183 2576 Ismaelis
3225 2523 3330 2578 Jud
3362 2521 3555 2592 pontif

2462 2606 2518 2679 2,
2549 2607 2603 2664 3.

2533 2699 2735 2754 Petrus
2798 2696 3111 2768 Apostolus
3163 2700 3548 2757 occidentales

2458 2787 2787 2842 Provincias
2816 2800 3140 2860 peragrans,
3170 2794 3225 2844 et
3254 2790 3550 2860 episcopos

2467 2875 2526 2930 in
2576 2876 2662 2931 eis
2712 2878 3072 2933 constituens
3116 2878 3338 2933 dicitur
3377 2879 3547 2934 etiam

2463 2968 2789 3034 penetrasse
2836 2966 2904 3021 ad
2980 2966 3304 3037 Britannos,
3356 2972 3422 3023 ut
3488 2969 3547 3023 in

2468 3052 2622 3109 notis
2645 3066 2754 3124 pag
2776 3052 2865 3124 53,
2898 3068 2967 3110 ex
3018 3055 3319 3112 Veteribus
3341 3057 3542 3126 Scrip—

2471 3142 2699 3198 toribus
2769 3143 2802 3198 a
2868 3144 3183 3201 Vendelino
3233 3145 3549 3201 observatis

2468 3230 2741 3287 traditur.

2207 3730 2289 3786 Ol.
2335 3727 2442 3787 209
2544 3731 2700 3786 Hetri
2740 3729 2830 3794 32,
2859 3730 2949 3788 33.
2978 3733 3118 3789 Rom
3148 3733 3313 3789 Sedis
3335 3730 3424 3800 20,
3451 3731 3542 3790 24.
3671 3733 3745 3791 60

2197 3835 2253 3873 Iv
2292 3823 2342 3873 et
2369 3835 2438 3874 ea:
2460 3819 2737 3889 Quadrati
2809 3820 2864 3891 9,
2921 3819 3005 3877 40.
3058 3822 3325 3893 Agrippa
3372 3823 3544 3895 Regis
3616 3824 3763 3879 Biss.

2184 3908 2305 3962 dieb
2326 3906 2558 3978 essu-42,
2613 3907 2698 3971 43,
2753 3911 2854 3979 qui
2906 3908 3109 3966 Amoto
3158 3911 3393 3966 Ismaele
3440 3914 3547 3968 Jud

2174 3999 2257 4050 vis
2305 3996 2459 4066 Olym
2473 3997 2742 4066 pontifice
2767 4005 3035 4069 surrogat
3061 3999 3328 4053 Simonem
3356 3998 3547 4069 Cabei,

2261 4083 2369 4142 240
2460 4086 2715 4142 Simonis
2741 4086 2880 4142 olim
2909 4087 3120 4142 summi
3152 4087 3442 4157 pontiﬁcis
3475 4088 3552 4142 ti-

766 4185 927 4240 Tacit
952 4185 1079 4238 Ann
1112 4197 1230 4252 xiv,
1274 4181 1365 4239 20.
1409 4183 1646 4239 Frontin
1692 4184 1764 4240 de
1834 4186 1981 4240 Ludi
2307 4191 2325 4227 ι

696 4273 1014 4344 Aquaduct
1070 4277 1186 4327 sect
1240 4268 1363 4327 402.
1445 4271 1655 4328 Gruter
1713 4287 1766 4344 p.
1831 4274 2013 4340 Quin-

699 4361 823 4432 408,
849 4375 917 4417 ex
937 4362 1179 4432 antiquo
1202 4360 1394 4431 lapide
1420 4360 1589 4417 hodie
1611 4374 1790 4418 asser-
1809 4380 2066 4434 quenna—
2096 4350 2150 4410 D

697 4456 827 4508 vato
853 4452 912 4506 in
942 4449 1163 4507 Palatio
1186 4451 1553 4507 Farnesiano.

1845 4455 1918 4509 les
1934 4456 1995 4508 in

733 4540 1778 4613 QuinquennaleludicrumRomain-
1817 4544 2031 4610 Urbem

699 4633 968 4690 stitutum
992 4630 1060 4687 ad
1083 4644 1294 4687 morem
1311 4629 1492 4687 Graci
1508 4632 1785 4688 certami-
1838 4633 2018 4686 stituti

699 4723 811 4778 nis.
841 4721 1073 4777 Nummi
1096 4727 1331 4791 veteres,
1349 4727 1405 4776 et
1426 4721 1659 4777 Tacitus
1677 4720 1780 4776 ibi.

360 4892 367 4897 ,
487 4827 629 4887 4774
774 4831 894 4900 Imp
940 4830 1087 4885 Nero
1152 4828 1332 4885 Claud
1381 4828 1507 4898 Aug
1544 4832 1618 4883 tr.
1675 4832 1772 4898 pot

486 4919 574 4993 44,
599 4919 636 4977 5
706 4934 810 4992 vn,
833 4932 959 4975 vui.

545 5015 587 5066 Β
709 5046 851 5103 Coss
923 5008 1317 5103 ῖῗὲἓὲίέίέξὲἓ
1341 5011 1548 5103 Ξίῗξῗῗὶ

927 5083 985 5136 Ρ.
1015 5082 1318 5137 Petronius
1342 5082 1740 5152 Turpilianus.

775 5172 902 5225 Tac.
937 5170 1001 5224 A.
1036 5185 1151 5240 xxv,
1201 5169 1290 5225 29.

1865 4826 1973 4885 843
2304 4829 2323 4867 ι

1874 4915 1980 4974 844
2303 4919 2344 4957 Π

2459 4174 2633 4239 lium;
2662 4187 2789 4229 mox
2807 4177 3087 4242 Ananum,
3108 4175 3227 4231 sive
3247 4176 3547 4231 Ananiam.

2454 4264 2662 4332 Joseph
2684 4277 2783 4333 xx,
2809 4260 2864 4333 7,
2891 4262 2945 4331 8,
2994 4278 3125 4320 cum
3157 4264 3355 4321 Ismael
3399 4278 3550 4335 pon—

2460 4350 2603 4407 tit‘ex
2655 4353 2725 4407 ad
2777 4354 3052 4408 Neronem
3105 4354 3327 4426 legatus
3375 4368 3549 4424 super

2456 4441 2705 4497 dissidio
2782 4443 3105 4499 Judaorum
3180 4457 3308 4498 cum
3386 4444 3549 4499 Festo

2462 4529 2833 4588 Procuratore
2879 4530 3065 4585 Roma
3089 4530 3255 4587 obses
3277 4531 3309 4586 a
3335 4531 3553 4589 Caesare

2460 4617 2833 4676 detineretur.

2530 4815 2681 4871 Petri
2710 4813 2799 4886 33,
2832 4813 2919 4871 34.
2945 4816 3082 4872 Rom
3133 4818 3295 4874 Sedis
3318 4816 3409 4888 24,
3442 4817 3533 4875 22.
3658 4817 3729 4877 64

2538 4904 2817 4970 Quadrato
2846 4918 2945 4985 per
2992 4907 3333 4965 decennium
3384 4910 3550 4980 Syria

2457 4993 2757 5048 Provincia
2822 4991 3020 5051 functo
3098 4997 3357 5053 succedit
3408 5000 3550 5055 Cor-

2463 5082 2604 5135 bula.

2524 5173 2678 5225 Festo
2704 5173 3065 5230 Procuratori
3092 5177 3298 5232 Judaa
3324 5191 3539 5233 sexen-

2457 5260 2616 5313 nium
2647 5261 3173 5319 administrationis
3199 5268 3389 5336 agenti
3423 5281 3548 5322 suc-

2456 5347 2611 5402 cedit
2637 5348 2893 5402 Albinus.

2526 5437 2695 5507 Regis
2724 5438 2986 5509 Agrippa
3014 5455 3124 5496 ann
3155 5442 3236 5507 43,
3272 5440 3355 5497 44.
3378 5445 3544 5499 Ana-

2458 5526 2512 5581 ni
2570 5526 2760 5595 pontii
2797 5529 2899 5582 Jud
2951 5527 3039 5597 80,
3089 5533 3253 5598 jussu
3298 5532 3545 5587 Iacobus
