  <div class='ocr_page' id='page_1' title='image "/cluster/home/n/w/nwhite01/storage/ocr_20150623/127/hvd.32044054759881/240.png"; bbox 0 0 3998 6176; ppageno 0'>
   <div class='ocr_carea' id='block_1_1' title="bbox 210 289 2602 357">
    <p class='ocr_par' dir='ltr' id='par_1_1' title="bbox 210 289 2602 357">
     <span class='ocr_line' id='line_1_1' title="bbox 210 289 2602 357; baseline 0.005 -20"><span class='ocrx_word' id='word_1_1' title='bbox 210 289 288 348; x_wconf 68' lang='grc'>469</span> <span class='ocrx_word' id='word_1_2' title='bbox 1161 291 1497 349; x_wconf 82' lang='lat' dir='ltr'><strong>CHRONOL.</strong></span> <span class='ocrx_word' id='word_1_3' title='bbox 1557 293 1836 349; x_wconf 83' lang='lat' dir='ltr'><strong>CONSUL.</strong></span> <span class='ocrx_word' id='word_1_4' title='bbox 1896 294 1982 348; x_wconf 86' lang='lat' dir='ltr'><strong>ET</strong></span> <span class='ocrx_word' id='word_1_5' title='bbox 2023 293 2181 349; x_wconf 65' lang='lat' dir='ltr'><strong>CIES.</strong></span> <span class='ocrx_word' id='word_1_6' title='bbox 2232 294 2399 349; x_wconf 75' lang='lat' dir='ltr'><strong>ROM.</strong></span> <span class='ocrx_word' id='word_1_7' title='bbox 2456 297 2602 357; x_wconf 83' lang='lat' dir='ltr'><strong>ETC.</strong></span> 
     </span>
    </p>
   </div>
   <div class='ocr_carea' id='block_1_2' title="bbox 3474 303 3580 364">
    <p class='ocr_par' dir='ltr' id='par_1_2' title="bbox 3474 303 3580 364">
     <span class='ocr_line' id='line_1_2' title="bbox 3474 303 3580 364; baseline 0.028 -3"><span class='ocrx_word' id='word_1_8' title='bbox 3474 303 3580 364; x_wconf 99' lang='grc'><strong>470</strong></span> 
     </span>
    </p>
   </div>
   <div class='ocr_carea' id='block_1_3' title="bbox 254 413 3504 493">
    <p class='ocr_par' dir='ltr' id='par_1_3' title="bbox 254 413 3504 493">
     <span class='ocr_line' id='line_1_3' title="bbox 254 413 3504 493; baseline 0.006 -30"><span class='ocrx_word' id='word_1_9' title='bbox 254 415 384 493; x_wconf 61' lang='lat' dir='ltr'><strong>Anni</strong></span> <span class='ocrx_word' id='word_1_10' title='bbox 422 414 832 493; x_wconf 58' lang='lat' dir='ltr'><strong>dmperatorrs,</strong></span> <span class='ocrx_word' id='word_1_11' title='bbox 919 415 1192 493; x_wconf 73' lang='lat' dir='ltr'><strong>Consules,</strong></span> <span class='ocrx_word' id='word_1_12' title='bbox 1227 488 1237 493; x_wconf 89' lang='lat'><em>_</em></span> <span class='ocrx_word' id='word_1_13' title='bbox 1275 418 1551 470; x_wconf 80' lang='lat' dir='ltr'><strong>Romano—</strong></span> <span class='ocrx_word' id='word_1_14' title='bbox 1608 417 1762 493; x_wconf 60' lang='lat' dir='ltr'><strong>Anni</strong></span> <span class='ocrx_word' id='word_1_15' title='bbox 1852 413 1915 474; x_wconf 86' lang='lat' dir='ltr'><strong>A</strong></span> <span class='ocrx_word' id='word_1_16' title='bbox 1977 417 2155 493; x_wconf 65' lang='grc' dir='ltr'><strong>Δᾼηηὶ</strong></span> <span class='ocrx_word' id='word_1_17' title='bbox 2212 417 2669 487; x_wconf 62' lang='grc' dir='ltr'><strong>ϐΙινίετπαηοηιιη,</strong></span> <span class='ocrx_word' id='word_1_18' title='bbox 2720 424 3032 478; x_wconf 65' lang='lat' dir='ltr'><strong>Judworum</strong></span> <span class='ocrx_word' id='word_1_19' title='bbox 3073 429 3124 478; x_wconf 84' lang='lat' dir='ltr'><strong>et</strong></span> <span class='ocrx_word' id='word_1_20' title='bbox 3150 427 3290 493; x_wconf 81' lang='lat' dir='ltr'><strong>ﬁni—</strong></span> <span class='ocrx_word' id='word_1_21' title='bbox 3346 428 3504 483; x_wconf 85' lang='lat' dir='ltr'><strong>Anni</strong></span> 
     </span>
    </p>
   </div>
   <div class='ocr_carea' id='block_1_4' title="bbox 216 484 1782 611">
    <p class='ocr_par' dir='ltr' id='par_1_4' title="bbox 216 484 1782 611">
     <span class='ocr_line' id='line_1_4' title="bbox 216 484 1767 551; baseline 0 -12"><span class='ocrx_word' id='word_1_22' title='bbox 216 489 310 539; x_wconf 79' lang='lat' dir='ltr'><strong>Per.</strong></span> <span class='ocrx_word' id='word_1_23' title='bbox 354 484 457 537; x_wconf 83' lang='lat' dir='ltr'><strong>Jul.</strong></span> <span class='ocrx_word' id='word_1_24' title='bbox 556 498 696 550; x_wconf 78' lang='lat' dir='ltr'><strong>rum,</strong></span> <span class='ocrx_word' id='word_1_25' title='bbox 750 498 836 535; x_wconf 61' lang='lat' dir='ltr'><strong>res</strong></span> <span class='ocrx_word' id='word_1_26' title='bbox 884 491 1068 551; x_wconf 65' lang='lat' dir='ltr'><strong>gestas,</strong></span> <span class='ocrx_word' id='word_1_27' title='bbox 1116 492 1164 540; x_wconf 77' lang='lat' dir='ltr'><strong>et</strong></span> <span class='ocrx_word' id='word_1_28' title='bbox 1202 488 1533 541; x_wconf 77' lang='lat' dir='ltr'><strong>documenta.</strong></span> <span class='ocrx_word' id='word_1_29' title='bbox 1610 489 1672 541; x_wconf 86' lang='lat' dir='ltr'><strong>U.</strong></span> <span class='ocrx_word' id='word_1_30' title='bbox 1709 486 1767 541; x_wconf 82' lang='lat' dir='ltr'><strong>C.</strong></span> 
     </span>
     <span class='ocr_line' id='line_1_5' title="bbox 232 555 1782 611; baseline 0.001 -2"><span class='ocrx_word' id='word_1_31' title='bbox 232 555 428 611; x_wconf 67' lang='lat' dir='ltr'><strong>cla/cli.</strong></span> <span class='ocrx_word' id='word_1_32' title='bbox 472 588 479 593; x_wconf 90' lang='lat'>-</span> <span class='ocrx_word' id='word_1_33' title='bbox 1559 563 1685 611; x_wconf 90' lang='lat' dir='ltr'><strong>ante</strong></span> <span class='ocrx_word' id='word_1_34' title='bbox 1733 563 1782 611; x_wconf 85' lang='lat' dir='ltr'><strong>et</strong></span> 
     </span>
    </p>
   </div>
   <div class='ocr_carea' id='block_1_5' title="bbox 1559 573 1759 611">
    <p class='ocr_par' dir='ltr' id='par_1_5' title="bbox 1559 573 1759 611">
     <span class='ocr_line' id='line_1_6' title="bbox 1559 573 1759 611; baseline 0 0"><span class='ocrx_word' id='word_1_35' title='bbox 1559 573 1685 611; x_wconf 83' lang='lat' dir='ltr'><strong>ante</strong></span> <span class='ocrx_word' id='word_1_36' title='bbox 1733 573 1759 611; x_wconf 75' lang='grc' dir='ltr'><em>ϐ</em></span> 
     </span>
    </p>
   </div>
   <div class='ocr_carea' id='block_1_6' title="bbox 269 623 1817 702">
    <p class='ocr_par' dir='ltr' id='par_1_6' title="bbox 269 623 1817 702">
     <span class='ocr_line' id='line_1_7' title="bbox 269 623 1817 702; baseline -0.012 -2"><span class='ocrx_word' id='word_1_37' title='bbox 269 623 387 701; x_wconf 55' lang='lat'><strong>@335</strong></span> <span class='ocrx_word' id='word_1_38' title='bbox 1535 634 1659 702; x_wconf 85' lang='lat' dir='ltr'><strong>post</strong></span> <span class='ocrx_word' id='word_1_39' title='bbox 1698 629 1817 683; x_wconf 84' lang='lat' dir='ltr'><strong>Pal.</strong></span> 
     </span>
    </p>
   </div>
   <div class='ocr_carea' id='block_1_7' title="bbox 232 555 479 619">
    <p class='ocr_par' dir='ltr' id='par_1_7' title="bbox 232 555 479 619">
     <span class='ocr_line' id='line_1_8' title="bbox 232 555 479 619; baseline -0.008 -10"><span class='ocrx_word' id='word_1_40' title='bbox 232 562 268 609; x_wconf 77' lang='lat' dir='ltr'><strong>et</strong></span> <span class='ocrx_word' id='word_1_41' title='bbox 289 555 428 619; x_wconf 76' lang='lat' dir='ltr'><strong>cycli.</strong></span> <span class='ocrx_word' id='word_1_42' title='bbox 472 588 479 593; x_wconf 90' lang='lat'>-</span> 
     </span>
    </p>
   </div>
   <div class='ocr_carea' id='block_1_8' title="bbox 528 769 1533 839">
    <p class='ocr_par' dir='ltr' id='par_1_8' title="bbox 528 769 1533 839">
     <span class='ocr_line' id='line_1_9' title="bbox 528 769 1533 839; baseline 0.006 -17"><span class='ocrx_word' id='word_1_43' title='bbox 528 770 726 839; x_wconf 86' lang='lat' dir='ltr'><strong>Magna</strong></span> <span class='ocrx_word' id='word_1_44' title='bbox 754 769 943 825; x_wconf 80' lang='lat' dir='ltr'><strong>clades</strong></span> <span class='ocrx_word' id='word_1_45' title='bbox 976 769 1135 825; x_wconf 87' lang='lat' dir='ltr'><strong>illata</strong></span> <span class='ocrx_word' id='word_1_46' title='bbox 1175 772 1447 827; x_wconf 82' lang='lat' dir='ltr'><strong>Romanis</strong></span> <span class='ocrx_word' id='word_1_47' title='bbox 1475 774 1533 828; x_wconf 91' lang='lat' dir='ltr'><strong>in</strong></span> 
     </span>
    </p>
   </div>
   <div class='ocr_carea' id='block_1_9' title="bbox 457 856 1535 917">
    <p class='ocr_par' dir='ltr' id='par_1_9' title="bbox 457 856 1535 917">
     <span class='ocr_line' id='line_1_10' title="bbox 457 856 1535 917; baseline 0.006 -7"><span class='ocrx_word' id='word_1_48' title='bbox 457 856 777 911; x_wconf 77' lang='lat' dir='ltr'><strong>Britannia.</strong></span> <span class='ocrx_word' id='word_1_49' title='bbox 825 858 1171 915; x_wconf 90' lang='lat' dir='ltr'><strong>Camalodun</strong></span> <span class='ocrx_word' id='word_1_50' title='bbox 1184 874 1271 915; x_wconf 93' lang='lat' dir='ltr'><strong>um</strong></span> <span class='ocrx_word' id='word_1_51' title='bbox 1298 861 1535 917; x_wconf 82' lang='lat' dir='ltr'><strong>Colonia</strong></span> 
     </span>
    </p>
   </div>
   <div class='ocr_carea' id='block_1_10' title="bbox 452 946 1603 1006">
    <p class='ocr_par' dir='ltr' id='par_1_10' title="bbox 452 946 1603 1006">
     <span class='ocr_line' id='line_1_11' title="bbox 452 946 1603 1006; baseline 0.003 -6"><span class='ocrx_word' id='word_1_52' title='bbox 452 946 661 1000; x_wconf 82' lang='lat' dir='ltr'><strong>ducta:</strong></span> <span class='ocrx_word' id='word_1_53' title='bbox 690 946 785 1000; x_wconf 48' lang='lat' dir='ltr'><strong>seal</strong></span> <span class='ocrx_word' id='word_1_54' title='bbox 822 946 880 1000; x_wconf 89' lang='lat' dir='ltr'><strong>in</strong></span> <span class='ocrx_word' id='word_1_55' title='bbox 908 960 972 1002; x_wconf 89' lang='lat' dir='ltr'><strong>ea</strong></span> <span class='ocrx_word' id='word_1_56' title='bbox 998 949 1211 1003; x_wconf 86' lang='lat' dir='ltr'><strong>civium</strong></span> <span class='ocrx_word' id='word_1_57' title='bbox 1244 963 1307 1004; x_wconf 91' lang='lat' dir='ltr'><strong>ac</strong></span> <span class='ocrx_word' id='word_1_58' title='bbox 1335 951 1532 1006; x_wconf 88' lang='lat' dir='ltr'><strong>socio—</strong></span> <span class='ocrx_word' id='word_1_59' title='bbox 1594 950 1603 967; x_wconf 95' lang='lat'><strong><em>‘</em></strong></span> 
     </span>
    </p>
   </div>
   <div class='ocr_carea' id='block_1_11' title="bbox 452 1031 1532 1095">
    <p class='ocr_par' dir='ltr' id='par_1_11' title="bbox 452 1031 1532 1095">
     <span class='ocr_line' id='line_1_12' title="bbox 452 1031 1532 1095; baseline 0.006 -6"><span class='ocrx_word' id='word_1_60' title='bbox 452 1049 577 1091; x_wconf 93' lang='lat' dir='ltr'><strong>rum</strong></span> <span class='ocrx_word' id='word_1_61' title='bbox 598 1031 671 1090; x_wconf 82' lang='lat'><strong>70</strong></span> <span class='ocrx_word' id='word_1_62' title='bbox 703 1035 889 1091; x_wconf 85' lang='lat' dir='ltr'><strong>millia</strong></span> <span class='ocrx_word' id='word_1_63' title='bbox 919 1038 1127 1092; x_wconf 88' lang='lat' dir='ltr'><strong>occisa.</strong></span> <span class='ocrx_word' id='word_1_64' title='bbox 1176 1038 1295 1093; x_wconf 86' lang='lat' dir='ltr'><strong>lbi:</strong></span> <span class='ocrx_word' id='word_1_65' title='bbox 1330 1045 1386 1094; x_wconf 92' lang='lat' dir='ltr'><strong>et</strong></span> <span class='ocrx_word' id='word_1_66' title='bbox 1426 1039 1532 1095; x_wconf 88' lang='lat' dir='ltr'><strong>Dio</strong></span> 
     </span>
    </p>
   </div>
   <div class='ocr_carea' id='block_1_12' title="bbox 451 1122 1417 1197">
    <p class='ocr_par' dir='ltr' id='par_1_12' title="bbox 451 1122 1417 1197">
     <span class='ocr_line' id='line_1_13' title="bbox 451 1122 1417 1197; baseline 0.003 -18"><span class='ocrx_word' id='word_1_67' title='bbox 451 1124 535 1179; x_wconf 87' lang='lat' dir='ltr'><strong>lib</strong></span> <span class='ocrx_word' id='word_1_68' title='bbox 558 1122 650 1179; x_wconf 88' lang='lat'><strong>92.</strong></span> <span class='ocrx_word' id='word_1_69' title='bbox 679 1125 821 1180; x_wconf 92' lang='lat' dir='ltr'><strong>Vide</strong></span> <span class='ocrx_word' id='word_1_70' title='bbox 842 1131 1005 1181; x_wconf 90' lang='lat' dir='ltr'><strong>notas</strong></span> <span class='ocrx_word' id='word_1_71' title='bbox 1037 1126 1187 1182; x_wconf 87' lang='lat' dir='ltr'><strong>infra</strong></span> <span class='ocrx_word' id='word_1_72' title='bbox 1214 1142 1266 1197; x_wconf 90' lang='lat' dir='ltr'><strong>p.</strong></span> <span class='ocrx_word' id='word_1_73' title='bbox 1297 1125 1417 1184; x_wconf 86' lang='grc'>142.</span> 
     </span>
    </p>
   </div>
   <div class='ocr_carea' id='block_1_13' title="bbox 259 1299 1720 1433">
    <p class='ocr_par' dir='ltr' id='par_1_13' title="bbox 259 1299 1720 1433">
     <span class='ocr_line' id='line_1_14' title="bbox 259 1299 1716 1377; baseline 0.001 -19"><span class='ocrx_word' id='word_1_74' title='bbox 259 1299 382 1359; x_wconf 83' lang='grc'>4775</span> <span class='ocrx_word' id='word_1_75' title='bbox 516 1305 642 1371; x_wconf 86' lang='lat' dir='ltr'><strong>Imp</strong></span> <span class='ocrx_word' id='word_1_76' title='bbox 734 1305 879 1359; x_wconf 80' lang='lat' dir='ltr'><strong>Nero</strong></span> <span class='ocrx_word' id='word_1_77' title='bbox 944 1303 1118 1359; x_wconf 84' lang='lat' dir='ltr'><strong>Claud</strong></span> <span class='ocrx_word' id='word_1_78' title='bbox 1159 1306 1286 1377; x_wconf 89' lang='lat' dir='ltr'><strong>Aug</strong></span> <span class='ocrx_word' id='word_1_79' title='bbox 1341 1313 1412 1361; x_wconf 91' lang='lat' dir='ltr'><strong>tr.</strong></span> <span class='ocrx_word' id='word_1_80' title='bbox 1488 1321 1523 1375; x_wconf 91' lang='lat' dir='ltr'><strong>p</strong></span> <span class='ocrx_word' id='word_1_81' title='bbox 1608 1302 1716 1360; x_wconf 85' lang='grc'><strong>814</strong></span> 
     </span>
     <span class='ocr_line' id='line_1_15' title="bbox 263 1372 1720 1433; baseline 0.003 -5"><span class='ocrx_word' id='word_1_82' title='bbox 263 1372 383 1433; x_wconf 85' lang='grc'>15.6</span> <span class='ocrx_word' id='word_1_83' title='bbox 447 1387 685 1433; x_wconf 80' lang='lat' dir='ltr'><strong>vm,1x.</strong></span> <span class='ocrx_word' id='word_1_84' title='bbox 1613 1374 1720 1433; x_wconf 88' lang='lat'><strong>845</strong></span> 
     </span>
    </p>
   </div>
   <div class='ocr_carea' id='block_1_14' title="bbox 263 1372 685 1443">
    <p class='ocr_par' dir='ltr' id='par_1_14' title="bbox 263 1372 685 1443">
     <span class='ocr_line' id='line_1_16' title="bbox 263 1372 685 1443; baseline 0 -15"><span class='ocrx_word' id='word_1_85' title='bbox 263 1372 383 1440; x_wconf 86' lang='lat'><strong>45,6</strong></span> <span class='ocrx_word' id='word_1_86' title='bbox 447 1387 575 1443; x_wconf 82' lang='lat' dir='ltr'><strong>vni,</strong></span> <span class='ocrx_word' id='word_1_87' title='bbox 609 1388 685 1428; x_wconf 82' lang='lat' dir='ltr'><strong>ix.</strong></span> 
     </span>
    </p>
   </div>
   <div class='ocr_carea' id='block_1_15' title="bbox 296 1462 1209 1520">
    <p class='ocr_par' dir='ltr' id='par_1_15' title="bbox 296 1462 1209 1520">
     <span class='ocr_line' id='line_1_17' title="bbox 296 1462 1209 1520; baseline 0.003 -5"><span class='ocrx_word' id='word_1_88' title='bbox 296 1462 330 1515; x_wconf 80' lang='grc' dir='ltr'><em>ϐ</em></span> <span class='ocrx_word' id='word_1_89' title='bbox 444 1499 582 1520; x_wconf 56' lang='grc' dir='ltr'><strong>μη,</strong></span> <span class='ocrx_word' id='word_1_90' title='bbox 684 1464 1209 1520; x_wconf 77' lang='lat' dir='ltr'><strong>P.MariusCelsus.</strong></span> 
     </span>
    </p>
   </div>
   <div class='ocr_carea' id='block_1_16' title="bbox 442 1499 1254 1592">
    <p class='ocr_par' dir='ltr' id='par_1_16' title="bbox 442 1499 1254 1592">
     <span class='ocr_line' id='line_1_18' title="bbox 442 1499 1209 1554; baseline 0.003 -39"><span class='ocrx_word' id='word_1_91' title='bbox 442 1499 602 1554; x_wconf 45' lang='lat' dir='ltr'><strong>COSS.</strong></span> <span class='ocrx_word' id='word_1_92' title='bbox 688 1499 705 1517; x_wconf 83' lang='lat'><strong>.</strong></span> <span class='ocrx_word' id='word_1_93' title='bbox 729 1505 741 1517; x_wconf 97' lang='lat'><strong>.</strong></span> <span class='ocrx_word' id='word_1_94' title='bbox 769 1499 1209 1547; x_wconf 50' lang='grc' dir='ltr'><strong>..ιιιειειουωοιιω</strong></span> 
     </span>
     <span class='ocr_line' id='line_1_19' title="bbox 684 1536 1254 1592; baseline 0.002 -3"><span class='ocrx_word' id='word_1_95' title='bbox 684 1536 743 1589; x_wconf 87' lang='lat' dir='ltr'><strong>L.</strong></span> <span class='ocrx_word' id='word_1_96' title='bbox 775 1536 1019 1591; x_wconf 78' lang='lat' dir='ltr'><strong>Asmius</strong></span> <span class='ocrx_word' id='word_1_97' title='bbox 1037 1536 1254 1592; x_wconf 84' lang='lat' dir='ltr'><strong>Gallus.</strong></span> 
     </span>
    </p>
   </div>
   <div class='ocr_carea' id='block_1_17' title="bbox 511 1621 1041 1691">
    <p class='ocr_par' dir='ltr' id='par_1_17' title="bbox 511 1621 1041 1691">
     <span class='ocr_line' id='line_1_20' title="bbox 511 1621 1041 1691; baseline 0 -14"><span class='ocrx_word' id='word_1_98' title='bbox 511 1624 680 1678; x_wconf 87' lang='lat' dir='ltr'><strong>Tacit</strong></span> <span class='ocrx_word' id='word_1_99' title='bbox 702 1623 765 1678; x_wconf 88' lang='lat' dir='ltr'><strong>A.</strong></span> <span class='ocrx_word' id='word_1_100' title='bbox 798 1638 920 1691; x_wconf 75' lang='lat' dir='ltr'><strong>XIX,</strong></span> <span class='ocrx_word' id='word_1_101' title='bbox 954 1621 1041 1679; x_wconf 91' lang='grc'><strong>48.</strong></span> 
     </span>
    </p>
   </div>
   <div class='ocr_carea' id='block_1_18' title="bbox 513 1713 1528 1782">
    <p class='ocr_par' dir='ltr' id='par_1_18' title="bbox 513 1713 1528 1782">
     <span class='ocr_line' id='line_1_21' title="bbox 513 1713 1528 1782; baseline 0.005 -16"><span class='ocrx_word' id='word_1_102' title='bbox 513 1714 661 1768; x_wconf 80' lang='lat' dir='ltr'><strong>Nero</strong></span> <span class='ocrx_word' id='word_1_103' title='bbox 720 1713 1207 1782; x_wconf 77' lang='lat' dir='ltr'><strong>accusationibus,</strong></span> <span class='ocrx_word' id='word_1_104' title='bbox 1256 1727 1319 1769; x_wconf 87' lang='lat' dir='ltr'><strong>ac</strong></span> <span class='ocrx_word' id='word_1_105' title='bbox 1346 1716 1528 1771; x_wconf 60' lang='lat' dir='ltr'><strong>credi—</strong></span> 
     </span>
    </p>
   </div>
   <div class='ocr_carea' id='block_1_19' title="bbox 440 1800 1526 1871">
    <p class='ocr_par' dir='ltr' id='par_1_19' title="bbox 440 1800 1526 1871">
     <span class='ocr_line' id='line_1_22' title="bbox 440 1800 1526 1871; baseline 0.006 -16"><span class='ocrx_word' id='word_1_106' title='bbox 440 1801 553 1857; x_wconf 89' lang='lat' dir='ltr'><strong>bus</strong></span> <span class='ocrx_word' id='word_1_107' title='bbox 575 1800 776 1856; x_wconf 84' lang='lat' dir='ltr'><strong>Urbem</strong></span> <span class='ocrx_word' id='word_1_108' title='bbox 812 1802 1008 1871; x_wconf 82' lang='lat' dir='ltr'><strong>replet.</strong></span> <span class='ocrx_word' id='word_1_109' title='bbox 1038 1804 1308 1858; x_wconf 85' lang='lat' dir='ltr'><strong>Parthum</strong></span> <span class='ocrx_word' id='word_1_110' title='bbox 1350 1806 1526 1861; x_wconf 88' lang='lat' dir='ltr'><strong>Volo-</strong></span> 
     </span>
    </p>
   </div>
   <div class='ocr_carea' id='block_1_20' title="bbox 437 1892 1523 1962">
    <p class='ocr_par' dir='ltr' id='par_1_20' title="bbox 437 1892 1523 1962">
     <span class='ocr_line' id='line_1_23' title="bbox 437 1892 1523 1962; baseline 0.004 -18"><span class='ocrx_word' id='word_1_111' title='bbox 437 1904 647 1962; x_wconf 71' lang='lat' dir='ltr'><strong>gzesem</strong></span> <span class='ocrx_word' id='word_1_112' title='bbox 746 1892 1065 1945; x_wconf 81' lang='lat' dir='ltr'><strong>Armeniam</strong></span> <span class='ocrx_word' id='word_1_113' title='bbox 1169 1893 1523 1950; x_wconf 86' lang='lat' dir='ltr'><strong>invadentem</strong></span> 
     </span>
    </p>
   </div>
   <div class='ocr_carea' id='block_1_21' title="bbox 436 1978 1518 2050">
    <p class='ocr_par' dir='ltr' id='par_1_21' title="bbox 436 1978 1518 2050">
     <span class='ocr_line' id='line_1_24' title="bbox 436 1978 1518 2050; baseline 0.005 -17"><span class='ocrx_word' id='word_1_114' title='bbox 436 1978 703 2038; x_wconf 78' lang='lat' dir='ltr'><strong>Corbulo</strong></span> <span class='ocrx_word' id='word_1_115' title='bbox 766 1979 991 2035; x_wconf 83' lang='lat' dir='ltr'><strong>fortiter</strong></span> <span class='ocrx_word' id='word_1_116' title='bbox 1059 1982 1342 2050; x_wconf 85' lang='lat' dir='ltr'><strong>reprimit.</strong></span> <span class='ocrx_word' id='word_1_117' title='bbox 1415 1984 1518 2038; x_wconf 87' lang='lat' dir='ltr'><strong>Sed</strong></span> 
     </span>
    </p>
   </div>
   <div class='ocr_carea' id='block_1_22' title="bbox 434 2068 1523 2138">
    <p class='ocr_par' dir='ltr' id='par_1_22' title="bbox 434 2068 1523 2138">
     <span class='ocr_line' id='line_1_25' title="bbox 434 2068 1523 2138; baseline 0.003 -15"><span class='ocrx_word' id='word_1_118' title='bbox 434 2068 736 2123; x_wconf 73' lang='lat' dir='ltr'><strong>Caesonius</strong></span> <span class='ocrx_word' id='word_1_119' title='bbox 758 2069 940 2124; x_wconf 63' lang='lat' dir='ltr'><strong>Paetus</strong></span> <span class='ocrx_word' id='word_1_120' title='bbox 970 2070 1126 2138; x_wconf 89' lang='lat' dir='ltr'><strong>turpi</strong></span> <span class='ocrx_word' id='word_1_121' title='bbox 1162 2068 1369 2126; x_wconf 69' lang='lat' dir='ltr'><strong>foedere</strong></span> <span class='ocrx_word' id='word_1_122' title='bbox 1393 2084 1523 2126; x_wconf 90' lang='lat' dir='ltr'><strong>cum</strong></span> 
     </span>
    </p>
   </div>
   <div class='ocr_carea' id='block_1_23' title="bbox 438 2157 1235 2229">
    <p class='ocr_par' dir='ltr' id='par_1_23' title="bbox 438 2157 1235 2229">
     <span class='ocr_line' id='line_1_26' title="bbox 438 2157 1235 2229; baseline 0 -17"><span class='ocrx_word' id='word_1_123' title='bbox 438 2157 605 2213; x_wconf 90' lang='lat' dir='ltr'><strong>hoste</strong></span> <span class='ocrx_word' id='word_1_124' title='bbox 628 2158 919 2229; x_wconf 80' lang='lat' dir='ltr'><strong>transigit.</strong></span> <span class='ocrx_word' id='word_1_125' title='bbox 943 2159 1104 2213; x_wconf 88' lang='lat' dir='ltr'><strong>Tacit</strong></span> <span class='ocrx_word' id='word_1_126' title='bbox 1131 2158 1235 2214; x_wconf 89' lang='lat' dir='ltr'><strong>ibi.</strong></span> 
     </span>
    </p>
   </div>
   <div class='ocr_carea' id='block_1_24' title="bbox 262 2367 1717 2445">
    <p class='ocr_par' dir='ltr' id='par_1_24' title="bbox 262 2367 1717 2445">
     <span class='ocr_line' id='line_1_27' title="bbox 262 2367 1717 2445; baseline 0.003 -19"><span class='ocrx_word' id='word_1_127' title='bbox 262 2367 375 2427; x_wconf 81' lang='lat'><strong>4776</strong></span> <span class='ocrx_word' id='word_1_128' title='bbox 518 2374 641 2441; x_wconf 90' lang='lat' dir='ltr'><strong>Imp</strong></span> <span class='ocrx_word' id='word_1_129' title='bbox 690 2374 836 2427; x_wconf 89' lang='lat' dir='ltr'><strong>Nero</strong></span> <span class='ocrx_word' id='word_1_130' title='bbox 899 2373 1075 2428; x_wconf 89' lang='lat' dir='ltr'><strong>Claud</strong></span> <span class='ocrx_word' id='word_1_131' title='bbox 1134 2373 1262 2445; x_wconf 89' lang='lat' dir='ltr'><strong>Aug</strong></span> <span class='ocrx_word' id='word_1_132' title='bbox 1331 2380 1403 2428; x_wconf 92' lang='lat' dir='ltr'><strong>tr.</strong></span> <span class='ocrx_word' id='word_1_133' title='bbox 1462 2390 1516 2445; x_wconf 90' lang='lat' dir='ltr'><strong>p.</strong></span> <span class='ocrx_word' id='word_1_134' title='bbox 1609 2373 1717 2431; x_wconf 84' lang='lat'><strong>845</strong></span> 
     </span>
    </p>
   </div>
   <div class='ocr_carea' id='block_1_25' title="bbox 1502 2463 1717 2520">
    <p class='ocr_par' dir='ltr' id='par_1_25' title="bbox 1502 2463 1717 2520">
     <span class='ocr_line' id='line_1_28' title="bbox 1502 2463 1717 2520; baseline 0.009 -2"><span class='ocrx_word' id='word_1_135' title='bbox 1502 2504 1509 2510; x_wconf 63' lang='grc' dir='ltr'><strong>ς</strong></span> <span class='ocrx_word' id='word_1_136' title='bbox 1609 2463 1717 2520; x_wconf 88' lang='grc'><strong>816</strong></span> 
     </span>
    </p>
   </div>
   <div class='ocr_carea' id='block_1_26' title="bbox 261 2457 600 2528">
    <p class='ocr_par' dir='ltr' id='par_1_26' title="bbox 261 2457 600 2528">
     <span class='ocr_line' id='line_1_29' title="bbox 261 2457 600 2528; baseline 0.006 -14"><span class='ocrx_word' id='word_1_137' title='bbox 261 2457 311 2516; x_wconf 87' lang='grc'><strong>16</strong></span> <span class='ocrx_word' id='word_1_138' title='bbox 335 2457 365 2515; x_wconf 91' lang='grc'><strong>7</strong></span> <span class='ocrx_word' id='word_1_139' title='bbox 433 2475 600 2528; x_wconf 80' lang='lat' dir='ltr'><strong>ix,x.</strong></span> 
     </span>
    </p>
   </div>
   <div class='ocr_carea' id='block_1_27' title="bbox 286 2552 1315 2625">
    <p class='ocr_par' dir='ltr' id='par_1_27' title="bbox 286 2552 1315 2625">
     <span class='ocr_line' id='line_1_30' title="bbox 286 2552 1315 2625; baseline 0.002 -20"><span class='ocrx_word' id='word_1_140' title='bbox 286 2552 321 2605; x_wconf 89' lang='lat' dir='ltr'><strong><em>B</em></strong></span> <span class='ocrx_word' id='word_1_141' title='bbox 432 2589 575 2625; x_wconf 45' lang='lat' dir='ltr'><strong>rma</strong></span> <span class='ocrx_word' id='word_1_142' title='bbox 654 2554 1018 2625; x_wconf 83' lang='lat' dir='ltr'><strong>LMemmius</strong></span> <span class='ocrx_word' id='word_1_143' title='bbox 1043 2553 1315 2625; x_wconf 78' lang='lat' dir='ltr'><strong>Regulus.</strong></span> 
     </span>
    </p>
   </div>
   <div class='ocr_carea' id='block_1_28' title="bbox 650 2624 1298 2696">
    <p class='ocr_par' dir='ltr' id='par_1_28' title="bbox 650 2624 1298 2696">
     <span class='ocr_line' id='line_1_31' title="bbox 650 2624 1298 2696; baseline 0.003 -18"><span class='ocrx_word' id='word_1_144' title='bbox 650 2624 716 2678; x_wconf 85' lang='lat' dir='ltr'><strong>L.</strong></span> <span class='ocrx_word' id='word_1_145' title='bbox 753 2624 1060 2696; x_wconf 78' lang='lat' dir='ltr'><strong>Verginius</strong></span> <span class='ocrx_word' id='word_1_146' title='bbox 1095 2624 1298 2680; x_wconf 80' lang='lat' dir='ltr'><strong>Rufus.</strong></span> 
     </span>
    </p>
   </div>
   <div class='ocr_carea' id='block_1_29' title="bbox 501 2711 1517 2775">
    <p class='ocr_par' dir='ltr' id='par_1_29' title="bbox 501 2711 1517 2775">
     <span class='ocr_line' id='line_1_32' title="bbox 501 2711 1517 2775; baseline 0.005 -9"><span class='ocrx_word' id='word_1_147' title='bbox 501 2713 667 2768; x_wconf 88' lang='lat' dir='ltr'><strong>Tacit</strong></span> <span class='ocrx_word' id='word_1_148' title='bbox 707 2713 773 2768; x_wconf 92' lang='lat' dir='ltr'><strong>A.</strong></span> <span class='ocrx_word' id='word_1_149' title='bbox 820 2727 913 2767; x_wconf 90' lang='lat' dir='ltr'><strong>xv.</strong></span> <span class='ocrx_word' id='word_1_150' title='bbox 944 2711 1035 2775; x_wconf 85' lang='lat'><strong>23,</strong></span> <span class='ocrx_word' id='word_1_151' title='bbox 1081 2719 1138 2768; x_wconf 91' lang='lat' dir='ltr'><strong>et</strong></span> <span class='ocrx_word' id='word_1_152' title='bbox 1182 2714 1419 2770; x_wconf 90' lang='lat' dir='ltr'><strong>Frontin</strong></span> <span class='ocrx_word' id='word_1_153' title='bbox 1448 2714 1517 2771; x_wconf 91' lang='lat' dir='ltr'><strong>de</strong></span> 
     </span>
    </p>
   </div>
   <div class='ocr_carea' id='block_1_30' title="bbox 429 2800 1058 2873">
    <p class='ocr_par' dir='ltr' id='par_1_30' title="bbox 429 2800 1058 2873">
     <span class='ocr_line' id='line_1_33' title="bbox 429 2800 1058 2873; baseline -0.002 -15"><span class='ocrx_word' id='word_1_154' title='bbox 429 2802 647 2873; x_wconf 64' lang='lat' dir='ltr'><strong>Aquazd</strong></span> <span class='ocrx_word' id='word_1_155' title='bbox 659 2807 755 2859; x_wconf 90' lang='lat' dir='ltr'><strong>uct</strong></span> <span class='ocrx_word' id='word_1_156' title='bbox 780 2808 897 2858; x_wconf 89' lang='lat' dir='ltr'><strong>sect</strong></span> <span class='ocrx_word' id='word_1_157' title='bbox 938 2800 1058 2859; x_wconf 84' lang='lat'><strong>402.</strong></span> 
     </span>
    </p>
   </div>
   <div class='ocr_carea' id='block_1_31' title="bbox 499 2890 1517 2963">
    <p class='ocr_par' dir='ltr' id='par_1_31' title="bbox 499 2890 1517 2963">
     <span class='ocr_line' id='line_1_34' title="bbox 499 2890 1517 2963; baseline 0.003 -18"><span class='ocrx_word' id='word_1_158' title='bbox 499 2890 754 2947; x_wconf 87' lang='lat' dir='ltr'><strong>Corbulo</strong></span> <span class='ocrx_word' id='word_1_159' title='bbox 773 2891 979 2947; x_wconf 89' lang='lat' dir='ltr'><strong>iterum</strong></span> <span class='ocrx_word' id='word_1_160' title='bbox 996 2892 1261 2961; x_wconf 78' lang='lat' dir='ltr'><strong>reprimit</strong></span> <span class='ocrx_word' id='word_1_161' title='bbox 1274 2893 1517 2963; x_wconf 67' lang='lat' dir='ltr'><strong>Vologae-</strong></span> 
     </span>
    </p>
   </div>
   <div class='ocr_carea' id='block_1_32' title="bbox 428 2980 1514 3051">
    <p class='ocr_par' dir='ltr' id='par_1_32' title="bbox 428 2980 1514 3051">
     <span class='ocr_line' id='line_1_35' title="bbox 428 2980 1514 3051; baseline 0.003 -17"><span class='ocrx_word' id='word_1_162' title='bbox 428 2994 570 3041; x_wconf 87' lang='lat' dir='ltr'><strong>sem,</strong></span> <span class='ocrx_word' id='word_1_163' title='bbox 596 2986 653 3035; x_wconf 92' lang='lat' dir='ltr'><strong>et</strong></span> <span class='ocrx_word' id='word_1_164' title='bbox 678 2980 865 3051; x_wconf 84' lang='lat' dir='ltr'><strong>adigit</strong></span> <span class='ocrx_word' id='word_1_165' title='bbox 891 2981 1202 3036; x_wconf 88' lang='lat' dir='ltr'><strong>Tiridatem</strong></span> <span class='ocrx_word' id='word_1_166' title='bbox 1234 2983 1302 3037; x_wconf 89' lang='lat' dir='ltr'><strong>ad</strong></span> <span class='ocrx_word' id='word_1_167' title='bbox 1334 2982 1514 3051; x_wconf 89' lang='lat' dir='ltr'><strong>depo—</strong></span> 
     </span>
    </p>
   </div>
   <div class='ocr_carea' id='block_1_33' title="bbox 428 3069 1514 3142">
    <p class='ocr_par' dir='ltr' id='par_1_33' title="bbox 428 3069 1514 3142">
     <span class='ocr_line' id='line_1_36' title="bbox 428 3069 1514 3142; baseline 0.001 -18"><span class='ocrx_word' id='word_1_168' title='bbox 428 3069 683 3125; x_wconf 89' lang='lat' dir='ltr'><strong>nendum</strong></span> <span class='ocrx_word' id='word_1_169' title='bbox 698 3070 928 3141; x_wconf 82' lang='lat' dir='ltr'><strong>insigne</strong></span> <span class='ocrx_word' id='word_1_170' title='bbox 942 3071 1159 3141; x_wconf 87' lang='lat' dir='ltr'><strong>regium</strong></span> <span class='ocrx_word' id='word_1_171' title='bbox 1173 3076 1303 3127; x_wconf 89' lang='lat' dir='ltr'><strong>ante</strong></span> <span class='ocrx_word' id='word_1_172' title='bbox 1318 3072 1514 3142; x_wconf 88' lang='lat' dir='ltr'><strong>imagi-</strong></span> 
     </span>
    </p>
   </div>
   <div class='ocr_carea' id='block_1_34' title="bbox 432 3159 1509 3229">
    <p class='ocr_par' dir='ltr' id='par_1_34' title="bbox 432 3159 1509 3229">
     <span class='ocr_line' id='line_1_37' title="bbox 432 3159 1509 3229; baseline 0.001 -14"><span class='ocrx_word' id='word_1_173' title='bbox 432 3174 560 3216; x_wconf 88' lang='lat' dir='ltr'><strong>nem</strong></span> <span class='ocrx_word' id='word_1_174' title='bbox 583 3159 850 3229; x_wconf 83' lang='lat' dir='ltr'><strong>Neronis,</strong></span> <span class='ocrx_word' id='word_1_175' title='bbox 873 3159 945 3214; x_wconf 89' lang='lat' dir='ltr'><strong>ab</strong></span> <span class='ocrx_word' id='word_1_176' title='bbox 974 3159 1146 3228; x_wconf 89' lang='lat' dir='ltr'><strong>hujus</strong></span> <span class='ocrx_word' id='word_1_177' title='bbox 1163 3174 1335 3216; x_wconf 90' lang='lat' dir='ltr'><strong>manu</strong></span> <span class='ocrx_word' id='word_1_178' title='bbox 1359 3162 1509 3216; x_wconf 91' lang='lat' dir='ltr'><strong>idem</strong></span> 
     </span>
    </p>
   </div>
   <div class='ocr_carea' id='block_1_35' title="bbox 430 3249 1513 3320">
    <p class='ocr_par' dir='ltr' id='par_1_35' title="bbox 430 3249 1513 3320">
     <span class='ocr_line' id='line_1_38' title="bbox 430 3249 1513 3320; baseline 0.001 -14"><span class='ocrx_word' id='word_1_179' title='bbox 430 3254 819 3319; x_wconf 87' lang='lat' dir='ltr'><strong>recepturum.</strong></span> <span class='ocrx_word' id='word_1_180' title='bbox 844 3249 1048 3320; x_wconf 87' lang='lat' dir='ltr'><strong>Populi</strong></span> <span class='ocrx_word' id='word_1_181' title='bbox 1072 3249 1302 3319; x_wconf 80' lang='lat' dir='ltr'><strong>Alpium</strong></span> <span class='ocrx_word' id='word_1_182' title='bbox 1331 3253 1513 3307; x_wconf 86' lang='lat' dir='ltr'><strong>Mari-</strong></span> 
     </span>
    </p>
   </div>
   <div class='ocr_carea' id='block_1_36' title="bbox 430 3339 1504 3407">
    <p class='ocr_par' dir='ltr' id='par_1_36' title="bbox 430 3339 1504 3407">
     <span class='ocr_line' id='line_1_39' title="bbox 430 3339 1504 3407; baseline 0.002 -14"><span class='ocrx_word' id='word_1_183' title='bbox 430 3340 704 3393; x_wconf 88' lang='lat' dir='ltr'><strong>timarum</strong></span> <span class='ocrx_word' id='word_1_184' title='bbox 760 3339 829 3395; x_wconf 84' lang='lat' dir='ltr'><strong>ad</strong></span> <span class='ocrx_word' id='word_1_185' title='bbox 884 3339 982 3407; x_wconf 88' lang='lat' dir='ltr'><strong>jus</strong></span> <span class='ocrx_word' id='word_1_186' title='bbox 1037 3339 1184 3395; x_wconf 86' lang='lat' dir='ltr'><strong>Latii</strong></span> <span class='ocrx_word' id='word_1_187' title='bbox 1241 3340 1504 3395; x_wconf 87' lang='lat' dir='ltr'><strong>admissi.</strong></span> 
     </span>
    </p>
   </div>
   <div class='ocr_carea' id='block_1_37' title="bbox 428 3427 720 3483">
    <p class='ocr_par' dir='ltr' id='par_1_37' title="bbox 428 3427 720 3483">
     <span class='ocr_line' id='line_1_40' title="bbox 428 3427 720 3483; baseline -0.003 0"><span class='ocrx_word' id='word_1_188' title='bbox 428 3428 589 3483; x_wconf 89' lang='lat' dir='ltr'><strong>Tacit</strong></span> <span class='ocrx_word' id='word_1_189' title='bbox 616 3427 720 3483; x_wconf 90' lang='lat' dir='ltr'><strong>ibi.</strong></span> 
     </span>
    </p>
   </div>
   <div class='ocr_carea' id='block_1_38' title="bbox 432 2589 577 2645">
    <p class='ocr_par' dir='ltr' id='par_1_38' title="bbox 432 2589 577 2645">
     <span class='ocr_line' id='line_1_41' title="bbox 432 2589 577 2645; baseline -0.014 -2"><span class='ocrx_word' id='word_1_190' title='bbox 432 2589 577 2645; x_wconf 89' lang='lat' dir='ltr'><strong>Coss</strong></span> 
     </span>
    </p>
   </div>
   <div class='ocr_carea' id='block_1_39' title="bbox 249 3512 1703 3588">
    <p class='ocr_par' dir='ltr' id='par_1_39' title="bbox 249 3512 1703 3588">
     <span class='ocr_line' id='line_1_42' title="bbox 249 3512 1703 3588; baseline 0.004 -20"><span class='ocrx_word' id='word_1_191' title='bbox 249 3512 364 3570; x_wconf 75' lang='grc'>1777</span> <span class='ocrx_word' id='word_1_192' title='bbox 431 3518 549 3586; x_wconf 87' lang='lat' dir='ltr'><strong>Imp</strong></span> <span class='ocrx_word' id='word_1_193' title='bbox 582 3518 729 3572; x_wconf 90' lang='lat' dir='ltr'><strong>Nero</strong></span> <span class='ocrx_word' id='word_1_194' title='bbox 759 3517 935 3572; x_wconf 90' lang='lat' dir='ltr'><strong>Claud</strong></span> <span class='ocrx_word' id='word_1_195' title='bbox 980 3515 1107 3587; x_wconf 91' lang='lat' dir='ltr'><strong>Aug</strong></span> <span class='ocrx_word' id='word_1_196' title='bbox 1151 3523 1224 3571; x_wconf 91' lang='lat' dir='ltr'><strong>tr.</strong></span> <span class='ocrx_word' id='word_1_197' title='bbox 1266 3532 1319 3586; x_wconf 89' lang='lat' dir='ltr'><strong>p.</strong></span> <span class='ocrx_word' id='word_1_198' title='bbox 1346 3532 1505 3588; x_wconf 77' lang='lat' dir='ltr'><strong>x,x1.</strong></span> <span class='ocrx_word' id='word_1_199' title='bbox 1597 3516 1703 3574; x_wconf 90' lang='lat'><strong>846</strong></span> 
     </span>
    </p>
   </div>
   <div class='ocr_carea' id='block_1_40' title="bbox 1595 3604 1700 3663">
    <p class='ocr_par' dir='ltr' id='par_1_40' title="bbox 1595 3604 1700 3663">
     <span class='ocr_line' id='line_1_43' title="bbox 1595 3604 1700 3663; baseline 0.01 -1"><span class='ocrx_word' id='word_1_200' title='bbox 1595 3604 1700 3663; x_wconf 84' lang='lat'><strong>847</strong></span> 
     </span>
    </p>
   </div>
   <div class='ocr_carea' id='block_1_41' title="bbox 246 3600 1324 3733">
    <p class='ocr_par' dir='ltr' id='par_1_41' title="bbox 246 3600 1324 3733">
     <span class='ocr_line' id='line_1_44' title="bbox 246 3600 1324 3733; baseline 0.002 -4"><span class='ocrx_word' id='word_1_201' title='bbox 246 3600 355 3730; x_wconf 60' lang='lat' dir='ltr'><strong>i768</strong></span> <span class='ocrx_word' id='word_1_202' title='bbox 435 3642 596 3697; x_wconf 70' lang='grc' dir='ltr'><strong>εοεε-</strong></span> <span class='ocrx_word' id='word_1_203' title='bbox 676 3606 1041 3733; x_wconf 50' lang='grc' dir='ltr'><strong>ἓῑῧίὲἒὲἶὲἓ</strong></span> <span class='ocrx_word' id='word_1_204' title='bbox 1067 3608 1324 3733; x_wconf 66' lang='grc' dir='ltr'><strong>ἓὲεῗέἕιῖέ.</strong></span> 
     </span>
    </p>
   </div>
   <div class='ocr_carea' id='block_1_42' title="bbox 501 3765 1510 3837">
    <p class='ocr_par' dir='ltr' id='par_1_42' title="bbox 501 3765 1510 3837">
     <span class='ocr_line' id='line_1_45' title="bbox 501 3765 1510 3837; baseline 0.004 -18"><span class='ocrx_word' id='word_1_205' title='bbox 501 3767 669 3821; x_wconf 87' lang='lat' dir='ltr'><strong>Tacit</strong></span> <span class='ocrx_word' id='word_1_206' title='bbox 727 3780 816 3837; x_wconf 88' lang='lat' dir='ltr'><strong>xv,</strong></span> <span class='ocrx_word' id='word_1_207' title='bbox 873 3765 960 3834; x_wconf 73' lang='grc'><strong>43,</strong></span> <span class='ocrx_word' id='word_1_208' title='bbox 1022 3774 1077 3822; x_wconf 91' lang='lat' dir='ltr'><strong>et</strong></span> <span class='ocrx_word' id='word_1_209' title='bbox 1146 3766 1386 3823; x_wconf 89' lang='lat' dir='ltr'><strong>Frontin</strong></span> <span class='ocrx_word' id='word_1_210' title='bbox 1438 3767 1510 3823; x_wconf 89' lang='lat' dir='ltr'><strong>de</strong></span> 
     </span>
    </p>
   </div>
   <div class='ocr_carea' id='block_1_43' title="bbox 429 3853 934 3927">
    <p class='ocr_par' dir='ltr' id='par_1_43' title="bbox 429 3853 934 3927">
     <span class='ocr_line' id='line_1_46' title="bbox 429 3853 934 3927; baseline -0.004 -16"><span class='ocrx_word' id='word_1_211' title='bbox 429 3856 644 3927; x_wconf 74' lang='lat' dir='ltr'><strong>Aquaed</strong></span> <span class='ocrx_word' id='word_1_212' title='bbox 670 3862 790 3911; x_wconf 90' lang='lat' dir='ltr'><strong>sect</strong></span> <span class='ocrx_word' id='word_1_213' title='bbox 816 3853 934 3913; x_wconf 84' lang='lat'><strong>402.</strong></span> 
     </span>
    </p>
   </div>
   <div class='ocr_carea' id='block_1_44' title="bbox 502 3946 1511 4002">
    <p class='ocr_par' dir='ltr' id='par_1_44' title="bbox 502 3946 1511 4002">
     <span class='ocr_line' id='line_1_47' title="bbox 502 3946 1511 4002; baseline 0.002 -3"><span class='ocrx_word' id='word_1_214' title='bbox 502 3946 919 4001; x_wconf 25' lang='lat' dir='ltr'><strong>l’listrionicam</strong></span> <span class='ocrx_word' id='word_1_215' title='bbox 946 3952 1168 4001; x_wconf 87' lang='lat' dir='ltr'><strong>exercet</strong></span> <span class='ocrx_word' id='word_1_216' title='bbox 1192 3949 1358 4001; x_wconf 85' lang='lat' dir='ltr'><strong>Nero.</strong></span> <span class='ocrx_word' id='word_1_217' title='bbox 1395 3948 1511 4002; x_wconf 86' lang='lat' dir='ltr'><strong>Ta—</strong></span> 
     </span>
    </p>
   </div>
   <div class='ocr_carea' id='block_1_45' title="bbox 414 4033 1504 4091">
    <p class='ocr_par' dir='ltr' id='par_1_45' title="bbox 414 4033 1504 4091">
     <span class='ocr_line' id='line_1_48' title="bbox 414 4033 1504 4091; baseline 0.002 -2"><span class='ocrx_word' id='word_1_218' title='bbox 414 4035 512 4089; x_wconf 23' lang='lat' dir='ltr'><strong>ycit</strong></span> <span class='ocrx_word' id='word_1_219' title='bbox 570 4033 677 4089; x_wconf 86' lang='lat' dir='ltr'><strong>ibi.</strong></span> <span class='ocrx_word' id='word_1_220' title='bbox 733 4034 904 4090; x_wconf 88' lang='lat' dir='ltr'><strong>Urbis</strong></span> <span class='ocrx_word' id='word_1_221' title='bbox 948 4036 1273 4091; x_wconf 85' lang='lat' dir='ltr'><strong>incendium</strong></span> <span class='ocrx_word' id='word_1_222' title='bbox 1317 4042 1504 4091; x_wconf 90' lang='lat' dir='ltr'><strong>ortum</strong></span> 
     </span>
    </p>
   </div>
   <div class='ocr_carea' id='block_1_46' title="bbox 438 4122 1503 4180">
    <p class='ocr_par' dir='ltr' id='par_1_46' title="bbox 438 4122 1503 4180">
     <span class='ocr_line' id='line_1_49' title="bbox 438 4122 1503 4180; baseline 0 -2"><span class='ocrx_word' id='word_1_223' title='bbox 438 4136 532 4178; x_wconf 82' lang='lat' dir='ltr'><strong>xlv</strong></span> <span class='ocrx_word' id='word_1_224' title='bbox 592 4123 695 4177; x_wconf 85' lang='lat' dir='ltr'><strong>Kal</strong></span> <span class='ocrx_word' id='word_1_225' title='bbox 752 4124 1014 4179; x_wconf 84' lang='lat' dir='ltr'><strong>Sextiles.</strong></span> <span class='ocrx_word' id='word_1_226' title='bbox 1087 4124 1171 4179; x_wconf 92' lang='lat' dir='ltr'><strong>Ibi</strong></span> <span class='ocrx_word' id='word_1_227' title='bbox 1242 4132 1361 4180; x_wconf 88' lang='lat' dir='ltr'><strong>sect</strong></span> <span class='ocrx_word' id='word_1_228' title='bbox 1417 4122 1503 4179; x_wconf 88' lang='grc'><strong>42.</strong></span> 
     </span>
    </p>
   </div>
   <div class='ocr_carea' id='block_1_47' title="bbox 429 4212 1509 4281">
    <p class='ocr_par' dir='ltr' id='par_1_47' title="bbox 429 4212 1509 4281">
     <span class='ocr_line' id='line_1_50' title="bbox 429 4212 1509 4281; baseline 0.004 -15"><span class='ocrx_word' id='word_1_229' title='bbox 429 4212 726 4268; x_wconf 88' lang='lat' dir='ltr'><strong>Elidenses</strong></span> <span class='ocrx_word' id='word_1_230' title='bbox 765 4214 933 4281; x_wconf 89' lang='lat' dir='ltr'><strong>jussu</strong></span> <span class='ocrx_word' id='word_1_231' title='bbox 982 4215 1223 4269; x_wconf 89' lang='lat' dir='ltr'><strong>Neronis</strong></span> <span class='ocrx_word' id='word_1_232' title='bbox 1256 4213 1509 4271; x_wconf 86' lang='lat' dir='ltr'><strong>transfe—</strong></span> 
     </span>
    </p>
   </div>
   <div class='ocr_carea' id='block_1_48' title="bbox 433 4300 1505 4371">
    <p class='ocr_par' dir='ltr' id='par_1_48' title="bbox 433 4300 1505 4371">
     <span class='ocr_line' id='line_1_51' title="bbox 433 4300 1505 4371; baseline 0.004 -16"><span class='ocrx_word' id='word_1_233' title='bbox 433 4310 568 4357; x_wconf 88' lang='lat' dir='ltr'><strong>runt</strong></span> <span class='ocrx_word' id='word_1_234' title='bbox 617 4300 945 4371; x_wconf 83' lang='lat' dir='ltr'><strong>Olympicos</strong></span> <span class='ocrx_word' id='word_1_235' title='bbox 988 4301 1155 4358; x_wconf 91' lang='lat' dir='ltr'><strong>ludos</strong></span> <span class='ocrx_word' id='word_1_236' title='bbox 1183 4303 1240 4357; x_wconf 93' lang='lat' dir='ltr'><strong>in</strong></span> <span class='ocrx_word' id='word_1_237' title='bbox 1292 4318 1505 4359; x_wconf 87' lang='lat' dir='ltr'><strong>annum</strong></span> 
     </span>
    </p>
   </div>
   <div class='ocr_carea' id='block_1_49' title="bbox 432 4389 1505 4459">
    <p class='ocr_par' dir='ltr' id='par_1_49' title="bbox 432 4389 1505 4459">
     <span class='ocr_line' id='line_1_52' title="bbox 432 4389 1505 4459; baseline 0.003 -14"><span class='ocrx_word' id='word_1_238' title='bbox 432 4391 782 4459; x_wconf 86' lang='lat' dir='ltr'><strong>proximum.</strong></span> <span class='ocrx_word' id='word_1_239' title='bbox 831 4389 1215 4447; x_wconf 86' lang='lat' dir='ltr'><strong>Philostratus</strong></span> <span class='ocrx_word' id='word_1_240' title='bbox 1260 4393 1320 4447; x_wconf 87' lang='lat' dir='ltr'><strong>in</strong></span> <span class='ocrx_word' id='word_1_241' title='bbox 1376 4392 1505 4448; x_wconf 85' lang='lat' dir='ltr'><strong>Vita</strong></span> 
     </span>
    </p>
   </div>
   <div class='ocr_carea' id='block_1_50' title="bbox 431 4478 1502 4550">
    <p class='ocr_par' dir='ltr' id='par_1_50' title="bbox 431 4478 1502 4550">
     <span class='ocr_line' id='line_1_53' title="bbox 431 4478 1502 4550; baseline 0.003 -16"><span class='ocrx_word' id='word_1_242' title='bbox 431 4479 723 4548; x_wconf 81' lang='lat' dir='ltr'><strong>Apollonii</strong></span> <span class='ocrx_word' id='word_1_243' title='bbox 752 4478 836 4534; x_wconf 88' lang='lat' dir='ltr'><strong>lib</strong></span> <span class='ocrx_word' id='word_1_244' title='bbox 871 4494 923 4533; x_wconf 92' lang='lat' dir='ltr'><strong>v.</strong></span> <span class='ocrx_word' id='word_1_245' title='bbox 944 4480 1090 4535; x_wconf 82' lang='lat' dir='ltr'><strong>Hinc</strong></span> <span class='ocrx_word' id='word_1_246' title='bbox 1114 4479 1502 4550; x_wconf 86' lang='lat' dir='ltr'><strong>olympiadum</strong></span> 
     </span>
    </p>
   </div>
   <div class='ocr_carea' id='block_1_51' title="bbox 432 4568 1380 4639">
    <p class='ocr_par' dir='ltr' id='par_1_51' title="bbox 432 4568 1380 4639">
     <span class='ocr_line' id='line_1_54' title="bbox 432 4568 1380 4639; baseline -0.002 -16"><span class='ocrx_word' id='word_1_247' title='bbox 432 4582 794 4625; x_wconf 86' lang='lat' dir='ltr'><strong>commensus</strong></span> <span class='ocrx_word' id='word_1_248' title='bbox 824 4582 924 4639; x_wconf 89' lang='lat' dir='ltr'><strong>per</strong></span> <span class='ocrx_word' id='word_1_249' title='bbox 959 4582 1071 4624; x_wconf 90' lang='lat' dir='ltr'><strong>ann</strong></span> <span class='ocrx_word' id='word_1_250' title='bbox 1103 4568 1380 4624; x_wconf 87' lang='lat' dir='ltr'><strong>variatur.</strong></span> 
     </span>
    </p>
   </div>
   <div class='ocr_carea' id='block_1_52' title="bbox 240 4776 1710 4929">
    <p class='ocr_par' dir='ltr' id='par_1_52' title="bbox 240 4776 1710 4929">
     <span class='ocr_line' id='line_1_55' title="bbox 240 4776 1710 4857; baseline 0.005 -24"><span class='ocrx_word' id='word_1_251' title='bbox 240 4776 365 4836; x_wconf 77' lang='grc'>4778</span> <span class='ocrx_word' id='word_1_252' title='bbox 500 4787 622 4855; x_wconf 88' lang='lat' dir='ltr'><strong>Imp</strong></span> <span class='ocrx_word' id='word_1_253' title='bbox 673 4786 820 4839; x_wconf 84' lang='lat' dir='ltr'><strong>Nero</strong></span> <span class='ocrx_word' id='word_1_254' title='bbox 888 4785 1064 4841; x_wconf 90' lang='lat' dir='ltr'><strong>Claud</strong></span> <span class='ocrx_word' id='word_1_255' title='bbox 1132 4784 1258 4857; x_wconf 91' lang='lat' dir='ltr'><strong>Aug</strong></span> <span class='ocrx_word' id='word_1_256' title='bbox 1314 4789 1384 4839; x_wconf 91' lang='lat' dir='ltr'><strong>tr.</strong></span> <span class='ocrx_word' id='word_1_257' title='bbox 1454 4800 1508 4855; x_wconf 92' lang='lat' dir='ltr'><strong>p.</strong></span> <span class='ocrx_word' id='word_1_258' title='bbox 1601 4783 1710 4840; x_wconf 88' lang='grc'><strong>817</strong></span> 
     </span>
     <span class='ocr_line' id='line_1_56' title="bbox 252 4866 1699 4929; baseline 0.006 -8"><span class='ocrx_word' id='word_1_259' title='bbox 252 4866 362 4925; x_wconf 83' lang='grc'><strong>189</strong></span> <span class='ocrx_word' id='word_1_260' title='bbox 441 4887 517 4929; x_wconf 67' lang='grc' dir='ltr'><strong>χι.</strong></span> <span class='ocrx_word' id='word_1_261' title='bbox 550 4888 655 4928; x_wconf 85' lang='lat' dir='ltr'><strong>xu.</strong></span> <span class='ocrx_word' id='word_1_262' title='bbox 1590 4872 1699 4929; x_wconf 91' lang='grc'><strong>818</strong></span> 
     </span>
    </p>
   </div>
   <div class='ocr_carea' id='block_1_53' title="bbox 252 4866 655 4943">
    <p class='ocr_par' dir='ltr' id='par_1_53' title="bbox 252 4866 655 4943">
     <span class='ocr_line' id='line_1_57' title="bbox 252 4866 655 4943; baseline 0.017 -22"><span class='ocrx_word' id='word_1_263' title='bbox 252 4866 310 4923; x_wconf 91' lang='grc'><strong>18</strong></span> <span class='ocrx_word' id='word_1_264' title='bbox 328 4868 362 4925; x_wconf 83' lang='grc'><strong>9</strong></span> <span class='ocrx_word' id='word_1_265' title='bbox 441 4887 517 4943; x_wconf 80' lang='lat' dir='ltr'><strong>x1,</strong></span> <span class='ocrx_word' id='word_1_266' title='bbox 550 4888 655 4928; x_wconf 85' lang='lat' dir='ltr'><strong>xu.</strong></span> 
     </span>
    </p>
   </div>
   <div class='ocr_carea' id='block_1_54' title="bbox 428 4963 1505 5054">
    <p class='ocr_par' dir='ltr' id='par_1_54' title="bbox 428 4963 1505 5054">
     <span class='ocr_line' id='line_1_58' title="bbox 428 4963 1505 5054; baseline -0.001 -2"><span class='ocrx_word' id='word_1_267' title='bbox 428 4997 583 5054; x_wconf 89' lang='lat' dir='ltr'><strong>Coss.</strong></span> <span class='ocrx_word' id='word_1_268' title='bbox 660 4963 1505 5054; x_wconf 54' lang='grc' dir='ltr'><strong>ἐξ·ῙῖΞῩῘΡείΒὶΝΫΓΣἾὲῘ¹ίθέῖυδσ</strong></span> 
     </span>
    </p>
   </div>
   <div class='ocr_carea' id='block_1_55' title="bbox 660 5035 1390 5090">
    <p class='ocr_par' dir='ltr' id='par_1_55' title="bbox 660 5035 1390 5090">
     <span class='ocr_line' id='line_1_59' title="bbox 660 5035 1390 5090; baseline -0.001 -1"><span class='ocrx_word' id='word_1_269' title='bbox 660 5038 730 5089; x_wconf 88' lang='grc' dir='ltr'>Μ.</span> <span class='ocrx_word' id='word_1_270' title='bbox 770 5035 1035 5089; x_wconf 81' lang='lat' dir='ltr'><strong>Vestinus</strong></span> <span class='ocrx_word' id='word_1_271' title='bbox 1060 5036 1305 5090; x_wconf 87' lang='lat' dir='ltr'><strong>Atticus.</strong></span> <span class='ocrx_word' id='word_1_272' title='bbox 1379 5040 1390 5051; x_wconf 88' lang='lat'><strong>&#39;</strong></span> 
     </span>
    </p>
   </div>
   <div class='ocr_carea' id='block_1_56' title="bbox 502 5120 1513 5193">
    <p class='ocr_par' dir='ltr' id='par_1_56' title="bbox 502 5120 1513 5193">
     <span class='ocr_line' id='line_1_60' title="bbox 502 5120 1513 5193; baseline 0.002 -16"><span class='ocrx_word' id='word_1_273' title='bbox 502 5124 665 5179; x_wconf 89' lang='lat' dir='ltr'><strong>Tacit</strong></span> <span class='ocrx_word' id='word_1_274' title='bbox 706 5127 772 5179; x_wconf 86' lang='lat' dir='ltr'><strong>A.</strong></span> <span class='ocrx_word' id='word_1_275' title='bbox 819 5138 914 5191; x_wconf 90' lang='lat' dir='ltr'><strong>xv,</strong></span> <span class='ocrx_word' id='word_1_276' title='bbox 988 5120 1073 5179; x_wconf 86' lang='grc'><strong>48.</strong></span> <span class='ocrx_word' id='word_1_277' title='bbox 1124 5124 1294 5179; x_wconf 89' lang='lat' dir='ltr'><strong>Noris</strong></span> <span class='ocrx_word' id='word_1_278' title='bbox 1350 5125 1513 5193; x_wconf 86' lang='lat' dir='ltr'><strong>Epist</strong></span> 
     </span>
    </p>
   </div>
   <div class='ocr_carea' id='block_1_57' title="bbox 434 5210 1513 5284">
    <p class='ocr_par' dir='ltr' id='par_1_57' title="bbox 434 5210 1513 5284">
     <span class='ocr_line' id='line_1_61' title="bbox 434 5210 1513 5284; baseline 0.004 -20"><span class='ocrx_word' id='word_1_279' title='bbox 434 5210 576 5267; x_wconf 85' lang='lat' dir='ltr'><strong>Cons</strong></span> <span class='ocrx_word' id='word_1_280' title='bbox 632 5227 741 5284; x_wconf 86' lang='lat' dir='ltr'><strong>pag</strong></span> <span class='ocrx_word' id='word_1_281' title='bbox 784 5212 874 5283; x_wconf 85' lang='grc'><strong>43,</strong></span> <span class='ocrx_word' id='word_1_282' title='bbox 941 5226 1008 5268; x_wconf 83' lang='lat' dir='ltr'><strong>ex</strong></span> <span class='ocrx_word' id='word_1_283' title='bbox 1072 5213 1316 5282; x_wconf 88' lang='lat' dir='ltr'><strong>inscript</strong></span> <span class='ocrx_word' id='word_1_284' title='bbox 1367 5214 1513 5268; x_wconf 88' lang='lat' dir='ltr'><strong>Grut</strong></span> 
     </span>
    </p>
   </div>
   <div class='ocr_carea' id='block_1_58' title="bbox 437 5298 1152 5371">
    <p class='ocr_par' dir='ltr' id='par_1_58' title="bbox 437 5298 1152 5371">
     <span class='ocr_line' id='line_1_62' title="bbox 437 5298 1152 5371; baseline 0.003 -18"><span class='ocrx_word' id='word_1_285' title='bbox 437 5298 488 5361; x_wconf 85' lang='lat'><strong>8,</strong></span> <span class='ocrx_word' id='word_1_286' title='bbox 518 5299 569 5371; x_wconf 89' lang='lat'><strong>3,</strong></span> <span class='ocrx_word' id='word_1_287' title='bbox 597 5310 654 5358; x_wconf 87' lang='lat' dir='ltr'><strong>et</strong></span> <span class='ocrx_word' id='word_1_288' title='bbox 682 5316 750 5357; x_wconf 87' lang='lat' dir='ltr'><strong>ex</strong></span> <span class='ocrx_word' id='word_1_289' title='bbox 778 5303 1152 5359; x_wconf 81' lang='lat' dir='ltr'><strong>Auctoribus.</strong></span> 
     </span>
    </p>
   </div>
   <div class='ocr_carea' id='block_1_59' title="bbox 508 5390 1515 5461">
    <p class='ocr_par' dir='ltr' id='par_1_59' title="bbox 508 5390 1515 5461">
     <span class='ocr_line' id='line_1_63' title="bbox 508 5390 1515 5461; baseline 0.003 -17"><span class='ocrx_word' id='word_1_290' title='bbox 508 5391 708 5446; x_wconf 81' lang='lat' dir='ltr'><strong>Annus</strong></span> <span class='ocrx_word' id='word_1_291' title='bbox 728 5390 1345 5461; x_wconf 74' lang='lat' dir='ltr'><strong>40LvuPIAuisccx1,ex</strong></span> <span class='ocrx_word' id='word_1_292' title='bbox 1365 5406 1515 5448; x_wconf 90' lang='lat' dir='ltr'><strong>anno</strong></span> 
     </span>
    </p>
   </div>
   <div class='ocr_carea' id='block_1_60' title="bbox 444 5481 1512 5550">
    <p class='ocr_par' dir='ltr' id='par_1_60' title="bbox 444 5481 1512 5550">
     <span class='ocr_line' id='line_1_64' title="bbox 444 5481 1512 5550; baseline 0.004 -18"><span class='ocrx_word' id='word_1_293' title='bbox 444 5482 731 5550; x_wconf 87' lang='lat' dir='ltr'><strong>superiori</strong></span> <span class='ocrx_word' id='word_1_294' title='bbox 773 5481 841 5535; x_wconf 88' lang='lat' dir='ltr'><strong>ad</strong></span> <span class='ocrx_word' id='word_1_295' title='bbox 906 5483 1056 5537; x_wconf 90' lang='lat' dir='ltr'><strong>hunc</strong></span> <span class='ocrx_word' id='word_1_296' title='bbox 1114 5482 1332 5536; x_wconf 85' lang='lat' dir='ltr'><strong>dilatus</strong></span> <span class='ocrx_word' id='word_1_297' title='bbox 1384 5496 1512 5536; x_wconf 90' lang='lat' dir='ltr'><strong>cum</strong></span> 
     </span>
    </p>
   </div>
   <div class='ocr_carea' id='block_1_61' title="bbox 446 5568 1518 5637">
    <p class='ocr_par' dir='ltr' id='par_1_61' title="bbox 446 5568 1518 5637">
     <span class='ocr_line' id='line_1_65' title="bbox 446 5568 1518 5637; baseline 0.002 -16"><span class='ocrx_word' id='word_1_298' title='bbox 446 5569 617 5623; x_wconf 86' lang='lat' dir='ltr'><strong>Ludis</strong></span> <span class='ocrx_word' id='word_1_299' title='bbox 636 5569 810 5624; x_wconf 61' lang='lat' dir='ltr'><strong>Elteis</strong></span> <span class='ocrx_word' id='word_1_300' title='bbox 829 5568 1101 5637; x_wconf 88' lang='lat' dir='ltr'><strong>(Philostr</strong></span> <span class='ocrx_word' id='word_1_301' title='bbox 1129 5570 1186 5624; x_wconf 90' lang='lat' dir='ltr'><strong>in</strong></span> <span class='ocrx_word' id='word_1_302' title='bbox 1214 5570 1337 5623; x_wconf 84' lang='lat' dir='ltr'><strong>Vita</strong></span> <span class='ocrx_word' id='word_1_303' title='bbox 1356 5570 1518 5635; x_wconf 79' lang='lat' dir='ltr'><strong>Apol-</strong></span> 
     </span>
    </p>
   </div>
   <div class='ocr_carea' id='block_1_62' title="bbox 1940 3503 2131 3572">
    <p class='ocr_par' dir='ltr' id='par_1_62' title="bbox 1940 3503 2131 3572">
     <span class='ocr_line' id='line_1_66' title="bbox 1940 3503 2131 3572; baseline -0.01 -14"><span class='ocrx_word' id='word_1_304' title='bbox 1940 3503 2131 3572; x_wconf 81' lang='lat' dir='ltr'><strong>Olymp</strong></span> 
     </span>
    </p>
   </div>
   <div class='ocr_carea' id='block_1_63' title="bbox 1965 486 3294 564">
    <p class='ocr_par' dir='ltr' id='par_1_63' title="bbox 1965 486 3294 564">
     <span class='ocr_line' id='line_1_67' title="bbox 1965 486 3294 564; baseline 0.006 -23"><span class='ocrx_word' id='word_1_305' title='bbox 1965 486 2173 557; x_wconf 70' lang='lat' dir='ltr'><strong>Olymp.</strong></span> <span class='ocrx_word' id='word_1_306' title='bbox 2292 493 2551 564; x_wconf 62' lang='lat' dir='ltr'><strong>timorum</strong></span> <span class='ocrx_word' id='word_1_307' title='bbox 2594 486 2944 564; x_wconf 79' lang='lat' dir='ltr'><strong>populorum,</strong></span> <span class='ocrx_word' id='word_1_308' title='bbox 2995 486 3294 564; x_wconf 68' lang='lat' dir='ltr'><strong>Pontiﬁces,</strong></span> 
     </span>
    </p>
   </div>
   <div class='ocr_carea' id='block_1_64' title="bbox 2284 562 3296 632">
    <p class='ocr_par' dir='ltr' id='par_1_64' title="bbox 2284 562 3296 632">
     <span class='ocr_line' id='line_1_68' title="bbox 2284 562 3296 632; baseline 0.006 -17"><span class='ocrx_word' id='word_1_309' title='bbox 2284 562 2471 629; x_wconf 56' lang='lat' dir='ltr'><strong>Beas,</strong></span> <span class='ocrx_word' id='word_1_310' title='bbox 2513 579 2599 616; x_wconf 79' lang='lat' dir='ltr'><strong>res</strong></span> <span class='ocrx_word' id='word_1_311' title='bbox 2641 571 2804 632; x_wconf 77' lang='lat' dir='ltr'><strong>gestae</strong></span> <span class='ocrx_word' id='word_1_312' title='bbox 2859 572 2910 620; x_wconf 78' lang='lat' dir='ltr'><strong>et</strong></span> <span class='ocrx_word' id='word_1_313' title='bbox 2935 562 3296 621; x_wconf 77' lang='lat' dir='ltr'><strong>documenta.</strong></span> 
     </span>
    </p>
   </div>
   <div class='ocr_carea' id='block_1_65' title="bbox 2209 742 3287 815">
    <p class='ocr_par' dir='ltr' id='par_1_65' title="bbox 2209 742 3287 815">
     <span class='ocr_line' id='line_1_69' title="bbox 2209 742 3287 815; baseline 0.006 -21"><span class='ocrx_word' id='word_1_314' title='bbox 2209 742 2505 810; x_wconf 87' lang='lat' dir='ltr'><strong>apostolus</strong></span> <span class='ocrx_word' id='word_1_315' title='bbox 2531 742 2842 812; x_wconf 90' lang='lat' dir='ltr'><strong>lapidatur.</strong></span> <span class='ocrx_word' id='word_1_316' title='bbox 2868 745 3074 815; x_wconf 85' lang='lat' dir='ltr'><strong>Josepb</strong></span> <span class='ocrx_word' id='word_1_317' title='bbox 3104 761 3199 809; x_wconf 89' lang='lat' dir='ltr'><strong>xx,</strong></span> <span class='ocrx_word' id='word_1_318' title='bbox 3231 745 3287 803; x_wconf 90' lang='lat'><strong>8.</strong></span> 
     </span>
    </p>
   </div>
   <div class='ocr_carea' id='block_1_66' title="bbox 2205 830 3289 891">
    <p class='ocr_par' dir='ltr' id='par_1_66' title="bbox 2205 830 3289 891">
     <span class='ocr_line' id='line_1_70' title="bbox 2205 830 3289 891; baseline 0.008 -8"><span class='ocrx_word' id='word_1_319' title='bbox 2205 830 2405 884; x_wconf 85' lang='lat' dir='ltr'><strong>Anano</strong></span> <span class='ocrx_word' id='word_1_320' title='bbox 2455 832 2712 887; x_wconf 90' lang='lat' dir='ltr'><strong>succedit</strong></span> <span class='ocrx_word' id='word_1_321' title='bbox 2738 835 2891 887; x_wconf 79' lang='lat' dir='ltr'><strong>Jesus</strong></span> <span class='ocrx_word' id='word_1_322' title='bbox 2923 834 3080 890; x_wconf 88' lang='lat' dir='ltr'><strong>ﬁlius</strong></span> <span class='ocrx_word' id='word_1_323' title='bbox 3110 836 3289 891; x_wconf 89' lang='lat' dir='ltr'><strong>Dam-</strong></span> 
     </span>
    </p>
   </div>
   <div class='ocr_carea' id='block_1_67' title="bbox 2210 919 2488 975">
    <p class='ocr_par' dir='ltr' id='par_1_67' title="bbox 2210 919 2488 975">
     <span class='ocr_line' id='line_1_71' title="bbox 2210 919 2488 975; baseline 0 -2"><span class='ocrx_word' id='word_1_324' title='bbox 2210 919 2345 974; x_wconf 64' lang='lat' dir='ltr'><strong>niaa.</strong></span> <span class='ocrx_word' id='word_1_325' title='bbox 2384 920 2488 975; x_wconf 87' lang='lat' dir='ltr'><strong>lbi.</strong></span> 
     </span>
    </p>
   </div>
   <div class='ocr_carea' id='block_1_68' title="bbox 2278 1009 3291 1084">
    <p class='ocr_par' dir='ltr' id='par_1_68' title="bbox 2278 1009 3291 1084">
     <span class='ocr_line' id='line_1_72' title="bbox 2278 1009 3291 1084; baseline 0.008 -22"><span class='ocrx_word' id='word_1_326' title='bbox 2278 1009 2358 1064; x_wconf 88' lang='lat' dir='ltr'><strong>De</strong></span> <span class='ocrx_word' id='word_1_327' title='bbox 2412 1011 2775 1067; x_wconf 90' lang='lat' dir='ltr'><strong>successione</strong></span> <span class='ocrx_word' id='word_1_328' title='bbox 2815 1012 3180 1084; x_wconf 86' lang='lat' dir='ltr'><strong>Corbulonis,</strong></span> <span class='ocrx_word' id='word_1_329' title='bbox 3234 1020 3291 1070; x_wconf 92' lang='lat' dir='ltr'><strong>et</strong></span> 
     </span>
    </p>
   </div>
   <div class='ocr_carea' id='block_1_69' title="bbox 2206 1097 3285 1160">
    <p class='ocr_par' dir='ltr' id='par_1_69' title="bbox 2206 1097 3285 1160">
     <span class='ocr_line' id='line_1_73' title="bbox 2206 1097 3285 1160; baseline 0.006 -9"><span class='ocrx_word' id='word_1_330' title='bbox 2206 1097 2403 1153; x_wconf 85' lang='lat' dir='ltr'><strong>Albini</strong></span> <span class='ocrx_word' id='word_1_331' title='bbox 2437 1101 2673 1157; x_wconf 88' lang='lat' dir='ltr'><strong>consule</strong></span> <span class='ocrx_word' id='word_1_332' title='bbox 2717 1100 2858 1156; x_wconf 87' lang='lat' dir='ltr'><strong>Card</strong></span> <span class='ocrx_word' id='word_1_333' title='bbox 2890 1102 3061 1157; x_wconf 89' lang='lat' dir='ltr'><strong>Noris</strong></span> <span class='ocrx_word' id='word_1_334' title='bbox 3087 1103 3285 1160; x_wconf 92' lang='lat' dir='ltr'><strong>Cenot.</strong></span> 
     </span>
    </p>
   </div>
   <div class='ocr_carea' id='block_1_70' title="bbox 2208 1186 2676 1259">
    <p class='ocr_par' dir='ltr' id='par_1_70' title="bbox 2208 1186 2676 1259">
     <span class='ocr_line' id='line_1_74' title="bbox 2208 1186 2676 1259; baseline 0.006 -19"><span class='ocrx_word' id='word_1_335' title='bbox 2208 1186 2377 1243; x_wconf 86' lang='lat' dir='ltr'><strong>Pisan</strong></span> <span class='ocrx_word' id='word_1_336' title='bbox 2416 1202 2523 1259; x_wconf 87' lang='lat' dir='ltr'><strong>pag</strong></span> <span class='ocrx_word' id='word_1_337' title='bbox 2554 1186 2676 1245; x_wconf 89' lang='grc'>334.</span> 
     </span>
    </p>
   </div>
   <div class='ocr_carea' id='block_1_71' title="bbox 2040 1294 3282 1366">
    <p class='ocr_par' dir='ltr' id='par_1_71' title="bbox 2040 1294 3282 1366">
     <span class='ocr_line' id='line_1_75' title="bbox 2040 1294 3282 1366; baseline 0.004 -19"><span class='ocrx_word' id='word_1_338' title='bbox 2040 1306 2079 1347; x_wconf 84' lang='lat' dir='ltr'><strong>ll</strong></span> <span class='ocrx_word' id='word_1_339' title='bbox 2284 1295 2432 1350; x_wconf 88' lang='lat' dir='ltr'><strong>Petri</strong></span> <span class='ocrx_word' id='word_1_340' title='bbox 2461 1294 2549 1365; x_wconf 85' lang='grc'><strong>34,</strong></span> <span class='ocrx_word' id='word_1_341' title='bbox 2577 1294 2666 1352; x_wconf 84' lang='grc'><strong>35.</strong></span> <span class='ocrx_word' id='word_1_342' title='bbox 2690 1297 2829 1353; x_wconf 89' lang='lat' dir='ltr'><strong>Rom</strong></span> <span class='ocrx_word' id='word_1_343' title='bbox 2864 1297 3027 1352; x_wconf 90' lang='lat' dir='ltr'><strong>Sedis</strong></span> <span class='ocrx_word' id='word_1_344' title='bbox 3054 1295 3144 1366; x_wconf 86' lang='lat'><strong>22,</strong></span> <span class='ocrx_word' id='word_1_345' title='bbox 3191 1296 3282 1354; x_wconf 91' lang='lat'><strong>23.</strong></span> 
     </span>
    </p>
   </div>
   <div class='ocr_carea' id='block_1_72' title="bbox 2029 1382 3276 1457">
    <p class='ocr_par' dir='ltr' id='par_1_72' title="bbox 2029 1382 3276 1457">
     <span class='ocr_line' id='line_1_76' title="bbox 2029 1382 3276 1457; baseline 0.006 -24"><span class='ocrx_word' id='word_1_346' title='bbox 2029 1397 2092 1434; x_wconf 86' lang='lat' dir='ltr'><strong>m</strong></span> <span class='ocrx_word' id='word_1_347' title='bbox 2200 1382 2546 1440; x_wconf 90' lang='lat' dir='ltr'><strong>Corbulonis</strong></span> <span class='ocrx_word' id='word_1_348' title='bbox 2573 1383 2616 1455; x_wconf 87' lang='lat'><strong>4,</strong></span> <span class='ocrx_word' id='word_1_349' title='bbox 2640 1384 2693 1441; x_wconf 88' lang='lat'><strong>2.</strong></span> <span class='ocrx_word' id='word_1_350' title='bbox 2714 1385 2980 1457; x_wconf 60' lang='lat' dir='ltr'><strong>Agrippa</strong></span> <span class='ocrx_word' id='word_1_351' title='bbox 3000 1387 3172 1457; x_wconf 86' lang='lat' dir='ltr'><strong>Regis</strong></span> <span class='ocrx_word' id='word_1_352' title='bbox 3192 1383 3276 1441; x_wconf 90' lang='grc'><strong>14.</strong></span> 
     </span>
    </p>
   </div>
   <div class='ocr_carea' id='block_1_73' title="bbox 2209 1469 3290 1547">
    <p class='ocr_par' dir='ltr' id='par_1_73' title="bbox 2209 1469 3290 1547">
     <span class='ocr_line' id='line_1_77' title="bbox 2209 1469 3290 1547; baseline 0.006 -22"><span class='ocrx_word' id='word_1_353' title='bbox 2209 1469 2291 1527; x_wconf 88' lang='grc'><strong>15.</strong></span> <span class='ocrx_word' id='word_1_354' title='bbox 2328 1472 2522 1528; x_wconf 86' lang='lat' dir='ltr'><strong>Albini</strong></span> <span class='ocrx_word' id='word_1_355' title='bbox 2559 1489 2693 1545; x_wconf 88' lang='lat' dir='ltr'><strong>proc</strong></span> <span class='ocrx_word' id='word_1_356' title='bbox 2722 1473 2771 1547; x_wconf 88' lang='lat'><strong>4,</strong></span> <span class='ocrx_word' id='word_1_357' title='bbox 2796 1473 2849 1530; x_wconf 92' lang='lat'><strong>2.</strong></span> <span class='ocrx_word' id='word_1_358' title='bbox 2873 1477 3004 1530; x_wconf 88' lang='lat' dir='ltr'><strong>.lesu</strong></span> <span class='ocrx_word' id='word_1_359' title='bbox 3028 1475 3087 1530; x_wconf 89' lang='lat' dir='ltr'><strong>ﬁl</strong></span> <span class='ocrx_word' id='word_1_360' title='bbox 3113 1478 3290 1531; x_wconf 90' lang='lat' dir='ltr'><strong>Dam-</strong></span> 
     </span>
    </p>
   </div>
   <div class='ocr_carea' id='block_1_74' title="bbox 2208 1562 2819 1633">
    <p class='ocr_par' dir='ltr' id='par_1_74' title="bbox 2208 1562 2819 1633">
     <span class='ocr_line' id='line_1_78' title="bbox 2208 1562 2819 1633; baseline 0.007 -20"><span class='ocrx_word' id='word_1_361' title='bbox 2208 1562 2315 1615; x_wconf 64' lang='lat' dir='ltr'><strong>nmi</strong></span> <span class='ocrx_word' id='word_1_362' title='bbox 2351 1566 2507 1631; x_wconf 89' lang='lat' dir='ltr'><strong>pont.</strong></span> <span class='ocrx_word' id='word_1_363' title='bbox 2530 1565 2624 1619; x_wconf 83' lang='lat' dir='ltr'><strong>Jos</strong></span> <span class='ocrx_word' id='word_1_364' title='bbox 2645 1580 2740 1633; x_wconf 83' lang='lat' dir='ltr'><strong>xx,</strong></span> <span class='ocrx_word' id='word_1_365' title='bbox 2764 1562 2819 1618; x_wconf 89' lang='lat'><strong>8.</strong></span> 
     </span>
    </p>
   </div>
   <div class='ocr_carea' id='block_1_75' title="bbox 2273 1652 3289 1721">
    <p class='ocr_par' dir='ltr' id='par_1_75' title="bbox 2273 1652 3289 1721">
     <span class='ocr_line' id='line_1_79' title="bbox 2273 1652 3289 1721; baseline 0.003 -17"><span class='ocrx_word' id='word_1_366' title='bbox 2273 1652 2611 1721; x_wconf 83' lang='lat' dir='ltr'><strong>Martyrium</strong></span> <span class='ocrx_word' id='word_1_367' title='bbox 2666 1654 2725 1707; x_wconf 91' lang='lat' dir='ltr'><strong>S.</strong></span> <span class='ocrx_word' id='word_1_368' title='bbox 2792 1654 2969 1707; x_wconf 75' lang='lat' dir='ltr'><strong>Marci</strong></span> <span class='ocrx_word' id='word_1_369' title='bbox 3032 1652 3289 1707; x_wconf 86' lang='lat' dir='ltr'><strong>Alexan—</strong></span> 
     </span>
    </p>
   </div>
   <div class='ocr_carea' id='block_1_76' title="bbox 2202 1738 3287 1803">
    <p class='ocr_par' dir='ltr' id='par_1_76' title="bbox 2202 1738 3287 1803">
     <span class='ocr_line' id='line_1_80' title="bbox 2202 1738 3287 1803; baseline 0.004 -12"><span class='ocrx_word' id='word_1_370' title='bbox 2202 1738 2363 1803; x_wconf 72' lang='lat' dir='ltr'><strong>drim,</strong></span> <span class='ocrx_word' id='word_1_371' title='bbox 2421 1740 2758 1794; x_wconf 90' lang='lat' dir='ltr'><strong>succedente</strong></span> <span class='ocrx_word' id='word_1_372' title='bbox 2804 1741 3047 1801; x_wconf 83' lang='lat' dir='ltr'><strong>Aniano,</strong></span> <span class='ocrx_word' id='word_1_373' title='bbox 3089 1744 3287 1795; x_wconf 88' lang='lat' dir='ltr'><strong>octavo</strong></span> 
     </span>
    </p>
   </div>
   <div class='ocr_carea' id='block_1_77' title="bbox 2202 1827 3285 1898">
    <p class='ocr_par' dir='ltr' id='par_1_77' title="bbox 2202 1827 3285 1898">
     <span class='ocr_line' id='line_1_81' title="bbox 2202 1827 3285 1898; baseline 0.004 -18"><span class='ocrx_word' id='word_1_374' title='bbox 2202 1827 2446 1881; x_wconf 82' lang='lat' dir='ltr'><strong>Neronis</strong></span> <span class='ocrx_word' id='word_1_375' title='bbox 2489 1841 2659 1883; x_wconf 91' lang='lat' dir='ltr'><strong>anno.</strong></span> <span class='ocrx_word' id='word_1_376' title='bbox 2710 1830 2763 1884; x_wconf 93' lang='lat' dir='ltr'><strong>S.</strong></span> <span class='ocrx_word' id='word_1_377' title='bbox 2839 1829 3143 1898; x_wconf 83' lang='lat' dir='ltr'><strong>Hieronym</strong></span> <span class='ocrx_word' id='word_1_378' title='bbox 3213 1830 3285 1884; x_wconf 92' lang='lat' dir='ltr'><strong>de</strong></span> 
     </span>
    </p>
   </div>
   <div class='ocr_carea' id='block_1_78' title="bbox 2201 1915 3283 1985">
    <p class='ocr_par' dir='ltr' id='par_1_78' title="bbox 2201 1915 3283 1985">
     <span class='ocr_line' id='line_1_82' title="bbox 2201 1915 3283 1985; baseline 0.003 -16"><span class='ocrx_word' id='word_1_379' title='bbox 2201 1915 2410 1985; x_wconf 86' lang='lat' dir='ltr'><strong>Script.</strong></span> <span class='ocrx_word' id='word_1_380' title='bbox 2448 1917 2586 1972; x_wconf 88' lang='lat' dir='ltr'><strong>eccl.</strong></span> <span class='ocrx_word' id='word_1_381' title='bbox 2614 1918 2819 1971; x_wconf 81' lang='lat' dir='ltr'><strong>Evodio</strong></span> <span class='ocrx_word' id='word_1_382' title='bbox 2848 1917 3170 1973; x_wconf 64' lang='lat' dir='ltr'><strong>Antiochiae</strong></span> <span class='ocrx_word' id='word_1_383' title='bbox 3195 1931 3283 1974; x_wconf 72' lang='lat' dir='ltr'><strong>oo-</strong></span> 
     </span>
    </p>
   </div>
   <div class='ocr_carea' id='block_1_79' title="bbox 2201 2004 2903 2074">
    <p class='ocr_par' dir='ltr' id='par_1_79' title="bbox 2201 2004 2903 2074">
     <span class='ocr_line' id='line_1_83' title="bbox 2201 2004 2903 2074; baseline 0.001 -16"><span class='ocrx_word' id='word_1_384' title='bbox 2201 2004 2322 2060; x_wconf 81' lang='lat' dir='ltr'><strong>ciso</strong></span> <span class='ocrx_word' id='word_1_385' title='bbox 2351 2006 2607 2061; x_wconf 88' lang='lat' dir='ltr'><strong>succedit</strong></span> <span class='ocrx_word' id='word_1_386' title='bbox 2634 2008 2903 2074; x_wconf 84' lang='lat' dir='ltr'><strong>Ignatius.</strong></span> 
     </span>
    </p>
   </div>
   <div class='ocr_carea' id='block_1_80' title="bbox 2271 2094 3279 2163">
    <p class='ocr_par' dir='ltr' id='par_1_80' title="bbox 2271 2094 3279 2163">
     <span class='ocr_line' id='line_1_84' title="bbox 2271 2094 3279 2163; baseline 0.003 -14"><span class='ocrx_word' id='word_1_387' title='bbox 2271 2094 2324 2149; x_wconf 93' lang='lat' dir='ltr'><strong>S.</strong></span> <span class='ocrx_word' id='word_1_388' title='bbox 2374 2096 2575 2152; x_wconf 87' lang='lat' dir='ltr'><strong>Petrus</strong></span> <span class='ocrx_word' id='word_1_389' title='bbox 2621 2096 2851 2151; x_wconf 86' lang='lat' dir='ltr'><strong>Romam</strong></span> <span class='ocrx_word' id='word_1_390' title='bbox 2899 2096 3068 2163; x_wconf 88' lang='lat' dir='ltr'><strong>redit,</strong></span> <span class='ocrx_word' id='word_1_391' title='bbox 3102 2095 3279 2152; x_wconf 90' lang='lat' dir='ltr'><strong>Simo-</strong></span> 
     </span>
    </p>
   </div>
   <div class='ocr_carea' id='block_1_81' title="bbox 2203 2183 3283 2255">
    <p class='ocr_par' dir='ltr' id='par_1_81' title="bbox 2203 2183 3283 2255">
     <span class='ocr_line' id='line_1_85' title="bbox 2203 2183 3283 2255; baseline 0.003 -19"><span class='ocrx_word' id='word_1_392' title='bbox 2203 2196 2327 2237; x_wconf 93' lang='lat' dir='ltr'><strong>nem</strong></span> <span class='ocrx_word' id='word_1_393' title='bbox 2363 2186 2586 2254; x_wconf 87' lang='lat' dir='ltr'><strong>Magum</strong></span> <span class='ocrx_word' id='word_1_394' title='bbox 2616 2190 3073 2255; x_wconf 88' lang='lat' dir='ltr'><strong>oppugnaturus.</strong></span> <span class='ocrx_word' id='word_1_395' title='bbox 3094 2183 3283 2239; x_wconf 89' lang='lat' dir='ltr'><strong>Theo—</strong></span> 
     </span>
    </p>
   </div>
   <div class='ocr_carea' id='block_1_82' title="bbox 2203 2272 2816 2343">
    <p class='ocr_par' dir='ltr' id='par_1_82' title="bbox 2203 2272 2816 2343">
     <span class='ocr_line' id='line_1_86' title="bbox 2203 2272 2816 2343; baseline 0.003 -16"><span class='ocrx_word' id='word_1_396' title='bbox 2203 2272 2326 2341; x_wconf 91' lang='lat' dir='ltr'><strong>phil</strong></span> <span class='ocrx_word' id='word_1_397' title='bbox 2359 2275 2507 2343; x_wconf 87' lang='lat' dir='ltr'><strong>apud</strong></span> <span class='ocrx_word' id='word_1_398' title='bbox 2533 2274 2816 2329; x_wconf 86' lang='lat' dir='ltr'><strong>Malalam.</strong></span> 
     </span>
    </p>
   </div>
   <div class='ocr_carea' id='block_1_83' title="bbox 2018 2358 3265 2431">
    <p class='ocr_par' dir='ltr' id='par_1_83' title="bbox 2018 2358 3265 2431">
     <span class='ocr_line' id='line_1_87' title="bbox 2018 2358 3265 2431; baseline 0.002 -18"><span class='ocrx_word' id='word_1_399' title='bbox 2018 2377 2080 2413; x_wconf 82' lang='lat' dir='ltr'><strong>III</strong></span> <span class='ocrx_word' id='word_1_400' title='bbox 2263 2362 2412 2417; x_wconf 86' lang='lat' dir='ltr'><strong>Petri</strong></span> <span class='ocrx_word' id='word_1_401' title='bbox 2471 2360 2559 2431; x_wconf 78' lang='grc'><strong>35,</strong></span> <span class='ocrx_word' id='word_1_402' title='bbox 2607 2361 2697 2420; x_wconf 89' lang='lat'><strong>36.</strong></span> <span class='ocrx_word' id='word_1_403' title='bbox 2729 2364 2868 2418; x_wconf 85' lang='lat' dir='ltr'><strong>Rom</strong></span> <span class='ocrx_word' id='word_1_404' title='bbox 2899 2363 3056 2418; x_wconf 84' lang='lat' dir='ltr'><strong>sedis</strong></span> <span class='ocrx_word' id='word_1_405' title='bbox 3085 2358 3265 2419; x_wconf 74' lang='grc'>2324.</span> 
     </span>
    </p>
   </div>
   <div class='ocr_carea' id='block_1_84' title="bbox 1924 2448 3274 2522">
    <p class='ocr_par' dir='ltr' id='par_1_84' title="bbox 1924 2448 3274 2522">
     <span class='ocr_line' id='line_1_88' title="bbox 1924 2448 3274 2522; baseline 0.002 -20"><span class='ocrx_word' id='word_1_406' title='bbox 1924 2484 1925 2487; x_wconf 60' lang='grc' dir='ltr'><strong>η</strong></span> <span class='ocrx_word' id='word_1_407' title='bbox 2019 2462 2073 2502; x_wconf 85' lang='lat' dir='ltr'><strong>IV</strong></span> <span class='ocrx_word' id='word_1_408' title='bbox 2201 2450 2547 2506; x_wconf 88' lang='lat' dir='ltr'><strong>Corbulonis</strong></span> <span class='ocrx_word' id='word_1_409' title='bbox 2586 2450 2640 2519; x_wconf 93' lang='lat'><strong>2,</strong></span> <span class='ocrx_word' id='word_1_410' title='bbox 2675 2448 2730 2507; x_wconf 91' lang='grc'>3.</span> <span class='ocrx_word' id='word_1_411' title='bbox 2793 2450 3061 2521; x_wconf 73' lang='lat' dir='ltr'><strong>Agrippa:</strong></span> <span class='ocrx_word' id='word_1_412' title='bbox 3104 2450 3274 2522; x_wconf 83' lang='lat' dir='ltr'><strong>Regis</strong></span> 
     </span>
    </p>
   </div>
   <div class='ocr_carea' id='block_1_85' title="bbox 2198 2536 3275 2609">
    <p class='ocr_par' dir='ltr' id='par_1_85' title="bbox 2198 2536 3275 2609">
     <span class='ocr_line' id='line_1_89' title="bbox 2198 2536 3275 2609; baseline 0.001 -17"><span class='ocrx_word' id='word_1_413' title='bbox 2198 2536 2284 2609; x_wconf 83' lang='lat'><strong>45,</strong></span> <span class='ocrx_word' id='word_1_414' title='bbox 2322 2537 2407 2594; x_wconf 88' lang='grc'><strong>16.</strong></span> <span class='ocrx_word' id='word_1_415' title='bbox 2452 2540 2650 2596; x_wconf 87' lang='lat' dir='ltr'><strong>Albini</strong></span> <span class='ocrx_word' id='word_1_416' title='bbox 2682 2540 2821 2594; x_wconf 90' lang='lat' dir='ltr'><strong>Proc</strong></span> <span class='ocrx_word' id='word_1_417' title='bbox 2869 2537 2924 2609; x_wconf 88' lang='lat'><strong>2,</strong></span> <span class='ocrx_word' id='word_1_418' title='bbox 2956 2536 3008 2594; x_wconf 88' lang='lat'><strong>3.</strong></span> <span class='ocrx_word' id='word_1_419' title='bbox 3039 2540 3172 2595; x_wconf 84' lang='lat' dir='ltr'><strong>Jesu</strong></span> <span class='ocrx_word' id='word_1_420' title='bbox 3216 2537 3275 2593; x_wconf 88' lang='lat' dir='ltr'><strong>ﬁl</strong></span> 
     </span>
    </p>
   </div>
   <div class='ocr_carea' id='block_1_86' title="bbox 2195 2626 2600 2697">
    <p class='ocr_par' dir='ltr' id='par_1_86' title="bbox 2195 2626 2600 2697">
     <span class='ocr_line' id='line_1_90' title="bbox 2195 2626 2600 2697; baseline 0 -15"><span class='ocrx_word' id='word_1_421' title='bbox 2195 2628 2448 2683; x_wconf 70' lang='lat' dir='ltr'><strong>Damnzei</strong></span> <span class='ocrx_word' id='word_1_422' title='bbox 2468 2628 2523 2697; x_wconf 88' lang='lat'><strong>2,</strong></span> <span class='ocrx_word' id='word_1_423' title='bbox 2545 2626 2600 2684; x_wconf 90' lang='lat'><strong>3.</strong></span> 
     </span>
    </p>
   </div>
   <div class='ocr_carea' id='block_1_87' title="bbox 2263 2716 3274 2789">
    <p class='ocr_par' dir='ltr' id='par_1_87' title="bbox 2263 2716 3274 2789">
     <span class='ocr_line' id='line_1_91' title="bbox 2263 2716 3274 2789; baseline 0.001 -17"><span class='ocrx_word' id='word_1_424' title='bbox 2263 2717 2459 2773; x_wconf 81' lang='lat' dir='ltr'><strong>Simon</strong></span> <span class='ocrx_word' id='word_1_425' title='bbox 2535 2720 2754 2789; x_wconf 86' lang='lat' dir='ltr'><strong>Magus,</strong></span> <span class='ocrx_word' id='word_1_426' title='bbox 2833 2722 3031 2775; x_wconf 88' lang='lat' dir='ltr'><strong>orante</strong></span> <span class='ocrx_word' id='word_1_427' title='bbox 3108 2716 3274 2773; x_wconf 91' lang='lat' dir='ltr'><strong>beato</strong></span> 
     </span>
    </p>
   </div>
   <div class='ocr_carea' id='block_1_88' title="bbox 2193 2805 3273 2878">
    <p class='ocr_par' dir='ltr' id='par_1_88' title="bbox 2193 2805 3273 2878">
     <span class='ocr_line' id='line_1_92' title="bbox 2193 2805 3273 2878; baseline -0.001 -17"><span class='ocrx_word' id='word_1_428' title='bbox 2193 2806 2377 2876; x_wconf 88' lang='lat' dir='ltr'><strong>Petro,</strong></span> <span class='ocrx_word' id='word_1_429' title='bbox 2405 2820 2669 2878; x_wconf 67' lang='lat' dir='ltr'><strong>praeceps,</strong></span> <span class='ocrx_word' id='word_1_430' title='bbox 2700 2807 2758 2862; x_wconf 88' lang='lat' dir='ltr'><strong>in</strong></span> <span class='ocrx_word' id='word_1_431' title='bbox 2793 2812 2999 2863; x_wconf 88' lang='lat' dir='ltr'><strong>terram</strong></span> <span class='ocrx_word' id='word_1_432' title='bbox 3034 2805 3273 2863; x_wconf 87' lang='lat' dir='ltr'><strong>labitur.</strong></span> 
     </span>
    </p>
   </div>
   <div class='ocr_carea' id='block_1_89' title="bbox 2263 2894 3270 2965">
    <p class='ocr_par' dir='ltr' id='par_1_89' title="bbox 2263 2894 3270 2965">
     <span class='ocr_line' id='line_1_93' title="bbox 2263 2894 3270 2965; baseline 0.001 -15"><span class='ocrx_word' id='word_1_433' title='bbox 2263 2896 2425 2951; x_wconf 87' lang='lat' dir='ltr'><strong>Pauli</strong></span> <span class='ocrx_word' id='word_1_434' title='bbox 2483 2896 2692 2951; x_wconf 86' lang='lat' dir='ltr'><strong>itinera</strong></span> <span class='ocrx_word' id='word_1_435' title='bbox 2738 2896 2795 2950; x_wconf 90' lang='lat' dir='ltr'><strong>in</strong></span> <span class='ocrx_word' id='word_1_436' title='bbox 2843 2894 3270 2965; x_wconf 82' lang='lat' dir='ltr'><strong>Hispaniamab</strong></span> 
     </span>
    </p>
   </div>
   <div class='ocr_carea' id='block_1_90' title="bbox 2191 2983 3276 3054">
    <p class='ocr_par' dir='ltr' id='par_1_90' title="bbox 2191 2983 3276 3054">
     <span class='ocr_line' id='line_1_94' title="bbox 2191 2983 3276 3054; baseline 0.002 -16"><span class='ocrx_word' id='word_1_437' title='bbox 2191 2983 2491 3053; x_wconf 87' lang='lat' dir='ltr'><strong>aliquibus</strong></span> <span class='ocrx_word' id='word_1_438' title='bbox 2511 2984 2791 3039; x_wconf 89' lang='lat' dir='ltr'><strong>attributa</strong></span> <span class='ocrx_word' id='word_1_439' title='bbox 2809 2983 3043 3041; x_wconf 88' lang='lat' dir='ltr'><strong>biennio</strong></span> <span class='ocrx_word' id='word_1_440' title='bbox 3060 2998 3276 3054; x_wconf 65' lang='lat' dir='ltr'><strong>praece—</strong></span> 
     </span>
    </p>
   </div>
   <div class='ocr_carea' id='block_1_91' title="bbox 2190 3068 3264 3144">
    <p class='ocr_par' dir='ltr' id='par_1_91' title="bbox 2190 3068 3264 3144">
     <span class='ocr_line' id='line_1_95' title="bbox 2190 3068 3264 3144; baseline 0 -17"><span class='ocrx_word' id='word_1_441' title='bbox 2190 3072 2370 3141; x_wconf 88' lang='lat' dir='ltr'><strong>denti,</strong></span> <span class='ocrx_word' id='word_1_442' title='bbox 2416 3072 2486 3127; x_wconf 89' lang='lat' dir='ltr'><strong>ab</strong></span> <span class='ocrx_word' id='word_1_443' title='bbox 2517 3073 2653 3128; x_wconf 85' lang='lat' dir='ltr'><strong>aliis</strong></span> <span class='ocrx_word' id='word_1_444' title='bbox 2686 3068 3264 3144; x_wconf 61' lang='lat' dir='ltr'><strong>praesentibus&#39;anno.</strong></span> 
     </span>
    </p>
   </div>
   <div class='ocr_carea' id='block_1_92' title="bbox 2192 3162 3329 3233">
    <p class='ocr_par' dir='ltr' id='par_1_92' title="bbox 2192 3162 3329 3233">
     <span class='ocr_line' id='line_1_96' title="bbox 2192 3162 3329 3233; baseline -0.001 -18"><span class='ocrx_word' id='word_1_445' title='bbox 2192 3162 2329 3216; x_wconf 81' lang='lat' dir='ltr'><strong>Vide</strong></span> <span class='ocrx_word' id='word_1_446' title='bbox 2353 3168 2516 3217; x_wconf 88' lang='lat' dir='ltr'><strong>notas</strong></span> <span class='ocrx_word' id='word_1_447' title='bbox 2545 3162 2614 3218; x_wconf 91' lang='lat' dir='ltr'><strong>ad</strong></span> <span class='ocrx_word' id='word_1_448' title='bbox 2643 3168 2798 3233; x_wconf 90' lang='lat' dir='ltr'><strong>pont.</strong></span> <span class='ocrx_word' id='word_1_449' title='bbox 2847 3164 2903 3218; x_wconf 94' lang='lat' dir='ltr'><strong>S.</strong></span> <span class='ocrx_word' id='word_1_450' title='bbox 2934 3163 3262 3219; x_wconf 89' lang='lat' dir='ltr'><strong>Clementis.</strong></span> <span class='ocrx_word' id='word_1_451' title='bbox 3326 3174 3329 3177; x_wconf 92' lang='grc'><strong>·</strong></span> 
     </span>
    </p>
   </div>
   <div class='ocr_carea' id='block_1_93' title="bbox 3368 500 3506 555">
    <p class='ocr_par' dir='ltr' id='par_1_93' title="bbox 3368 500 3506 555">
     <span class='ocr_line' id='line_1_97' title="bbox 3368 500 3506 555; baseline 0.014 -2"><span class='ocrx_word' id='word_1_452' title='bbox 3368 500 3506 555; x_wconf 59' lang='lat' dir='ltr'><strong>Era</strong></span> 
     </span>
    </p>
   </div>
   <div class='ocr_carea' id='block_1_94' title="bbox 3338 569 3541 626">
    <p class='ocr_par' dir='ltr' id='par_1_94' title="bbox 3338 569 3541 626">
     <span class='ocr_line' id='line_1_98' title="bbox 3338 569 3541 626; baseline 0 -2"><span class='ocrx_word' id='word_1_453' title='bbox 3338 569 3541 626; x_wconf 78' lang='lat' dir='ltr'><strong>Christi</strong></span> 
     </span>
    </p>
   </div>
   <div class='ocr_carea' id='block_1_95' title="bbox 3394 1297 3465 1355">
    <p class='ocr_par' dir='ltr' id='par_1_95' title="bbox 3394 1297 3465 1355">
     <span class='ocr_line' id='line_1_99' title="bbox 3394 1297 3465 1355; baseline 0 0"><span class='ocrx_word' id='word_1_454' title='bbox 3394 1297 3465 1355; x_wconf 85' lang='lat'><strong>62</strong></span> 
     </span>
    </p>
   </div>
   <div class='ocr_carea' id='block_1_96' title="bbox 3377 2358 3448 2416">
    <p class='ocr_par' dir='ltr' id='par_1_96' title="bbox 3377 2358 3448 2416">
     <span class='ocr_line' id='line_1_100' title="bbox 3377 2358 3448 2416; baseline 0 0"><span class='ocrx_word' id='word_1_455' title='bbox 3377 2358 3448 2416; x_wconf 87' lang='lat'><strong>63</strong></span> 
     </span>
    </p>
   </div>
   <div class='ocr_carea' id='block_1_97' title="bbox 2253 3492 3525 3569">
    <p class='ocr_par' dir='ltr' id='par_1_97' title="bbox 2253 3492 3525 3569">
     <span class='ocr_line' id='line_1_101' title="bbox 2253 3492 3525 3569; baseline 0.001 -15"><span class='ocrx_word' id='word_1_456' title='bbox 2253 3498 2403 3555; x_wconf 91' lang='lat' dir='ltr'><strong>Petri</strong></span> <span class='ocrx_word' id='word_1_457' title='bbox 2435 3496 2522 3569; x_wconf 78' lang='lat'><strong>36,</strong></span> <span class='ocrx_word' id='word_1_458' title='bbox 2556 3494 2647 3554; x_wconf 90' lang='grc'><strong>37.</strong></span> <span class='ocrx_word' id='word_1_459' title='bbox 2696 3492 2856 3553; x_wconf 87' lang='lat' dir='ltr'><strong>Rom.</strong></span> <span class='ocrx_word' id='word_1_460' title='bbox 2888 3496 3050 3551; x_wconf 86' lang='lat' dir='ltr'><strong>Sedis</strong></span> <span class='ocrx_word' id='word_1_461' title='bbox 3074 3494 3146 3552; x_wconf 84' lang='grc'><strong>24</strong></span> <span class='ocrx_word' id='word_1_462' title='bbox 3169 3494 3260 3553; x_wconf 87' lang='grc'><strong>25.</strong></span> <span class='ocrx_word' id='word_1_463' title='bbox 3294 3496 3361 3554; x_wconf 87' lang='grc'><strong>64</strong></span> <span class='ocrx_word' id='word_1_464' title='bbox 3404 3501 3525 3555; x_wconf 78' lang='lat' dir='ltr'><strong>Biss</strong></span> 
     </span>
    </p>
   </div>
   <div class='ocr_carea' id='block_1_98' title="bbox 1920 3583 3496 3658">
    <p class='ocr_par' dir='ltr' id='par_1_98' title="bbox 1920 3583 3496 3658">
     <span class='ocr_line' id='line_1_102' title="bbox 1920 3583 3496 3658; baseline -0.001 -11"><span class='ocrx_word' id='word_1_465' title='bbox 1920 3589 2026 3647; x_wconf 86' lang='lat'><strong>240</strong></span> <span class='ocrx_word' id='word_1_466' title='bbox 2058 3605 2111 3645; x_wconf 90' lang='lat' dir='ltr'><strong>1v</strong></span> <span class='ocrx_word' id='word_1_467' title='bbox 2135 3594 2185 3643; x_wconf 79' lang='lat' dir='ltr'><strong>rt</strong></span> <span class='ocrx_word' id='word_1_468' title='bbox 2204 3587 2548 3643; x_wconf 84' lang='lat' dir='ltr'><strong>Corbulonis</strong></span> <span class='ocrx_word' id='word_1_469' title='bbox 2578 3587 2668 3658; x_wconf 86' lang='lat' dir='ltr'><strong>leg</strong></span> <span class='ocrx_word' id='word_1_470' title='bbox 2695 3587 2817 3656; x_wconf 87' lang='lat' dir='ltr'><strong>Syr.</strong></span> <span class='ocrx_word' id='word_1_471' title='bbox 2849 3584 2906 3657; x_wconf 79' lang='lat'><strong>3,</strong></span> <span class='ocrx_word' id='word_1_472' title='bbox 2948 3583 3001 3640; x_wconf 90' lang='lat'><strong>5.</strong></span> <span class='ocrx_word' id='word_1_473' title='bbox 3052 3584 3271 3655; x_wconf 84' lang='lat' dir='ltr'><strong>Agrip—</strong></span> <span class='ocrx_word' id='word_1_474' title='bbox 3324 3601 3496 3645; x_wconf 71' lang='lat' dir='ltr'><strong>PRIMA</strong></span> 
     </span>
    </p>
   </div>
   <div class='ocr_carea' id='block_1_99' title="bbox 1930 3672 3513 3747">
    <p class='ocr_par' dir='ltr' id='par_1_99' title="bbox 1930 3672 3513 3747">
     <span class='ocr_line' id='line_1_103' title="bbox 1930 3672 3513 3747; baseline 0 -13"><span class='ocrx_word' id='word_1_475' title='bbox 1930 3697 1996 3734; x_wconf 79' lang='lat' dir='ltr'><strong>ea:</strong></span> <span class='ocrx_word' id='word_1_476' title='bbox 2040 3680 2164 3735; x_wconf 78' lang='lat' dir='ltr'><strong>dic—</strong></span> <span class='ocrx_word' id='word_1_477' title='bbox 2191 3693 2271 3747; x_wconf 62' lang='lat' dir='ltr'><strong>pas</strong></span> <span class='ocrx_word' id='word_1_478' title='bbox 2302 3677 2455 3747; x_wconf 85' lang='lat' dir='ltr'><strong>regis</strong></span> <span class='ocrx_word' id='word_1_479' title='bbox 2500 3673 2585 3747; x_wconf 91' lang='lat'><strong>46,</strong></span> <span class='ocrx_word' id='word_1_480' title='bbox 2623 3672 2708 3730; x_wconf 86' lang='lat'><strong>47.</strong></span> <span class='ocrx_word' id='word_1_481' title='bbox 2734 3674 2932 3731; x_wconf 87' lang='lat' dir='ltr'><strong>Albini</strong></span> <span class='ocrx_word' id='word_1_482' title='bbox 2965 3689 3101 3746; x_wconf 90' lang='lat' dir='ltr'><strong>proc</strong></span> <span class='ocrx_word' id='word_1_483' title='bbox 3129 3672 3183 3744; x_wconf 92' lang='lat'><strong>3,</strong></span> <span class='ocrx_word' id='word_1_484' title='bbox 3207 3673 3259 3731; x_wconf 86' lang='grc'><strong>4.</strong></span> <span class='ocrx_word' id='word_1_485' title='bbox 3323 3690 3513 3734; x_wconf 82' lang='lat' dir='ltr'><strong>ECCLE-</strong></span> 
     </span>
    </p>
   </div>
   <div class='ocr_carea' id='block_1_100' title="bbox 1928 3765 3457 3825">
    <p class='ocr_par' dir='ltr' id='par_1_100' title="bbox 1928 3765 3457 3825">
     <span class='ocr_line' id='line_1_104' title="bbox 1928 3765 3457 3825; baseline -0.001 -2"><span class='ocrx_word' id='word_1_486' title='bbox 1928 3771 2025 3823; x_wconf 85' lang='lat' dir='ltr'><strong>bus</strong></span> <span class='ocrx_word' id='word_1_487' title='bbox 2056 3773 2149 3823; x_wconf 72' lang='lat' dir='ltr'><strong>aest</strong></span> <span class='ocrx_word' id='word_1_488' title='bbox 2262 3767 2424 3823; x_wconf 87' lang='lat' dir='ltr'><strong>Jesus</strong></span> <span class='ocrx_word' id='word_1_489' title='bbox 2464 3765 2621 3821; x_wconf 88' lang='lat' dir='ltr'><strong>ﬁlius</strong></span> <span class='ocrx_word' id='word_1_490' title='bbox 2672 3765 3009 3822; x_wconf 89' lang='lat' dir='ltr'><strong>Gamalielis</strong></span> <span class='ocrx_word' id='word_1_491' title='bbox 3062 3767 3126 3823; x_wconf 88' lang='lat' dir='ltr'><strong>ﬁt</strong></span> <span class='ocrx_word' id='word_1_492' title='bbox 3152 3769 3257 3825; x_wconf 89' lang='lat' dir='ltr'><strong>Jud</strong></span> <span class='ocrx_word' id='word_1_493' title='bbox 3356 3782 3457 3823; x_wconf 78' lang='lat' dir='ltr'><strong>sus</strong></span> 
     </span>
    </p>
   </div>
   <div class='ocr_carea' id='block_1_101' title="bbox 1950 3853 3508 3928">
    <p class='ocr_par' dir='ltr' id='par_1_101' title="bbox 1950 3853 3508 3928">
     <span class='ocr_line' id='line_1_105' title="bbox 1950 3853 3508 3928; baseline -0.001 -16"><span class='ocrx_word' id='word_1_494' title='bbox 1950 3858 2142 3928; x_wconf 83' lang='lat' dir='ltr'><strong>Olymp</strong></span> <span class='ocrx_word' id='word_1_495' title='bbox 2189 3853 2467 3925; x_wconf 86' lang='lat' dir='ltr'><strong>pontifex,</strong></span> <span class='ocrx_word' id='word_1_496' title='bbox 2519 3860 2574 3909; x_wconf 90' lang='lat' dir='ltr'><strong>et</strong></span> <span class='ocrx_word' id='word_1_497' title='bbox 2626 3867 2924 3911; x_wconf 84' lang='lat' dir='ltr'><strong>successor</strong></span> <span class='ocrx_word' id='word_1_498' title='bbox 2973 3856 3105 3912; x_wconf 87' lang='lat' dir='ltr'><strong>Jesu</strong></span> <span class='ocrx_word' id='word_1_499' title='bbox 3150 3857 3257 3912; x_wconf 83' lang='lat' dir='ltr'><strong>ﬁlii</strong></span> <span class='ocrx_word' id='word_1_500' title='bbox 3298 3870 3508 3913; x_wconf 81' lang='lat' dir='ltr'><strong>PERSE-</strong></span> 
     </span>
    </p>
   </div>
   <div class='ocr_carea' id='block_1_102' title="bbox 1968 3942 2916 4014">
    <p class='ocr_par' dir='ltr' id='par_1_102' title="bbox 1968 3942 2916 4014">
     <span class='ocr_line' id='line_1_106' title="bbox 1968 3942 2916 4014; baseline -0.006 -12"><span class='ocrx_word' id='word_1_501' title='bbox 1968 3945 2066 4002; x_wconf 90' lang='grc'><strong>211</strong></span> <span class='ocrx_word' id='word_1_502' title='bbox 2095 3964 2113 4000; x_wconf 87' lang='grc' dir='ltr'>ι</span> <span class='ocrx_word' id='word_1_503' title='bbox 2186 3944 2459 4000; x_wconf 70' lang='grc' dir='ltr'><strong>Πέὶῐῐιηὶῐέί.</strong></span> <span class='ocrx_word' id='word_1_504' title='bbox 2480 3943 2708 4014; x_wconf 86' lang='lat' dir='ltr'><strong>Joseph.</strong></span> <span class='ocrx_word' id='word_1_505' title='bbox 2735 3958 2830 4013; x_wconf 88' lang='lat' dir='ltr'><strong>xx,</strong></span> <span class='ocrx_word' id='word_1_506' title='bbox 2861 3942 2916 3999; x_wconf 92' lang='lat'><strong>8.</strong></span> 
     </span>
    </p>
   </div>
   <div class='ocr_carea' id='block_1_103' title="bbox 1970 4034 3262 4103">
    <p class='ocr_par' dir='ltr' id='par_1_103' title="bbox 1970 4034 3262 4103">
     <span class='ocr_line' id='line_1_107' title="bbox 1970 4034 3262 4103; baseline -0.001 -11"><span class='ocrx_word' id='word_1_507' title='bbox 1970 4038 2115 4092; x_wconf 83' lang='lat' dir='ltr'><strong>Ludi</strong></span> <span class='ocrx_word' id='word_1_508' title='bbox 2259 4035 2360 4089; x_wconf 87' lang='lat' dir='ltr'><strong>His</strong></span> <span class='ocrx_word' id='word_1_509' title='bbox 2410 4047 2559 4103; x_wconf 86' lang='lat' dir='ltr'><strong>coss,</strong></span> <span class='ocrx_word' id='word_1_510' title='bbox 2632 4034 2931 4089; x_wconf 89' lang='lat' dir='ltr'><strong>occasione</strong></span> <span class='ocrx_word' id='word_1_511' title='bbox 3005 4035 3262 4091; x_wconf 87' lang='lat' dir='ltr'><strong>incendii</strong></span> 
     </span>
    </p>
   </div>
   <div class='ocr_carea' id='block_1_104' title="bbox 1918 4122 3264 4195">
    <p class='ocr_par' dir='ltr' id='par_1_104' title="bbox 1918 4122 3264 4195">
     <span class='ocr_line' id='line_1_108' title="bbox 1918 4122 3264 4195; baseline -0.002 -13"><span class='ocrx_word' id='word_1_512' title='bbox 1918 4127 2179 4195; x_wconf 80' lang='lat' dir='ltr'><strong>translati</strong></span> <span class='ocrx_word' id='word_1_513' title='bbox 2195 4123 2362 4179; x_wconf 91' lang='lat' dir='ltr'><strong>Urbis</strong></span> <span class='ocrx_word' id='word_1_514' title='bbox 2405 4122 2736 4190; x_wconf 85' lang='lat' dir='ltr'><strong>Neroniani,</strong></span> <span class='ocrx_word' id='word_1_515' title='bbox 2788 4136 2959 4177; x_wconf 79' lang='lat' dir='ltr'><strong>PRIMA</strong></span> <span class='ocrx_word' id='word_1_516' title='bbox 2988 4124 3264 4179; x_wconf 68' lang='lat' dir='ltr'><strong>Ecccssns</strong></span> 
     </span>
    </p>
   </div>
   <div class='ocr_carea' id='block_1_105' title="bbox 1941 4211 3265 4271">
    <p class='ocr_par' dir='ltr' id='par_1_105' title="bbox 1941 4211 3265 4271">
     <span class='ocr_line' id='line_1_109' title="bbox 1941 4211 3265 4271; baseline -0.002 0"><span class='ocrx_word' id='word_1_517' title='bbox 1941 4218 2015 4271; x_wconf 88' lang='lat' dir='ltr'><strong>ad</strong></span> <span class='ocrx_word' id='word_1_518' title='bbox 2040 4232 2150 4270; x_wconf 86' lang='lat' dir='ltr'><strong>an—</strong></span> <span class='ocrx_word' id='word_1_519' title='bbox 2186 4226 2515 4269; x_wconf 76' lang='lat' dir='ltr'><strong>PERSECUTIO</strong></span> <span class='ocrx_word' id='word_1_520' title='bbox 2572 4225 2604 4266; x_wconf 86' lang='lat' dir='ltr'><strong>a</strong></span> <span class='ocrx_word' id='word_1_521' title='bbox 2661 4211 2944 4269; x_wconf 91' lang='lat' dir='ltr'><strong>Gentibus</strong></span> <span class='ocrx_word' id='word_1_522' title='bbox 2984 4212 3265 4269; x_wconf 86' lang='lat' dir='ltr'><strong>intentata</strong></span> 
     </span>
    </p>
   </div>
   <div class='ocr_carea' id='block_1_106' title="bbox 1972 4302 3264 4371">
    <p class='ocr_par' dir='ltr' id='par_1_106' title="bbox 1972 4302 3264 4371">
     <span class='ocr_line' id='line_1_110' title="bbox 1972 4302 3264 4371; baseline -0.004 -11"><span class='ocrx_word' id='word_1_523' title='bbox 1972 4322 2104 4361; x_wconf 84' lang='lat' dir='ltr'><strong>num</strong></span> <span class='ocrx_word' id='word_1_524' title='bbox 2187 4302 2501 4359; x_wconf 76' lang='lat' dir='ltr'><strong>crudeliter</strong></span> <span class='ocrx_word' id='word_1_525' title='bbox 2527 4302 2707 4357; x_wconf 70' lang='lat' dir='ltr'><strong>smvit.</strong></span> <span class='ocrx_word' id='word_1_526' title='bbox 2739 4302 3121 4358; x_wconf 84' lang='lat' dir='ltr'><strong>TacitAnnal.</strong></span> <span class='ocrx_word' id='word_1_527' title='bbox 3143 4316 3264 4371; x_wconf 80' lang='lat' dir='ltr'><strong>xiv,</strong></span> 
     </span>
    </p>
   </div>
   <div class='ocr_carea' id='block_1_107' title="bbox 1815 4389 2278 4491">
    <p class='ocr_par' dir='ltr' id='par_1_107' title="bbox 1815 4389 2278 4491">
     <span class='ocr_line' id='line_1_111' title="bbox 1815 4389 2278 4491; baseline -0.009 -40"><span class='ocrx_word' id='word_1_528' title='bbox 1815 4431 1870 4491; x_wconf 83' lang='lat' dir='ltr'><strong>D</strong></span> <span class='ocrx_word' id='word_1_529' title='bbox 1946 4397 2139 4465; x_wconf 68' lang='lat' dir='ltr'><strong>prowi-</strong></span> <span class='ocrx_word' id='word_1_530' title='bbox 2189 4389 2278 4491; x_wconf 65' lang='grc' dir='ltr'><strong>44ἶ</strong></span> 
     </span>
    </p>
   </div>
   <div class='ocr_carea' id='block_1_108' title="bbox 1970 4480 3267 4550">
    <p class='ocr_par' dir='ltr' id='par_1_108' title="bbox 1970 4480 3267 4550">
     <span class='ocr_line' id='line_1_112' title="bbox 1970 4480 3267 4550; baseline -0.002 -12"><span class='ocrx_word' id='word_1_531' title='bbox 1970 4500 2117 4538; x_wconf 86' lang='lat' dir='ltr'><strong>mum</strong></span> <span class='ocrx_word' id='word_1_532' title='bbox 2260 4481 2564 4537; x_wconf 88' lang='lat' dir='ltr'><strong>Ordinatio</strong></span> <span class='ocrx_word' id='word_1_533' title='bbox 2602 4480 2658 4535; x_wconf 92' lang='lat' dir='ltr'><strong>S.</strong></span> <span class='ocrx_word' id='word_1_534' title='bbox 2710 4481 2992 4544; x_wconf 75' lang='lat' dir='ltr'><strong>Clementis</strong></span> <span class='ocrx_word' id='word_1_535' title='bbox 3036 4480 3107 4536; x_wconf 90' lang='lat' dir='ltr'><strong>ad</strong></span> <span class='ocrx_word' id='word_1_536' title='bbox 3134 4481 3267 4550; x_wconf 86' lang='lat' dir='ltr'><strong>epi—</strong></span> 
     </span>
    </p>
   </div>
   <div class='ocr_carea' id='block_1_109' title="bbox 2187 4568 3263 4640">
    <p class='ocr_par' dir='ltr' id='par_1_109' title="bbox 2187 4568 3263 4640">
     <span class='ocr_line' id='line_1_113' title="bbox 2187 4568 3263 4640; baseline -0.005 -13"><span class='ocrx_word' id='word_1_537' title='bbox 2187 4577 2503 4640; x_wconf 90' lang='lat' dir='ltr'><strong>scopatum.</strong></span> <span class='ocrx_word' id='word_1_538' title='bbox 2562 4568 2703 4623; x_wconf 86' lang='lat' dir='ltr'><strong>Vide</strong></span> <span class='ocrx_word' id='word_1_539' title='bbox 2747 4575 2929 4637; x_wconf 88' lang='lat' dir='ltr'><strong>notas,</strong></span> <span class='ocrx_word' id='word_1_540' title='bbox 2980 4571 3049 4625; x_wconf 88' lang='lat' dir='ltr'><strong>ad</strong></span> <span class='ocrx_word' id='word_1_541' title='bbox 3105 4574 3263 4639; x_wconf 88' lang='lat' dir='ltr'><strong>pont.</strong></span> 
     </span>
    </p>
   </div>
   <div class='ocr_carea' id='block_1_110' title="bbox 2189 4659 2605 4715">
    <p class='ocr_par' dir='ltr' id='par_1_110' title="bbox 2189 4659 2605 4715">
     <span class='ocr_line' id='line_1_114' title="bbox 2189 4659 2605 4715; baseline -0.01 0"><span class='ocrx_word' id='word_1_542' title='bbox 2189 4661 2242 4715; x_wconf 88' lang='lat' dir='ltr'><strong>S.</strong></span> <span class='ocrx_word' id='word_1_543' title='bbox 2273 4659 2605 4715; x_wconf 90' lang='lat' dir='ltr'><strong>Clementis.</strong></span> 
     </span>
    </p>
   </div>
   <div class='ocr_carea' id='block_1_111' title="bbox 1950 4777 3264 4855">
    <p class='ocr_par' dir='ltr' id='par_1_111' title="bbox 1950 4777 3264 4855">
     <span class='ocr_line' id='line_1_115' title="bbox 1950 4777 3264 4855; baseline -0.004 -15"><span class='ocrx_word' id='word_1_544' title='bbox 1950 4785 2143 4855; x_wconf 83' lang='lat' dir='ltr'><strong>Olymp</strong></span> <span class='ocrx_word' id='word_1_545' title='bbox 2260 4782 2412 4839; x_wconf 90' lang='lat' dir='ltr'><strong>Petri</strong></span> <span class='ocrx_word' id='word_1_546' title='bbox 2461 4777 2550 4851; x_wconf 88' lang='grc'><strong>37,</strong></span> <span class='ocrx_word' id='word_1_547' title='bbox 2605 4778 2676 4836; x_wconf 88' lang='lat'><strong>38</strong></span> <span class='ocrx_word' id='word_1_548' title='bbox 2732 4782 2894 4837; x_wconf 91' lang='lat' dir='ltr'><strong>Rom.</strong></span> <span class='ocrx_word' id='word_1_549' title='bbox 2970 4781 3132 4838; x_wconf 84' lang='lat' dir='ltr'><strong>Sedis</strong></span> <span class='ocrx_word' id='word_1_550' title='bbox 3172 4777 3264 4837; x_wconf 86' lang='lat'><strong>25.</strong></span> 
     </span>
    </p>
   </div>
   <div class='ocr_carea' id='block_1_112' title="bbox 3330 3958 3486 4001">
    <p class='ocr_par' dir='ltr' id='par_1_112' title="bbox 3330 3958 3486 4001">
     <span class='ocr_line' id='line_1_116' title="bbox 3330 3958 3486 4001; baseline -0.006 0"><span class='ocrx_word' id='word_1_551' title='bbox 3330 3958 3486 4001; x_wconf 82' lang='lat' dir='ltr'><strong>CUTIO</strong></span> 
     </span>
    </p>
   </div>
   <div class='ocr_carea' id='block_1_113' title="bbox 3375 4776 3449 4835">
    <p class='ocr_par' dir='ltr' id='par_1_113' title="bbox 3375 4776 3449 4835">
     <span class='ocr_line' id='line_1_117' title="bbox 3375 4776 3449 4835; baseline 0 0"><span class='ocrx_word' id='word_1_552' title='bbox 3375 4776 3449 4835; x_wconf 88' lang='lat'><strong>65</strong></span> 
     </span>
    </p>
   </div>
   <div class='ocr_carea' id='block_1_114' title="bbox 1989 4868 3525 4941">
    <p class='ocr_par' dir='ltr' id='par_1_114' title="bbox 1989 4868 3525 4941">
     <span class='ocr_line' id='line_1_118' title="bbox 1989 4868 3525 4941; baseline -0.007 -11"><span class='ocrx_word' id='word_1_553' title='bbox 1989 4872 2087 4930; x_wconf 90' lang='lat'><strong>244</strong></span> <span class='ocrx_word' id='word_1_554' title='bbox 2266 4873 2466 4927; x_wconf 88' lang='lat' dir='ltr'><strong>Annus</strong></span> <span class='ocrx_word' id='word_1_555' title='bbox 2485 4870 2806 4941; x_wconf 88' lang='lat' dir='ltr'><strong>completur</strong></span> <span class='ocrx_word' id='word_1_556' title='bbox 2819 4870 2915 4926; x_wconf 84' lang='lat' dir='ltr'><strong>die</strong></span> <span class='ocrx_word' id='word_1_557' title='bbox 2936 4868 3262 4940; x_wconf 87' lang='lat' dir='ltr'><strong>25Aprilis,</strong></span> <span class='ocrx_word' id='word_1_558' title='bbox 3300 4870 3525 4936; x_wconf 75' lang='lat' dir='ltr'><strong>Marty-</strong></span> 
     </span>
    </p>
   </div>
   <div class='ocr_carea' id='block_1_115' title="bbox 1924 4957 3483 5028">
    <p class='ocr_par' dir='ltr' id='par_1_115' title="bbox 1924 4957 3483 5028">
     <span class='ocr_line' id='line_1_119' title="bbox 1924 4957 3483 5028; baseline -0.006 -10"><span class='ocrx_word' id='word_1_559' title='bbox 1924 4965 1998 5018; x_wconf 85' lang='lat' dir='ltr'><strong>ad</strong></span> <span class='ocrx_word' id='word_1_560' title='bbox 2030 4964 2171 5017; x_wconf 86' lang='lat' dir='ltr'><strong>hunc</strong></span> <span class='ocrx_word' id='word_1_561' title='bbox 2190 4965 2247 5015; x_wconf 87' lang='lat' dir='ltr'><strong>et</strong></span> <span class='ocrx_word' id='word_1_562' title='bbox 2310 4960 2644 5028; x_wconf 89' lang='lat' dir='ltr'><strong>martyrium</strong></span> <span class='ocrx_word' id='word_1_563' title='bbox 2713 4959 3090 5028; x_wconf 87' lang='lat' dir='ltr'><strong>subsequitur</strong></span> <span class='ocrx_word' id='word_1_564' title='bbox 3138 4961 3266 5026; x_wconf 89' lang='lat' dir='ltr'><strong>post</strong></span> <span class='ocrx_word' id='word_1_565' title='bbox 3336 4957 3483 5009; x_wconf 82' lang='lat' dir='ltr'><strong>rium</strong></span> 
     </span>
    </p>
   </div>
   <div class='ocr_carea' id='block_1_116' title="bbox 1944 5044 3556 5115">
    <p class='ocr_par' dir='ltr' id='par_1_116' title="bbox 1944 5044 3556 5115">
     <span class='ocr_line' id='line_1_120' title="bbox 1944 5044 3556 5115; baseline -0.007 -8"><span class='ocrx_word' id='word_1_566' title='bbox 1944 5067 2148 5107; x_wconf 85' lang='lat' dir='ltr'><strong>annum</strong></span> <span class='ocrx_word' id='word_1_567' title='bbox 2196 5059 2415 5103; x_wconf 89' lang='lat' dir='ltr'><strong>menses</strong></span> <span class='ocrx_word' id='word_1_568' title='bbox 2430 5048 2577 5101; x_wconf 91' lang='lat' dir='ltr'><strong>duos</strong></span> <span class='ocrx_word' id='word_1_569' title='bbox 2605 5047 2702 5100; x_wconf 89' lang='lat' dir='ltr'><strong>die</strong></span> <span class='ocrx_word' id='word_1_570' title='bbox 2720 5044 2793 5100; x_wconf 89' lang='lat'><strong>29</strong></span> <span class='ocrx_word' id='word_1_571' title='bbox 2809 5045 2990 5114; x_wconf 78' lang='lat' dir='ltr'><strong>Junii,</strong></span> <span class='ocrx_word' id='word_1_572' title='bbox 3014 5044 3244 5114; x_wconf 89' lang='lat' dir='ltr'><strong>quando</strong></span> <span class='ocrx_word' id='word_1_573' title='bbox 3264 5044 3368 5099; x_wconf 90' lang='lat' dir='ltr'><strong>SS.</strong></span> <span class='ocrx_word' id='word_1_574' title='bbox 3411 5059 3556 5115; x_wconf 84' lang='lat' dir='ltr'><strong>apo-</strong></span> 
     </span>
    </p>
   </div>
   <div class='ocr_carea' id='block_1_117' title="bbox 1960 5133 3537 5207">
    <p class='ocr_par' dir='ltr' id='par_1_117' title="bbox 1960 5133 3537 5207">
     <span class='ocr_line' id='line_1_121' title="bbox 1960 5133 3537 5207; baseline -0.004 -12"><span class='ocrx_word' id='word_1_575' title='bbox 1960 5142 2145 5195; x_wconf 77' lang='lat' dir='ltr'><strong>dilata:</strong></span> <span class='ocrx_word' id='word_1_576' title='bbox 2201 5135 2565 5207; x_wconf 83' lang='lat' dir='ltr'><strong>cruciﬁgitur</strong></span> <span class='ocrx_word' id='word_1_577' title='bbox 2620 5134 2679 5189; x_wconf 88' lang='lat' dir='ltr'><strong>in</strong></span> <span class='ocrx_word' id='word_1_578' title='bbox 2729 5133 3023 5189; x_wconf 86' lang='lat' dir='ltr'><strong>Vaticano.</strong></span> <span class='ocrx_word' id='word_1_579' title='bbox 3054 5135 3131 5189; x_wconf 85' lang='lat' dir='ltr'><strong>Ex</strong></span> <span class='ocrx_word' id='word_1_580' title='bbox 3152 5134 3248 5190; x_wconf 91' lang='lat' dir='ltr'><strong>die</strong></span> <span class='ocrx_word' id='word_1_581' title='bbox 3278 5135 3537 5189; x_wconf 78' lang='lat' dir='ltr'><strong>stolarum</strong></span> 
     </span>
    </p>
   </div>
   <div class='ocr_carea' id='block_1_118' title="bbox 1982 5221 3512 5295">
    <p class='ocr_par' dir='ltr' id='par_1_118' title="bbox 1982 5221 3512 5295">
     <span class='ocr_line' id='line_1_122' title="bbox 1982 5221 3512 5295; baseline -0.004 -12"><span class='ocrx_word' id='word_1_582' title='bbox 1982 5244 2024 5284; x_wconf 91' lang='grc' dir='ltr'>ι.</span> <span class='ocrx_word' id='word_1_583' title='bbox 2061 5245 2127 5282; x_wconf 68' lang='lat' dir='ltr'><strong>ea;</strong></span> <span class='ocrx_word' id='word_1_584' title='bbox 2186 5224 2248 5281; x_wconf 88' lang='grc'><strong>21</strong></span> <span class='ocrx_word' id='word_1_585' title='bbox 2292 5224 2533 5295; x_wconf 86' lang='lat' dir='ltr'><strong>Aprilis,</strong></span> <span class='ocrx_word' id='word_1_586' title='bbox 2564 5224 2714 5280; x_wconf 92' lang='lat' dir='ltr'><strong>unde</strong></span> <span class='ocrx_word' id='word_1_587' title='bbox 2743 5223 2882 5279; x_wconf 87' lang='lat' dir='ltr'><strong>anni</strong></span> <span class='ocrx_word' id='word_1_588' title='bbox 2924 5221 3098 5278; x_wconf 90' lang='lat' dir='ltr'><strong>Urbis</strong></span> <span class='ocrx_word' id='word_1_589' title='bbox 3143 5238 3259 5280; x_wconf 89' lang='lat' dir='ltr'><strong>nu-</strong></span> <span class='ocrx_word' id='word_1_590' title='bbox 3286 5225 3437 5279; x_wconf 80' lang='lat' dir='ltr'><strong>Petri</strong></span> <span class='ocrx_word' id='word_1_591' title='bbox 3461 5227 3512 5277; x_wconf 85' lang='lat' dir='ltr'><strong>et</strong></span> 
     </span>
    </p>
   </div>
   <div class='ocr_carea' id='block_1_119' title="bbox 1984 5311 3276 5382">
    <p class='ocr_par' dir='ltr' id='par_1_119' title="bbox 1984 5311 3276 5382">
     <span class='ocr_line' id='line_1_123' title="bbox 1984 5311 3276 5382; baseline -0.002 -11"><span class='ocrx_word' id='word_1_592' title='bbox 1984 5318 2125 5371; x_wconf 74' lang='lat' dir='ltr'><strong>dico.</strong></span> <span class='ocrx_word' id='word_1_593' title='bbox 2185 5320 2496 5382; x_wconf 87' lang='lat' dir='ltr'><strong>merantur,</strong></span> <span class='ocrx_word' id='word_1_594' title='bbox 2548 5311 2818 5368; x_wconf 87' lang='lat' dir='ltr'><strong>attributi</strong></span> <span class='ocrx_word' id='word_1_595' title='bbox 2892 5317 3030 5368; x_wconf 92' lang='lat' dir='ltr'><strong>sunt</strong></span> <span class='ocrx_word' id='word_1_596' title='bbox 3112 5313 3276 5368; x_wconf 90' lang='lat' dir='ltr'><strong>Petro</strong></span> 
     </span>
    </p>
   </div>
   <div class='ocr_carea' id='block_1_120' title="bbox 1936 5402 3269 5472">
    <p class='ocr_par' dir='ltr' id='par_1_120' title="bbox 1936 5402 3269 5472">
     <span class='ocr_line' id='line_1_124' title="bbox 1936 5402 3269 5472; baseline -0.005 -11"><span class='ocrx_word' id='word_1_597' title='bbox 1936 5409 2154 5461; x_wconf 68' lang='lat' dir='ltr'><strong>aestivis.</strong></span> <span class='ocrx_word' id='word_1_598' title='bbox 2188 5406 2324 5459; x_wconf 88' lang='lat' dir='ltr'><strong>anni</strong></span> <span class='ocrx_word' id='word_1_599' title='bbox 2363 5402 2453 5459; x_wconf 80' lang='lat'><strong>25.</strong></span> <span class='ocrx_word' id='word_1_600' title='bbox 2490 5417 2709 5459; x_wconf 89' lang='lat' dir='ltr'><strong>menses</strong></span> <span class='ocrx_word' id='word_1_601' title='bbox 2753 5419 2814 5472; x_wconf 80' lang='grc' dir='ltr'><strong>ιι,</strong></span> <span class='ocrx_word' id='word_1_602' title='bbox 2841 5402 2967 5458; x_wconf 90' lang='lat' dir='ltr'><strong>dies</strong></span> <span class='ocrx_word' id='word_1_603' title='bbox 2996 5417 3076 5458; x_wconf 83' lang='lat' dir='ltr'><strong>vn</strong></span> <span class='ocrx_word' id='word_1_604' title='bbox 3108 5402 3269 5457; x_wconf 87' lang='lat' dir='ltr'><strong>Sedis</strong></span> 
     </span>
    </p>
   </div>
   <div class='ocr_carea' id='block_1_121' title="bbox 2195 5491 3267 5559">
    <p class='ocr_par' dir='ltr' id='par_1_121' title="bbox 2195 5491 3267 5559">
     <span class='ocr_line' id='line_1_125' title="bbox 2195 5491 3267 5559; baseline -0.006 -12"><span class='ocrx_word' id='word_1_605' title='bbox 2195 5495 2479 5547; x_wconf 65' lang='lat' dir='ltr'><strong>Romanae.</strong></span> <span class='ocrx_word' id='word_1_606' title='bbox 2544 5492 2680 5547; x_wconf 81' lang='lat' dir='ltr'><strong>Vide</strong></span> <span class='ocrx_word' id='word_1_607' title='bbox 2712 5498 2875 5548; x_wconf 90' lang='lat' dir='ltr'><strong>notas</strong></span> <span class='ocrx_word' id='word_1_608' title='bbox 2920 5491 2987 5546; x_wconf 89' lang='lat' dir='ltr'><strong>ad</strong></span> <span class='ocrx_word' id='word_1_609' title='bbox 3025 5495 3179 5559; x_wconf 91' lang='lat' dir='ltr'><strong>pont.</strong></span> <span class='ocrx_word' id='word_1_610' title='bbox 3212 5491 3267 5543; x_wconf 89' lang='lat' dir='ltr'><strong>S.</strong></span> 
     </span>
    </p>
   </div>
   <div class='ocr_carea' id='block_1_122' title="bbox 2197 5580 2498 5647">
    <p class='ocr_par' dir='ltr' id='par_1_122' title="bbox 2197 5580 2498 5647">
     <span class='ocr_line' id='line_1_126' title="bbox 2197 5580 2498 5647; baseline -0.01 -14"><span class='ocrx_word' id='word_1_611' title='bbox 2197 5580 2368 5647; x_wconf 80' lang='lat' dir='ltr'><strong>Petri,</strong></span> <span class='ocrx_word' id='word_1_612' title='bbox 2393 5586 2498 5633; x_wconf 81' lang='lat' dir='ltr'><strong>etc.</strong></span> 
     </span>
    </p>
   </div>
   <div class='ocr_carea' id='block_1_123' title="bbox 3330 5312 3495 5366">
    <p class='ocr_par' dir='ltr' id='par_1_123' title="bbox 3330 5312 3495 5366">
     <span class='ocr_line' id='line_1_127' title="bbox 3330 5312 3495 5366; baseline -0.012 0"><span class='ocrx_word' id='word_1_613' title='bbox 3330 5312 3495 5366; x_wconf 80' lang='lat' dir='ltr'><strong>Pauli</strong></span> 
     </span>
    </p>
   </div>
  </div>
