3998 6176
249 257 329 318 473
936 287 950 297 ·
1189 265 1526 326 CHRONOL.
1575 271 1855 333 CONSUL.
1906 276 1993 333 ET
2046 278 2205 336 CES.
2272 282 2437 339 ROM.
2492 284 2634 340 ETC.

290 386 474 485 Ανηξξη
498 382 1290 485 Ῑηίὲἷαίῖζῗδῖωοςῗηῗξιιῗὲνῄῃ
1292 390 1583 485 3917111110-
1646 392 1806 485 ﬁngi
1889 400 1948 457 A
2016 399 2192 485 Αηηὶ
2253 404 2678 485 Citritianorum,
2726 411 3041 485 judccorum
3093 418 3144 468 et
3192 419 3329 485 ﬁni—
3392 421 3546 475 Anni

238 462 336 515 Per.
574 470 714 517 rum,
745 470 831 509 res
853 460 1039 523 gestas,
1070 462 1120 511 et
1154 459 1492 515 documenta.

263 535 307 580 et
336 544 423 580 auc
446 544 486 580 ι.

263 535 307 582 et
336 535 486 594 cycli.

492 707 558 762 In
587 701 782 762 Africa
815 703 1019 771 Macer,
1043 703 1104 758 in
1134 704 1438 764 Germania
1465 710 1581 766 Ca-

494 795 618 865 pito
710 793 1123 865 acclamantur,
1216 797 1311 853 sed
1406 799 1577 857 irrito

488 886 715 939 eventu.

284 969 425 1028 4782.
562 973 704 1040 Imp.
759 970 996 1043 Sergius
1042 972 1340 1044 Sulpicius
1386 978 1561 1034 Galba

256 1059 331 1117 22.
375 1058 455 1116 l3.
487 1059 782 1115 occiditur
800 1060 897 1115 die
915 1074 1057 1115 xvm
1080 1062 1202 1117 Kal.
1233 1065 1392 1120 Febr.
1416 1072 1561 1123 aeta-

315 1151 382 1204 A.
482 1150 558 1205 tis
592 1145 686 1204 73.
718 1149 952 1206 Sueton.
988 1151 1046 1206 in
1076 1151 1255 1207 Galba
1293 1168 1341 1208 c.
1374 1152 1463 1211 23.

706 1240 845 1312 Imp.
862 1239 981 1295 Ser.
999 1240 1293 1312 Sulpicius
1312 1244 1489 1301 Galba
1510 1259 1568 1301 ιι.

700 1311 764 1365 Τ.
796 1312 1021 1367 Vinius.

561 1399 733 1470 Lapis
751 1400 942 1456 Casin.
970 1399 1103 1458 infr.
1127 1402 1187 1458 in
1212 1410 1329 1460 not.
1355 1411 1418 1462 ut
1438 1421 1567 1478 sup.

479 1490 556 1544 Et
574 1489 808 1546 Tacitus
837 1490 971 1548 hist.
1001 1505 1038 1562 ι,
1065 1490 1403 1565 l.Capitolii
1426 1511 1574 1555 con-

483 1579 772 1651 ﬁagratio.

483 1274 628 1331 Coss

555 1668 778 1725 Salvius
796 1669 945 1727 Otho
970 1672 1273 1743 adeptione
1313 1675 1568 1736 frustra-

476 1762 579 1813 tus
590 1757 931 1815 seditionem
950 1760 1205 1833 molitur,
1220 1766 1358 1836 Imp.
1374 1766 1568 1823 dictus

475 1848 773 1904 occiditur
807 1846 879 1905 95
915 1852 1144 1921 Imperii
1184 1854 1297 1910 die.
1336 1857 1564 1914 Sueton.

560 1938 815 1993 Vitellius
876 1953 907 1996 a
964 1938 1154 1997 Germ.
1222 1945 1569 2016 Legionibus

472 2027 622 2097 Imp.
667 2027 961 2084 Salutatus
1001 2032 1292 2089 occiditur
1337 2032 1408 2091 20
1451 2037 1568 2091 De—

476 2115 753 2186 cembris,
780 2120 1004 2190 expleto
1028 2135 1179 2178 anno
1207 2120 1277 2179 57
1313 2125 1466 2182 Suet.
1508 2133 1565 2182 et

469 2205 659 2261 Tacit.
693 2207 833 2263 Vide
863 2210 1047 2266 Petav.
1087 2225 1165 2283 x1,
1194 2210 1260 2268 46

286 2288 418 2349 i783.
558 2297 697 2366 Imp.
730 2297 866 2353 Cres.
895 2300 975 2355 Fl.
1007 2302 1378 2373 Vespasianus
1409 2310 1552 2378 Aug.

272 2397 327 2457 23
352 2399 428 2457 44.
477 2404 546 2459 Ρ.
575 2407 647 2460 Μ.
682 2412 755 2463 tr.
790 2423 841 2478 p.
880 2406 928 2464 4.

327 2490 366 2547 G
695 2498 835 2567 Imp.
866 2500 1004 2556 Caes.
1037 2501 1120 2556 Fl.
1157 2503 1557 2572 Vespasianus.

470 2582 639 2641 Coss.
669 2585 813 2660 Aug.
850 2589 1017 2646 Titus
1043 2590 1228 2646 Caesar
1262 2593 1563 2664 Vespasia-

696 2677 754 2731 ni
787 2675 876 2733 fil.

532 2754 721 2834 Lapis
746 2767 1040 2823 Fastorum
1081 2769 1270 2826 Casin.
1305 2771 1361 2827 in
1408 2773 1563 2830 notis

467 2852 545 2909 ad
581 2860 736 2924 pont.
771 2856 827 2911 S.
857 2856 1184 2913 Clementis.

549 2942 820 3012 Capitolii
854 2960 994 3004 nova
1022 2946 1393 3006 fundamenta
1410 2952 1561 3022 jacta

468 3031 572 3089 die
604 3031 669 3089 24
710 3036 891 3091 Junii.
931 3038 1110 3094 Tacit.
1149 3039 1354 3098 Civilis
1391 3043 1562 3098 Bata—

470 3136 582 3179 vus
614 3124 837 3193 junctis
880 3128 1165 3184 amicitiis
1209 3144 1339 3186 cum
1376 3131 1562 3188 Gallis

472 3212 765 3270 Romanos
813 3215 1058 3286 obsidet,
1111 3232 1424 3292 eorumque
1472 3221 1562 3279 le-

472 3302 677 3374 giones
704 3304 889 3376 adigit
917 3307 985 3361 ad
1021 3308 1332 3377 jurandum
1375 3312 1433 3366 in
1458 3325 1563 3368 sua

472 3391 667 3453 verba,
701 3406 803 3448 nec
828 3408 938 3450 non
963 3396 1257 3454 Coloniam
1280 3400 1563 3471 Agrippi-

473 3492 629 3535 nam.
655 3480 862 3537 Contra
905 3483 1056 3539 hunc
1085 3486 1297 3542 missus
1317 3488 1567 3546 Cerealis

475 3582 568 3624 res
581 3570 909 3639 Vespasiani
927 3572 1137 3631 firmat.
1153 3577 1333 3632 Tacit.
1348 3578 1560 3634 Hist.v.

280 3645 411 3741 4784.
549 3661 691 3729 Imp.
718 3661 856 3718 Cas.
881 3663 964 3718 Fl.
1001 3665 1385 3737 Vespasianus
1421 3668 1564 3741 Aug.

262 3735 331 3796 et.
361 3741 437 3802 45.
481 3760 530 3802 r.
558 3762 609 3819 p.
638 3746 687 3817 4,
708 3748 763 3805 2.

331 3835 370 3889 F
695 3843 833 3912 Imp.
857 3843 995 3901 Caes.
1021 3844 1404 3917 Vespasianus
1424 3847 1566 3921 Aug.

470 3927 629 3985 Coss.
781 3947 867 3988 ιιι.

687 4023 761 4079 Μ.
794 4024 1068 4083 Cocceius
1094 4028 1297 4085 Nerva.

548 4111 699 4169 Fasti
744 4127 942 4171 marm.
973 4116 1222 4174 Casinat.
1258 4119 1317 4174 in
1348 4120 1558 4176 Musaeo

476 4203 633 4258 card.
663 4202 873 4260 Albani
903 4204 1055 4262 infra
1084 4207 1142 4262 in
1177 4213 1293 4264 not.
1327 4208 1395 4265 ad
1422 4214 1561 4280 pont

477 4290 533 4346 S.
557 4292 731 4348 Clem.
766 4295 1048 4353 Gruterus
1077 4295 1218 4353 folio
1243 4310 1347 4369 ccc,
1378 4312 1416 4370 ι,
1460 4299 1562 4356 hos

479 4394 623 4438 coss.
649 4383 886 4441 exhibet
908 4385 965 4441 in
993 4388 1112 4443 Vet.
1144 4388 1407 4458 inscript.
1431 4403 1560 4445 cum

474 4471 702 4542 Epocha
717 4472 887 4530 Urbis
907 4476 1151 4533 conditae
1173 4490 1457 4533 DCGCXXIV.

514 4562 956 4622 Janusclausus.
970 4565 1213 4624 Orosius
1230 4566 1328 4622 lib.
1343 4580 1445 4639 vn,
1458 4582 1580 4639 cap.

475 4648 527 4706 9.
566 4652 956 4711 Fundamenta
981 4657 1180 4728 templi
1219 4657 1430 4713 Pacisa
1452 4656 1567 4714 Ve-

479 4743 750 4812 spasiano
765 4744 939 4814 jacta.
964 4745 1105 4802 Vide
1125 4753 1289 4804 notas
1307 4761 1381 4818 ap
1405 4753 1560 4818 pont.

476 4831 531 4887 S.
552 4831 730 4887 Clem.
752 4834 1023 4904 Inscript.
1048 4848 1139 4907 ap.
1166 4837 1477 4894 Gruternm
1513 4852 1563 4907 p.

475 4917 601 4979 573.
628 4923 964 4994 Vespasiani
993 4925 1131 4980 trib.
1165 4931 1279 4996 pot.
1321 4923 1376 4997 2,
1414 4927 1560 4997 jun-

477 5010 564 5082 git
607 5026 739 5068 cum
784 5013 981 5071 titulis
1012 5014 1151 5086 imp.
1192 5029 1270 5087 v1,
1320 5029 1437 5073 cos.
1474 5030 1556 5072 Ill.

475 5113 595 5156 DES.
628 5114 707 5156 IV.

278 5196 419 5289 4785.
554 5212 699 5283 Imp.
740 5213 883 5270 Caes.
907 5214 990 5271 Fl.
1014 5215 1399 5286 Vespasianus
1422 5215 1569 5289 Aug.

257 5286 333 5347 25.
362 5293 440 5353 46.
474 5304 549 5357 tr.
584 5316 639 5373 p.
679 5300 735 5373 2,
766 5301 818 5360 3.

300 5384 399 5441 BD
694 5396 882 5465 Imper
912 5395 1295 5467 Vespasianus
1332 5396 1459 5469 Aug
1489 5412 1561 5453 ιν.

476 5481 637 5539 Coss.
688 5484 857 5541 Titus
903 5485 1019 5542 Caes
1060 5486 1394 5555 Vespasiani
1442 5486 1568 5558 Aug

652 5594 655 5597 π
698 5578 758 5632 F.
791 5590 852 5633 ιι.

1646 466 1708 517 U.
1729 464 1784 521 C.

1608 539 1752 590 ante.
1787 542 1837 593 et

278 596 343 674 ἐξ)
367 600 417 668 9
1575 611 1699 675 post
1738 609 1859 664 Pal.

1642 978 1767 1037 824.

1643 1067 1767 1126 822.

1636 2305 1763 2364 822.

1644 2413 1769 2473 823.

1646 3755 1775 3817 824.

1656 5214 1764 5274 824

1654 5305 1764 5365 825

2010 469 2220 543 Olymp.
2250 478 2550 560 _timorum
2607 469 2955 560 populorum,
3001 469 3327 560 _Pontiﬁces,
3392 469 3542 546 Et;

2244 548 2431 617 Reges,
2485 566 2572 605 res
2607 548 2810 623 ἐιὲειιιε³
2865 560 2916 609 et
2945 548 2952 552 ’
2977 548 3327 614 documenta.
3394 561 3489 615 Ch.

2006 953 2217 1025 Olymp.
2329 957 2637 1016 Clementis
2682 974 2836 1032 papa:
2881 961 2936 1035 2,
2980 962 3033 1021 3.
3075 966 3329 1025 Muciani
3448 969 3519 1027 69

2065 1040 2164 1099 244
2265 1054 2511 1117 ριόρινωῐ
2546 1050 2723 1120 Syria:
2763 1050 2814 1123 4,
2858 1050 2913 1108 2.
2940 1054 3136 1111 Matth.
3170 1063 3323 1127 pont.

2087 1146 2140 1186 IV
2241 1135 2370 1191 Jud.
2399 1134 2450 1203 ι,
2478 1136 2532 1194 5.

2050 1226 2190 1277 etea:
2331 1227 2444 1282 Hoc
2496 1241 2647 1285 anno
2707 1230 2831 1286 Kal.
2890 1232 3032 1289 Julii
3064 1234 3125 1289 Τ.
3193 1235 3329 1292 Fla-

2021 1310 2209 1367 diebus
2264 1316 2397 1371 vius
2438 1317 2839 1390 Vespasianus,
2890 1323 3008 1378 dux
3057 1322 3193 1380 belli
3219 1326 3330 1382 ad-

2001 1404 2204 1457 wstivis
2251 1417 2453 1462 versus
2521 1408 2764 1479 Judaaos,
2824 1410 3117 1469 adnitente
3179 1428 3332 1484 pra:—

2002 1489 2062 1545 0.
2109 1489 2217 1549 212
2253 1494 2379 1551 side
2452 1496 2676 1568 Egypti
2742 1498 2831 1554 Ti.
2882 1500 3227 1567 Alexandro,
3277 1510 3333 1560 et

2096 1594 2113 1634 I
2246 1584 2424 1655 Syriae
2480 1586 2666 1659 legato
2744 1591 3033 1660 Muciano,
3103 1592 3329 1649 saluta—

2246 1677 2344 1729 tur
2400 1676 2710 1745 imperator
2762 1679 2821 1733 in
2873 1680 3058 1749 Syria.
3121 1682 3332 1737 Mucia-

2242 1774 2314 1817 no
2363 1776 2492 1818 cum
2570 1771 2826 1822 exercitu
2873 1775 3070 1824 contra
3141 1769 3330 1825 Vitel-

2248 1848 2392 1905 lium
2440 1851 2712 1923 profecto,
2757 1855 2922 1911 Titus
2954 1858 3116 1927 Vesp.
3177 1857 3334 1914 ﬁlius

2246 1937 2459 1996 bellum
2487 1941 2857 2000 administrat
2879 1945 2938 2000 in
2966 1946 3335 2017 Judaaa,dum

2244 2029 2406 2099 Vesp.
2465 2040 2626 2101 pater
2656 2033 2841 2103 primo
2892 2034 2951 2089 in
2997 2035 3322 2106 Egyptum,

2242 2118 2452 2175 deinde
2484 2120 2715 2177 Romam
2745 2122 2931 2178 tendit
2958 2122 3027 2178 ad
3067 2122 3324 2194 insignia

2242 2206 2471 2278 imperii
2499 2210 2795 2280 capienda.

2098 2310 2117 2349 ι
2270 2298 2582 2356 Clementis
2614 2314 2771 2371 papte
2807 2300 2860 2372 3,
2894 2299 2947 2358 4.
3455 2302 3523 2361 το
3644 2372 3651 2379 _

2081 2420 2122 2459 ιι
2321 2411 2604 2467 Nummus
2628 2412 2742 2467 Titi
2768 2418 2963 2467 nostro
3010 2411 3070 2468 in
3115 2412 3326 2467 Musaeo

2241 2500 2618 2572 consignatus
2679 2500 2913 2570 duplici.
2956 2514 3069 2557 tera
3115 2500 3329 2557 Antio-

2242 2585 2423 2643 chena
2466 2601 2571 2644 cxx
2614 2589 2955 2660 Caesariana,
3006 2594 3064 2646 et
3094 2602 3166 2644 cn
3197 2589 3327 2646 Au-
3444 2654 3450 2666 ,

2240 2684 2421 2748 δαείω
2462 2678 2531 2733 ad
2585 2679 2737 2735 hunc
2778 2692 2992 2735 annum
3035 2678 3328 2749 pertinet:

2277 2782 2383 2835 quo
2411 2770 2537 2820 ante
2562 2767 2697 2822 Idus
2737 2768 2913 2823 Julius
2960 2767 3128 2838 Syria
3150 2770 3324 2823 omnis

2240 2856 2301 2909 in
2338 2857 2664 2926 Vespasiani
2681 2861 3018 2912 sacramento
3044 2859 3178 2924 ﬁlii.
3209 2858 3324 2913 Ta-

2241 2943 2343 2999 cit.
2372 2944 2545 3015 Capta
2589 2944 2996 3017 Hierosolyma,
3045 2946 3322 3017 templum

2242 3032 2538 3092 incensum
2571 3037 2744 3094 annis
2775 3033 2877 3094 407
2918 3044 3047 3108 post
3086 3050 3322 3110 regnum

2237 3123 2479 3181 Herodis
2540 3126 2599 3182 in
2670 3126 2771 3183 illa
2830 3128 3146 3185 exercitum
3184 3128 3316 3198 (Jos.

2239 3227 2335 3284 xx,
2366 3214 2420 3283 8)
2442 3215 2539 3269 die
2568 3216 2799 3271 Sabbati
2834 3216 2952 3270 Kal.
2990 3218 3144 3285 Sept.
3173 3217 3320 3272 Phi-

2229 3298 2393 3356 lostr.
2442 3301 2502 3356 in
2534 3302 2662 3359 Vita
2703 3302 3022 3372 Apollonii.
3063 3302 3319 3359 Matthiae

2238 3388 2366 3446 Jud.
2403 3391 2660 3460 pontifici
2689 3405 2721 3448 a
2752 3390 3065 3448 rebellibus
3094 3388 3319 3446 suﬁici-

2241 3483 2339 3534 tur
2389 3480 2705 3535 Phananus.
2760 3478 2967 3535 Omnes
3019 3478 3318 3549 pontiﬁces

2239 3567 2312 3623 ab
2340 3568 2561 3624 Aarone
2607 3569 2677 3625 ad
2713 3569 3042 3625 Phananum
3086 3564 3157 3623 84
3198 3581 3317 3625 nu-

2244 3661 2537 3713 merantur
2564 3671 2597 3713 a
2626 3656 2870 3727 Josepho
2900 3656 3001 3713 lib.
3036 3671 3130 3726 xx,
3177 3670 3225 3713 c.
3257 3654 3314 3712 8.

2090 3757 2132 3798 ιι
2318 3744 2628 3801 Clementis
2651 3759 2806 3816 papa;
2844 3742 2897 3816 4,
2924 3742 2978 3801 5.
3425 3739 3489 3801 74

2072 3848 2137 3887 m
2309 3835 2474 3891 Titus
2497 3835 2712 3891 Judaeis
2737 3834 2874 3892 licet
2914 3848 2946 3890 a
2989 3848 3051 3891 se
3074 3834 3320 3891 devictis

2241 3930 2545 3993 praeservat
2594 3923 2918 3996 privilegia,
2965 3923 3352 3995 nequidquam

2242 4010 2732 4070 intercedentibus
2777 4012 3207 4082 Alexandrinis,
3265 4016 3322 4068 et

2236 4102 2614 4159 Antiochenis
2646 4108 2710 4159 ut
2739 4104 2931 4159 eadem
2962 4102 3317 4173 antiquaret.

2233 4191 2535 4262 Iosephus.
2584 4193 2714 4249 vide
2744 4199 2906 4250 notas
2938 4208 2992 4263 p.
3017 4188 3104 4247 44.

2310 4283 2665 4354 Triumphus
2694 4283 3029 4354 Vespasiani
3064 4281 3248 4354 patris
3291 4293 3358 4338 ac

2239 4371 2354 4428 Titi
2410 4372 2517 4429 ﬁlii
2561 4375 2632 4429 de
2684 4373 2876 4429 Judaaa
2919 4372 3157 4429 subacta
3192 4371 3317 4428 Kal.

2241 4462 2406 4531 Julii,
2440 4476 2554 4532 quo
2585 4468 2654 4517 tr.
2709 4468 2954 4532 potestas
3001 4463 3130 4518 Tito
3176 4474 3325 4518 con—

2245 4548 2430 4607 fertur
2453 4564 2485 4606 a
2508 4555 2682 4620 patre.
2733 4551 2980 4605 Caesarea
3023 4553 3319 4619 maritima,

2246 4639 2346 4695 ubi
2378 4639 2763 4708 Vespasianus
2785 4638 3073 4696 salutatus
3104 4638 3351 4708 primum

2245 4726 2432 4784 fuerat
2460 4728 2597 4799 imp.
2624 4727 2687 4784 ﬁt
2704 4728 2863 4784 Rom.
2887 4727 3133 4784 colonia.
3151 4728 3339 4783 Num-

2247 4818 2325 4872 mi
2356 4816 2541 4874 colon.
2578 4818 2856 4873 Vaillant.
2896 4822 2953 4873 et
2982 4816 3217 4873 Reland.
3249 4815 3320 4871 de

2243 4905 2487 4961 urbibus
2500 4906 2835 4976 Palmstinte,
2864 4906 2969 4962 lib.
3002 4920 3088 4972 ιιι,
3112 4920 3165 4975 p.
3189 4902 3315 4961 500.

2061 5228 2124 5267 ιιι
2301 5208 2613 5267 Clementis
2663 5219 2820 5279 papae
2848 5204 2902 5278 5,
2937 5205 2990 5264 6.
3419 5202 3493 5263 72

2095 5314 2151 5357 1v
2277 5300 2584 5372 Complura
2681 5296 2926 5355 aediﬁcia
2996 5297 3315 5355 Antiochia:
3384 5296 3528 5352 Bias.

2238 5397 2586 5449 constructa.
2619 5389 3158 5447 Malala.C:esonius
3194 5389 3317 5441 Pte-

2238 5488 2334 5539 tus
2365 5496 2537 5553 regno
2565 5480 2730 5552 pellit
2758 5480 3104 5537 Antiochum
3129 5481 3340 5545 postre-

2242 5585 2397 5630 mum
2424 5571 2848 5628 Seleucidarum
2897 5580 3081 5640 regem
3110 5565 3316 5623 Coma—

3512 290 3620 352 474
