3998 6176
214 199 304 262 181
1206 214 1542 272 CHRONOL.
1593 217 1793 276 CONSE

1206 214 1542 272 CHRONOL.
1593 217 1873 277 CONSUL.
1922 225 2008 280 ET
2045 227 2202 285 CES.
2245 230 2411 288 ROM.
2454 234 2597 288 ETC.

261 327 414 384 Anni
488 329 868 397 Imperatores.
941 339 1214 411 Consules,

204 418 317 474 Per.
356 416 476 470 Jul.
552 432 699 489 rum,
747 436 832 475 res
878 430 1058 494 gesta,
1117 434 1167 483 et
1222 432 1559 490 documenta.
1617 439 1685 492 U.
1738 438 1795 495 Ο.

1592 532 1721 582 ante
1766 533 1818 583 et

1578 621 1698 685 post
1716 617 1818 672 Pal

229 510 279 560 et
299 506 454 572 cycli.

259 591 389 668 @9

478 768 613 812 veen
648 757 707 814 in
744 760 910 817 Prazt.
934 764 1004 819 ad
1038 766 1235 826 Fastos
1256 782 1414 828 num.
1439 787 1554 829 xw.

547 846 610 900 In
638 847 1005 907 Germaniam
1042 854 1336 924 profectus
1358 861 1564 918 Domi-

479 934 678 991 tianus
722 939 994 1010 arguitur
1036 957 1165 1000 cum
1210 949 1469 1007 exercitu
1497 965 1565 1007 ex

481 1026 740 1081 nummis
794 1027 1043 1100 signatis
1102 1037 1172 1089 tr.
1221 1051 1276 1106 p.
1338 1052 1417 1102 IV,
1474 1039 1559 1095 vel

474 1110 600 1168 Cos.
658 1127 715 1183 x,
771 1130 901 1173 cum
947 1120 1272 1193 Epigraphe
1320 1127 1561 1182 Victoria

472 1200 745 1270 Augusti,
782 1212 835 1260 et
863 1219 992 1262 cum
1024 1209 1196 1267 titulo
1226 1212 1554 1285 Germanici,

471 1294 529 1344 et
572 1292 713 1361 Imp.
770 1307 830 1364 ιι,
897 1309 981 1359 ιιι,
1044 1312 1117 1370 1v,
1172 1301 1322 1371 apud
1373 1303 1559 1360 Occo-

472 1392 602 1435 nem
624 1388 681 1437 et
701 1382 948 1439 Mediob.

264 1550 396 1610 i798
468 1557 611 1628 Imp,
648 1560 1017 1619 Domitianus
1044 1564 1190 1637 Aug.
1232 1568 1421 1625 Germ.
1474 1574 1546 1626 tr.

251 1637 408 1709 40,40
456 1660 512 1716 ρ.
545 1643 580 1702 4
603 1653 662 1704 et
689 1646 745 1706 5.

464 1770 610 1828 Coss
650 1739 1019 1828 Roeiﬁienus
1052 1745 1207 1828 ρης·
1251 1760 1329 1802 κιο

650 1811 711 1863 Τ.
744 1810 1020 1869 Aurelius
1049 1810 1280 1873 Fulvus.

496 1895 813 1967 Capitolin.
834 1900 893 1956 in
906 1901 1034 1957 Vita
1054 1905 1331 1961 Antonini
1348 1907 1434 1962 Pii
1450 1908 1549 1964 Re-

458 1992 724 2054 portatas
780 1988 888 2045 hoc
929 2003 1079 2048 anno
1143 1993 1416 2051 victorias
1477 1998 1547 2053 de

457 2074 770 2132 Germanis
801 2090 834 2132 a
863 2079 1193 2138 Domitiano
1221 2082 1308 2138 vel
1337 2098 1435 2154 per
1463 2100 1541 2157 se,

458 2163 549 2220 vel
577 2178 681 2235 per
706 2166 922 2239 legatos
944 2170 1246 2242 arguimus
1273 2186 1343 2229 ex
1370 2188 1547 2231 num—

462 2254 582 2310 mis
621 2256 870 2328 signatis
914 2261 987 2314 tr.
1036 2274 1088 2330 p.
1144 2275 1218 2316 ιν.
1271 2265 1372 2319 Im.
1415 2277 1539 2319 Vlll.

458 2349 518 2398 et
589 2357 668 2398 ix.
709 2344 850 2402 Vide
891 2346 1169 2405 Occonem
1216 2356 1274 2407 et
1323 2353 1549 2410 Medio—

458 2430 630 2487 barb.
680 2434 1050 2494 Domitianus
1103 2438 1423 2510 triumphat
1473 2442 1544 2497 de

458 2521 707 2593 Quadis,
734 2523 923 2594 Dacis,
942 2526 1122 2598 Getis,
1160 2527 1455 2599 Sarmatis,
1491 2536 1548 2587 et

452 2612 787 2677 Germanis.
839 2614 944 2669 lbi.

264 2691 385 2753 5799
533 2702 674 2770 Imp.
724 2702 1089 2762 Domitianus
1139 2706 1284 2779 Aug.
1340 2709 1528 2765 Germ.

252 2780 398 2851 ll,”
456 2792 538 2844 tr.
572 2803 626 2858 p.
660 2787 717 2860 5,
745 2789 780 2846 6

299 2875 342 2928 Α
448 2912 613 2970 Coss.
670 2880 1188 2970 Pﬁ'Pi‘iellPieug
1212 2900 1321 2970 35”:

669 2952 823 3007 Serv.
853 2952 1178 3011 Cornelius‘
1212 2955 1521 3014 Dolabella.

531 3039 828 3110 Antiquus
899 3041 1050 3112 lapis
1121 3045 1271 3114 apud
1329 3047 1542 3102 Gruter

454 3142 516 3197 p.
558 3126 615 3197 8,
647 3125 703 3198 2,
737 3128 797 3184 in
844 3143 958 3201 quo
987 3132 1303 3188 Domitiani
1337 3148 1541 3191 nomen

454 3231 713 3290 erasum,
792 3233 946 3277 nunc
1010 3219 1067 3277 in
1139 3225 1349 3280 Musazo
1404 3225 1537 3281 card

451 3306 688 3364 Albani.
746 3309 817 3364 Et
866 3309 1229 3380 Capitolinus
1269 3305 1351 3368 'in
1414 3313 1541 3370 Vita

452 3394 741 3453 Antonini
768 3397 877 3467 Pii,
911 3398 1013 3470 qui
1047 3399 1223 3469 hujus
1253 3401 1539 3472 principis

450 3484 610 3541 diem
636 3485 884 3543 natalem
926 3487 1033 3545 hoc
1058 3501 1208 3546 anno
1233 3491 1541 3562 consignat

454 3586 542 3629 xu
582 3574 687 3631 Kal
719 3576 939 3633 octobr.

262 4079 385 4166 4800
526 4090 647 4158 Imp
672 4090 1037 4147 Domitianus
1073 4088 1201 4166 Aug
1235 4091 1404 4149 Germ
1452 4097 1525 4149 tr.

253 4164 406 4241 42,42
447 4192 504 4247 p.
532 4176 585 4248 6,
614 4174 669 4233 7.

630 4269 773 4342 Ινιιιρ-
815 4269 1189 4342 Domitianus
1231 4271 1359 4342 Aug
1406 4285 1534 4327 χιιι.

631 4341 698 4394 A.
734 4339 1004 4397 Volusius
1032 4339 1402 4398 Saturninus.

452 4302 593 4359 Coss

527 4428 701 4499 Lapis
728 4428 787 4485 in
817 4430 980 4500 Epist
1006 4430 1213 4500 Cuperi
1239 4432 1535 4500 praamissa

452 4518 643 4574 Fastis
665 4517 920 4575 Almelov
950 4534 1086 4577 num
1117 4533 1215 4576 χχι
1248 4520 1533 4576 Eusebius

446 4606 617 4663 refert
637 4608 1054 4678 appellationes
1076 4610 1362 4666 mensium
1393 4610 1539 4678 Sep-

456 4694 716 4768 tembris,
743 4702 799 4752 et
823 4697 1107 4769 Octobris,
1151 4697 1541 4755 assentatione

456 4784 743 4856 principis
765 4799 1069 4843 conversas
1099 4785 1281 4845 fuisse
1312 4787 1372 4842 in
1398 4801 1540 4841 men-

457 4887 565 4928 sem
607 4873 1012 4947 Germanicum,
1068 4880 1119 4931 et
1166 4877 1536 4932 Domitianum

457 4961 562 5020 hoc
590 4977 744 5021 anno
789 4978 871 5020 vn
905 4964 1251 5022 Domitiani.

1642 1570 1749 1630 837

1634 1658 1743 1718 838

1624 4091 1733 4151 839

1624 4180 1731 4240 840

1864 1696 1916 1756 Β

1993 427 2200 501 Olymp.

2314 507 2499 579 Reges,
2537 525 2621 564 res
2653 507 2816 578 gesta:
2868 520 2920 568 et
2960 507 3297 575 documenta.

2242 750 2321 808 fol
2354 768 2426 809 vn
2458 760 2512 811 et
2555 756 2612 812 in
2659 758 2814 816 notis
2854 766 2919 818 ut
2948 778 3123 836 supra
3163 781 3314 839 cum,

2242 841 2489 910 primum
2541 846 2752 903 Pascha
2799 851 2891 906 sui
2944 854 3319 915 Pontiﬁcatus

2237 930 2347 986 sub
2388 932 2593 1002 iisdem
2638 937 3031 999 celebraverit.

1994 1563 2184 1635 Olymp
2299 1570 2558 1627 Anacleti
2589 1570 2645 1645 2,
2689 1572 2742 1629 3.

2030 1649 2139 1709 215

2063 1756 2118 1797 ιν

2298 1656 2888 1730 Antiochiae,jussuet
2908 1665 3165 1736 impensa
3187 1675 3306 1727 tum

2232 1747 2569 1818 Domitiani,
2612 1754 2734 1805 tum
2783 1753 3008 1811 Paridis
3049 1758 3175 1827 ejus
3223 1760 3308 1816 li-

2014 1835 2065 1885 et
2093 1847 2160 1886 ca:
2232 1832 2400 1901 berti,
2435 1836 2958 1911 Balnea,£desque
2990 1847 3304 1915 magniﬁca

1987 1919 2178 1976 diebus
2225 1929 2665 1983 construuntur.
2692 1929 2775 1984 Jo.
2809 1929 3015 1988 Malala
3038 1934 3308 1994 Chrono-

1976 2012 2179 2065 zestivis
2228 2027 2295 2084 gr
2323 2013 2407 2069 lib
2438 2031 2492 2071 χ.

1966 2096 2157 2170 Olymp
2170 2140 2183 2154 .

2031 2184 2139 2244 216

2072 2292 2091 2329 Ῑ

2073 2683 2092 2720 ι

2056 2770 2098 2809 ιι

2053 4102 2094 4141 ιι

2046 4190 2110 4231 ιιι

2297 2669 2555 2728 Anacleti
2586 2670 2640 2744 3,
2675 2669 2728 2728 4.

2291 2758 2664 2831 Capitolium,
2720 2763 2874 2833 quod
2928 2766 3056 2822 Tito
3113 2767 3303 2839 impe-

2219 2853 2379 2903 rante
2404 2850 2868 2921 conﬂagraverat,
2896 2853 3003 2909 hoc
3044 2867 3195 2912 anno
3219 2857 3302 2912 in-

2218 2939 2562 3006 stauratum,
2623 2938 3065 3013 dedicatumque
3115 2942 3226 3000 fuit
3267 2959 3300 3001 a

2217 3022 2569 3082 Domitiano.
2592 3028 2939 3086 Deauratum
2969 3030 3151 3089 fuisse
3182 3032 3301 3089 im-

2220 3124 2392 3180 pensa
2408 3127 2487 3169 xu
2519 3115 2768 3172 millium
2792 3118 3138 3177 talentorum
3162 3123 3299 3178 scri-

2216 3197 2303 3253 bit
2329 3201 2672 3256 Plutarchus
2696 3203 2753 3257 in
2785 3205 3102 3262 Poblicola:
3125 3222 3297 3276 quam

2218 3300 2496 3343 summam
2571 3302 2655 3344 xu
2716 3290 3011 3348 milliones
3069 3300 3298 3362 reputat

2215 3376 2520 3434 Calvisius.

2288 3465 2496 3523 Eodem
2521 3481 2672 3524 anno
2700 3482 2841 3524 acon
2882 3468 3228 3539 Capitolinus
3259 3485 3292 3527 a

2215 3554 2545 3612 Domitiano
2592 3557 2902 3613 institutus
2964 3557 3295 3628 Quinquen—

2210 3644 2374 3711 nalis,
2399 3644 2583 3702 instar
2598 3645 2896 3718 Olympiad
2907 3663 3001 3705 um
3026 3664 3123 3720 per
3141 3664 3296 3720 qua—

2212 3731 2482 3789 driennia
2512 3735 2718 3803 quinto
2757 3750 2985 3806 quoque
3008 3751 3158 3792 anno
3198 3751 3294 3793 re—

2214 3820 2444 3878 deunte.
2524 3823 2588 3877 V.
2666 3824 2767 3879 No.
2832 3823 3026 3893 Epoch
3094 3824 3293 3895 Syrom

2217 3924 2270 3980 p.
2298 3907 2424 3980 328,
2451 3908 2576 3981 330,
2619 3914 2674 3967 et
2695 3910 2849 3982 lapid
2880 3912 3030 3969 Grut
3048 3910 3175 3984 344,
3210 3910 3292 3970 ibi

2217 3999 2538 4056 indicatum

2283 4088 2541 4144 Anacleti
2572 4085 2624 4153 4,
2658 4088 2713 4146 5.

2283 4175 2595 4235 Anacletus
2650 4182 2963 4250 perennius
3014 4181 3297 4239 Ethnico—

2215 4279 2340 4321 rum
2353 4267 2639 4337 Capitolio
2654 4275 3080 4326 monumentum
3094 4270 3291 4342 erigit,

2215 4368 2413 4426 nempe
2437 4357 2672 4428 Trepaaa
2708 4358 3134 4430 Apostolorum,
3177 4359 3298 4415 sive

2214 4443 2516 4501 aediculam
2550 4447 2611 4501 in
2658 4447 2953 4517 Vaticano,
2990 4448 3059 4503 ad
3104 4447 3293 4505 locum

2217 4534 2478 4604 martyrii
2538 4534 2597 4588 B.
2656 4535 2831 4603 Petri,
2898 4535 3291 4591 rudimentum

2214 4621 2557 4676 Christiana:
2589 4621 2777 4691 molis,
2812 4623 3230 4691 ampliﬁcandae
3262 4637 3295 4677 a

2216 4707 2653 4765 successoribus
2698 4710 2757 4764 in
2805 4710 2906 4765 Dei
2955 4709 3203 4781 laudem,
3236 4716 3294 4766 et

2218 4799 2279 4853 in
2324 4799 2594 4855 honorem
2642 4798 2934 4869 Principis
2986 4798 3291 4869 Apostolo-

2217 4900 2367 4942 rum.

2284 4974 2650 5032 Domitianus
2696 4990 2757 5031 se
2784 4976 2956 5032 deum
2992 4988 3060 5031 ac
3100 4974 3298 5031 domi-

2215 5076 2352 5120 num
2391 5062 2670 5135 appellari
2716 5062 2899 5133 jubet.
2946 5063 3027 5121 Ad
3078 5077 3293 5121 annum

2215 5153 2341 5223 ejus
2383 5152 2615 5224 imperii
2658 5166 2737 5224 vx,
2771 5150 2944 5210 refert
2990 5152 3294 5211 Eusebius.

2287 5243 2431 5301 Hinc
2481 5240 2725 5300 fortasse
2767 5242 2995 5301 occasio
3033 5258 3298 5315 persecu-

2215 5335 2378 5391 tionis
2414 5333 2663 5391 secunda
2692 5333 2966 5391 adversus
3005 5333 3295 5391 Christia-

2218 5437 2322 5481 nos
2363 5425 2584 5481 cultum
2629 5438 2963 5495 supremum
3003 5422 3112 5480 soli
3158 5420 3296 5477 Ι)Εο

2218 5520 2587 5573 reservantes.

3504 254 3610 313 482

1294 346 1571 401 Romano-
1633 351 1787 405 Anni
1875 360 1934 420 A
1995 357 2177 446 nAnni
2239 360 2690 446 Christianorum,
2739 370 3052 446 {admoram
3115 382 3165 432 et
3209 382 3332 446 fini-
3393 382 3549 437 Anni

2313 436 2567 491 timorum
2610 441 2961 508 populorum,
3018 436 3316 520 Pontifices,
3391 436 3533 508 Eros

2314 507 2499 577 Reges,
2537 525 2621 564 res
2653 517 2816 577 gesta:
2868 520 2920 568 et
2960 516 3297 575 documenta.
3406 523 3500 577 Ch.

3412 1585 3485 1644 85
