3982 6166
411 304 519 363 483

1200 313 1291 365 AD
1346 313 1776 369 ANASTASIUM
1821 315 2335 377 PROLEGOMENA
2383 325 2560 379 EDIT.
2613 327 2761 382 BOM
2788 329 3034 385 -VATIC.

3713 329 3811 391 484

478 428 636 523 Αηηξ
673 504 686 523 ῃ
712 433 1088 501 Imperatores,
1168 438 1470 523 Consules“
1521 444 1777 523 Romano-
1845 443 2000 523 ᾼηῖξέ
2096 437 2156 497 Α
2220 450 2397 523 Δᾼηηί
2461 451 2914 516 Christianorum,
2973 454 3281 508 Judaeorum
3329 459 3377 507 ct
3414 458 3541 523 ﬁni-
3604 455 3755 510 Anni
3812 510 3815 513 .

413 500 536 554 Per.
591 504 701 556 Jul.
782 500 924 570 rum,
968 522 1056 561 res
1100 514 1279 574 gestw,
1326 516 1377 565 et
1427 500 1777 567 documenta.
1842 516 1899 568 0.
1952 515 2014 567 U.

1816 589 1941 638 ante
1962 590 2011 638 et

1769 661 1895 726 post
1938 656 2061 709 Pal.

447 583 497 624 et
521 574 666 640 pycli

487 639 625 717 €539

487 802 621 861 4804

477 889 647 963 43,43

479 966 624 1019 FE

776 808 897 877 Imp
934 809 1300 869 Domitianus
1340 814 1466 886 Aug
1496 817 1664 871 Germ
1702 820 1774 871 tr.

882 898 1423 976 Imp__Domitia_nus
1473 903 1601 976 Aug
1653 919 1771 960 xxv.

883 969 943 1023 L.
976 971 1267 1028 Minucius
1299 973 1503 1030 Rufus.

703 930 840 985 Coss

764 1061 1113 1116 Censorinus
1153 1062 1223 1117 de
1258 1062 1353 1117 die
1417 1066 1525 1118 Nat
1566 1077 1670 1134 cap
1721 1063 1775 1135 5,

696 1148 800 1203 hos
866 1163 993 1205 coss
1067 1152 1361 1220 componit
1424 1167 1553 1208 cum
1627 1166 1777 1209 anno

700 1250 752 1290 U.
778 1251 824 1291 C.
858 1251 1097 1294 DCCCXLI.

768 1326 983 1382 Bellum
1006 1329 1276 1385 Dacicum
1297 1338 1496 1385 contra
1522 1331 1775 1387 Deceba—

695 1416 836 1482 lum,
887 1417 949 1471 in
1004 1432 1117 1487 quo
1162 1426 1536 1476 menorantur
1580 1422 1770 1477 Suevi.

694 1506 801 1561 Dio
829 1505 915 1560 lib
946 1520 1097 1562 van

765 1597 896 1650 LUDI
965 1610 1290 1652 SECULARES
1361 1612 1578 1653 SEPTIMI
1667 1599 1773 1655 hOC

691 1697 841 1739 anno
871 1684 1144 1740 celebrati
1169 1686 1338 1755 juxta
1388 1687 1771 1744 Censorinum

695 1788 803 1843 sup
855 1774 1353 1831 consentientibus
1396 1777 1660 1832 Nummis
1719 1784 1776 1833 et

690 1863 888 1918 Tacito
936 1863 1001 1917 A.
1047 1880 1126 1933 xi,
1170 1879 1273 1933 xu,
1310 1866 1409 1936 qui
1459 1866 1644 1922 eidem
1678 1883 1767 1936 xv,

689 1952 781 2006 vir
843 1966 971 2008 sacr
1025 1952 1247 2009 faciend
1328 1954 1595 2011 interfuit
1630 1957 1771 2012 Vide

691 2040 826 2111 Pagi
859 2043 928 2097 ad
953 2042 1107 2097 hunc
1136 2056 1373 2098 annum.

476 2124 617 2182 4802
760 2130 880 2199 Imp
919 2131 1286 2187 Domitianus
1323 2133 1450 2205 Aug
1476 2133 1645 2190 Germ
1696 2141 1768 2189 tr.

453 2209 539 2283 44,
564 2211 633 2269 44
687 2229 739 2285 p.
769 2213 822 2285 8,
848 2213 901 2271 9.

519 2307 567 2358 D
681 2339 819 2395 COSS
857 2307 917 2359 T.
964 2307 1263 2392 Aurelius_
1292 2310 1503 2366 Fulvus
1541 2326 1616 2394 .n.

856 2387 921 2431 Α.
968 2380 1344 2449 Sempronius
1367 2382 1693 2443 Atratinus.

763 2465 1049 2536 Capitolin
1094 2469 1151 2523 in
1198 2471 1328 2525 Vita
1372 2472 1460 2525 Pii
1496 2473 1767 2528 iteratum

689 2554 851 2610 Fulvi
884 2558 1247 2613 consulatum
1279 2558 1465 2614 refert.

756 2646 828 2697 M.
873 2645 1145 2703 Cocceius
1175 2649 1353 2703 Nerva
1396 2646 1456 2701 in
1495 2648 1766 2703 exsilium

688 2732 893 2800 pulsus
936 2743 1252 2807 revocatur,
1286 2743 1342 2792 et
1371 2738 1572 2792 consul
1604 2737 1769 2792 desi—

688 2827 932 2890 gnatur:
963 2824 1057 2879 cui
1086 2827 1427 2895 Apollonius
1451 2828 1767 2895 Thyanasus

690 2907 997 2977 imperium
1076 2915 1416 2982 prtedixisse
1467 2914 1688 2969 dicitur
1734 2927 1767 2970 a

683 2995 956 3052 Philostr.
984 3001 1066 3054 Ex
1097 3002 1275 3056 Dione
1300 3003 1382 3056 lib
1405 3017 1581 3058 van.

469 3079 610 3138 4803
756 3085 877 3155 Imp
906 3088 1273 3144 Domitianus
1319 3090 1444 3162 Aug
1469 3092 1638 3147 Germ
1687 3097 1758 3146 tr.

449 3168 536 3242 45,
558 3169 626 3228 45
682 3188 736 3243 p.
761 3170 816 3247 9,
847 3170 932 3230 4o.

520 3260 561 3314 Β
683 3298 818 3335 mm
867 3266 986 3335 Ιιηρ

683 3298 821 3355 COSS
867 3266 986 3335 Imp
1017 3266 1385 3349 Domitianus
1413 3269 1538 3341 Aug
1566 3286 1655 3327 xv.

860 3337 931 3391 M.
977 3336 1249 3391 Cocceius
1299 3342 1496 3391 Nerva.

977 3336 1249 3395 Cocceius
1299 3342 1496 3397 Nerva.

750 3426 928 3481 Vetus
968 3426 1216 3498 inscript
1244 3430 1395 3498 apud
1433 3430 1759 3488 Fabrettum

680 3514 838 3570 Inscr
866 3530 921 3585 p.
954 3511 1079 3587 274,
1113 3530 1246 3573 num
1278 3516 1398 3589 458,
1434 3519 1533 3576 ubi
1556 3521 1762 3577 Domi-

678 3603 824 3659 tiani
863 3619 1065 3663 nomen
1090 3606 1381 3665 abrasum.

750 3697 905 3766 Agon
925 3698 1216 3755 secundus
1249 3699 1630 3769 Capitolinus.

463 3779 603 3838 4804
726 3785 846 3854 Imp
896 3786 1265 3844 Domitianus
1301 3790 1429 3859 Aug
1458 3790 1625 3844 Germ
1675 3794 1745 3844 tr.

449 3868 629 3996 “at”
955 3874 1502 4003 auratasne

749 4034 856 4089 Dio
883 4034 965 4089 lib
991 4048 1166 4105 van,
1196 4035 1317 4088 edit
1346 4036 1457 4090 GL.
1492 4047 1600 4105 pag
1627 4031 1754 4105 765,

459 4206 600 4265 4805
674 4119 864 4279 76fmp
910 4211 1276 4266 Domitianus
1307 4210 1432 4282 Aug
1460 4212 1628 4266 Germ
1670 4216 1741 4266 tr.

448 4294 535 4368 47,
564 4295 628 4352 47
679 4314 729 4367 p.
764 4294 966 4366 44,42.

457 4387 509 4439 Α
560 4386 604 4439 G
680 4422 817 4477 Coss
856 4387 1652 4477 λίηρπὲῗτέῖὲἱδέἓιὲὂὲεκνί·

854 4456 916 4523 Q.
950 4459 1219 4513 Volusius
1249 4456 1616 4516 Saturninus.

741 4545 808 4599 Hi
826 4545 962 4601 Coss
976 4547 1304 4617 junguntur
1320 4562 1449 4605 cum
1467 4550 1597 4606 Era
1618 4564 1667 4605 P.
1690 4566 1744 4606 ιι.

671 4647 716 4687 c.
759 4647 1012 4691 DCCCXLIV
1041 4636 1192 4707 (ante
1218 4638 1441 4707 Palilia)
1472 4640 1531 4693 in
1569 4641 1745 4696 veteri

667 4724 891 4792 Inscrip
915 4725 1065 4795 apud
1092 4726 1322 4797 Gruter,
1355 4726 1433 4783 fol
1459 4726 1581 4783 300.
1608 4729 1749 4785 Vide

667 4812 887 4868 Norisii
939 4804 1102 4885 Epist
1152 4816 1355 4872 consul
1402 4832 1453 4886 p.
1506 4813 1595 4884 57,
1644 4817 1745 4873 ubi

670 4901 1008 4960 observatur
1031 4906 1348 4963 Domitiani
1384 4921 1586 4965 nomen
1614 4921 1748 4964 era-

672 5006 822 5047 sum.
850 4996 911 5049 In
942 4995 1058 5050 alia
1080 4997 1297 5066 pariter
1323 4998 1480 5055 inscr
1509 4999 1568 5053 in
1596 5012 1749 5069 qua—

665 5082 1030 5141 Domitianus
1067 5085 1295 5144 dicitur
1341 5092 1413 5142 tr.
1454 5092 1556 5157 pot
1604 5087 1741 5156 imp.

665 5185 808 5226 xxu.
827 5172 1036 5230 Censor
1060 5182 1385 5245 perpetuus.

453 5255 592 5314 4809
736 5262 856 5331 Imp
906 5264 1274 5319 Domitianus
1311 5263 1439 5334 Aug
1487 5263 1654 5318 Germ
1700 5269 1754 5319 tr

434 5345 518 5401 48.
543 5346 610 5419 48
657 5347 804 5421 p42,
842 5348 925 5407 43.

880 5489 891 5499 .
926 5486 940 5501 .
979 5488 990 5500 .
1037 5449 1340 5520 Pompeius
1369 5448 1613 5520 Collega.

878 5558 891 5571 .
933 5559 945 5571 .
983 5559 994 5571 .
1035 5518 1340 5574 Cornelius
1372 5518 1623 5578 Priscus.

730 5617 810 5672 Ex
830 5618 1025 5676 Tacito
1043 5617 1103 5674 in
1128 5616 1257 5673 Vita
1277 5616 1552 5689 Agricola
1572 5633 1622 5674 c.
1647 5617 1733 5674 44.

484 5447 544 5499 F'
659 5484 816 5540 Coss.

1866 813 1973 871 840

1867 900 1966 959 844

1862 2131 1962 2189 844

1859 2220 1968 2279 842

1858 3090 1965 3147 842

1857 3178 1963 3236 843

1846 3786 1953 3843 843

1833 3874 1939 3931 844

1846 4210 1953 4268 844

1843 4299 1949 4357 845

1837 5264 1944 5322 84ξὶ

1833 5352 1939 5411 846

2078 3107 2125 3169 C

2206 517 2396 590 Olymp
2409 562 2423 575 .

2526 613 2709 684 Reges,
2762 630 2847 668 res
2888 620 3048 681 gesta:
3091 620 3142 670 et
3184 615 3523 670 documenta.

2278 838 2342 876 ιιι
2520 825 2777 883 Anacleti
2804 826 2857 898 5,
2890 827 2942 885 6.

2534 525 2785 579 timorum
2830 526 3176 595 populorum,
3226 528 3533 593 Ponti/tces.
3605 529 3745 581 λΕνεΒ

3626 615 3721 669 Ch.

3622 829 3694 886 88

2286 926 2340 966 ιν
2510 917 2893 977 .Consulatum
2915 919 3248 989 Domitiani,
3290 924 3346 975 et
3374 920 3524 976 Ruﬁ.
3604 922 3743 975 Biss.

2463 1019 2630 1074 quem
2646 1014 2975 1076 postremun
2990 1008 3256 1064 tribuunt
3271 1009 3525 1081 Catalogi

2456 1093 2694 1150 Romani
2730 1096 3095 1166 pontificatus
3116 1097 3293 1169 Cleto,
3320 1111 3432 1154 non
3453 1099 3524 1154 ad

2455 1184 2611 1240 hunc
2667 1184 2877 1241 Rufum
2928 1186 3160 1254 referas,
3218 1200 3400 1258 neque
3457 1188 3525 1243 ad

2451 1291 2767 1347 Domitiani
2811 1307 2928 1364 xlv,
2971 1294 3067 1349 sed
3116 1295 3185 1349 ad
3242 1294 3530 1376 Domitia-

2452 1379 2512 1434 ni
2564 1395 2642 1443 1x,
2711 1382 2768 1436 in
2832 1397 2945 1452 quo
2993 1383 3271 1455 collegam
3325 1384 3530 1439 habuit

2448 1468 2512 1536 Q.
2564 1470 2835 1525 Petilium
2866 1470 3078 1526 Rufum
3131 1487 3193 1540 ιι,
3234 1486 3382 1528 anno
3414 1487 3524 1529 erae

2448 1557 2563 1612 Chr
2591 1556 2682 1621 83,
2723 1566 2785 1615 ut
2813 1565 3037 1615 constat
3070 1575 3139 1616 ex
3177 1561 3529 1618 Consulibus

2452 1647 2735 1714 proximis
2758 1647 3001 1703 tributis
3024 1651 3363 1707 successori.
3391 1650 3530 1707 Vide

2453 1742 2614 1791 notas
2642 1738 2710 1792 ad
2741 1741 2896 1807 pont,
2929 1738 2984 1792 S.
3014 1738 3179 1794 Cleti.

2220 2127 2262 2182 Ο
2287 2123 2393 2183 246
2517 2129 2779 2187 Anacleti
2810 2129 2862 2201 6,
2895 2128 2950 2186 7.

2272 2231 2327 2270 1v
2517 2219 2803 2276 Eusebius
2821 2223 2890 2277 ad
2917 2221 3068 2278 hunc
3088 2235 3302 2279 annum
3321 2223 3526 2279 Domi—

2236 2310 2369 2360 etea:
2441 2308 2587 2364 tiani
2619 2315 2877 2366 octavum
2900 2310 3071 2368 refert
3099 2313 3384 2369 nobilium
3405 2329 3522 2368 cae-

2209 2395 2398 2450 diebus
2435 2398 2583 2465 dem,
2662 2406 2719 2454 et
2780 2399 3162 2471 Philosophos
3234 2402 3303 2458 ab
3371 2403 3518 2458 Urbe

2250 2490 2349 2538 aest
2442 2487 2638 2556 pulsos
2697 2488 2768 2544 ab
2807 2490 3001 2546 eodem
3060 2493 3362 2563 principe:
3420 2494 3521 2562 qui

2216 2573 2258 2628 Ο
2275 2571 2381 2629 247
2436 2576 2668 2633 Romam
2693 2592 2955 2636 reversus
2974 2581 3287 2637 ridiculum
3315 2583 3385 2637 de
3403 2583 3522 2639 Da—

2296 2677 2313 2717 1
2437 2665 2522 2721 cis
2591 2668 2952 2739 triumphum
3024 2671 3144 2742 agit
3199 2671 3381 2740 Xipbi
3449 2686 3517 2727 ex

2441 2755 2646 2811 Dionis
2661 2758 2944 2828 excerptis
2967 2758 3070 2813 lib.
3095 2773 3243 2814 vau
3263 2762 3515 2816 Nummi.

2510 2846 2817 2914 Apollonio
2842 2848 3120 2918 Thyanaeo
3152 2850 3518 2905 Domitianus

2456 2933 2674 2989 illudit.
2720 2935 2894 2991 barba
2922 2941 3049 3007 ejus
3080 2939 3337 3008 precisa.
3380 2940 3522 2996 Phi—

2442 3022 2586 3077 lostr
2614 3023 2672 3079 in
2695 3025 2820 3094 ejus
2847 3026 2995 3081 Vita.

2291 3126 2310 3163 ι
2508 3113 2765 3169 Anacleti
2797 3111 2851 3183 7,
2884 3112 2939 3169 8.

2280 3215 2321 3252 ιι
2509 3200 2836 3271 Apolloniis
2850 3203 3153 3275 Thyaneus
3171 3207 3512 3265 Antiochum

2440 3289 2729 3359 profectus
2746 3294 3046 3363 superstiti
3058 3309 3189 3352 osos
3205 3298 3399 3353 cultus
3412 3298 3518 3353 ibi-

2436 3379 2565 3435 dem
2599 3381 2844 3454 adauget
2888 3401 2900 3437 :
2946 3398 3074 3441 mox
3115 3386 3173 3441 in
3215 3387 3514 3459 zEgyptum

2437 3470 2642 3527 tendit.
2668 3471 2875 3529 Malala
2905 3473 3152 3532 Chronol
3187 3476 3268 3532 lib
3295 3492 3351 3532 x.

2270 3809 2312 3845 ιι
2492 3792 2820 3862 Anacleti8,
2849 3793 2903 3848 9.

2246 3896 2309 3933 ιιι
2481 3882 3093 3953 EpochaCapitoliadis
3116 3882 3409 3958 [Claudias]
3435 3889 3493 3942 in

2430 3970 2738 4042 Coelesyria
2768 3973 2892 4043 hoc,
2928 3972 3013 4029 vel
3044 3976 3305 4045 sequenti
3350 3990 3501 4032 anno

2433 4060 2666 4116 inchoat
2720 4076 2790 4116 ex
2839 4064 3111 4119 nummis.
3172 4065 3311 4121 Vide
3358 4066 3500 4122 Card

2429 4150 2599 4204 Noris
2655 4151 2845 4219 Epocb
2898 4152 3233 4223 Syromaced
3279 4170 3330 4225 p.
3373 4153 3495 4211 334.

2253 4253 2316 4291 ιιι
2494 4239 2752 4295 Anacleti
2784 4238 2837 4309 9,
2876 4240 2941 4297 40

2243 4340 2317 4381 ιν.
2490 4327 2742 4399 Agrippa
2769 4331 3206 4390 Mathematicus
3238 4336 3298 4390 in
3320 4336 3509 4406 Bithy-

2430 4417 2528 4473 nia
2558 4419 2773 4476 Lunam
2797 4436 2925 4479 cum
2958 4423 3232 4495 Vergiliis
3253 4426 3505 4495 conjun-

2427 4514 2574 4563 ctam
2653 4510 2986 4567 observabat
3064 4514 3340 4569 Novembr
3408 4513 3499 4585 29,

2429 4597 2567 4653 hora
2596 4598 2649 4669 3,
2685 4602 2871 4656 noctis
2904 4602 3162 4671 ineunte,
3206 4610 3336 4659 ante
3375 4606 3499 4660 med

2428 4693 2562 4743 noct
2605 4688 2765 4745 horis
2811 4691 3137 4761 aequalibus
3184 4691 3238 4749 5.
3291 4694 3504 4750 Ptolem

2427 4774 2511 4830 lib
2532 4790 2631 4849 v11,
2650 4790 2753 4848 cap
2768 4776 2823 4849 3,
2845 4793 3186 4850 componens
3203 4797 3332 4838 cum
3354 4797 3505 4840 anno

2426 4865 2808 4924 Nabonassari
2830 4866 2893 4924 84
2908 4868 2955 4923 4.
2989 4870 3127 4941 Tybi
3156 4873 3426 4928 secunda.

2174 5268 2239 5324 οι
2263 5264 2368 5324 247

2205 5354 2337 5465 ρῖἑῶ
2416 5357 2661 5465 SECU'NDA
2714 5361 3383 5465 IFCCLESl£-PERSECUT10,
3424 5365 3497 5421 de

2490 5267 2747 5325 Anacleti
2786 5269 2872 5342 40,
2909 5270 2993 5343 44,

2134 5448 2521 5537 ding‘kstqua
2550 5448 2919 5504 Tertulianus
2944 5452 3217 5510 adversus
3242 5454 3487 5509 Iudaeos.

2155 5536 2238 5608 οι,
2286 5551 2393 5610 243
2421 5536 2522 5607 qui
2554 5537 2725 5593 etiam
2767 5540 2975 5599 asserit
3015 5542 3068 5597 S.
3103 5544 3374 5599 Joannem
3406 5543 3492 5597 A—

2256 5639 2276 5683 ι
2412 5626 2761 5695 postolorum
2777 5628 2836 5684 in
2855 5628 3125 5687 ferventis
3142 5632 3490 5689 oleidolium

3633 2135 3712 2192 89

3624 3120 3702 3177 90

3620 3798 3691 3855 94

3620 4245 3701 4302 92

3596 4338 3727 4391 Biss

3593 5275 3698 5333 93.
