  <div class='ocr_page' id='page_1' title='image "/cluster/home/n/w/nwhite01/storage/ocr_20150623/127/hvd.32044054759881/250.png"; bbox 0 0 3982 6166; ppageno 0'>
   <div class='ocr_carea' id='block_1_1' title="bbox 472 857 1500 941">
    <p class='ocr_par' dir='ltr' id='par_1_1' title="bbox 472 857 1500 941">
     <span class='ocr_line' id='line_1_1' title="bbox 472 857 1500 941; baseline 0.022 -29"><span class='ocrx_word' id='word_1_1' title='bbox 472 857 764 919; x_wconf 78' lang='lat' dir='ltr'><strong>Profectio</strong></span> <span class='ocrx_word' id='word_1_2' title='bbox 778 865 1009 936; x_wconf 86' lang='lat' dir='ltr'><strong>Trajani</strong></span> <span class='ocrx_word' id='word_1_3' title='bbox 1030 870 1099 926; x_wconf 88' lang='lat' dir='ltr'><strong>ad</strong></span> <span class='ocrx_word' id='word_1_4' title='bbox 1119 875 1358 941; x_wconf 76' lang='lat' dir='ltr'><strong>primum</strong></span> <span class='ocrx_word' id='word_1_5' title='bbox 1380 878 1500 934; x_wconf 81' lang='lat' dir='ltr'><strong>bel-</strong></span> 
     </span>
    </p>
   </div>
   <div class='ocr_carea' id='block_1_2' title="bbox 410 944 1487 1023">
    <p class='ocr_par' dir='ltr' id='par_1_2' title="bbox 410 944 1487 1023">
     <span class='ocr_line' id='line_1_2' title="bbox 410 944 1487 1023; baseline 0.024 -25"><span class='ocrx_word' id='word_1_6' title='bbox 410 944 522 1000; x_wconf 84' lang='lat' dir='ltr'><strong>lum</strong></span> <span class='ocrx_word' id='word_1_7' title='bbox 576 950 836 1007; x_wconf 75' lang='lat' dir='ltr'><strong>Dacicum</strong></span> <span class='ocrx_word' id='word_1_8' title='bbox 878 961 1078 1014; x_wconf 88' lang='lat' dir='ltr'><strong>contra</strong></span> <span class='ocrx_word' id='word_1_9' title='bbox 1123 962 1487 1023; x_wconf 88' lang='lat' dir='ltr'><strong>Decebalum.</strong></span> 
     </span>
    </p>
   </div>
   <div class='ocr_carea' id='block_1_3' title="bbox 398 1034 1489 1126">
    <p class='ocr_par' dir='ltr' id='par_1_3' title="bbox 398 1034 1489 1126">
     <span class='ocr_line' id='line_1_3' title="bbox 398 1034 1489 1126; baseline 0.023 -37"><span class='ocrx_word' id='word_1_10' title='bbox 398 1034 540 1091; x_wconf 90' lang='lat' dir='ltr'><strong>Card</strong></span> <span class='ocrx_word' id='word_1_11' title='bbox 582 1039 756 1097; x_wconf 91' lang='lat' dir='ltr'><strong>Noris</strong></span> <span class='ocrx_word' id='word_1_12' title='bbox 786 1043 949 1113; x_wconf 80' lang='lat' dir='ltr'><strong>Epist</strong></span> <span class='ocrx_word' id='word_1_13' title='bbox 977 1060 1116 1104; x_wconf 90' lang='lat' dir='ltr'><strong>cons</strong></span> <span class='ocrx_word' id='word_1_14' title='bbox 1146 1064 1257 1124; x_wconf 94' lang='lat' dir='ltr'><strong>pag</strong></span> <span class='ocrx_word' id='word_1_15' title='bbox 1298 1052 1390 1126; x_wconf 81' lang='lat'><strong>65,</strong></span> <span class='ocrx_word' id='word_1_16' title='bbox 1420 1069 1489 1113; x_wconf 81' lang='lat' dir='ltr'><strong>ex</strong></span> 
     </span>
    </p>
   </div>
   <div class='ocr_carea' id='block_1_4' title="bbox 396 1123 725 1194">
    <p class='ocr_par' dir='ltr' id='par_1_4' title="bbox 396 1123 725 1194">
     <span class='ocr_line' id='line_1_4' title="bbox 396 1123 725 1194; baseline 0.021 -17"><span class='ocrx_word' id='word_1_17' title='bbox 396 1123 725 1194; x_wconf 88' lang='lat' dir='ltr'><strong>Spartiano.</strong></span> 
     </span>
    </p>
   </div>
   <div class='ocr_carea' id='block_1_5' title="bbox 217 1206 1478 1357">
    <p class='ocr_par' dir='ltr' id='par_1_5' title="bbox 217 1206 1478 1357">
     <span class='ocr_line' id='line_1_5' title="bbox 217 1206 1478 1357; baseline 0.021 -94"><span class='ocrx_word' id='word_1_18' title='bbox 217 1206 335 1354; x_wconf 49' lang='lat' dir='ltr'><strong>Si:</strong></span> <span class='ocrx_word' id='word_1_19' title='bbox 387 1298 420 1357; x_wconf 75' lang='lat'><strong><em>6</em></strong></span> <span class='ocrx_word' id='word_1_20' title='bbox 464 1216 617 1357; x_wconf 79' lang='lat' dir='ltr'><strong>7Imp</strong></span> <span class='ocrx_word' id='word_1_21' title='bbox 647 1217 928 1289; x_wconf 87' lang='lat' dir='ltr'><strong>Trajanus</strong></span> <span class='ocrx_word' id='word_1_22' title='bbox 954 1225 1080 1298; x_wconf 90' lang='lat' dir='ltr'><strong>Aug</strong></span> <span class='ocrx_word' id='word_1_23' title='bbox 1107 1228 1276 1286; x_wconf 85' lang='lat' dir='ltr'><strong>Germ</strong></span> <span class='ocrx_word' id='word_1_24' title='bbox 1307 1236 1382 1287; x_wconf 87' lang='lat' dir='ltr'><strong>tr.</strong></span> <span class='ocrx_word' id='word_1_25' title='bbox 1426 1248 1478 1303; x_wconf 92' lang='lat' dir='ltr'><strong>p.</strong></span> 
     </span>
    </p>
   </div>
   <div class='ocr_carea' id='block_1_6' title="bbox 276 1341 519 1372">
    <p class='ocr_par' dir='ltr' id='par_1_6' title="bbox 276 1341 519 1372">
     <span class='ocr_line' id='line_1_6' title="bbox 276 1341 519 1372; baseline 0.025 -20"><span class='ocrx_word' id='word_1_26' title='bbox 276 1341 321 1354; x_wconf 73' lang='grc' dir='ltr'><strong>,υ</strong></span> <span class='ocrx_word' id='word_1_27' title='bbox 388 1341 437 1372; x_wconf 80' lang='grc' dir='ltr'><strong>ν,</strong></span> <span class='ocrx_word' id='word_1_28' title='bbox 476 1341 519 1358; x_wconf 92' lang='lat'><strong>..</strong></span> 
     </span>
    </p>
   </div>
   <div class='ocr_carea' id='block_1_7' title="bbox 237 1388 1158 1483">
    <p class='ocr_par' dir='ltr' id='par_1_7' title="bbox 237 1388 1158 1483">
     <span class='ocr_line' id='line_1_7' title="bbox 237 1388 1158 1483; baseline 0.009 -5"><span class='ocrx_word' id='word_1_29' title='bbox 237 1388 275 1443; x_wconf 68' lang='grc' dir='ltr'><strong>Α</strong></span> <span class='ocrx_word' id='word_1_30' title='bbox 359 1424 493 1483; x_wconf 89' lang='lat' dir='ltr'><strong>Coss</strong></span> <span class='ocrx_word' id='word_1_31' title='bbox 566 1425 851 1483; x_wconf 64' lang='grc' dir='ltr'><strong>ῗῗ-’ῗῗ</strong></span> <span class='ocrx_word' id='word_1_32' title='bbox 887 1401 1031 1483; x_wconf 55' lang='lat' dir='ltr'><strong>Su}?</strong></span> <span class='ocrx_word' id='word_1_33' title='bbox 1066 1406 1158 1483; x_wconf 65' lang='lat' dir='ltr'><strong>mi</strong></span> 
     </span>
    </p>
   </div>
   <div class='ocr_carea' id='block_1_8' title="bbox 573 1467 1264 1536">
    <p class='ocr_par' dir='ltr' id='par_1_8' title="bbox 573 1467 1264 1536">
     <span class='ocr_line' id='line_1_8' title="bbox 573 1467 1264 1536; baseline 0.022 -16"><span class='ocrx_word' id='word_1_34' title='bbox 573 1467 629 1521; x_wconf 91' lang='lat' dir='ltr'><strong>P.</strong></span> <span class='ocrx_word' id='word_1_35' title='bbox 659 1470 928 1528; x_wconf 75' lang='lat' dir='ltr'><strong>Neratius</strong></span> <span class='ocrx_word' id='word_1_36' title='bbox 962 1476 1264 1536; x_wconf 86' lang='lat' dir='ltr'><strong>Marcellus</strong></span> 
     </span>
    </p>
   </div>
   <div class='ocr_carea' id='block_1_9' title="bbox 461 1552 1479 1634">
    <p class='ocr_par' dir='ltr' id='par_1_9' title="bbox 461 1552 1479 1634">
     <span class='ocr_line' id='line_1_9' title="bbox 461 1552 1479 1634; baseline 0.022 -28"><span class='ocrx_word' id='word_1_37' title='bbox 461 1552 617 1609; x_wconf 87' lang='lat' dir='ltr'><strong>Fasti</strong></span> <span class='ocrx_word' id='word_1_38' title='bbox 668 1556 927 1630; x_wconf 88' lang='lat' dir='ltr'><strong>Anonym</strong></span> <span class='ocrx_word' id='word_1_39' title='bbox 971 1567 1165 1634; x_wconf 84' lang='lat' dir='ltr'><strong>quarti</strong></span> <span class='ocrx_word' id='word_1_40' title='bbox 1214 1582 1323 1625; x_wconf 61' lang='lat' dir='ltr'><strong>saec</strong></span> <span class='ocrx_word' id='word_1_41' title='bbox 1369 1570 1479 1628; x_wconf 85' lang='lat' dir='ltr'><strong>ha—</strong></span> 
     </span>
    </p>
   </div>
   <div class='ocr_carea' id='block_1_10' title="bbox 389 1638 1477 1730">
    <p class='ocr_par' dir='ltr' id='par_1_10' title="bbox 389 1638 1477 1730">
     <span class='ocr_line' id='line_1_10' title="bbox 389 1638 1477 1730; baseline 0.021 -36"><span class='ocrx_word' id='word_1_42' title='bbox 389 1638 527 1697; x_wconf 90' lang='lat' dir='ltr'><strong>bent</strong></span> <span class='ocrx_word' id='word_1_43' title='bbox 560 1644 776 1701; x_wconf 84' lang='lat' dir='ltr'><strong>Surano</strong></span> <span class='ocrx_word' id='word_1_44' title='bbox 808 1663 846 1704; x_wconf 84' lang='grc' dir='ltr'><strong><em>ιι</em></strong></span> <span class='ocrx_word' id='word_1_45' title='bbox 891 1656 942 1705; x_wconf 82' lang='lat' dir='ltr'><strong>et</strong></span> <span class='ocrx_word' id='word_1_46' title='bbox 978 1654 1252 1712; x_wconf 82' lang='lat' dir='ltr'><strong>Marcello.</strong></span> <span class='ocrx_word' id='word_1_47' title='bbox 1294 1659 1477 1730; x_wconf 87' lang='lat' dir='ltr'><strong>Spar-</strong></span> 
     </span>
    </p>
   </div>
   <div class='ocr_carea' id='block_1_11' title="bbox 388 1728 1474 1806">
    <p class='ocr_par' dir='ltr' id='par_1_11' title="bbox 388 1728 1474 1806">
     <span class='ocr_line' id='line_1_11' title="bbox 388 1728 1474 1806; baseline 0.022 -22"><span class='ocrx_word' id='word_1_48' title='bbox 388 1728 588 1789; x_wconf 88' lang='lat' dir='ltr'><strong>tianus</strong></span> <span class='ocrx_word' id='word_1_49' title='bbox 616 1734 677 1790; x_wconf 88' lang='lat' dir='ltr'><strong>in</strong></span> <span class='ocrx_word' id='word_1_50' title='bbox 702 1736 956 1797; x_wconf 84' lang='lat' dir='ltr'><strong>Adriano</strong></span> <span class='ocrx_word' id='word_1_51' title='bbox 976 1743 1062 1800; x_wconf 86' lang='lat' dir='ltr'><strong>ait</strong></span> <span class='ocrx_word' id='word_1_52' title='bbox 1092 1745 1243 1803; x_wconf 86' lang='lat' dir='ltr'><strong>hunc</strong></span> <span class='ocrx_word' id='word_1_53' title='bbox 1269 1762 1301 1804; x_wconf 91' lang='lat' dir='ltr'><strong>a</strong></span> <span class='ocrx_word' id='word_1_54' title='bbox 1328 1728 1474 1806; x_wconf 80' lang='lat' dir='ltr'><strong>Tra—</strong></span> 
     </span>
    </p>
   </div>
   <div class='ocr_carea' id='block_1_12' title="bbox 381 1819 1470 1896">
    <p class='ocr_par' dir='ltr' id='par_1_12' title="bbox 381 1819 1470 1896">
     <span class='ocr_line' id='line_1_12' title="bbox 381 1819 1470 1896; baseline 0.021 -23"><span class='ocrx_word' id='word_1_55' title='bbox 381 1819 522 1888; x_wconf 86' lang='lat' dir='ltr'><strong>jano</strong></span> <span class='ocrx_word' id='word_1_56' title='bbox 548 1823 850 1882; x_wconf 66' lang='lat' dir='ltr'><strong>Praetorem</strong></span> <span class='ocrx_word' id='word_1_57' title='bbox 879 1837 1133 1890; x_wconf 87' lang='lat' dir='ltr'><strong>creatum</strong></span> <span class='ocrx_word' id='word_1_58' title='bbox 1171 1838 1384 1893; x_wconf 72' lang='lat' dir='ltr'><strong>Sarano</strong></span> <span class='ocrx_word' id='word_1_59' title='bbox 1430 1855 1470 1896; x_wconf 80' lang='grc' dir='ltr'><strong>ιι</strong></span> 
     </span>
    </p>
   </div>
   <div class='ocr_carea' id='block_1_13' title="bbox 385 1913 1473 1997">
    <p class='ocr_par' dir='ltr' id='par_1_13' title="bbox 385 1913 1473 1997">
     <span class='ocr_line' id='line_1_13' title="bbox 385 1913 1473 1997; baseline 0.021 -34"><span class='ocrx_word' id='word_1_60' title='bbox 385 1914 435 1963; x_wconf 82' lang='lat' dir='ltr'><strong>et</strong></span> <span class='ocrx_word' id='word_1_61' title='bbox 481 1913 747 1970; x_wconf 76' lang='lat' dir='ltr'><strong>Serviano</strong></span> <span class='ocrx_word' id='word_1_62' title='bbox 797 1919 939 1974; x_wconf 82' lang='lat' dir='ltr'><strong>Cass.</strong></span> <span class='ocrx_word' id='word_1_63' title='bbox 993 1921 1193 1995; x_wconf 84' lang='lat' dir='ltr'><strong>Aliqui</strong></span> <span class='ocrx_word' id='word_1_64' title='bbox 1268 1932 1473 1997; x_wconf 86' lang='lat' dir='ltr'><strong>putant</strong></span> 
     </span>
    </p>
   </div>
   <div class='ocr_carea' id='block_1_14' title="bbox 385 1998 1474 2086">
    <p class='ocr_par' dir='ltr' id='par_1_14' title="bbox 385 1998 1474 2086">
     <span class='ocr_line' id='line_1_14' title="bbox 385 1998 1474 2086; baseline 0.019 -33"><span class='ocrx_word' id='word_1_65' title='bbox 385 1998 679 2058; x_wconf 79' lang='lat' dir='ltr'><strong>sulfectos.</strong></span> <span class='ocrx_word' id='word_1_66' title='bbox 702 2004 979 2076; x_wconf 87' lang='lat' dir='ltr'><strong>Trajanus</strong></span> <span class='ocrx_word' id='word_1_67' title='bbox 998 2011 1054 2067; x_wconf 86' lang='lat' dir='ltr'><strong>b.</strong></span> <span class='ocrx_word' id='word_1_68' title='bbox 1073 2027 1123 2069; x_wconf 89' lang='lat' dir='ltr'><strong>a.</strong></span> <span class='ocrx_word' id='word_1_69' title='bbox 1150 2016 1474 2086; x_wconf 85' lang='lat' dir='ltr'><strong>appellatur</strong></span> 
     </span>
    </p>
   </div>
   <div class='ocr_carea' id='block_1_15' title="bbox 383 2091 1468 2175">
    <p class='ocr_par' dir='ltr' id='par_1_15' title="bbox 383 2091 1468 2175">
     <span class='ocr_line' id='line_1_15' title="bbox 383 2091 1468 2175; baseline 0.021 -36"><span class='ocrx_word' id='word_1_70' title='bbox 383 2098 611 2144; x_wconf 78' lang='lat' dir='ltr'><strong>DACIGUS</strong></span> <span class='ocrx_word' id='word_1_71' title='bbox 642 2091 703 2147; x_wconf 91' lang='lat' dir='ltr'><strong>in</strong></span> <span class='ocrx_word' id='word_1_72' title='bbox 734 2099 822 2149; x_wconf 92' lang='lat' dir='ltr'><strong>vet</strong></span> <span class='ocrx_word' id='word_1_73' title='bbox 848 2095 1070 2169; x_wconf 89' lang='lat' dir='ltr'><strong>inscrip</strong></span> <span class='ocrx_word' id='word_1_74' title='bbox 1091 2101 1238 2158; x_wconf 91' lang='lat' dir='ltr'><strong>Grut</strong></span> <span class='ocrx_word' id='word_1_75' title='bbox 1271 2099 1392 2175; x_wconf 84' lang='grc'><strong>490,</strong></span> <span class='ocrx_word' id='word_1_76' title='bbox 1433 2102 1468 2160; x_wconf 90' lang='grc'><strong>3</strong></span> 
     </span>
    </p>
   </div>
   <div class='ocr_carea' id='block_1_16' title="bbox 382 2182 1463 2249">
    <p class='ocr_par' dir='ltr' id='par_1_16' title="bbox 382 2182 1463 2249">
     <span class='ocr_line' id='line_1_16' title="bbox 382 2182 1463 2249; baseline 0.018 -19"><span class='ocrx_word' id='word_1_77' title='bbox 382 2188 514 2244; x_wconf 62' lang='lat' dir='ltr'><strong>quae</strong></span> <span class='ocrx_word' id='word_1_78' title='bbox 540 2191 695 2235; x_wconf 88' lang='lat' dir='ltr'><strong>nunc</strong></span> <span class='ocrx_word' id='word_1_79' title='bbox 726 2182 787 2238; x_wconf 90' lang='lat' dir='ltr'><strong>in</strong></span> <span class='ocrx_word' id='word_1_80' title='bbox 815 2184 942 2241; x_wconf 83' lang='lat' dir='ltr'><strong>Mus</strong></span> <span class='ocrx_word' id='word_1_81' title='bbox 963 2185 1107 2245; x_wconf 82' lang='lat' dir='ltr'><strong>Card</strong></span> <span class='ocrx_word' id='word_1_82' title='bbox 1138 2188 1248 2246; x_wconf 87' lang='lat' dir='ltr'><strong>Alb</strong></span> <span class='ocrx_word' id='word_1_83' title='bbox 1286 2206 1378 2248; x_wconf 75' lang='lat' dir='ltr'><strong>ra.</strong></span> <span class='ocrx_word' id='word_1_84' title='bbox 1410 2207 1463 2249; x_wconf 77' lang='grc' dir='ltr'><strong>Ρ.</strong></span> 
     </span>
    </p>
   </div>
   <div class='ocr_carea' id='block_1_17' title="bbox 316 2260 1462 2340">
    <p class='ocr_par' dir='ltr' id='par_1_17' title="bbox 316 2260 1462 2340">
     <span class='ocr_line' id='line_1_17' title="bbox 316 2260 1462 2340; baseline 0.021 -24"><span class='ocrx_word' id='word_1_85' title='bbox 316 2260 323 2267; x_wconf 67' lang='grc'><strong><em>³</em></strong></span> <span class='ocrx_word' id='word_1_86' title='bbox 379 2276 487 2335; x_wconf 84' lang='lat' dir='ltr'><strong>vn,</strong></span> <span class='ocrx_word' id='word_1_87' title='bbox 529 2280 624 2323; x_wconf 71' lang='lat' dir='ltr'><strong>me</strong></span> <span class='ocrx_word' id='word_1_88' title='bbox 657 2282 734 2340; x_wconf 82' lang='lat' dir='ltr'><strong>1v,</strong></span> <span class='ocrx_word' id='word_1_89' title='bbox 767 2286 865 2329; x_wconf 91' lang='lat' dir='ltr'><strong>cos</strong></span> <span class='ocrx_word' id='word_1_90' title='bbox 896 2288 949 2331; x_wconf 84' lang='lat' dir='ltr'><strong>IV</strong></span> <span class='ocrx_word' id='word_1_91' title='bbox 972 2289 1074 2332; x_wconf 68' lang='lat' dir='ltr'><strong>nas</strong></span> <span class='ocrx_word' id='word_1_92' title='bbox 1100 2292 1154 2333; x_wconf 87' lang='lat' dir='ltr'><strong>v.</strong></span> <span class='ocrx_word' id='word_1_93' title='bbox 1187 2281 1462 2339; x_wconf 90' lang='lat' dir='ltr'><strong>Nummos</strong></span> 
     </span>
    </p>
   </div>
   <div class='ocr_carea' id='block_1_18' title="bbox 377 2359 1465 2442">
    <p class='ocr_par' dir='ltr' id='par_1_18' title="bbox 377 2359 1465 2442">
     <span class='ocr_line' id='line_1_18' title="bbox 377 2359 1465 2442; baseline 0.019 -34"><span class='ocrx_word' id='word_1_94' title='bbox 377 2359 666 2413; x_wconf 87' lang='lat' dir='ltr'><strong>contestes</strong></span> <span class='ocrx_word' id='word_1_95' title='bbox 683 2361 1102 2430; x_wconf 87' lang='lat' dir='ltr'><strong>producitCard</strong></span> <span class='ocrx_word' id='word_1_96' title='bbox 1122 2369 1465 2442; x_wconf 87' lang='lat' dir='ltr'><strong>NorisEpist</strong></span> 
     </span>
    </p>
   </div>
   <div class='ocr_carea' id='block_1_19' title="bbox 376 2448 781 2519">
    <p class='ocr_par' dir='ltr' id='par_1_19' title="bbox 376 2448 781 2519">
     <span class='ocr_line' id='line_1_19' title="bbox 376 2448 781 2519; baseline 0.02 -23"><span class='ocrx_word' id='word_1_97' title='bbox 376 2455 522 2500; x_wconf 89' lang='lat' dir='ltr'><strong>cons</strong></span> <span class='ocrx_word' id='word_1_98' title='bbox 550 2459 657 2519; x_wconf 88' lang='lat' dir='ltr'><strong>pag</strong></span> <span class='ocrx_word' id='word_1_99' title='bbox 694 2448 781 2506; x_wconf 89' lang='lat'><strong>66.</strong></span> 
     </span>
    </p>
   </div>
   <div class='ocr_carea' id='block_1_20' title="bbox 205 2522 1463 2618">
    <p class='ocr_par' dir='ltr' id='par_1_20' title="bbox 205 2522 1463 2618">
     <span class='ocr_line' id='line_1_20' title="bbox 205 2522 1463 2618; baseline 0.021 -36"><span class='ocrx_word' id='word_1_100' title='bbox 450 2535 576 2605; x_wconf 88' lang='lat' dir='ltr'><strong>Imp</strong></span> <span class='ocrx_word' id='word_1_101' title='bbox 603 2536 885 2608; x_wconf 89' lang='lat' dir='ltr'><strong>Trajanus</strong></span> <span class='ocrx_word' id='word_1_102' title='bbox 910 2542 1038 2618; x_wconf 87' lang='lat' dir='ltr'><strong>Aug</strong></span> <span class='ocrx_word' id='word_1_103' title='bbox 1063 2546 1177 2603; x_wconf 87' lang='lat' dir='ltr'><strong>Ger</strong></span> <span class='ocrx_word' id='word_1_104' title='bbox 1216 2548 1463 2608; x_wconf 89' lang='lat' dir='ltr'><strong>Dacicus</strong></span> 
     </span>
    </p>
   </div>
   <div class='ocr_carea' id='block_1_21' title="bbox 206 2610 710 2693">
    <p class='ocr_par' dir='ltr' id='par_1_21' title="bbox 206 2610 710 2693">
     <span class='ocr_line' id='line_1_21' title="bbox 206 2610 710 2693; baseline 0.022 -24"><span class='ocrx_word' id='word_1_105' title='bbox 206 2610 315 2685; x_wconf 86' lang='lat'><strong>4,40</strong></span> <span class='ocrx_word' id='word_1_106' title='bbox 375 2624 448 2677; x_wconf 89' lang='lat' dir='ltr'><strong>tr.</strong></span> <span class='ocrx_word' id='word_1_107' title='bbox 487 2637 542 2693; x_wconf 87' lang='lat' dir='ltr'><strong>p.</strong></span> <span class='ocrx_word' id='word_1_108' title='bbox 569 2621 624 2693; x_wconf 88' lang='lat'><strong>7,</strong></span> <span class='ocrx_word' id='word_1_109' title='bbox 656 2624 710 2682; x_wconf 92' lang='lat'><strong>8.</strong></span> 
     </span>
    </p>
   </div>
   <div class='ocr_carea' id='block_1_22' title="bbox 204 2703 1353 2797">
    <p class='ocr_par' dir='ltr' id='par_1_22' title="bbox 204 2703 1353 2797">
     <span class='ocr_line' id='line_1_22' title="bbox 204 2703 1353 2797; baseline 0.024 -40"><span class='ocrx_word' id='word_1_110' title='bbox 204 2703 293 2760; x_wconf 80' lang='lat' dir='ltr'><strong>GI?</strong></span> <span class='ocrx_word' id='word_1_111' title='bbox 601 2715 879 2787; x_wconf 85' lang='lat' dir='ltr'><strong>Trajanus</strong></span> <span class='ocrx_word' id='word_1_112' title='bbox 905 2721 1034 2797; x_wconf 86' lang='lat' dir='ltr'><strong>Aug</strong></span> <span class='ocrx_word' id='word_1_113' title='bbox 1058 2739 1093 2779; x_wconf 89' lang='lat' dir='ltr'><strong>v</strong></span> <span class='ocrx_word' id='word_1_114' title='bbox 1122 2727 1353 2784; x_wconf 90' lang='lat' dir='ltr'><strong>Nummi</strong></span> 
     </span>
    </p>
   </div>
   <div class='ocr_carea' id='block_1_23' title="bbox 370 2800 1462 2875">
    <p class='ocr_par' dir='ltr' id='par_1_23' title="bbox 370 2800 1462 2875">
     <span class='ocr_line' id='line_1_23' title="bbox 370 2800 1462 2875; baseline 0.018 -19"><span class='ocrx_word' id='word_1_115' title='bbox 370 2800 518 2857; x_wconf 88' lang='lat' dir='ltr'><strong>Coss</strong></span> <span class='ocrx_word' id='word_1_116' title='bbox 560 2832 851 2851; x_wconf 89' lang='lat'><strong>-—-——</strong></span> <span class='ocrx_word' id='word_1_117' title='bbox 888 2812 1192 2872; x_wconf 82' lang='lat' dir='ltr'><strong>Maximus.</strong></span> <span class='ocrx_word' id='word_1_118' title='bbox 1240 2818 1462 2875; x_wconf 89' lang='lat' dir='ltr'><strong>Inscri-</strong></span> 
     </span>
    </p>
   </div>
   <div class='ocr_carea' id='block_1_24' title="bbox 560 2832 851 2851">
    <p class='ocr_par' dir='ltr' id='par_1_24' title="bbox 560 2832 851 2851">
     <span class='ocr_line' id='line_1_24' title="bbox 560 2832 851 2851; baseline 0.027 -8"><span class='ocrx_word' id='word_1_119' title='bbox 560 2832 851 2851; x_wconf 43' lang='lat'><strong>~—</strong></span> 
     </span>
    </p>
   </div>
   <div class='ocr_carea' id='block_1_25' title="bbox 667 2879 1438 2971">
    <p class='ocr_par' dir='ltr' id='par_1_25' title="bbox 667 2879 1438 2971">
     <span class='ocr_line' id='line_1_25' title="bbox 667 2879 1438 2971; baseline 0.018 -38"><span class='ocrx_word' id='word_1_120' title='bbox 667 2879 788 2948; x_wconf 92' lang='lat' dir='ltr'><strong>ptio</strong></span> <span class='ocrx_word' id='word_1_121' title='bbox 813 2882 1050 2940; x_wconf 89' lang='lat' dir='ltr'><strong>Panvin.</strong></span> <span class='ocrx_word' id='word_1_122' title='bbox 1432 2964 1438 2971; x_wconf 28' lang='lat'><em>.</em></span> 
     </span>
    </p>
   </div>
   <div class='ocr_carea' id='block_1_26' title="bbox 439 2963 1462 3050">
    <p class='ocr_par' dir='ltr' id='par_1_26' title="bbox 439 2963 1462 3050">
     <span class='ocr_line' id='line_1_26' title="bbox 439 2963 1462 3050; baseline 0.019 -32"><span class='ocrx_word' id='word_1_123' title='bbox 439 2963 531 3019; x_wconf 91' lang='lat' dir='ltr'><strong>De</strong></span> <span class='ocrx_word' id='word_1_124' title='bbox 560 2979 673 3035; x_wconf 89' lang='lat' dir='ltr'><strong>qua</strong></span> <span class='ocrx_word' id='word_1_125' title='bbox 719 2968 849 3025; x_wconf 84' lang='lat' dir='ltr'><strong>vide</strong></span> <span class='ocrx_word' id='word_1_126' title='bbox 902 2973 1035 3029; x_wconf 85' lang='lat' dir='ltr'><strong>card</strong></span> <span class='ocrx_word' id='word_1_127' title='bbox 1084 2976 1260 3033; x_wconf 91' lang='lat' dir='ltr'><strong>Noris</strong></span> <span class='ocrx_word' id='word_1_128' title='bbox 1296 2964 1462 3050; x_wconf 84' lang='lat' dir='ltr'><strong>Epist</strong></span> 
     </span>
    </p>
   </div>
   <div class='ocr_carea' id='block_1_27' title="bbox 369 3049 727 3123">
    <p class='ocr_par' dir='ltr' id='par_1_27' title="bbox 369 3049 727 3123">
     <span class='ocr_line' id='line_1_27' title="bbox 369 3049 727 3123; baseline 0.017 -18"><span class='ocrx_word' id='word_1_129' title='bbox 369 3049 524 3107; x_wconf 88' lang='lat' dir='ltr'><strong>Cons</strong></span> <span class='ocrx_word' id='word_1_130' title='bbox 550 3068 606 3123; x_wconf 92' lang='lat' dir='ltr'><strong>p.</strong></span> <span class='ocrx_word' id='word_1_131' title='bbox 639 3051 727 3111; x_wconf 87' lang='lat'><strong>67.</strong></span> 
     </span>
    </p>
   </div>
   <div class='ocr_carea' id='block_1_28' title="bbox 437 3142 1462 3227">
    <p class='ocr_par' dir='ltr' id='par_1_28' title="bbox 437 3142 1462 3227">
     <span class='ocr_line' id='line_1_28' title="bbox 437 3142 1462 3227; baseline 0.019 -32"><span class='ocrx_word' id='word_1_132' title='bbox 437 3142 762 3215; x_wconf 87' lang='lat' dir='ltr'><strong>Inscriptio</strong></span> <span class='ocrx_word' id='word_1_133' title='bbox 790 3146 998 3205; x_wconf 89' lang='lat' dir='ltr'><strong>Gruter</strong></span> <span class='ocrx_word' id='word_1_134' title='bbox 1026 3147 1132 3209; x_wconf 76' lang='grc'><strong>246</strong></span> <span class='ocrx_word' id='word_1_135' title='bbox 1167 3150 1222 3209; x_wconf 91' lang='grc'><strong>8.</strong></span> <span class='ocrx_word' id='word_1_136' title='bbox 1256 3156 1462 3227; x_wconf 88' lang='lat' dir='ltr'><strong>Traja-</strong></span> 
     </span>
    </p>
   </div>
   <div class='ocr_carea' id='block_1_29' title="bbox 377 3229 1459 3302">
    <p class='ocr_par' dir='ltr' id='par_1_29' title="bbox 377 3229 1459 3302">
     <span class='ocr_line' id='line_1_29' title="bbox 377 3229 1459 3302; baseline 0.017 -19"><span class='ocrx_word' id='word_1_137' title='bbox 377 3229 788 3302; x_wconf 79' lang='lat' dir='ltr'><strong>num’appellat</strong></span> <span class='ocrx_word' id='word_1_138' title='bbox 808 3247 896 3293; x_wconf 74' lang='lat' dir='ltr'><strong>TR.</strong></span> <span class='ocrx_word' id='word_1_139' title='bbox 927 3251 1026 3295; x_wconf 79' lang='lat' dir='ltr'><strong>por</strong></span> <span class='ocrx_word' id='word_1_140' title='bbox 1050 3254 1184 3299; x_wconf 73' lang='lat' dir='ltr'><strong>vmr</strong></span> <span class='ocrx_word' id='word_1_141' title='bbox 1201 3257 1280 3299; x_wconf 83' lang='lat' dir='ltr'><strong>v11</strong></span> <span class='ocrx_word' id='word_1_142' title='bbox 1295 3258 1387 3300; x_wconf 89' lang='lat' dir='ltr'><strong>cos</strong></span> <span class='ocrx_word' id='word_1_143' title='bbox 1409 3258 1459 3301; x_wconf 89' lang='lat' dir='ltr'><strong>v.</strong></span> 
     </span>
    </p>
   </div>
   <div class='ocr_carea' id='block_1_30' title="bbox 207 3303 1459 3400">
    <p class='ocr_par' dir='ltr' id='par_1_30' title="bbox 207 3303 1459 3400">
     <span class='ocr_line' id='line_1_30' title="bbox 207 3303 1459 3400; baseline 0.02 -33"><span class='ocrx_word' id='word_1_144' title='bbox 440 3320 570 3390; x_wconf 89' lang='lat' dir='ltr'><strong>Imp</strong></span> <span class='ocrx_word' id='word_1_145' title='bbox 626 3323 755 3394; x_wconf 89' lang='lat' dir='ltr'><strong>Traj</strong></span> <span class='ocrx_word' id='word_1_146' title='bbox 802 3328 929 3400; x_wconf 86' lang='lat' dir='ltr'><strong>Aug</strong></span> <span class='ocrx_word' id='word_1_147' title='bbox 967 3330 1136 3387; x_wconf 90' lang='lat' dir='ltr'><strong>Germ</strong></span> <span class='ocrx_word' id='word_1_148' title='bbox 1183 3334 1355 3391; x_wconf 91' lang='lat' dir='ltr'><strong>Dacic</strong></span> <span class='ocrx_word' id='word_1_149' title='bbox 1403 3339 1459 3392; x_wconf 93' lang='lat' dir='ltr'><strong>tr</strong></span> 
     </span>
    </p>
   </div>
   <div class='ocr_carea' id='block_1_31' title="bbox 204 3392 773 3477">
    <p class='ocr_par' dir='ltr' id='par_1_31' title="bbox 204 3392 773 3477">
     <span class='ocr_line' id='line_1_31' title="bbox 204 3392 773 3477; baseline 0.032 -26"><span class='ocrx_word' id='word_1_150' title='bbox 204 3392 302 3461; x_wconf 79' lang='lat'><strong>2,44</strong></span> <span class='ocrx_word' id='word_1_151' title='bbox 377 3405 497 3477; x_wconf 83' lang='lat' dir='ltr'><strong>p.8,</strong></span> <span class='ocrx_word' id='word_1_152' title='bbox 528 3405 565 3463; x_wconf 87' lang='lat'>9</span> <span class='ocrx_word' id='word_1_153' title='bbox 586 3411 690 3467; x_wconf 90' lang='lat' dir='ltr'><strong>Im.</strong></span> <span class='ocrx_word' id='word_1_154' title='bbox 723 3392 773 3468; x_wconf 65' lang='lat'><strong>4.</strong></span> 
     </span>
    </p>
   </div>
   <div class='ocr_carea' id='block_1_32' title="bbox 230 3489 1383 3649">
    <p class='ocr_par' dir='ltr' id='par_1_32' title="bbox 230 3489 1383 3649">
     <span class='ocr_line' id='line_1_32' title="bbox 230 3489 1383 3649; baseline 0.02 -31"><span class='ocrx_word' id='word_1_155' title='bbox 230 3489 267 3541; x_wconf 70' lang='grc' dir='ltr'><strong>θ</strong></span> <span class='ocrx_word' id='word_1_156' title='bbox 698 3503 1319 3649; x_wconf 52' lang='lat' dir='ltr'><strong>ausaausa</strong></span> <span class='ocrx_word' id='word_1_157' title='bbox 1345 3597 1383 3640; x_wconf 71' lang='grc' dir='ltr'><strong>,ι</strong></span> 
     </span>
    </p>
   </div>
   <div class='ocr_carea' id='block_1_33' title="bbox 436 3658 1457 3738">
    <p class='ocr_par' dir='ltr' id='par_1_33' title="bbox 436 3658 1457 3738">
     <span class='ocr_line' id='line_1_33' title="bbox 436 3658 1457 3738; baseline 0.018 -27"><span class='ocrx_word' id='word_1_158' title='bbox 436 3658 577 3730; x_wconf 85' lang='lat' dir='ltr'><strong>Pagi</strong></span> <span class='ocrx_word' id='word_1_159' title='bbox 603 3673 673 3717; x_wconf 83' lang='lat' dir='ltr'><strong>ex</strong></span> <span class='ocrx_word' id='word_1_160' title='bbox 704 3662 951 3736; x_wconf 88' lang='lat' dir='ltr'><strong>inscript</strong></span> <span class='ocrx_word' id='word_1_161' title='bbox 978 3667 1146 3738; x_wconf 92' lang='lat' dir='ltr'><strong>Spon.</strong></span> <span class='ocrx_word' id='word_1_162' title='bbox 1184 3672 1313 3729; x_wconf 90' lang='lat' dir='ltr'><strong>Alia</strong></span> <span class='ocrx_word' id='word_1_163' title='bbox 1357 3675 1457 3728; x_wconf 91' lang='lat' dir='ltr'><strong>In-</strong></span> 
     </span>
    </p>
   </div>
   <div class='ocr_carea' id='block_1_34' title="bbox 374 3746 1457 3819">
    <p class='ocr_par' dir='ltr' id='par_1_34' title="bbox 374 3746 1457 3819">
     <span class='ocr_line' id='line_1_34' title="bbox 374 3746 1457 3819; baseline 0.02 -20"><span class='ocrx_word' id='word_1_164' title='bbox 374 3746 558 3816; x_wconf 89' lang='lat' dir='ltr'><strong>script</strong></span> <span class='ocrx_word' id='word_1_165' title='bbox 586 3762 676 3818; x_wconf 90' lang='lat' dir='ltr'><strong>ap.</strong></span> <span class='ocrx_word' id='word_1_166' title='bbox 712 3752 928 3810; x_wconf 85' lang='lat' dir='ltr'><strong>Panvin</strong></span> <span class='ocrx_word' id='word_1_167' title='bbox 964 3756 1022 3812; x_wconf 92' lang='lat' dir='ltr'><strong>in</strong></span> <span class='ocrx_word' id='word_1_168' title='bbox 1054 3758 1187 3816; x_wconf 88' lang='lat' dir='ltr'><strong>Fast</strong></span> <span class='ocrx_word' id='word_1_169' title='bbox 1213 3767 1270 3818; x_wconf 90' lang='lat' dir='ltr'><strong>et</strong></span> <span class='ocrx_word' id='word_1_170' title='bbox 1297 3763 1457 3819; x_wconf 88' lang='lat' dir='ltr'><strong>Gru-</strong></span> 
     </span>
    </p>
   </div>
   <div class='ocr_carea' id='block_1_35' title="bbox 374 3832 1455 3911">
    <p class='ocr_par' dir='ltr' id='par_1_35' title="bbox 374 3832 1455 3911">
     <span class='ocr_line' id='line_1_35' title="bbox 374 3832 1455 3911; baseline 0.02 -24"><span class='ocrx_word' id='word_1_171' title='bbox 374 3836 456 3889; x_wconf 88' lang='lat' dir='ltr'><strong>ter</strong></span> <span class='ocrx_word' id='word_1_172' title='bbox 481 3832 587 3892; x_wconf 68' lang='grc'><strong>484</strong></span> <span class='ocrx_word' id='word_1_173' title='bbox 609 3836 662 3908; x_wconf 80' lang='grc'><strong>5,</strong></span> <span class='ocrx_word' id='word_1_174' title='bbox 705 3839 1047 3911; x_wconf 85' lang='lat' dir='ltr'><strong>Spartianus</strong></span> <span class='ocrx_word' id='word_1_175' title='bbox 1097 3848 1157 3905; x_wconf 93' lang='lat' dir='ltr'><strong>in</strong></span> <span class='ocrx_word' id='word_1_176' title='bbox 1200 3850 1455 3909; x_wconf 89' lang='lat' dir='ltr'><strong>Adriano</strong></span> 
     </span>
    </p>
   </div>
   <div class='ocr_carea' id='block_1_36' title="bbox 375 3922 560 3993">
    <p class='ocr_par' dir='ltr' id='par_1_36' title="bbox 375 3922 560 3993">
     <span class='ocr_line' id='line_1_36' title="bbox 375 3922 560 3993; baseline 0.022 -17"><span class='ocrx_word' id='word_1_177' title='bbox 375 3934 475 3993; x_wconf 89' lang='lat' dir='ltr'><strong>cap</strong></span> <span class='ocrx_word' id='word_1_178' title='bbox 503 3922 560 3980; x_wconf 87' lang='lat'><strong>3.</strong></span> 
     </span>
    </p>
   </div>
   <div class='ocr_carea' id='block_1_37' title="bbox 428 4011 1453 4098">
    <p class='ocr_par' dir='ltr' id='par_1_37' title="bbox 428 4011 1453 4098">
     <span class='ocr_line' id='line_1_37' title="bbox 428 4011 1453 4098; baseline 0.02 -32"><span class='ocrx_word' id='word_1_179' title='bbox 428 4011 728 4074; x_wconf 88' lang='lat' dir='ltr'><strong>Adrianus</strong></span> <span class='ocrx_word' id='word_1_180' title='bbox 746 4019 799 4075; x_wconf 88' lang='lat' dir='ltr'><strong>h.</strong></span> <span class='ocrx_word' id='word_1_181' title='bbox 836 4034 887 4078; x_wconf 91' lang='lat' dir='ltr'><strong>a.</strong></span> <span class='ocrx_word' id='word_1_182' title='bbox 946 4024 1250 4083; x_wconf 88' lang='lat' dir='ltr'><strong>tribunatu</strong></span> <span class='ocrx_word' id='word_1_183' title='bbox 1270 4029 1453 4098; x_wconf 87' lang='lat' dir='ltr'><strong>plebis</strong></span> 
     </span>
    </p>
   </div>
   <div class='ocr_carea' id='block_1_38' title="bbox 374 4096 1466 4190">
    <p class='ocr_par' dir='ltr' id='par_1_38' title="bbox 374 4096 1466 4190">
     <span class='ocr_line' id='line_1_38' title="bbox 374 4096 1466 4190; baseline 0.02 -35"><span class='ocrx_word' id='word_1_184' title='bbox 374 4096 609 4161; x_wconf 83' lang='lat' dir='ltr'><strong>functus</strong></span> <span class='ocrx_word' id='word_1_185' title='bbox 634 4119 667 4162; x_wconf 88' lang='lat' dir='ltr'><strong>a</strong></span> <span class='ocrx_word' id='word_1_186' title='bbox 696 4108 941 4180; x_wconf 74' lang='lat' dir='ltr'><strong>Traiano</strong></span> <span class='ocrx_word' id='word_1_187' title='bbox 970 4122 1199 4173; x_wconf 87' lang='lat' dir='ltr'><strong>creatur</strong></span> <span class='ocrx_word' id='word_1_188' title='bbox 1224 4096 1466 4190; x_wconf 77' lang='lat' dir='ltr'><strong>Legatus</strong></span> 
     </span>
    </p>
   </div>
   <div class='ocr_carea' id='block_1_39' title="bbox 373 4188 1468 4265">
    <p class='ocr_par' dir='ltr' id='par_1_39' title="bbox 373 4188 1468 4265">
     <span class='ocr_line' id='line_1_39' title="bbox 373 4188 1468 4265; baseline 0.02 -21"><span class='ocrx_word' id='word_1_189' title='bbox 373 4188 666 4265; x_wconf 85' lang='lat' dir='ltr'><strong>Legionis,</strong></span> <span class='ocrx_word' id='word_1_190' title='bbox 695 4202 751 4252; x_wconf 86' lang='lat' dir='ltr'><strong>et</strong></span> <span class='ocrx_word' id='word_1_191' title='bbox 774 4212 965 4257; x_wconf 91' lang='lat' dir='ltr'><strong>secum</strong></span> <span class='ocrx_word' id='word_1_192' title='bbox 991 4202 1231 4261; x_wconf 89' lang='lat' dir='ltr'><strong>ducitur</strong></span> <span class='ocrx_word' id='word_1_193' title='bbox 1257 4188 1325 4263; x_wconf 90' lang='lat' dir='ltr'><strong>ad</strong></span> <span class='ocrx_word' id='word_1_194' title='bbox 1366 4223 1428 4265; x_wconf 90' lang='lat' dir='ltr'><strong>se</strong></span> <span class='ocrx_word' id='word_1_195' title='bbox 1446 4237 1468 4248; x_wconf 92' lang='lat'><strong>-</strong></span> 
     </span>
    </p>
   </div>
   <div class='ocr_carea' id='block_1_40' title="bbox 372 4279 1453 4366">
    <p class='ocr_par' dir='ltr' id='par_1_40' title="bbox 372 4279 1453 4366">
     <span class='ocr_line' id='line_1_40' title="bbox 372 4279 1453 4366; baseline 0.021 -36"><span class='ocrx_word' id='word_1_196' title='bbox 372 4279 624 4366; x_wconf 81' lang='lat' dir='ltr'><strong>cundum</strong></span> <span class='ocrx_word' id='word_1_197' title='bbox 656 4282 865 4344; x_wconf 88' lang='lat' dir='ltr'><strong>bellum</strong></span> <span class='ocrx_word' id='word_1_198' title='bbox 884 4289 1176 4365; x_wconf 87' lang='lat' dir='ltr'><strong>Dacicum,</strong></span> <span class='ocrx_word' id='word_1_199' title='bbox 1204 4307 1271 4350; x_wconf 87' lang='lat' dir='ltr'><strong>ex</strong></span> <span class='ocrx_word' id='word_1_200' title='bbox 1292 4296 1453 4366; x_wconf 87' lang='lat' dir='ltr'><strong>Spar-</strong></span> 
     </span>
    </p>
   </div>
   <div class='ocr_carea' id='block_1_41' title="bbox 372 4364 1452 4453">
    <p class='ocr_par' dir='ltr' id='par_1_41' title="bbox 372 4364 1452 4453">
     <span class='ocr_line' id='line_1_41' title="bbox 372 4364 1452 4453; baseline 0.02 -34"><span class='ocrx_word' id='word_1_201' title='bbox 372 4364 534 4423; x_wconf 86' lang='lat' dir='ltr'><strong>tiam.</strong></span> <span class='ocrx_word' id='word_1_202' title='bbox 568 4372 710 4429; x_wconf 82' lang='lat' dir='ltr'><strong>Vide</strong></span> <span class='ocrx_word' id='word_1_203' title='bbox 735 4374 877 4432; x_wconf 88' lang='lat' dir='ltr'><strong>Card</strong></span> <span class='ocrx_word' id='word_1_204' title='bbox 922 4379 1091 4436; x_wconf 89' lang='lat' dir='ltr'><strong>Noris</strong></span> <span class='ocrx_word' id='word_1_205' title='bbox 1119 4364 1284 4453; x_wconf 84' lang='lat' dir='ltr'><strong>Epist</strong></span> <span class='ocrx_word' id='word_1_206' title='bbox 1313 4364 1452 4441; x_wconf 79' lang='lat' dir='ltr'><strong>cons</strong></span> 
     </span>
    </p>
   </div>
   <div class='ocr_carea' id='block_1_42' title="bbox 372 4455 592 4529">
    <p class='ocr_par' dir='ltr' id='par_1_42' title="bbox 372 4455 592 4529">
     <span class='ocr_line' id='line_1_42' title="bbox 372 4455 592 4529; baseline 0.041 -6"><span class='ocrx_word' id='word_1_207' title='bbox 372 4468 480 4529; x_wconf 77' lang='lat' dir='ltr'><strong>pag</strong></span> <span class='ocrx_word' id='word_1_208' title='bbox 500 4455 592 4515; x_wconf 84' lang='lat'><strong>67-</strong></span> 
     </span>
    </p>
   </div>
   <div class='ocr_carea' id='block_1_43' title="bbox 196 4527 1437 4633">
    <p class='ocr_par' dir='ltr' id='par_1_43' title="bbox 196 4527 1437 4633">
     <span class='ocr_line' id='line_1_43' title="bbox 196 4527 1437 4633; baseline 0.023 -42"><span class='ocrx_word' id='word_1_209' title='bbox 375 4630 393 4633; x_wconf 31' lang='grc' dir='ltr'><strong>Α</strong></span> <span class='ocrx_word' id='word_1_210' title='bbox 442 4527 563 4619; x_wconf 82' lang='lat' dir='ltr'><strong>Imp</strong></span> <span class='ocrx_word' id='word_1_211' title='bbox 600 4550 731 4622; x_wconf 88' lang='lat' dir='ltr'><strong>Traj</strong></span> <span class='ocrx_word' id='word_1_212' title='bbox 769 4554 898 4628; x_wconf 87' lang='lat' dir='ltr'><strong>Aug</strong></span> <span class='ocrx_word' id='word_1_213' title='bbox 943 4559 1056 4616; x_wconf 90' lang='lat' dir='ltr'><strong>Ger</strong></span> <span class='ocrx_word' id='word_1_214' title='bbox 1085 4561 1259 4617; x_wconf 89' lang='lat' dir='ltr'><strong>Dacic</strong></span> <span class='ocrx_word' id='word_1_215' title='bbox 1302 4563 1344 4617; x_wconf 88' lang='lat' dir='ltr'><strong>t.</strong></span> <span class='ocrx_word' id='word_1_216' title='bbox 1386 4577 1437 4633; x_wconf 92' lang='lat' dir='ltr'><strong>p.</strong></span> 
     </span>
    </p>
   </div>
   <div class='ocr_carea' id='block_1_44' title="bbox 196 4618 742 4707">
    <p class='ocr_par' dir='ltr' id='par_1_44' title="bbox 196 4618 742 4707">
     <span class='ocr_line' id='line_1_44' title="bbox 196 4618 742 4707; baseline 0.037 -30"><span class='ocrx_word' id='word_1_217' title='bbox 196 4618 305 4690; x_wconf 66' lang='lat' dir='ltr'><strong>an</strong></span> <span class='ocrx_word' id='word_1_218' title='bbox 369 4630 404 4688; x_wconf 88' lang='lat'>9</span> <span class='ocrx_word' id='word_1_219' title='bbox 433 4618 660 4707; x_wconf 73' lang='lat' dir='ltr'><strong>40,1m.</strong></span> <span class='ocrx_word' id='word_1_220' title='bbox 686 4618 742 4697; x_wconf 71' lang='lat'><strong>5&#39;.</strong></span> 
     </span>
    </p>
   </div>
   <div class='ocr_carea' id='block_1_45' title="bbox 189 4711 1450 4802">
    <p class='ocr_par' dir='ltr' id='par_1_45' title="bbox 189 4711 1450 4802">
     <span class='ocr_line' id='line_1_45' title="bbox 189 4711 1450 4802; baseline 0.019 -27"><span class='ocrx_word' id='word_1_221' title='bbox 189 4711 230 4765; x_wconf 82' lang='lat' dir='ltr'><strong>D</strong></span> <span class='ocrx_word' id='word_1_222' title='bbox 373 4792 406 4802; x_wconf 40' lang='grc' dir='ltr'><strong>Α</strong></span> <span class='ocrx_word' id='word_1_223' title='bbox 602 4729 666 4784; x_wconf 92' lang='lat' dir='ltr'><strong>L.</strong></span> <span class='ocrx_word' id='word_1_224' title='bbox 686 4730 958 4802; x_wconf 87' lang='lat' dir='ltr'><strong>Cejonius</strong></span> <span class='ocrx_word' id='word_1_225' title='bbox 975 4736 1240 4797; x_wconf 88' lang='lat' dir='ltr'><strong>Commod</strong></span> <span class='ocrx_word' id='word_1_226' title='bbox 1250 4755 1317 4798; x_wconf 90' lang='lat' dir='ltr'><strong>us</strong></span> <span class='ocrx_word' id='word_1_227' title='bbox 1336 4742 1450 4797; x_wconf 79' lang='lat' dir='ltr'><strong>Ve—</strong></span> 
     </span>
    </p>
   </div>
   <div class='ocr_carea' id='block_1_46' title="bbox 367 4792 790 4859">
    <p class='ocr_par' dir='ltr' id='par_1_46' title="bbox 367 4792 790 4859">
     <span class='ocr_line' id='line_1_46' title="bbox 367 4792 790 4859; baseline 0.026 -11"><span class='ocrx_word' id='word_1_228' title='bbox 367 4792 507 4851; x_wconf 89' lang='lat' dir='ltr'><strong>Coss</strong></span> <span class='ocrx_word' id='word_1_229' title='bbox 690 4792 790 4859; x_wconf 71' lang='lat' dir='ltr'><strong>rus</strong></span> 
     </span>
    </p>
   </div>
   <div class='ocr_carea' id='block_1_47' title="bbox 618 4871 1217 4939">
    <p class='ocr_par' dir='ltr' id='par_1_47' title="bbox 618 4871 1217 4939">
     <span class='ocr_line' id='line_1_47' title="bbox 618 4871 1217 4939; baseline 0.018 -13"><span class='ocrx_word' id='word_1_230' title='bbox 618 4871 678 4926; x_wconf 93' lang='lat' dir='ltr'><strong>L.</strong></span> <span class='ocrx_word' id='word_1_231' title='bbox 710 4875 919 4933; x_wconf 90' lang='lat' dir='ltr'><strong>Tutius</strong></span> <span class='ocrx_word' id='word_1_232' title='bbox 947 4878 1217 4939; x_wconf 87' lang='lat' dir='ltr'><strong>Cerealis.</strong></span> 
     </span>
    </p>
   </div>
   <div class='ocr_carea' id='block_1_48' title="bbox 439 4954 1450 5044">
    <p class='ocr_par' dir='ltr' id='par_1_48' title="bbox 439 4954 1450 5044">
     <span class='ocr_line' id='line_1_48' title="bbox 439 4954 1450 5044; baseline 0.023 -35"><span class='ocrx_word' id='word_1_233' title='bbox 439 4954 519 5011; x_wconf 91' lang='lat' dir='ltr'><strong>De</strong></span> <span class='ocrx_word' id='word_1_234' title='bbox 547 4960 737 5028; x_wconf 91' lang='lat' dir='ltr'><strong>primo</strong></span> <span class='ocrx_word' id='word_1_235' title='bbox 764 4964 1104 5034; x_wconf 87' lang='lat' dir='ltr'><strong>Spartianus</strong></span> <span class='ocrx_word' id='word_1_236' title='bbox 1132 4977 1189 5026; x_wconf 91' lang='lat' dir='ltr'><strong>et</strong></span> <span class='ocrx_word' id='word_1_237' title='bbox 1210 4973 1450 5044; x_wconf 81' lang='lat' dir='ltr'><strong>Capito—</strong></span> 
     </span>
    </p>
   </div>
   <div class='ocr_carea' id='block_1_49' title="bbox 368 5039 1447 5134">
    <p class='ocr_par' dir='ltr' id='par_1_49' title="bbox 368 5039 1447 5134">
     <span class='ocr_line' id='line_1_49' title="bbox 368 5039 1447 5134; baseline 0.025 -39"><span class='ocrx_word' id='word_1_238' title='bbox 368 5039 456 5134; x_wconf 83' lang='lat' dir='ltr'><strong>lin</strong></span> <span class='ocrx_word' id='word_1_239' title='bbox 482 5045 537 5100; x_wconf 90' lang='lat' dir='ltr'><strong>in</strong></span> <span class='ocrx_word' id='word_1_240' title='bbox 563 5048 681 5106; x_wconf 84' lang='lat' dir='ltr'><strong>vita</strong></span> <span class='ocrx_word' id='word_1_241' title='bbox 708 5051 843 5109; x_wconf 57' lang='lat' dir='ltr'><strong>eam</strong></span> <span class='ocrx_word' id='word_1_242' title='bbox 878 5070 974 5113; x_wconf 89' lang='lat' dir='ltr'><strong>ver</strong></span> <span class='ocrx_word' id='word_1_243' title='bbox 1001 5060 1071 5115; x_wconf 92' lang='lat' dir='ltr'><strong>de</strong></span> <span class='ocrx_word' id='word_1_244' title='bbox 1096 5057 1150 5130; x_wconf 75' lang='lat'><strong>2,</strong></span> <span class='ocrx_word' id='word_1_245' title='bbox 1189 5039 1311 5131; x_wconf 61' lang='lat' dir='ltr'><strong>pm}</strong></span> <span class='ocrx_word' id='word_1_246' title='bbox 1339 5065 1447 5134; x_wconf 88' lang='lat' dir='ltr'><strong>jun</strong></span> 
     </span>
    </p>
   </div>
   <div class='ocr_carea' id='block_1_50' title="bbox 364 5132 1451 5212">
    <p class='ocr_par' dir='ltr' id='par_1_50' title="bbox 364 5132 1451 5212">
     <span class='ocr_line' id='line_1_50' title="bbox 364 5132 1451 5212; baseline 0.022 -27"><span class='ocrx_word' id='word_1_247' title='bbox 364 5132 520 5200; x_wconf 88' lang='lat' dir='ltr'><strong>epist</strong></span> <span class='ocrx_word' id='word_1_248' title='bbox 544 5150 601 5192; x_wconf 69' lang='grc' dir='ltr'>χι</span> <span class='ocrx_word' id='word_1_249' title='bbox 634 5138 740 5194; x_wconf 90' lang='lat' dir='ltr'><strong>lib.</strong></span> <span class='ocrx_word' id='word_1_250' title='bbox 769 5139 823 5212; x_wconf 77' lang='lat'><strong>2,</strong></span> <span class='ocrx_word' id='word_1_251' title='bbox 860 5145 1075 5201; x_wconf 89' lang='lat' dir='ltr'><strong>Panvin</strong></span> <span class='ocrx_word' id='word_1_252' title='bbox 1110 5148 1167 5203; x_wconf 94' lang='lat' dir='ltr'><strong>in</strong></span> <span class='ocrx_word' id='word_1_253' title='bbox 1196 5148 1307 5207; x_wconf 82' lang='lat' dir='ltr'><strong>l’ast</strong></span> <span class='ocrx_word' id='word_1_254' title='bbox 1335 5132 1451 5209; x_wconf 88' lang='lat' dir='ltr'><strong>De-</strong></span> 
     </span>
    </p>
   </div>
   <div class='ocr_carea' id='block_1_51' title="bbox 367 5222 1452 5297">
    <p class='ocr_par' dir='ltr' id='par_1_51' title="bbox 367 5222 1452 5297">
     <span class='ocr_line' id='line_1_51' title="bbox 367 5222 1452 5297; baseline 0.022 -21"><span class='ocrx_word' id='word_1_255' title='bbox 367 5222 603 5283; x_wconf 88' lang='lat' dir='ltr'><strong>cebalus</strong></span> <span class='ocrx_word' id='word_1_256' title='bbox 633 5230 826 5287; x_wconf 87' lang='lat' dir='ltr'><strong>victus</strong></span> <span class='ocrx_word' id='word_1_257' title='bbox 855 5241 909 5289; x_wconf 89' lang='lat' dir='ltr'><strong>et</strong></span> <span class='ocrx_word' id='word_1_258' title='bbox 940 5236 1009 5291; x_wconf 87' lang='lat' dir='ltr'><strong>ad</strong></span> <span class='ocrx_word' id='word_1_259' title='bbox 1029 5242 1265 5296; x_wconf 89' lang='lat' dir='ltr'><strong>mortem</strong></span> <span class='ocrx_word' id='word_1_260' title='bbox 1287 5255 1452 5297; x_wconf 91' lang='lat' dir='ltr'><strong>com-</strong></span> 
     </span>
    </p>
   </div>
   <div class='ocr_carea' id='block_1_52' title="bbox 366 5311 590 5379">
    <p class='ocr_par' dir='ltr' id='par_1_52' title="bbox 366 5311 590 5379">
     <span class='ocr_line' id='line_1_52' title="bbox 366 5311 590 5379; baseline 0.027 -15"><span class='ocrx_word' id='word_1_261' title='bbox 366 5311 590 5379; x_wconf 88' lang='lat' dir='ltr'><strong>pulsus.</strong></span> 
     </span>
    </p>
   </div>
   <div class='ocr_carea' id='block_1_53' title="bbox 436 5401 1447 5479">
    <p class='ocr_par' dir='ltr' id='par_1_53' title="bbox 436 5401 1447 5479">
     <span class='ocr_line' id='line_1_53' title="bbox 436 5401 1447 5479; baseline 0.019 -21"><span class='ocrx_word' id='word_1_262' title='bbox 436 5401 617 5462; x_wconf 84' lang='lat' dir='ltr'><strong>Dacia</strong></span> <span class='ocrx_word' id='word_1_263' title='bbox 662 5411 960 5479; x_wconf 85' lang='lat' dir='ltr'><strong>provincia</strong></span> <span class='ocrx_word' id='word_1_264' title='bbox 1010 5414 1175 5474; x_wconf 84' lang='lat' dir='ltr'><strong>facta.</strong></span> <span class='ocrx_word' id='word_1_265' title='bbox 1217 5420 1447 5477; x_wconf 89' lang='lat' dir='ltr'><strong>Nummi</strong></span> 
     </span>
    </p>
   </div>
   <div class='ocr_carea' id='block_1_54' title="bbox 363 5491 1376 5565">
    <p class='ocr_par' dir='ltr' id='par_1_54' title="bbox 363 5491 1376 5565">
     <span class='ocr_line' id='line_1_54' title="bbox 363 5491 1376 5565; baseline 0.022 -22"><span class='ocrx_word' id='word_1_266' title='bbox 363 5492 423 5544; x_wconf 89' lang='lat' dir='ltr'><strong>et</strong></span> <span class='ocrx_word' id='word_1_267' title='bbox 447 5491 588 5549; x_wconf 91' lang='lat' dir='ltr'><strong>Dio:</strong></span> <span class='ocrx_word' id='word_1_268' title='bbox 623 5502 681 5553; x_wconf 90' lang='lat' dir='ltr'><strong>et</strong></span> <span class='ocrx_word' id='word_1_269' title='bbox 702 5512 774 5555; x_wconf 82' lang='lat' dir='ltr'><strong>ex</strong></span> <span class='ocrx_word' id='word_1_270' title='bbox 797 5502 873 5557; x_wconf 89' lang='lat' dir='ltr'><strong>iis</strong></span> <span class='ocrx_word' id='word_1_271' title='bbox 901 5504 997 5561; x_wconf 91' lang='lat' dir='ltr'><strong>Co.</strong></span> <span class='ocrx_word' id='word_1_272' title='bbox 1026 5507 1376 5565; x_wconf 83' lang='lat' dir='ltr'><strong>Mediobarb.</strong></span> 
     </span>
    </p>
   </div>
   <div class='ocr_carea' id='block_1_55' title="bbox 342 5695 907 5763">
    <p class='ocr_par' dir='ltr' id='par_1_55' title="bbox 342 5695 907 5763">
     <span class='ocr_line' id='line_1_55' title="bbox 342 5695 907 5763; baseline 0.023 -12"><span class='ocrx_word' id='word_1_273' title='bbox 342 5695 456 5754; x_wconf 74' lang='grc' dir='ltr'><strong>ΡΑτ</strong></span> <span class='ocrx_word' id='word_1_274' title='bbox 467 5712 584 5758; x_wconf 59' lang='grc' dir='ltr'><strong>μοι..</strong></span> <span class='ocrx_word' id='word_1_275' title='bbox 640 5704 907 5763; x_wconf 83' lang='lat' dir='ltr'><strong>CXXVII.</strong></span> 
     </span>
    </p>
   </div>
   <div class='ocr_carea' id='block_1_56' title="bbox 377 551 1731 636">
    <p class='ocr_par' dir='ltr' id='par_1_56' title="bbox 377 551 1731 636">
     <span class='ocr_line' id='line_1_56' title="bbox 377 551 1731 636; baseline 0.023 -31"><span class='ocrx_word' id='word_1_276' title='bbox 377 592 390 605; x_wconf 96' lang='lat'><strong>.</strong></span> <span class='ocrx_word' id='word_1_277' title='bbox 726 551 744 555; x_wconf 21' lang='grc' dir='ltr'><em>ἡ</em></span> <span class='ocrx_word' id='word_1_278' title='bbox 892 551 901 554; x_wconf 44' lang='grc'><strong>⁷</strong></span> <span class='ocrx_word' id='word_1_279' title='bbox 1082 551 1088 552; x_wconf 16' lang='grc' dir='ltr'>ί</span> <span class='ocrx_word' id='word_1_280' title='bbox 1532 585 1659 634; x_wconf 83' lang='lat' dir='ltr'><strong>ante</strong></span> <span class='ocrx_word' id='word_1_281' title='bbox 1680 588 1731 636; x_wconf 87' lang='lat' dir='ltr'><strong>et</strong></span> 
     </span>
    </p>
   </div>
   <div class='ocr_carea' id='block_1_57' title="bbox 231 618 1779 719">
    <p class='ocr_par' dir='ltr' id='par_1_57' title="bbox 231 618 1779 719">
     <span class='ocr_line' id='line_1_57' title="bbox 231 618 1779 719; baseline 0.017 -41"><span class='ocrx_word' id='word_1_282' title='bbox 231 618 343 695; x_wconf 50' lang='grc' dir='ltr'><strong>φῇ</strong></span> <span class='ocrx_word' id='word_1_283' title='bbox 1478 618 1779 719; x_wconf 56' lang='grc' dir='ltr'><strong>ῶέξῖνᾶιὲι.</strong></span> 
     </span>
    </p>
   </div>
   <div class='ocr_carea' id='block_1_58' title="bbox 1573 1234 1682 1295">
    <p class='ocr_par' dir='ltr' id='par_1_58' title="bbox 1573 1234 1682 1295">
     <span class='ocr_line' id='line_1_58' title="bbox 1573 1234 1682 1295; baseline 0.018 -1"><span class='ocrx_word' id='word_1_284' title='bbox 1573 1234 1682 1295; x_wconf 82' lang='lat'>855</span> 
     </span>
    </p>
   </div>
   <div class='ocr_carea' id='block_1_59' title="bbox 1561 1323 1670 1383">
    <p class='ocr_par' dir='ltr' id='par_1_59' title="bbox 1561 1323 1670 1383">
     <span class='ocr_line' id='line_1_59' title="bbox 1561 1323 1670 1383; baseline 0.018 -1"><span class='ocrx_word' id='word_1_285' title='bbox 1561 1323 1670 1383; x_wconf 81' lang='lat'><strong>856</strong></span> 
     </span>
    </p>
   </div>
   <div class='ocr_carea' id='block_1_60' title="bbox 1134 297 2531 385">
    <p class='ocr_par' dir='ltr' id='par_1_60' title="bbox 1134 297 2531 385">
     <span class='ocr_line' id='line_1_60' title="bbox 1134 297 2531 385; baseline 0.024 -34"><span class='ocrx_word' id='word_1_286' title='bbox 1134 297 1468 358; x_wconf 83' lang='lat' dir='ltr'><strong>CHRONOL.</strong></span> <span class='ocrx_word' id='word_1_287' title='bbox 1511 305 1793 367; x_wconf 79' lang='lat' dir='ltr'><strong>CONSUL.</strong></span> <span class='ocrx_word' id='word_1_288' title='bbox 1842 315 1929 370; x_wconf 82' lang='lat' dir='ltr'><strong>ET</strong></span> <span class='ocrx_word' id='word_1_289' title='bbox 1964 317 2129 376; x_wconf 62' lang='lat' dir='ltr'><strong>CASS.</strong></span> <span class='ocrx_word' id='word_1_290' title='bbox 2180 322 2342 380; x_wconf 82' lang='lat' dir='ltr'><strong>ROM.</strong></span> <span class='ocrx_word' id='word_1_291' title='bbox 2384 329 2531 385; x_wconf 80' lang='lat' dir='ltr'><strong>E&#39;I‘C.</strong></span> 
     </span>
    </p>
   </div>
   <div class='ocr_carea' id='block_1_61' title="bbox 1948 536 3254 640">
    <p class='ocr_par' dir='ltr' id='par_1_61' title="bbox 1948 536 3254 640">
     <span class='ocr_line' id='line_1_61' title="bbox 1948 536 3254 640; baseline 0.028 -49"><span class='ocrx_word' id='word_1_292' title='bbox 1948 536 2156 611; x_wconf 77' lang='lat' dir='ltr'><strong>Olymp.</strong></span> <span class='ocrx_word' id='word_1_293' title='bbox 2325 551 2577 640; x_wconf 51' lang='lat' dir='ltr'><strong>timorum</strong></span> 
     </span>
    </p>
   </div>
   <div class='ocr_carea' id='block_1_62' title="bbox 3329 579 3471 633">
    <p class='ocr_par' dir='ltr' id='par_1_62' title="bbox 3329 579 3471 633">
     <span class='ocr_line' id='line_1_62' title="bbox 3329 579 3471 633; baseline 0.021 -3"><span class='ocrx_word' id='word_1_294' title='bbox 3329 579 3471 633; x_wconf 67' lang='lat' dir='ltr'><strong>Em</strong></span> 
     </span>
    </p>
   </div>
   <div class='ocr_carea' id='block_1_63' title="bbox 2342 623 3499 705">
    <p class='ocr_par' dir='ltr' id='par_1_63' title="bbox 2342 623 3499 705">
     <span class='ocr_line' id='line_1_63' title="bbox 2342 623 3499 705; baseline 0.026 -29"><span class='ocrx_word' id='word_1_295' title='bbox 2342 623 2532 691; x_wconf 82' lang='lat' dir='ltr'><strong>Reges,</strong></span> <span class='ocrx_word' id='word_1_296' title='bbox 2560 623 2645 681; x_wconf 80' lang='lat' dir='ltr'><strong>res</strong></span> <span class='ocrx_word' id='word_1_297' title='bbox 2655 623 2828 697; x_wconf 55' lang='lat' dir='ltr'><strong>peste</strong></span> <span class='ocrx_word' id='word_1_298' title='bbox 2851 623 3254 699; x_wconf 31' lang='lat' dir='ltr'><strong>et&#39;docum&#39;er—rtu’</strong></span> <span class='ocrx_word' id='word_1_299' title='bbox 3278 623 3499 705; x_wconf 60' lang='grc' dir='ltr'><strong>οΙῖῖέεῖὶ.</strong></span> 
     </span>
    </p>
   </div>
   <div class='ocr_carea' id='block_1_64' title="bbox 2004 1237 2709 1302">
    <p class='ocr_par' dir='ltr' id='par_1_64' title="bbox 2004 1237 2709 1302">
     <span class='ocr_line' id='line_1_64' title="bbox 2004 1237 2709 1302; baseline 0.027 -18"><span class='ocrx_word' id='word_1_300' title='bbox 2004 1242 2045 1285; x_wconf 81' lang='grc' dir='ltr'><strong>ιι</strong></span> <span class='ocrx_word' id='word_1_301' title='bbox 2240 1237 2488 1298; x_wconf 85' lang='lat' dir='ltr'><strong>Evaristi</strong></span> <span class='ocrx_word' id='word_1_302' title='bbox 2514 1241 2550 1299; x_wconf 88' lang='lat'><strong>7</strong></span> <span class='ocrx_word' id='word_1_303' title='bbox 2572 1249 2627 1301; x_wconf 88' lang='lat' dir='ltr'><strong>et</strong></span> <span class='ocrx_word' id='word_1_304' title='bbox 2653 1245 2709 1302; x_wconf 92' lang='lat'><strong>8.</strong></span> 
     </span>
    </p>
   </div>
   <div class='ocr_carea' id='block_1_65' title="bbox 1984 1327 2973 1413">
    <p class='ocr_par' dir='ltr' id='par_1_65' title="bbox 1984 1327 2973 1413">
     <span class='ocr_line' id='line_1_65' title="bbox 1984 1327 2973 1413; baseline 0.028 -40"><span class='ocrx_word' id='word_1_305' title='bbox 1984 1332 2049 1376; x_wconf 81' lang='grc' dir='ltr'><strong>ιη</strong></span> <span class='ocrx_word' id='word_1_306' title='bbox 2233 1327 2485 1387; x_wconf 84' lang='lat' dir='ltr'><strong>Victoria</strong></span> <span class='ocrx_word' id='word_1_307' title='bbox 2512 1334 2718 1393; x_wconf 88' lang='lat' dir='ltr'><strong>Dacica</strong></span> <span class='ocrx_word' id='word_1_308' title='bbox 2743 1340 2973 1413; x_wconf 87' lang='lat' dir='ltr'><strong>Trajani</strong></span> 
     </span>
    </p>
   </div>
   <div class='ocr_carea' id='block_1_66' title="bbox 2228 1416 3240 1504">
    <p class='ocr_par' dir='ltr' id='par_1_66' title="bbox 2228 1416 3240 1504">
     <span class='ocr_line' id='line_1_66' title="bbox 2228 1416 3240 1504; baseline 0.03 -35"><span class='ocrx_word' id='word_1_309' title='bbox 2228 1416 2540 1504; x_wconf 86' lang='lat' dir='ltr'><strong>Decebalus</strong></span> <span class='ocrx_word' id='word_1_310' title='bbox 2571 1427 2811 1497; x_wconf 85' lang='lat' dir='ltr'><strong>supplex</strong></span> <span class='ocrx_word' id='word_1_311' title='bbox 2855 1433 3098 1504; x_wconf 89' lang='lat' dir='ltr'><strong>Trajano</strong></span> <span class='ocrx_word' id='word_1_312' title='bbox 3125 1442 3240 1498; x_wconf 80' lang='lat' dir='ltr'><strong>ad-</strong></span> 
     </span>
    </p>
   </div>
   <div class='ocr_carea' id='block_1_67' title="bbox 2156 1503 3232 1601">
    <p class='ocr_par' dir='ltr' id='par_1_67' title="bbox 2156 1503 3232 1601">
     <span class='ocr_line' id='line_1_67' title="bbox 2156 1503 3232 1601; baseline 0.03 -45"><span class='ocrx_word' id='word_1_313' title='bbox 2156 1503 2426 1563; x_wconf 88' lang='lat' dir='ltr'><strong>volvitur.</strong></span> <span class='ocrx_word' id='word_1_314' title='bbox 2453 1510 2721 1601; x_wconf 86' lang='lat' dir='ltr'><strong>Ejusdem</strong></span> <span class='ocrx_word' id='word_1_315' title='bbox 2755 1503 2992 1593; x_wconf 80' lang='lat' dir='ltr'><strong>Legatos</strong></span> <span class='ocrx_word' id='word_1_316' title='bbox 3033 1529 3102 1584; x_wconf 92' lang='lat' dir='ltr'><strong>ad</strong></span> <span class='ocrx_word' id='word_1_317' title='bbox 3133 1544 3232 1601; x_wconf 87' lang='lat' dir='ltr'><strong>pa-</strong></span> 
     </span>
    </p>
   </div>
   <div class='ocr_carea' id='block_1_68' title="bbox 2153 1600 3232 1680">
    <p class='ocr_par' dir='ltr' id='par_1_68' title="bbox 2153 1600 3232 1680">
     <span class='ocr_line' id='line_1_68' title="bbox 2153 1600 3232 1680; baseline 0.027 -35"><span class='ocrx_word' id='word_1_318' title='bbox 2153 1604 2272 1648; x_wconf 89' lang='lat' dir='ltr'><strong>cem</strong></span> <span class='ocrx_word' id='word_1_319' title='bbox 2299 1600 2593 1665; x_wconf 88' lang='lat' dir='ltr'><strong>petendam</strong></span> <span class='ocrx_word' id='word_1_320' title='bbox 2630 1606 2836 1663; x_wconf 90' lang='lat' dir='ltr'><strong>missos</strong></span> <span class='ocrx_word' id='word_1_321' title='bbox 2863 1611 3142 1680; x_wconf 74' lang='lat' dir='ltr'><strong>Traianus</strong></span> <span class='ocrx_word' id='word_1_322' title='bbox 3174 1618 3232 1673; x_wconf 89' lang='lat' dir='ltr'><strong>in</strong></span> 
     </span>
    </p>
   </div>
   <div class='ocr_carea' id='block_1_69' title="bbox 2151 1680 3219 1762">
    <p class='ocr_par' dir='ltr' id='par_1_69' title="bbox 2151 1680 3219 1762">
     <span class='ocr_line' id='line_1_69' title="bbox 2151 1680 3219 1762; baseline 0.027 -29"><span class='ocrx_word' id='word_1_323' title='bbox 2151 1680 2373 1739; x_wconf 87' lang='lat' dir='ltr'><strong>Italiam</strong></span> <span class='ocrx_word' id='word_1_324' title='bbox 2402 1688 2640 1745; x_wconf 89' lang='lat' dir='ltr'><strong>adducit</strong></span> <span class='ocrx_word' id='word_1_325' title='bbox 2666 1694 2735 1749; x_wconf 91' lang='lat' dir='ltr'><strong>ad</strong></span> <span class='ocrx_word' id='word_1_326' title='bbox 2758 1696 3043 1756; x_wconf 87' lang='lat' dir='ltr'><strong>Senatum.</strong></span> <span class='ocrx_word' id='word_1_327' title='bbox 3081 1704 3219 1762; x_wconf 88' lang='lat' dir='ltr'><strong>Pace</strong></span> 
     </span>
    </p>
   </div>
   <div class='ocr_carea' id='block_1_70' title="bbox 2145 1766 3230 1861">
    <p class='ocr_par' dir='ltr' id='par_1_70' title="bbox 2145 1766 3230 1861">
     <span class='ocr_line' id='line_1_70' title="bbox 2145 1766 3230 1861; baseline 0.028 -41"><span class='ocrx_word' id='word_1_328' title='bbox 2145 1766 2367 1828; x_wconf 82' lang='lat' dir='ltr'><strong>ﬁrmata</strong></span> <span class='ocrx_word' id='word_1_329' title='bbox 2422 1774 2702 1846; x_wconf 87' lang='lat' dir='ltr'><strong>Trajanus</strong></span> <span class='ocrx_word' id='word_1_330' title='bbox 2773 1784 3112 1861; x_wconf 86' lang='lat' dir='ltr'><strong>triumphat,</strong></span> <span class='ocrx_word' id='word_1_331' title='bbox 3173 1798 3230 1850; x_wconf 88' lang='lat' dir='ltr'><strong>et</strong></span> 
     </span>
    </p>
   </div>
   <div class='ocr_carea' id='block_1_71' title="bbox 2149 1867 3223 1940">
    <p class='ocr_par' dir='ltr' id='par_1_71' title="bbox 2149 1867 3223 1940">
     <span class='ocr_line' id='line_1_71' title="bbox 2149 1867 3223 1940; baseline 0.025 -29"><span class='ocrx_word' id='word_1_332' title='bbox 2149 1872 2373 1917; x_wconf 68' lang='lat' dir='ltr'><strong>marcus</strong></span> <span class='ocrx_word' id='word_1_333' title='bbox 2417 1867 2758 1937; x_wconf 89' lang='lat' dir='ltr'><strong>appellatur.</strong></span> <span class='ocrx_word' id='word_1_334' title='bbox 2795 1875 2933 1933; x_wconf 88' lang='lat' dir='ltr'><strong>Vide</strong></span> <span class='ocrx_word' id='word_1_335' title='bbox 2976 1879 3223 1940; x_wconf 88' lang='lat' dir='ltr'><strong>Fabrett.</strong></span> 
     </span>
    </p>
   </div>
   <div class='ocr_carea' id='block_1_72' title="bbox 2145 1948 2833 2032">
    <p class='ocr_par' dir='ltr' id='par_1_72' title="bbox 2145 1948 2833 2032">
     <span class='ocr_line' id='line_1_72' title="bbox 2145 1948 2833 2032; baseline 0.025 -29"><span class='ocrx_word' id='word_1_336' title='bbox 2145 1949 2216 2005; x_wconf 87' lang='lat' dir='ltr'><strong>de</strong></span> <span class='ocrx_word' id='word_1_337' title='bbox 2242 1948 2340 2007; x_wconf 93' lang='lat' dir='ltr'><strong>Col</strong></span> <span class='ocrx_word' id='word_1_338' title='bbox 2372 1952 2577 2025; x_wconf 86' lang='lat' dir='ltr'><strong>Trajan</strong></span> <span class='ocrx_word' id='word_1_339' title='bbox 2604 1958 2833 2032; x_wconf 61' lang='grc' dir='ltr'><strong>βεδε.)Ἱὸ</strong></span> 
     </span>
    </p>
   </div>
   <div class='ocr_carea' id='block_1_73' title="bbox 1960 2554 2674 2618">
    <p class='ocr_par' dir='ltr' id='par_1_73' title="bbox 1960 2554 2674 2618">
     <span class='ocr_line' id='line_1_73' title="bbox 1960 2554 2674 2618; baseline 0.024 -17"><span class='ocrx_word' id='word_1_340' title='bbox 1960 2559 2027 2602; x_wconf 80' lang='grc' dir='ltr'><strong>ιιι</strong></span> <span class='ocrx_word' id='word_1_341' title='bbox 2208 2554 2453 2614; x_wconf 88' lang='lat' dir='ltr'><strong>Evaristi</strong></span> <span class='ocrx_word' id='word_1_342' title='bbox 2475 2557 2512 2614; x_wconf 93' lang='lat'><strong>8</strong></span> <span class='ocrx_word' id='word_1_343' title='bbox 2537 2565 2594 2616; x_wconf 91' lang='lat' dir='ltr'><strong>et</strong></span> <span class='ocrx_word' id='word_1_344' title='bbox 2621 2561 2674 2618; x_wconf 91' lang='lat'><strong>9.</strong></span> 
     </span>
    </p>
   </div>
   <div class='ocr_carea' id='block_1_74' title="bbox 1971 2643 3118 2725">
    <p class='ocr_par' dir='ltr' id='par_1_74' title="bbox 1971 2643 3118 2725">
     <span class='ocr_line' id='line_1_74' title="bbox 1971 2643 3118 2725; baseline 0.024 -33"><span class='ocrx_word' id='word_1_345' title='bbox 1971 2650 2026 2693; x_wconf 84' lang='lat' dir='ltr'><strong>IV</strong></span> <span class='ocrx_word' id='word_1_346' title='bbox 2205 2643 2517 2706; x_wconf 87' lang='lat' dir='ltr'><strong>Decebalus</strong></span> <span class='ocrx_word' id='word_1_347' title='bbox 2532 2649 2745 2711; x_wconf 71' lang='lat' dir='ltr'><strong>fmdera</strong></span> <span class='ocrx_word' id='word_1_348' title='bbox 2772 2657 2931 2725; x_wconf 87' lang='lat' dir='ltr'><strong>pacis</strong></span> <span class='ocrx_word' id='word_1_349' title='bbox 2952 2659 3118 2719; x_wconf 88' lang='lat' dir='ltr'><strong>infri-</strong></span> 
     </span>
    </p>
   </div>
   <div class='ocr_carea' id='block_1_75' title="bbox 2138 2734 3101 2807">
    <p class='ocr_par' dir='ltr' id='par_1_75' title="bbox 2138 2734 3101 2807">
     <span class='ocr_line' id='line_1_75' title="bbox 2138 2734 3101 2807; baseline 0.023 -21"><span class='ocrx_word' id='word_1_350' title='bbox 2138 2743 2277 2802; x_wconf 88' lang='lat' dir='ltr'><strong>gens</strong></span> <span class='ocrx_word' id='word_1_351' title='bbox 2303 2734 2512 2794; x_wconf 90' lang='lat' dir='ltr'><strong>iterum</strong></span> <span class='ocrx_word' id='word_1_352' title='bbox 2546 2740 2730 2800; x_wconf 89' lang='lat' dir='ltr'><strong>hostis</strong></span> <span class='ocrx_word' id='word_1_353' title='bbox 2758 2744 3101 2807; x_wconf 84' lang='lat' dir='ltr'><strong>declaratur.</strong></span> 
     </span>
    </p>
   </div>
   <div class='ocr_carea' id='block_1_76' title="bbox 1908 3342 2712 3416">
    <p class='ocr_par' dir='ltr' id='par_1_76' title="bbox 1908 3342 2712 3416">
     <span class='ocr_line' id='line_1_76' title="bbox 1908 3342 2712 3416; baseline 0.02 -19"><span class='ocrx_word' id='word_1_354' title='bbox 1908 3342 2117 3416; x_wconf 82' lang='lat' dir='ltr'><strong>Olymp.</strong></span> <span class='ocrx_word' id='word_1_355' title='bbox 2211 3350 2458 3411; x_wconf 83' lang='lat' dir='ltr'><strong>Evaristi</strong></span> <span class='ocrx_word' id='word_1_356' title='bbox 2487 3352 2521 3410; x_wconf 93' lang='lat'>9</span> <span class='ocrx_word' id='word_1_357' title='bbox 2545 3360 2602 3414; x_wconf 83' lang='lat' dir='ltr'><strong>et</strong></span> <span class='ocrx_word' id='word_1_358' title='bbox 2624 3355 2712 3415; x_wconf 88' lang='grc'><strong>40.</strong></span> 
     </span>
    </p>
   </div>
   <div class='ocr_carea' id='block_1_77' title="bbox 1920 3429 3070 3509">
    <p class='ocr_par' dir='ltr' id='par_1_77' title="bbox 1920 3429 3070 3509">
     <span class='ocr_line' id='line_1_77' title="bbox 1920 3429 3070 3509; baseline 0.017 -20"><span class='ocrx_word' id='word_1_359' title='bbox 1920 3429 2047 3491; x_wconf 71' lang='grc'><strong>220.</strong></span> <span class='ocrx_word' id='word_1_360' title='bbox 2205 3439 2526 3501; x_wconf 89' lang='lat' dir='ltr'><strong>Secundum</strong></span> <span class='ocrx_word' id='word_1_361' title='bbox 2541 3445 2753 3504; x_wconf 89' lang='lat' dir='ltr'><strong>bellum</strong></span> <span class='ocrx_word' id='word_1_362' title='bbox 2777 3449 3070 3509; x_wconf 90' lang='lat' dir='ltr'><strong>Dacicum.</strong></span> 
     </span>
    </p>
   </div>
   <div class='ocr_carea' id='block_1_78' title="bbox 1923 3529 3128 3613">
    <p class='ocr_par' dir='ltr' id='par_1_78' title="bbox 1923 3529 3128 3613">
     <span class='ocr_line' id='line_1_78' title="bbox 1923 3529 3128 3613; baseline 0.021 -39"><span class='ocrx_word' id='word_1_363' title='bbox 1923 3537 2037 3577; x_wconf 88' lang='lat' dir='ltr'><strong>ann</strong></span> <span class='ocrx_word' id='word_1_364' title='bbox 2065 3540 2121 3581; x_wconf 77' lang='grc' dir='ltr'><strong>ιν</strong></span> <span class='ocrx_word' id='word_1_365' title='bbox 2214 3529 2422 3588; x_wconf 88' lang='lat' dir='ltr'><strong>Eodem</strong></span> <span class='ocrx_word' id='word_1_366' title='bbox 2455 3539 2705 3604; x_wconf 89' lang='lat' dir='ltr'><strong>tempore</strong></span> <span class='ocrx_word' id='word_1_367' title='bbox 2734 3538 2924 3594; x_wconf 89' lang='lat' dir='ltr'><strong>Palma</strong></span> <span class='ocrx_word' id='word_1_368' title='bbox 2951 3541 3128 3613; x_wconf 65' lang='lat' dir='ltr'><strong>Syriae</strong></span> 
     </span>
    </p>
   </div>
   <div class='ocr_carea' id='block_1_79' title="bbox 1922 3614 3217 3700">
    <p class='ocr_par' dir='ltr' id='par_1_79' title="bbox 1922 3614 3217 3700">
     <span class='ocr_line' id='line_1_79' title="bbox 1922 3614 3217 3700; baseline 0.021 -38"><span class='ocrx_word' id='word_1_369' title='bbox 1922 3614 1974 3663; x_wconf 86' lang='lat' dir='ltr'><strong>et</strong></span> <span class='ocrx_word' id='word_1_370' title='bbox 1995 3626 2063 3666; x_wconf 78' lang='lat' dir='ltr'><strong>ea:</strong></span> <span class='ocrx_word' id='word_1_371' title='bbox 2162 3615 2374 3674; x_wconf 63' lang='lat' dir='ltr'><strong>Praeses</strong></span> <span class='ocrx_word' id='word_1_372' title='bbox 2400 3621 2617 3677; x_wconf 88' lang='lat' dir='ltr'><strong>Arabas</strong></span> <span class='ocrx_word' id='word_1_373' title='bbox 2642 3624 2944 3685; x_wconf 86' lang='lat' dir='ltr'><strong>Bostrenos</strong></span> <span class='ocrx_word' id='word_1_374' title='bbox 2962 3630 3021 3685; x_wconf 93' lang='lat' dir='ltr'><strong>in</strong></span> <span class='ocrx_word' id='word_1_375' title='bbox 3051 3636 3217 3700; x_wconf 88' lang='lat' dir='ltr'><strong>pote-</strong></span> 
     </span>
    </p>
   </div>
   <div class='ocr_carea' id='block_1_80' title="bbox 1885 3696 3213 3785">
    <p class='ocr_par' dir='ltr' id='par_1_80' title="bbox 1885 3696 3213 3785">
     <span class='ocr_line' id='line_1_80' title="bbox 1885 3696 3213 3785; baseline 0.02 -33"><span class='ocrx_word' id='word_1_376' title='bbox 1885 3696 2072 3754; x_wconf 79' lang='lat' dir='ltr'><strong>diebus</strong></span> <span class='ocrx_word' id='word_1_377' title='bbox 2145 3708 2346 3760; x_wconf 89' lang='lat' dir='ltr'><strong>statem</strong></span> <span class='ocrx_word' id='word_1_378' title='bbox 2390 3708 2449 3762; x_wconf 93' lang='lat' dir='ltr'><strong>P.</strong></span> <span class='ocrx_word' id='word_1_379' title='bbox 2494 3709 2556 3764; x_wconf 70' lang='grc' dir='ltr'><strong>Β.</strong></span> <span class='ocrx_word' id='word_1_380' title='bbox 2594 3712 2830 3785; x_wconf 89' lang='lat' dir='ltr'><strong>redegit.</strong></span> <span class='ocrx_word' id='word_1_381' title='bbox 2862 3696 3213 3777; x_wconf 87' lang='lat' dir='ltr'><strong>Mediobarb.</strong></span> 
     </span>
    </p>
   </div>
   <div class='ocr_carea' id='block_1_81' title="bbox 1921 3789 3222 3868">
    <p class='ocr_par' dir='ltr' id='par_1_81' title="bbox 1921 3789 3222 3868">
     <span class='ocr_line' id='line_1_81' title="bbox 1921 3789 3222 3868; baseline 0.022 -28"><span class='ocrx_word' id='word_1_382' title='bbox 1921 3789 2123 3844; x_wconf 64' lang='lat' dir='ltr'><strong>wstivis</strong></span> <span class='ocrx_word' id='word_1_383' title='bbox 2151 3804 2220 3847; x_wconf 85' lang='lat' dir='ltr'><strong>ex</strong></span> <span class='ocrx_word' id='word_1_384' title='bbox 2247 3794 2531 3868; x_wconf 91' lang='lat' dir='ltr'><strong>Nummis,</strong></span> <span class='ocrx_word' id='word_1_385' title='bbox 2565 3804 2622 3855; x_wconf 90' lang='lat' dir='ltr'><strong>et</strong></span> <span class='ocrx_word' id='word_1_386' title='bbox 2650 3801 2849 3859; x_wconf 92' lang='lat' dir='ltr'><strong>Dione.</strong></span> <span class='ocrx_word' id='word_1_387' title='bbox 2882 3804 3041 3863; x_wconf 91' lang='lat' dir='ltr'><strong>Unde</strong></span> <span class='ocrx_word' id='word_1_388' title='bbox 3077 3810 3222 3867; x_wconf 88' lang='lat' dir='ltr'><strong>Tra-</strong></span> 
     </span>
    </p>
   </div>
   <div class='ocr_carea' id='block_1_82' title="bbox 1896 3876 3217 3958">
    <p class='ocr_par' dir='ltr' id='par_1_82' title="bbox 1896 3876 3217 3958">
     <span class='ocr_line' id='line_1_82' title="bbox 1896 3876 3217 3958; baseline 0.019 -27"><span class='ocrx_word' id='word_1_389' title='bbox 1896 3876 2089 3951; x_wconf 82' lang='lat' dir='ltr'><strong>Olymp</strong></span> <span class='ocrx_word' id='word_1_390' title='bbox 2131 3881 2305 3950; x_wconf 89' lang='lat' dir='ltr'><strong>janus</strong></span> <span class='ocrx_word' id='word_1_391' title='bbox 2335 3885 2455 3956; x_wconf 89' lang='lat' dir='ltr'><strong>Imp</strong></span> <span class='ocrx_word' id='word_1_392' title='bbox 2478 3902 2531 3958; x_wconf 77' lang='grc' dir='ltr'><strong>ν,</strong></span> <span class='ocrx_word' id='word_1_393' title='bbox 2573 3888 2784 3947; x_wconf 90' lang='lat' dir='ltr'><strong>dictus.</strong></span> <span class='ocrx_word' id='word_1_394' title='bbox 2818 3893 2961 3952; x_wconf 87' lang='lat' dir='ltr'><strong>Vide</strong></span> <span class='ocrx_word' id='word_1_395' title='bbox 2989 3897 3217 3956; x_wconf 89' lang='lat' dir='ltr'><strong>Fabrett</strong></span> 
     </span>
    </p>
   </div>
   <div class='ocr_carea' id='block_1_83' title="bbox 1934 3964 2765 4050">
    <p class='ocr_par' dir='ltr' id='par_1_83' title="bbox 1934 3964 2765 4050">
     <span class='ocr_line' id='line_1_83' title="bbox 1934 3964 2765 4050; baseline 0.017 -28"><span class='ocrx_word' id='word_1_396' title='bbox 1934 3964 2033 4023; x_wconf 75' lang='grc'><strong>224</strong></span> <span class='ocrx_word' id='word_1_397' title='bbox 2130 3969 2201 4028; x_wconf 80' lang='lat' dir='ltr'><strong>de</strong></span> <span class='ocrx_word' id='word_1_398' title='bbox 2228 3971 2324 4028; x_wconf 81' lang='lat' dir='ltr'><strong>Col</strong></span> <span class='ocrx_word' id='word_1_399' title='bbox 2356 3974 2483 4046; x_wconf 86' lang='lat' dir='ltr'><strong>Traj</strong></span> <span class='ocrx_word' id='word_1_400' title='bbox 2515 3990 2622 4050; x_wconf 87' lang='lat' dir='ltr'><strong>pag</strong></span> <span class='ocrx_word' id='word_1_401' title='bbox 2638 3976 2765 4036; x_wconf 77' lang='grc'><strong>290.</strong></span> 
     </span>
    </p>
   </div>
   <div class='ocr_carea' id='block_1_84' title="bbox 1916 4562 2759 4624">
    <p class='ocr_par' dir='ltr' id='par_1_84' title="bbox 1916 4562 2759 4624">
     <span class='ocr_line' id='line_1_84' title="bbox 1916 4562 2759 4624; baseline 0.017 -13"><span class='ocrx_word' id='word_1_402' title='bbox 1916 4569 1934 4611; x_wconf 80' lang='lat'>1</span> <span class='ocrx_word' id='word_1_403' title='bbox 2220 4562 2468 4619; x_wconf 89' lang='lat' dir='ltr'><strong>Evaristi</strong></span> <span class='ocrx_word' id='word_1_404' title='bbox 2497 4562 2562 4622; x_wconf 97' lang='grc'><strong>40</strong></span> <span class='ocrx_word' id='word_1_405' title='bbox 2586 4572 2642 4624; x_wconf 91' lang='lat' dir='ltr'><strong>et</strong></span> <span class='ocrx_word' id='word_1_406' title='bbox 2673 4566 2759 4624; x_wconf 92' lang='grc'><strong>44.</strong></span> 
     </span>
    </p>
   </div>
   <div class='ocr_carea' id='block_1_85' title="bbox 1915 4651 3207 4723">
    <p class='ocr_par' dir='ltr' id='par_1_85' title="bbox 1915 4651 3207 4723">
     <span class='ocr_line' id='line_1_85' title="bbox 1915 4651 3207 4723; baseline 0.016 -23"><span class='ocrx_word' id='word_1_407' title='bbox 1915 4658 1954 4701; x_wconf 81' lang='grc' dir='ltr'>ιι</span> <span class='ocrx_word' id='word_1_408' title='bbox 2227 4651 2533 4710; x_wconf 87' lang='lat' dir='ltr'><strong>Inchoante</strong></span> <span class='ocrx_word' id='word_1_409' title='bbox 2551 4658 2943 4723; x_wconf 88' lang='lat' dir='ltr'><strong>persecutione</strong></span> <span class='ocrx_word' id='word_1_410' title='bbox 2953 4661 3062 4718; x_wconf 90' lang='lat' dir='ltr'><strong>sub</strong></span> <span class='ocrx_word' id='word_1_411' title='bbox 3077 4664 3207 4720; x_wconf 84' lang='lat' dir='ltr'><strong>Tra-</strong></span> 
     </span>
    </p>
   </div>
   <div class='ocr_carea' id='block_1_86' title="bbox 2121 4737 3207 4823">
    <p class='ocr_par' dir='ltr' id='par_1_86' title="bbox 2121 4737 3207 4823">
     <span class='ocr_line' id='line_1_86' title="bbox 2121 4737 3207 4823; baseline 0.017 -32"><span class='ocrx_word' id='word_1_412' title='bbox 2121 4737 2279 4807; x_wconf 85' lang='lat' dir='ltr'><strong>jano,</strong></span> <span class='ocrx_word' id='word_1_413' title='bbox 2311 4738 2382 4795; x_wconf 90' lang='lat' dir='ltr'><strong>ab</strong></span> <span class='ocrx_word' id='word_1_414' title='bbox 2414 4742 2673 4802; x_wconf 86' lang='lat' dir='ltr'><strong>Evaristo</strong></span> <span class='ocrx_word' id='word_1_415' title='bbox 2712 4746 3020 4806; x_wconf 90' lang='lat' dir='ltr'><strong>ordinatur</strong></span> <span class='ocrx_word' id='word_1_416' title='bbox 3059 4752 3207 4823; x_wconf 88' lang='lat' dir='ltr'><strong>Epi-</strong></span> 
     </span>
    </p>
   </div>
   <div class='ocr_carea' id='block_1_87' title="bbox 2125 4832 3204 4896">
    <p class='ocr_par' dir='ltr' id='par_1_87' title="bbox 2125 4832 3204 4896">
     <span class='ocr_line' id='line_1_87' title="bbox 2125 4832 3204 4896; baseline 0.017 -17"><span class='ocrx_word' id='word_1_417' title='bbox 2125 4838 2334 4895; x_wconf 88' lang='lat' dir='ltr'><strong>scopus</strong></span> <span class='ocrx_word' id='word_1_418' title='bbox 2420 4832 2740 4889; x_wconf 71' lang='lat' dir='ltr'><strong>Alexander</strong></span> <span class='ocrx_word' id='word_1_419' title='bbox 2826 4838 2923 4895; x_wconf 90' lang='lat' dir='ltr'><strong>die</strong></span> <span class='ocrx_word' id='word_1_420' title='bbox 3002 4841 3204 4896; x_wconf 82' lang='lat' dir='ltr'><strong>Domi-</strong></span> 
     </span>
    </p>
   </div>
   <div class='ocr_carea' id='block_1_88' title="bbox 2128 4913 3202 4994">
    <p class='ocr_par' dir='ltr' id='par_1_88' title="bbox 2128 4913 3202 4994">
     <span class='ocr_line' id='line_1_88' title="bbox 2128 4913 3202 4994; baseline 0.017 -28"><span class='ocrx_word' id='word_1_421' title='bbox 2128 4913 2260 4968; x_wconf 89' lang='lat' dir='ltr'><strong>nica</strong></span> <span class='ocrx_word' id='word_1_422' title='bbox 2349 4913 2422 4971; x_wconf 75' lang='lat'><strong>27</strong></span> <span class='ocrx_word' id='word_1_423' title='bbox 2515 4921 2881 4994; x_wconf 85' lang='lat' dir='ltr'><strong>Septembris,</strong></span> <span class='ocrx_word' id='word_1_424' title='bbox 2972 4927 3202 4985; x_wconf 85' lang='lat' dir='ltr'><strong>Vicario</strong></span> 
     </span>
    </p>
   </div>
   <div class='ocr_carea' id='block_1_89' title="bbox 2128 5003 3205 5074">
    <p class='ocr_par' dir='ltr' id='par_1_89' title="bbox 2128 5003 3205 5074">
     <span class='ocr_line' id='line_1_89' title="bbox 2128 5003 3205 5074; baseline 0.019 -20"><span class='ocrx_word' id='word_1_425' title='bbox 2128 5014 2363 5058; x_wconf 88' lang='lat' dir='ltr'><strong>munere</strong></span> <span class='ocrx_word' id='word_1_426' title='bbox 2434 5003 2761 5066; x_wconf 86' lang='lat' dir='ltr'><strong>functurus.</strong></span> <span class='ocrx_word' id='word_1_427' title='bbox 2835 5013 2976 5069; x_wconf 90' lang='lat' dir='ltr'><strong>Vide</strong></span> <span class='ocrx_word' id='word_1_428' title='bbox 3040 5020 3205 5074; x_wconf 87' lang='lat' dir='ltr'><strong>notas</strong></span> 
     </span>
    </p>
   </div>
   <div class='ocr_carea' id='block_1_90' title="bbox 2126 5091 3203 5174">
    <p class='ocr_par' dir='ltr' id='par_1_90' title="bbox 2126 5091 3203 5174">
     <span class='ocr_line' id='line_1_90' title="bbox 2126 5091 3203 5174; baseline 0.015 -26"><span class='ocrx_word' id='word_1_429' title='bbox 2126 5106 2235 5165; x_wconf 87' lang='lat' dir='ltr'><strong>pag</strong></span> <span class='ocrx_word' id='word_1_430' title='bbox 2260 5091 2351 5164; x_wconf 87' lang='grc'><strong>84,</strong></span> <span class='ocrx_word' id='word_1_431' title='bbox 2384 5096 2472 5152; x_wconf 93' lang='lat' dir='ltr'><strong>col</strong></span> <span class='ocrx_word' id='word_1_432' title='bbox 2506 5094 2557 5169; x_wconf 87' lang='grc'><strong>4,</strong></span> <span class='ocrx_word' id='word_1_433' title='bbox 2582 5097 2680 5153; x_wconf 89' lang='lat' dir='ltr'><strong>ubi</strong></span> <span class='ocrx_word' id='word_1_434' title='bbox 2703 5101 2926 5174; x_wconf 87' lang='lat' dir='ltr'><strong>corrige</strong></span> <span class='ocrx_word' id='word_1_435' title='bbox 2950 5110 3203 5165; x_wconf 89' lang='lat' dir='ltr'><strong>erratum</strong></span> 
     </span>
    </p>
   </div>
   <div class='ocr_carea' id='block_1_91' title="bbox 2126 5185 3209 5265">
    <p class='ocr_par' dir='ltr' id='par_1_91' title="bbox 2126 5185 3209 5265">
     <span class='ocr_line' id='line_1_91' title="bbox 2126 5185 3209 5265; baseline 0.016 -28"><span class='ocrx_word' id='word_1_436' title='bbox 2126 5196 2294 5239; x_wconf 86' lang='lat' dir='ltr'><strong>versu</strong></span> <span class='ocrx_word' id='word_1_437' title='bbox 2322 5185 2408 5242; x_wconf 91' lang='lat' dir='ltr'><strong>ult</strong></span> <span class='ocrx_word' id='word_1_438' title='bbox 2437 5192 2493 5243; x_wconf 90' lang='lat' dir='ltr'><strong>et</strong></span> <span class='ocrx_word' id='word_1_439' title='bbox 2521 5187 2661 5259; x_wconf 89' lang='lat' dir='ltr'><strong>lege,</strong></span> <span class='ocrx_word' id='word_1_440' title='bbox 2694 5204 2839 5245; x_wconf 87' lang='lat' dir='ltr'><strong>anno</strong></span> <span class='ocrx_word' id='word_1_441' title='bbox 2863 5188 2985 5265; x_wconf 80' lang='grc'><strong>406,</strong></span> <span class='ocrx_word' id='word_1_442' title='bbox 3003 5195 3091 5251; x_wconf 80' lang='lat' dir='ltr'><strong>die</strong></span> <span class='ocrx_word' id='word_1_443' title='bbox 3109 5200 3209 5253; x_wconf 85' lang='lat' dir='ltr'><strong>Do-</strong></span> 
     </span>
    </p>
   </div>
   <div class='ocr_carea' id='block_1_92' title="bbox 2125 5272 3205 5354">
    <p class='ocr_par' dir='ltr' id='par_1_92' title="bbox 2125 5272 3205 5354">
     <span class='ocr_line' id='line_1_92' title="bbox 2125 5272 3205 5354; baseline 0.021 -30"><span class='ocrx_word' id='word_1_444' title='bbox 2125 5273 2347 5344; x_wconf 78' lang='lat' dir='ltr'><strong>minica,</strong></span> <span class='ocrx_word' id='word_1_445' title='bbox 2396 5272 2466 5331; x_wconf 75' lang='lat'><strong>27</strong></span> <span class='ocrx_word' id='word_1_446' title='bbox 2506 5279 2632 5348; x_wconf 83' lang='lat' dir='ltr'><strong>Sept</strong></span> <span class='ocrx_word' id='word_1_447' title='bbox 2664 5295 2677 5332; x_wconf 91' lang='lat'><strong>:</strong></span> <span class='ocrx_word' id='word_1_448' title='bbox 2706 5293 2776 5336; x_wconf 83' lang='lat' dir='ltr'><strong>ex</strong></span> <span class='ocrx_word' id='word_1_449' title='bbox 2820 5297 2935 5354; x_wconf 87' lang='lat' dir='ltr'><strong>qua</strong></span> <span class='ocrx_word' id='word_1_450' title='bbox 2988 5286 3084 5343; x_wconf 87' lang='lat' dir='ltr'><strong>die</strong></span> <span class='ocrx_word' id='word_1_451' title='bbox 3132 5290 3205 5347; x_wconf 89' lang='lat' dir='ltr'><strong>ad</strong></span> 
     </span>
    </p>
   </div>
   <div class='ocr_carea' id='block_1_93' title="bbox 2130 5365 3208 5445">
    <p class='ocr_par' dir='ltr' id='par_1_93' title="bbox 2130 5365 3208 5445">
     <span class='ocr_line' id='line_1_93' title="bbox 2130 5365 3208 5445; baseline 0.019 -32"><span class='ocrx_word' id='word_1_452' title='bbox 2130 5365 2467 5432; x_wconf 86' lang='lat' dir='ltr'><strong>martyrium</strong></span> <span class='ocrx_word' id='word_1_453' title='bbox 2498 5367 2807 5426; x_wconf 85' lang='lat' dir='ltr'><strong>Alexandri</strong></span> <span class='ocrx_word' id='word_1_454' title='bbox 2840 5374 3002 5445; x_wconf 70' lang='lat' dir='ltr'><strong>Papa:</strong></span> <span class='ocrx_word' id='word_1_455' title='bbox 3029 5377 3208 5445; x_wconf 91' lang='lat' dir='ltr'><strong>pictu-</strong></span> 
     </span>
    </p>
   </div>
   <div class='ocr_carea' id='block_1_94' title="bbox 2133 5451 3209 5534">
    <p class='ocr_par' dir='ltr' id='par_1_94' title="bbox 2133 5451 3209 5534">
     <span class='ocr_line' id='line_1_94' title="bbox 2133 5451 3209 5534; baseline 0.02 -33"><span class='ocrx_word' id='word_1_456' title='bbox 2133 5451 2290 5503; x_wconf 66' lang='lat' dir='ltr'><strong>raaS.</strong></span> <span class='ocrx_word' id='word_1_457' title='bbox 2325 5452 2485 5509; x_wconf 88' lang='lat' dir='ltr'><strong>Pauli</strong></span> <span class='ocrx_word' id='word_1_458' title='bbox 2537 5457 2720 5514; x_wconf 89' lang='lat' dir='ltr'><strong>eidem</strong></span> <span class='ocrx_word' id='word_1_459' title='bbox 2766 5461 3034 5520; x_wconf 82' lang='lat' dir='ltr'><strong>tribuunt</strong></span> <span class='ocrx_word' id='word_1_460' title='bbox 3077 5466 3209 5534; x_wconf 89' lang='lat' dir='ltr'><strong>epi—</strong></span> 
     </span>
    </p>
   </div>
   <div class='ocr_carea' id='block_1_95' title="bbox 2131 5542 3214 5617">
    <p class='ocr_par' dir='ltr' id='par_1_95' title="bbox 2131 5542 3214 5617">
     <span class='ocr_line' id='line_1_95' title="bbox 2131 5542 3214 5617; baseline 0.018 -27"><span class='ocrx_word' id='word_1_461' title='bbox 2131 5542 2397 5607; x_wconf 86' lang='lat' dir='ltr'><strong>scopatus</strong></span> <span class='ocrx_word' id='word_1_462' title='bbox 2439 5554 2620 5602; x_wconf 91' lang='lat' dir='ltr'><strong>annos</strong></span> <span class='ocrx_word' id='word_1_463' title='bbox 2647 5561 2703 5617; x_wconf 87' lang='lat' dir='ltr'><strong>x,</strong></span> <span class='ocrx_word' id='word_1_464' title='bbox 2734 5563 2893 5607; x_wconf 90' lang='lat' dir='ltr'><strong>mens</strong></span> <span class='ocrx_word' id='word_1_465' title='bbox 2938 5566 3040 5614; x_wconf 79' lang='lat' dir='ltr'><strong>vn.</strong></span> <span class='ocrx_word' id='word_1_466' title='bbox 3087 5553 3214 5610; x_wconf 88' lang='lat' dir='ltr'><strong>dies</strong></span> 
     </span>
    </p>
   </div>
   <div class='ocr_carea' id='block_1_96' title="bbox 2134 5626 3212 5716">
    <p class='ocr_par' dir='ltr' id='par_1_96' title="bbox 2134 5626 3212 5716">
     <span class='ocr_line' id='line_1_96' title="bbox 2134 5626 3212 5716; baseline 0.02 -38"><span class='ocrx_word' id='word_1_467' title='bbox 2134 5638 2220 5680; x_wconf 84' lang='lat' dir='ltr'><strong>III.</strong></span> <span class='ocrx_word' id='word_1_468' title='bbox 2280 5626 2541 5689; x_wconf 87' lang='lat' dir='ltr'><strong>Fortasse</strong></span> <span class='ocrx_word' id='word_1_469' title='bbox 2599 5634 2901 5707; x_wconf 87' lang='lat' dir='ltr'><strong>legendum</strong></span> <span class='ocrx_word' id='word_1_470' title='bbox 2951 5639 3078 5698; x_wconf 86' lang='lat' dir='ltr'><strong>dies</strong></span> <span class='ocrx_word' id='word_1_471' title='bbox 3136 5656 3212 5716; x_wconf 84' lang='lat' dir='ltr'><strong>v4,</strong></span> 
     </span>
    </p>
   </div>
   <div class='ocr_carea' id='block_1_97' title="bbox 3013 5736 3079 5796">
    <p class='ocr_par' dir='ltr' id='par_1_97' title="bbox 3013 5736 3079 5796">
     <span class='ocr_line' id='line_1_97' title="bbox 3013 5736 3079 5796; baseline 0.015 -1"><span class='ocrx_word' id='word_1_472' title='bbox 3013 5736 3079 5796; x_wconf 86' lang='grc'><strong>46</strong></span> 
     </span>
    </p>
   </div>
   <div class='ocr_carea' id='block_1_98' title="bbox 3329 1262 3432 1324">
    <p class='ocr_par' dir='ltr' id='par_1_98' title="bbox 3329 1262 3432 1324">
     <span class='ocr_line' id='line_1_98' title="bbox 3329 1262 3432 1324; baseline 0.049 -4"><span class='ocrx_word' id='word_1_473' title='bbox 3329 1262 3432 1324; x_wconf 85' lang='grc'><strong>403</strong></span> 
     </span>
    </p>
   </div>
   <div class='ocr_carea' id='block_1_99' title="bbox 3324 1358 3444 1413">
    <p class='ocr_par' dir='ltr' id='par_1_99' title="bbox 3324 1358 3444 1413">
     <span class='ocr_line' id='line_1_99' title="bbox 3324 1358 3444 1413; baseline 0.008 -1"><span class='ocrx_word' id='word_1_474' title='bbox 3324 1358 3444 1413; x_wconf 81' lang='lat' dir='ltr'><strong>Biss</strong></span> 
     </span>
    </p>
   </div>
   <div class='ocr_carea' id='block_1_100' title="bbox 3354 2576 3457 2636">
    <p class='ocr_par' dir='ltr' id='par_1_100' title="bbox 3354 2576 3457 2636">
     <span class='ocr_line' id='line_1_100' title="bbox 3354 2576 3457 2636; baseline 0.01 -1"><span class='ocrx_word' id='word_1_475' title='bbox 3354 2576 3457 2636; x_wconf 76' lang='grc'><strong>404</strong></span> 
     </span>
    </p>
   </div>
   <div class='ocr_carea' id='block_1_101' title="bbox 3260 3368 3412 3430">
    <p class='ocr_par' dir='ltr' id='par_1_101' title="bbox 3260 3368 3412 3430">
     <span class='ocr_line' id='line_1_101' title="bbox 3260 3368 3412 3430; baseline 0.033 -4"><span class='ocrx_word' id='word_1_476' title='bbox 3260 3390 3264 3395; x_wconf 69' lang='lat'><strong><em>&#39;</em></strong></span> <span class='ocrx_word' id='word_1_477' title='bbox 3307 3368 3412 3430; x_wconf 81' lang='grc'><strong>405</strong></span> 
     </span>
    </p>
   </div>
   <div class='ocr_carea' id='block_1_102' title="bbox 3302 4577 3406 4638">
    <p class='ocr_par' dir='ltr' id='par_1_102' title="bbox 3302 4577 3406 4638">
     <span class='ocr_line' id='line_1_102' title="bbox 3302 4577 3406 4638; baseline 0.038 -3"><span class='ocrx_word' id='word_1_478' title='bbox 3302 4577 3406 4638; x_wconf 90' lang='grc'><strong>406</strong></span> 
     </span>
    </p>
   </div>
  </div>
