3998 6176
210 170 290 232 δικ
1181 176 1521 241 CHRONOL.
1574 186 1857 247 CONSUL.
1910 191 1998 248 ET
2047 193 2205 250 cas.
2267 194 2434 252 nou.
2486 197 2631 252 src.
3194 174 3209 194 “
3448 207 3591 269 ~502

260 283 444 390 in?”
476 283 1152 390 Imperffgziso,'£0:1flfllfi
1182 295 1537 390 Romanorum
1596 301 1761 390 ⁸ιξνηηξ
1858 300 1912 361 Α
1993 307 2168 390 “Anni
2237 311 2688 390 Christianorum,
2730 318 3045 373 Iudaeorum
3083 325 3134 374 et
3178 325 3297 390 ﬁni-
3358 322 3515 379 Anni

1598 354 1645 355 κέ
1676 354 1683 356 ,
1716 354 1723 356 ,
1858 354 1912 361 _-
2011 354 2167 363 --ν-.-ν
2239 354 2325 367 υ...
2346 354 2559 367 νυν-ιιηυι
2580 354 2669 369 uno
2730 354 2936 373 σωωωυι
2955 354 3045 373 uni
3083 354 3133 374 (ρο
3220 354 3297 376 ιιι·
3358 354 3509 379 an!"

222 354 444 462 Ξεζυῆῑέι
516 354 521 361 ’
652 370 739 409 res
754 361 938 423 gesta},
961 365 1011 414 et
1036 362 1380 422 documenta.
1414 376 1423 385 ‘
1622 373 1684 462 Π2
1722 374 1791 462 C.‘
1987 377 2177 450 Olymp
2323 387 2577 462 timorum.
2617 362 2964 456 populorum,
2992 354 3293 462 Pontiﬁrees,
3368 398 3509 450 Era:

218 431 262 481 et
284 425 436 493 cycli.
1588 425 1714 498 ante
1735 425 1792 498 et

259 493 389 571 @753
1523 519 1648 583 post
1666 516 1797 569 Pali.

1992 425 2174 450 νην-..ιι
2323 425 2466 437 υνιισυι
2488 425 2577 439 ιυη
2617 425 2836 456 μυμιιινυι
2856 425 2964 451 uno,
2992 425 3017 443 ι
3038 425 3293 462 υιιιιμυεδ,
3368 425 3508 450 mra:

2334 457 2522 523 Reges,
2562 474 2648 512 res
2679 465 2841 527 gesta:
2881 466 2932 515 et
2968 461 3306 518 documenta.
3340 467 3556 523 Christi.

2224 613 2617 688 Pontiﬁcatus,
2666 619 2777 690 ipsi
2827 622 3200 693 assignantur
3242 623 3302 679 in

2225 703 2531 777 CataIOgis,
2591 711 2647 763 et
2698 709 2879 765 codic.
2932 711 3074 768 Vide
3131 717 3297 769 notas

2228 807 2336 864 pag
2364 792 2451 850 96.

2296 884 2619 942 Hadrianus
2658 888 2716 943 in
2742 887 3032 945 Orientem
3065 905 3300 949 rursum

2223 974 2592 1044 proﬁciscens
2616 976 2858 1034 Athenis
2884 979 3005 1036 Jovi
3036 979 3301 1054 Olympio

2224 1062 2421 1133 aedem,
2450 1064 2681 1136 sibique
2724 1080 2882 1124 aram
2909 1069 3152 1129 collocat
3175 1071 3302 1127 Me-

2221 1151 2358 1207 diob
2387 1166 2455 1209 ex
2478 1168 2613 1210 num
2653 1160 2710 1212 et
2736 1156 2872 1212 hist.

2299 1241 2629 1312 Telesphori
2663 1242 2686 1299 4
2710 1251 2766 1301 et
2793 1243 2850 1301 2.
3376 1248 3481 1307 428

2298 1332 2623 1389 Hadrianus
2660 1334 2718 1393 in
2737 1336 2873 1391 Asia
2900 1350 3060 1409 reges
3084 1339 3155 1395 ad
3173 1340 3313 1396 ami-
3364 1342 3505 1396 Biss.

2215 1419 2412 1475 citiam
2460 1422 2686 1493 invitat,
2723 1424 2986 1497 interque
3022 1427 3126 1483 hos
3155 1428 3299 1484 Cos-

2219 1510 2414 1566 rhoem
2465 1512 2822 1585 Parthorum,
2856 1516 3095 1573 remissa
3126 1518 3293 1591 Filia,

1849 1630 1904 1692 B
2217 1615 2386 1692 quam
2436 1603 2716 1671 Trajanus
2767 1610 3009 1675 ceperat.
3068 1607 3294 1665 Mediob

542 619 722 678 Obser
771 623 943 681 Satur
996 626 1054 683 in
1122 626 1146 683 4
1222 628 1307 688 43.
1366 635 1551 693 Librae

461 722 499 764 a
543 708 847 768 Ptolemaeo
884 715 1107 786 signata
1128 731 1277 776 anno
1318 736 1398 779 χι.
1431 726 1553 781 Ha-

460 797 662 855 driani
702 801 800 856 die
854 797 907 857 7.
962 805 1184 863 Pachon
1238 806 1364 867 874.
1425 815 1548 869 Na-

458 887 573 943 hon
622 889 838 947 incidit
886 892 945 949 in
1002 892 1073 951 26
1127 899 1319 956 Martii
1355 901 1544 959 Calvis

254 1221 375 1279 4844
525 1226 650 1296 Imp
679 1227 1004 1286 Hadrianus
1057 1236 1127 1287 tr.
1165 1248 1220 1303 p.
1256 1233 1313 1290 44
1359 1241 1418 1293 et
1448 1236 1535 1296 42.
1625 1238 1733 1298 880

525 1226 650 1296 Imp
679 1227 1004 1286 Hadrianus
1057 1236 1127 1287 tr.
1165 1248 1220 1303 p.
1256 1233 1313 1290 44
1359 1241 1418 1293 et
1448 1236 1535 1296 42.
1625 1238 1733 1298 880
2042 1254 2104 1293 III

229 1310 307 1381 25,
338 1310 402 1369 45
635 1316 694 1370 L.
749 1318 971 1375 Nonius
1037 1319 1323 1392 Asprenas
1382 1328 1529 1384 Tor-
1623 1328 1723 1387 884
2049 1342 2105 1383 tv

258 1403 368 1457 ΕΙ)
446 1401 589 1459 Coss
704 1412 1082 1476 quartus'u.

634 1496 706 1548 Μ.
740 1495 966 1553 Annius
995 1498 1135 1556 Libo

518 1584 540 1604 θ
569 1580 786 1640 Gruter
815 1600 870 1655 p.
897 1585 1002 1643 337
1041 1598 1095 1645 et
1123 1592 1182 1647 in
1223 1598 1311 1649 vet
1336 1595 1535 1668 ﬁglina

444 1674 602 1741 apud
672 1674 902 1731 Fabrett
967 1679 1127 1735 Inscr
1175 1678 1281 1738 540
1351 1692 1407 1740 et
1472 1686 1531 1743 in

445 1767 651 1817 nostro
675 1765 728 1818 Μ
735 1779 907 1820 usaao.
925 1766 1288 1837 Capitolinus
1307 1788 1535 1846 quoque

444 1851 509 1905 in
545 1852 736 1907 Marco
760 1854 1052 1912 Antonino
1082 1871 1187 1928 cap
1209 1857 1257 1914 4.

519 1942 849 2000 Hadrianus
878 1946 1063 2002 Patris
1109 1949 1312 2005 Patriae
1333 1954 1536 2022 appel-

443 2027 727 2086 lationem
771 2033 1044 2090 admittit.
1092 2037 1277 2094 Euseb
1316 2045 1372 2095 et
1425 2041 1535 2098 Sa-

2214 1689 2272 1746 in
2302 1705 2439 1746 num
2466 1692 2533 1747 ad
2573 1693 2631 1747 h.
2670 1707 2722 1748 a.

2282 1781 2579 1849 Nicopolis
2603 1787 2658 1837 et
2685 1783 2934 1842 Caesarea
2967 1790 3292 1846 terraemotu

2210 1870 2606 1928 conciderunt.
2647 1872 2850 1930 Euseb.

2280 1958 2492 2029 Aquila
2516 1961 2789 2023 Ponticus
2824 1978 3045 2036 genere,
3086 1980 3289 2036 prose-

2210 2047 2385 2119 lytus,
2428 2055 2486 2105 et
2534 2064 2603 2107 ex
2656 2052 2989 2113 Christiano
3029 2058 3280 2125 Judmus,

440 2116 588 2175 bina
616 2118 875 2191 Augusta
906 2122 1146 2180 dicitur.
1202 2127 1427 2186 Mediob
1457 2132 1525 2191 ad
2206 2116 2400 2195 Graece
2467 2142 2788 2212 scripturas
2848 2116 3284 2215 interpretatur.

447 2208 510 2263 h.
546 2221 600 2263 a.
2202 2228 2372 2283 Petav
2395 2229 2464 2286 ad
2516 2208 2665 2289 h.'a.
2700 2246 2772 2288 ex
2821 2208 3144 2304 Epiphanio
3212 2236 3284 2292 de

2203 2329 2363 2373 mens
2397 2325 2456 2373 et
2481 2321 2651 2389 poud.

251 2377 393 2477 4842‘
516 2386 639 2455 Imp
670 2386 1004 2477 Hadrianus
1034 2392 1105 2444 tr.
1158 2406 1210 2463 p.
1241 2390 1309 2449 42
1344 2398 1402 2451 et
1428 2392 1514 2452 43.
1600 2397 1702 2457 884

1975 2403 2019 2458 0
2040 2401 2148 2461 228
2288 2377 2619 2477 Telesphori
2645 2406 2683 2464 2
2704 2414 2762 2465 et
2788 2407 2841 2465 3.
3370 2413 3474 2473 429

234 2466 395 2573 26%46
428 2509 579 2565 COSS
656 2473 1304 2573 {trainigalblpim
1365 2553 1481 2573 "Li
1598 2486 1708 2547 882
2020 2507 2078 2548 1v
2276 2466 3280 2573 Hadrianushoranno,quemolym-

288 2542 322 2597 C
429 2542 579 2565 “‘"’°
657 2542 714 2599 Ρ.
763 2547 1064 2604 Juventius
1111 2550 1307 2609 Celsus
1364 2553 1524 2613 Mar-

763 2583 1064 2604 uuvuuuuo
1111 2583 1307 2609 υῠιδυδ
1364 2583 1524 2613 ωειι-ι
1969 2587 2021 2637 et
2056 2599 2124 2637 ea:
2195 2583 2305 2653 pia‘

726 2635 907 2693 celius
933 2654 995 2691 ΙΙ.
1492 2690 1499 2693 ,
1971 2670 2155 2693 Δρ-ι---
2204 2669 2266 2693 ιι)

1969 2587 2021 2637 et
2056 2599 2124 2637 ea:
2195 2583 2386 2653 piadis
2409 2583 2514 2643 227
2541 2586 2792 2655 primum
2814 2592 2871 2649 et
2893 2589 3019 2659 ejus
3041 2592 3272 2661 imperii

511 2721 615 2779 Bis
636 2738 764 2780 coss
792 2725 859 2779 ad
910 2726 1062 2781 diem
1110 2742 1190 2784 xu
1239 2730 1340 2786 Kal
1372 2735 1518 2791 Mart

429 2812 661 2868 dicitur
704 2813 1026 2871 Hadrianus
1079 2831 1166 2872 ra.
1225 2832 1341 2875 por.
1405 2836 1509 2878 xu.

437 2901 556 2957 Cos
588 2917 651 2955 ΠΙ
698 2901 758 2956 in
810 2915 963 2958 aenea
994 2904 1202 2961 tabella
1254 2921 1326 2979 ap
1356 2910 1516 2967 Gru—

429 2994 523 3046 ter
548 2986 676 3046 573.

501 3078 646 3134 Vide
688 3079 859 3135 Noris
913 3081 1012 3151 Ep.
1071 3082 1175 3154 Syr
1227 3100 1281 3156 p.
1326 3085 1432 3144 498
1459 3093 1516 3146 et

426 3165 663 3222 Fabrett
700 3168 948 3240 lnscript
994 3186 1045 3242 p.
1097 3170 1223 3229 506.
1267 3178 1513 3235 lucentia

426 3272 471 3310 ιι
519 3259 571 3310 et
600 3257 857 3312 Marcello
900 3275 963 3313 Π.
1005 3260 1135 3317 Alia
1166 3262 1363 3335 ﬁglina
1414 3281 1506 3339 ap.

424 3346 662 3404 Fabrett
706 3346 813 3405 508
883 3354 939 3405 et
983 3350 1041 3406 in
1090 3353 1218 3409 Mus
1283 3355 1506 3415 Albano

1964 2670 2155 2726 diebus
2200 2669 2267 2728 43
2313 2673 2597 2729 Eusebius
2640 2682 2921 2741 numerat,
2953 2678 3177 2736 dicitur
3203 2695 3274 2738 ex

1944 2762 2146 2815 estivis
2186 2760 2322 2817 Asia
2361 2763 2420 2817 in
2461 2763 2761 2833 Egyptum
2792 2764 3100 2834 profectus.
3131 2770 3274 2827 Vide

1962 2848 2006 2902 0
2040 2846 2147 2904 229
2191 2850 2252 2905 Ο.
2280 2852 2451 2906 Noris
2477 2852 2689 2921 Epoch.
2712 2854 3043 2923 Syromaced
3070 2856 3270 2927 p.498.

1827 2970 1878 3036 ο
2040 2953 2059 2991 ι
2262 2938 2482 3036 Syriam
2521 2953 2590 3036 _a
2659 2940 2934 3036 Phoenice
3006 2959 3273 3036 separare

2192 3030 2374 3083 tentat
2422 3028 2749 3087 Hadrianus
2796 3032 2857 3088 in
2907 3032 3268 3093 Antiochen—

2155 3116 2308 3173 sium
2360 3117 2577 3174 odium.
2643 3120 2868 3177 Mediob
2940 3122 3010 3178 ad
3071 3123 3127 3178 h.
3209 3138 3265 3181 a.

428 3435 623 3506 habet,

423 3526 502 3581 Μ.
554 3526 805 3596 Pompeio
851 3529 1099 3585 Macrino
1144 3532 1203 3587 P.
1259 3535 1508 3590 Juveniio

426 3615 582 3671 Celso
604 3632 709 3670 cos.
2252 3702 2296 3715 __
2331 3701 2345 3715 ι
2455 3702 2469 3715 Ι
2566 3701 2578 3715 θ

247 3698 358 3760 4843
504 3706 645 3774 Imp.
677 3704 998 3764 Hadrianus
1032 3712 1103 3764 tr.
1138 3725 1194 3781 p.
1239 3708 1306 3768 43
1329 3717 1386 3769 et
1415 3712 1500 3771 44.
1590 3716 1698 3776 882

2029 3720 2049 3758 ι
2252 3701 2582 3772 Telesphori
2608 3698 2643 3758 3
2666 3706 2723 3759 et
2743 3700 2791 3759 4.
3354 3704 3456 3765 430

227 3786 376 3888 27,1)”
422 3831 567 3888 COSS
640 3795 703 3864 Q.
733 3797 942 3888 Eubius
960 3798 1287 3857 Catullinus
1593 3805 1700 3865 333
2015 3810 2057 3848 ιι
2249 3791 3257 3888 HadrianusHierosolymisinstau-

641 3868 713 3922 Μ.
739 3868 969 3925 Flavius
1000 3872 1149 3940 Aper

494 3957 727 4013 Gruter.
788 3956 908 4027 408,
972 3959 1025 4032 6,
1105 3961 1349 4019 Fabrett.
1403 3967 1505 4021 In-

423 4048 653 4117 script..
704 4064 771 4105 ex
802 4050 1001 4123 ﬁglina
1030 4067 1156 4125 pag.
1182 4051 1307 4120 503,
1351 4055 1506 4111 Pan-

423 4137 545 4193 vin.
577 4139 636 4193 in
663 4138 812 4195 Fast.

495 4228 775 4285 Hadriani
808 4230 1215 4301 profectionem
1256 4235 1315 4290 in
1345 4236 1504 4309 JEgyo

426 4320 586 4387 ptum
650 4333 749 4389 per
809 4292 1098 4377 .Graeciam
1157 4327 1213 4379 et
1280 4292 1496 4396 Asiam,
1810 4292 1866 4355 Β

424 4406 667 4478 ejusque
683 4409 1091 4467 admissionem
1112 4412 1181 4467 ad
1204 4412 1501 4470 Eleusinia

425 4508 588 4551 sacra
612 4491 784 4567 [anno
803 4495 856 4566 2,
895 4498 1252 4569 Olympiadis
1290 4501 1503 4558 ineun-

428 4588 481 4639 te
521 4597 590 4639 ex
641 4586 946 4643 Plutarcho
1016 4589 1138 4644 ﬁeri
1209 4589 1502 4666 consueta]

426 4672 602 4730 refert
648 4675 718 4730 ad
752 4676 905 4732 hunc
934 4690 1147 4734 annum
1177 4678 1497 4737 Calvisius:

330 4798 337 4805 ι
427 4763 526 4833 qui
568 4765 743 4819 etiam
796 4765 1249 4825 observationem
1301 4770 1505 4826 Martis

428 4853 486 4907 in
541 4849 631 4919 24,
668 4853 1042 4911 Geminorum
1086 4858 1507 4917 consentienti-

426 4942 536 4999 bus
583 4943 700 5001 tab.
772 4943 1005 5001 Astron.
1064 4947 1161 5002 die
1218 4945 1309 5019 26,
1363 4947 1504 5020 Tybi

427 5027 589 5105 [PtoL
640 5034 726 5091 lib
756 5050 813 5104 x,
864 5048 970 5106 cap
1015 5032 1070 5111 7]
1128 5036 1184 5092 b.
1230 5051 1280 5094 a.
1334 5037 1506 5095 refert

421 5123 492 5179 ad
527 5120 596 5179 45
631 5123 979 5180 Decembris.

242 5197 359 5262 4844
494 5214 617 5283 Imp
660 5213 987 5271 Hadrianus
1037 5217 1091 5270 tr
1140 5230 1175 5286 p
1207 5211 1275 5269 44
1318 5221 1374 5273 et
1419 5215 1506 5275 45.
1593 5216 1701 5276 883

494 5214 617 5283 Imp
660 5213 987 5271 Hadrianus
1037 5217 1091 5270 tr
1140 5211 1275 5286 p44
1318 5221 1374 5273 et
1419 5215 1506 5275 45.
1593 5216 1701 5276 883
2021 5237 2061 5275 u

223 5284 295 5354 28,
325 5292 384 5352 48
603 5302 710 5358 Sex
762 5301 1034 5361 Octavius
1095 5284 1290 5362 Laetias
1351 5308 1505 5363 Pon—
1588 5305 1696 5364 884

603 5302 710 5358 Sex
762 5301 1034 5361 Octavius
1095 5284 1290 5362 Laetias
1351 5308 1505 5363 Pon—
1588 5305 1696 5364 884
2008 5323 2069 5365 lli

276 5382 321 5436 Α
426 5390 566 5449 Coss
1202 5395 1421 5464 [tianus

623 5484 699 5538 Μ’
722 5482 1011 5542 Antonius
1039 5484 1284 5543 Rufinus

2180 3882 2324 3938 ratis
2346 3880 2506 3935 IEliae
2542 3881 2879 3950 Capitolina:
2905 3895 3107 3938 nomen
3141 3884 3259 3938 im-

2182 3971 2395 4042 posuit,
2455 3982 2635 4041 eoque
2676 3970 2959 4025 coloniam
2989 3972 3255 4028 deduxit.

2177 4060 2357 4116 Judaei
2393 4072 2538 4130 aegre
2589 4058 2835 4115 ferentes
2881 4060 3124 4131 gentiles
3153 4074 3254 4118 sua

2185 4150 2243 4205 in
2278 4150 2418 4205 urbe
2443 4150 2734 4221 collocari,
2759 4149 2982 4205 occulte
3007 4151 3258 4221 primum

2181 4240 2527 4297 tumultuari
2549 4244 2863 4311 coeperunt.
2893 4240 3059 4295 Petav
3084 4241 3154 4297 ad
3189 4241 3246 4296 h.

2179 4342 2233 4385 a.
2258 4343 2327 4386 ex
2342 4329 2844 4400 Spartianoﬂdem
2870 4331 3179 4399 imperator
3196 4330 3256 4386 in

2177 4418 2443 4475 Arabiam
2462 4419 2750 4490 profectus
2772 4418 3061 4475 Pelusium
3075 4419 3256 4491 venit,

2183 4507 2381 4577 ibique
2424 4508 2679 4578 Pompeii
2726 4508 3095 4577 sepulchrum
3129 4521 3257 4563 ma-

2181 4597 2553 4667 gniﬁcentius
2577 4597 2853 4653 extruxit.
2880 4595 2961 4652 lbi
2981 4611 3049 4652 ex
3069 4597 3251 4653 Dione
3302 4648 3305 4651 .

2184 4684 2266 4740 lib
2291 4683 2380 4740 69.

2257 5217 2588 5290 Telesphori
2610 5213 2645 5273 4
2666 5219 2724 5274 et
2748 5214 2802 5274 5.
3355 5213 3449 5272 434

2251 5309 2571 5364 Adventum
2645 5305 2922 5364 Hadriani
2973 5305 3034 5363 in
3084 5306 3262 5379 Egy-

2181 5401 2364 5468 ptum,
2419 5396 2835 5453 demersionem
2888 5396 3148 5464 Antinoi,
3202 5401 3259 5451 et

2181 5485 2576 5543 fundationem
2598 5486 2889 5543 Antinois:
2916 5484 3079 5541 urbis
3099 5483 3169 5540 de
3192 5484 3258 5541 il-
