3982 6166
405 145 512 206 507
1221 148 1316 203 AD
1342 147 1776 209 ANASTASIUM
1806 112 2329 213 PROLEGOMENA
2357 156 2530 215 amr.
2574 161 2984 220 ROM.-VATIC.

3691 170 3790 231 508

472 274 644 368 Anni,
726 277 1114 368 Imperatores,
1131 277 1382 368 Consules
1409 281 1790 368 Romanornm,
1853 282 2017 368 Anni
2082 281 2142 343 A
2230 284 2393 368 [Anni
2457 287 2909 368 Christianorum,
2988 294 3299 368 Judceorum
3350 302 3400 352 et
3425 300 3526 368 ﬁni
3584 298 3757 355 Anni,

2224 354 2431 428 Olymp.
2531 364 2782 439 timorum
2836 354 3181 436 populorum,
3222 354 3524 439 Pontiﬁces,
3605 354 3738 427 Εῗὲ

2520 434 2704 504 Reges,
2737 452 2821 491 res
2863 434 3024 504 gestes
3073 443 3124 493 et
3174 434 3510 497 documenta.
3559 442 3772 499 Christi.

405 346 525 401 Per.
550 348 669 403 Jul.
806 346 825 347 ί
884 363 970 402 res
1000 353 1180 419 gestae,
1212 354 1262 404 et
1283 351 1617 407 documenta.
1777 346 1787 353 ’
1853 353 1980 409 U.C.

406 422 458 472 et
485 419 641 486 (geli.
1412 438 1437 449 κ
1800 429 1926 478 ante
1941 428 1994 477 et

464 485 601 562 €039
1740 499 1865 565 post
1888 495 2056 549 Palil.

476 680 621 740 4852
764 683 905 754 Imp.
927 682 1258 742 Antoninus
1282 687 1423 744 Pius
1444 686 1589 762 Aug.
1618 695 1692 746 tr.
1721 705 1779 762 p.
1865 689 1965 746 894

488 769 543 843 8,
570 766 607 827 7
719 769 742 827 4
796 778 852 827 et
893 769 947 843 2,
980 784 1049 827 ex
1086 772 1183 829 die
1222 771 1315 844 25,
1340 774 1502 832 Febr.
1844 776 1957 835 892

536 860 580 916 Ε
725 892 863 951 Coss
906 860 1767 951 1m2_é£§9'3i29$‘fi,u§Ausn-

905 933 1236 989 ...Bruttius
1264 936 1535 992 Praesens'
1564 952 1624 992 ιι.

758 1021 908 1091 Spon
954 1022 1173 1078 Miscell
1204 1036 1311 1096 pag
1346 1021 1473 1080 352.
1498 1026 1773 1085 Censorin

688 1110 759 1166 de
781 1111 877 1167 die
901 1113 1009 1167 Nat
1029 1124 1133 1182 cap
1153 1109 1243 1168 24.

759 1202 818 1255 In
842 1201 1027 1257 locum
1059 1201 1340 1259 Antonini
1367 1204 1455 1260 Pii
1488 1205 1772 1263 abdican-

687 1288 764 1344 tis
789 1288 1064 1346 suffectus
1093 1291 1294 1348 consul
1316 1292 1380 1349 A.
1409 1294 1620 1351 Junlus
1640 1296 1766 1351 Ru-

684 1378 837 1434 ﬁnus
872 1379 1097 1435 Fabrett
1120 1382 1283 1436 Incer
1313 1396 1419 1454 pag
1439 1380 1565 1439 726.

756 1466 1081 1537 Equinoct.
1109 1467 1362 1525 Autumn
1413 1485 1446 1526 a
1472 1472 1771 1530 Ptolemaeo

683 1554 1050 1612 observatum
1111 1571 1261 1614 anno
1300 1559 1593 1617 Nabonass
1636 1559 1762 1633 887,

687 1643 870 1716 Athyr
936 1643 990 1716 9,
1037 1660 1139 1702 seu
1185 1648 1292 1719 Sep
1343 1646 1435 1717 26,
1490 1650 1542 1705 h.
1590 1646 1647 1721 7,
1701 1666 1752 1721 p.

680 1747 754 1788 m.
785 1748 841 1789 Π.
874 1738 980 1790 θιο.

468 1981 610 2041 4853
754 1988 894 2057 Imp.
921 1987 1252 2045 Antoninus
1277 1989 1417 2046 Pius
1452 1988 1579 2063 Aug
1610 1996 1678 2047 tr.
1717 2007 1773 2064 p.
1848 1989 1957 2049 892

503 2070 600 2141 9,8
679 2071 716 2129 2
733 2079 790 2128 et
806 2073 861 2130 3.
1857 2079 1965 2138 893

517 2161 623 2217 DC
717 2197 855 2253 Coss
892 2166 1015 2253 Ξιηι)
1040 2165 1368 2253 Antonii“
1390 2167 1675 2253 ᾼιιεξΡῖιιε
1708 2185 1770 2226 ιιι

894 2237 966 2291 Μ.
1021 2238 1209 2293 Elius
1255 2238 1530 2297 Aurelius
1579 2243 1768 2299 Casar

900 2319 1024 2396 [qui
1062 2329 1120 2380 et
1162 2327 1342 2383 Verus
1375 2334 1515 2383 tunc
1538 2331 1777 2386 diceba—

904 2407 1021 2485 tur]
1074 2411 1254 2468 Almel
1285 2415 1345 2469 in
1394 2416 1559 2472 Fasn.
1590 2418 1797 2487 Cuperi

901 2498 1065 2569 Epist
1110 2512 1167 2555 ιι.
1209 2514 1334 2567 VIII,
1365 2503 1510 2558 male
1535 2504 1771 2559 exhibet

896 2601 1165 2644 numeros
1209 2588 1558 2645 Consulatus
1587 2596 1769 2647 .\nto-

895 2676 1023 2730 nini
1084 2677 1170 2731 Pii
1202 2690 1282 2732 vn
1332 2682 1390 2733 et
1416 2679 1487 2732 Μ.
1521 2679 1641 2735 Aur
1702 2694 1763 2735 σι.

750 2765 965 2820 Panvin
1007 2778 1075 2820 ex
1127 2766 1373 2836 inscript
1424 2781 1550 2838 quae
1582 2768 1641 2822 in
1669 2768 1764 2824 Pal

676 2851 1024 2910 Farnesiano
1049 2854 1281 2925 visitur,
1314 2854 1411 2911 ubi
1438 2857 1767 2915 Antoninus

678 2940 901 2997 dicitur
928 2956 1019 2997 TR.
1074 2955 1171 2998 POT
1220 2957 1304 3013 lli,
1338 2955 1434 2999 cos
1459 2957 1524 2998 ιιι
1556 2951 1613 3000 et
1635 2945 1758 3001 ibi—

677 3030 803 3087 dem
831 3030 891 3085 in
935 3029 1051 3088 alia
1081 3033 1347 3100 Inscript.
1386 3032 1581 3088 Graeca
1610 3034 1767 3091 edita

684 3132 784 3189 per
826 3120 1037 3176 Gruter
1061 3118 1185 3191 346,
1221 3116 1271 3175 4.
1299 3122 1436 3176 Item
1462 3121 1524 3177 in
1548 3123 1760 3180 Gruter

678 3204 800 3278 426,
830 3223 957 3280 quae
998 3213 1085 3265 est
1129 3208 1414 3278 Capitolio
1460 3229 1474 3265 :
1508 3213 1566 3265 et
1600 3228 1669 3274 ex
1694 3214 1774 3271 ﬂ-

681 3297 842 3370 glina
882 3300 1080 3357 Musaei
1132 3302 1363 3360 Albani.

466 3400 609 3460 4854
743 3406 885 3476 Imp.
940 3405 1267 3466 Antoninus
1294 3416 1442 3484 Aug.
1490 3413 1629 3475 Pius
1672 3418 1745 3473 tr.
1814 3416 1923 3476 893

470 3490 597 3563 40,9
679 3509 732 3565 p.
762 3491 815 3552 3.
839 3499 895 3551 et
914 3493 968 3551 4.
1816 3504 1924 3564 894

517 3584 560 3637 Β
682 3654 716 3665 Α
891 3587 965 3640 Μ.
1018 3586 1326 3665 Peducaeus
1367 3591 1568 3665 Syloga
1615 3595 1752 3651 Pri—

676 3654 815 3711 Coss
958 3658 1158 3714 scinus

890 3727 1000 3781 '1‘...
1026 3729 1262 3787 Ηωιιίιιε
1281 3732 1521 3791 Severus

751 3834 1035 3892 Gruterus
1083 3850 1153 3892 ex
1220 3841 1461 3913 antiqua
1515 3844 1763 3917 inscript

683 3919 786 3979 482
827 3920 878 3978 4.

747 4012 1036 4072 Antonius
1061 4016 1198 4074 Pius
1222 4019 1317 4076 die
1357 4018 1442 4091 49,
1474 4021 1619 4078 Febr
1647 4024 1765 4080 trib

680 4109 807 4174 post
827 4102 878 4172 4,
904 4107 1151 4163 assumit
1176 4126 1189 4162 :
1210 4114 1267 4164 et
1290 4111 1460 4183 paulo
1480 4122 1605 4182 post
1626 4128 1772 4170 uxor

676 4193 802 4264 ejus
853 4195 1126 4253 Faustina
1157 4200 1422 4255 moritur.
1453 4200 1642 4257 Calvis
1682 4218 1752 4259 ex

680 4284 1040 4355 Capitolino:
1100 4289 1201 4358 qui
1234 4293 1419 4344 tamen
1446 4304 1596 4346 anno
1628 4292 1749 4364 imp

676 4374 847 4430 tertio
889 4378 1161 4433 amissam
1184 4378 1492 4434 Faustinan
1534 4380 1761 4437 scribit.

748 4464 1085 4521 Ptolemaeus
1140 4479 1292 4523 anno
1348 4465 1398 4521 4.
1460 4468 1760 4542 Antonini,

677 4552 970 4608 Nabonass
993 4552 1118 4623 888,
1149 4555 1246 4610 die
1280 4555 1361 4611 49.
1416 4558 1765 4616 Phamenoth

676 4646 809 4693 ante
850 4641 994 4695 solis
1019 4649 1276 4697 exortum
1313 4644 1575 4701 observat
1611 4650 1766 4704 Mer-

676 4714 904 4781 curium
951 4729 1009 4781 in
1042 4743 1124 4799 gr.
1171 4727 1256 4799 43,
1289 4728 1378 4802 30,
1410 4733 1765 4805 Capricorni.

676 4816 965 4874 Calvisius
990 4819 1059 4876 ad
1084 4819 1237 4877 hunc
1253 4835 1464 4881 annum
1485 4825 1655 4883 refert
1670 4828 1765 4885 ob-

676 4909 1050 4966 servationem
1105 4915 1162 4967 et
1207 4912 1276 4969 ad
1326 4913 1478 4970 diem
1534 4914 1571 4973 2
1621 4919 1763 4978 Febr

677 5012 791 5069 quo
814 5013 1004 5056 mense
1042 5006 1095 5057 tr
1125 5005 1222 5072 pot
1241 4998 1295 5074 4,
1323 5006 1494 5075 paulo
1516 5013 1643 5077 post
1668 5023 1772 5066 as-

671 5090 921 5159 sumpsit
972 5093 1319 5150 Antoninus.

464 5188 609 5249 4855
746 5195 868 5264 Imp
923 5198 1254 5257 Antoninus
1298 5201 1426 5276 Aug
1494 5205 1631 5261 Pius
1684 5209 1756 5263 tr.
1837 5207 1945 5267 894

458 5280 621 5353 44,10
674 5299 728 5355 p.
777 5282 829 5354 4,
879 5290 936 5341 et
979 5285 1034 5343 5.
1846 5297 1954 5357 895

499 5371 552 5425 Α
711 5411 848 5446 mm
891 5375 951 5446 L,
982 5376 1230 5446 Cuspius
1282 5379 1546 5437 Ruﬁnus.

891 5411 951 5446 μ’
982 5411 1230 5460 υυδιμειιιο
1284 5411 1546 5437 ιιυιιιιυδο

890 5446 950 5518 L,
991 5448 1211 5505 Statius
1236 5450 1583 5521 Quadratus.

2274 694 2314 736 ιι
2517 685 2724 757 Hygini
2759 686 2781 743 4
2813 694 2870 745 et
2896 688 2949 746 2.

2255 782 2319 826 ιιι
2484 774 2601 830 Sub
2633 777 2868 834 initium
2916 778 3191 835 Antonini
3267 780 3532 837 Justinus

2450 870 2665 936 martyr
2720 869 2959 937 primam
3016 883 3116 939 pro
3169 869 3519 925 Christianis

2447 954 2768 1026 apologiam
2817 958 3022 1028 edidit,
3059 972 3185 1029 quae
3223 959 3394 1031 vulgo
3432 972 3529 1015 se-

2326 1098 2333 1099 ,
2450 1043 2636 1099 cunda
2660 1045 2912 1115 ponitur.
2944 1047 3244 1103 Petavius:
3274 1048 3443 1117 cujus
3469 1052 3525 1104 et

2444 1131 2691 1189 Chronol
2731 1142 2787 1190 et
2812 1133 3203 1191 Animadvers.
3238 1136 3305 1190 ad
3339 1136 3523 1208 Epiph

2443 1227 2640 1277 contra
2695 1224 2872 1279 haeres
2917 1221 3004 1293 46,
3058 1239 3166 1298 pag
3212 1223 3301 1295 85,
3330 1227 3539 1282 viden-

2443 1310 2549 1366 da}.
2584 1311 2797 1368 Ptolem
2828 1312 2911 1369 lib
2939 1312 2992 1374 9.
3031 1328 3136 1384 cap
3177 1313 3230 1383 9,
3265 1314 3539 1372 observa-

2445 1400 2531 1454 vit
2576 1400 2631 1455 h.
2663 1414 2717 1455 a.
2764 1403 3110 1459 Mercurium
3157 1403 3254 1460 die
3286 1400 3349 1459 47
3395 1405 3530 1461 Maii

2448 1488 2507 1544 in
2538 1507 2620 1563 gr.
2670 1488 2756 1559 47,
2785 1489 2873 1562 30,
2905 1492 3330 1563 Germinorum,
3363 1508 3529 1565 quem

2447 1594 2660 1637 annum
2691 1584 2838 1639 dicit
2881 1585 3198 1640 secundum
3228 1584 3524 1655 Antonini,

2443 1670 2636 1727 Nabon
2675 1670 2801 1741 886,
2834 1673 3043 1743 Epiphi
3092 1688 3251 1730 mens
3270 1675 3367 1729 die
3389 1673 3442 1742 2,
3475 1680 3531 1731 et

2443 1775 2500 1815 x.
2529 1761 2736 1818 diebus
2784 1770 2911 1832 post
2952 1764 3184 1819 Martem
3238 1764 3295 1817 in
3349 1762 3398 1834 4,
3440 1762 3528 1834 33,

3619 689 3723 747 439

2442 1849 2626 1922 Sagitt
2672 1856 2908 1908 consent
2958 1851 3051 1908 tab
3092 1853 3376 1910 Calvisius
3421 1858 3531 1910 etc.
3638 1838 3646 1847 ’

2274 1987 2340 2030 ιιι
2510 1977 2719 2047 Hygini
2749 1974 2785 2033 2
2813 1983 2868 2034 et
2896 1974 2950 2033 3.

2291 2076 2349 2118 ιν
2509 2065 2796 2122 Valentini
2847 2068 3248 2125 Haaresiarchae
3314 2068 3531 2125 adven-

2451 2158 2546 2211 tus
2590 2155 2823 2212 Romam
2860 2171 3008 2213 anno
3032 2156 3086 2228 3,
3131 2156 3407 2215 Antonini
3443 2159 3530 2214 Pii

2446 2245 2632 2300 Euseb
2719 2244 3154 2303 Observationes
3248 2248 3531 2304 Ptolemaei

2443 2346 2572 2388 cum
2599 2332 2714 2388 Tab
2755 2334 2964 2391 Astron
3011 2349 3042 2391 a
3082 2335 3329 2392 Calvisio
3371 2350 3536 2393 com—

2446 2430 2654 2491 parata:
2692 2429 2828 2478 sunt
2853 2424 2956 2480 hoc
2986 2438 3154 2496 anno,
3198 2424 3432 2482 Veneris
3471 2427 3531 2481 in

2447 2508 2534 2582 43,
2562 2509 2649 2580 45,
2703 2512 2921 2568 Arietis
2952 2509 3017 2567 48
3047 2513 3188 2569 Febr
3229 2519 3285 2569 et
3330 2512 3401 2571 30
3427 2517 3534 2572 Ju-

2444 2599 2512 2655 lii
2572 2600 2631 2655 in
2672 2614 2756 2669 pr.
2814 2597 2902 2671 48,
2960 2599 3048 2671 30,
3118 2603 3518 2660 Geminorum:

2443 2688 2654 2760 Equin
2708 2703 2943 2745 vernum
2988 2687 3049 2745 24
3091 2692 3283 2748 Martii
3318 2693 3423 2749 hor
3476 2692 3527 2766 4,

2445 2791 2498 2847 p.
2531 2777 2709 2833 merid
2746 2774 2828 2851 [in
2856 2792 2967 2849 qua
3013 2793 3175 2837 error
3209 2778 3448 2856 aliquis]
3480 2789 3537 2839 et

2447 2867 2507 2922 in
2564 2866 2821 2923 solstitio
2861 2870 3059 2925 mstivo
3100 2866 3173 2925 25
3199 2871 3380 2941 Junii,
3428 2871 3529 2929 ubi

2442 2955 2659 3026 pariter
2723 2956 2992 3014 nonnihil
3048 2965 3299 3017 erratum
3368 2964 3533 3031 putat

2441 3043 2746 3103 Calvisius.

2176 3421 2389 3491 Olymp.
2499 3420 2709 3493 Hygini
2730 3418 2766 3478 3
2784 3424 2841 3478 et
2869 3419 2923 3478 4.

2227 3506 2334 3566 229
2510 3511 2788 3567 Postremi
2820 3527 2967 3570 coss.
3018 3512 3388 3582 pontiﬁcatus
3403 3514 3532 3585 Hy—

2154 3616 2287 3657 ann.
2318 3614 2373 3655 1v
2400 3601 2522 3674 gini
2554 3616 2620 3658 ex
2669 3602 2896 3658 docum.
2945 3602 3142 3660 allatis
3192 3617 3316 3674 pag.
3398 3602 3523 3675 404,

2209 3696 2344 3746 eteae
2418 3688 2538 3760 405,
2576 3688 2678 3747 440
2723 3697 2780 3748 et
2822 3705 3002 3763 seqq.,
3058 3693 3118 3748 in
3173 3695 3328 3750 notis
3392 3708 3537 3765 quas

2212 3782 2402 3836 diebus
2440 3781 2603 3837 vide:
2653 3794 2782 3836 cum
2805 3781 3060 3853 Hyginus
3079 3795 3231 3839 anno
3270 3785 3528 3853 proximo

2214 3872 2411 3925 mstivis
2456 3870 2692 3925 ineunte
2740 3870 3015 3941 martyrio
3056 3871 3397 3929 afﬁciendus
3421 3873 3529 3929 sub

2192 3961 2403 4032 Olymp.
2438 3960 2532 4016 bis
2578 3973 2722 4016 coss.
2754 3966 3102 4029 postremum
3140 3963 3353 4019 Pascha
3377 3963 3533 4019 cele-

2217 4048 2324 4107 230
2422 4048 2691 4104 braverit.
2739 4048 2983 4102 Lacuna:
3040 4050 3295 4123 Catalogi
3354 4052 3528 4109 Libe-

2300 4153 2318 4194 ι
2448 4138 2597 4193 riani
2626 4151 2916 4207 perperam
2954 4140 3232 4209 suppletae
3279 4142 3348 4196 ab
3383 4156 3532 4199 ama-

2444 4228 2765 4283 nuensibus
2808 4228 2889 4283 ita
2919 4230 3288 4287 restituendae
3317 4238 3381 4287 ut
3404 4245 3528 4302 pag.

2444 4316 2549 4375 442
2601 4321 2909 4376 Notarum:
2955 4319 3053 4375 ubi
3114 4326 3171 4376 et
3227 4323 3528 4379 consulum

2442 4409 2676 4465 nomina
2704 4409 2762 4466 in
2795 4408 3192 4481 Catalogorum
3222 4411 3447 4468 lacunis
3472 4411 3545 4468 ob

2445 4497 2786 4555 afﬁnitatem
2820 4511 3018 4554 v0cum
3055 4504 3111 4555 et
3134 4501 3540 4573 cognominum

2443 4587 2682 4645 confusa
2723 4602 2791 4643 ex
2871 4586 3129 4659 lapidum
3176 4590 3541 4649 documentis

2454 4679 2863 4736 restituuntur.

2508 4768 2612 4823 Die
2654 4765 2879 4822 Pascha
2914 4765 2979 4823 40
3023 4767 3244 4839 Aprilis
3275 4771 3415 4828 Pius
3442 4785 3530 4828 or-

2432 4856 2672 4914 dinatur
2695 4854 2929 4915 futurus
2944 4857 3198 4916 vicarius
3212 4861 3442 4934 Hygini.
3462 4862 3526 4919 γ.

2438 4948 2613 5002 Notas
2634 4959 2759 5018 pag.
2783 4943 2904 5004 424.

2264 5212 2283 5254 ι
2504 5197 2712 5269 Hygini
2768 5195 2822 5254 4.
2854 5199 2940 5255 Pii
2988 5213 3147 5272 papae
3199 5200 3250 5258 4.

2242 5301 2281 5344 ιι
2507 5287 2766 5358 Hyginus
2858 5292 3196 5361 martyrium
3279 5292 3529 5364 complet

2437 5375 2591 5431 circa
2622 5375 2774 5431 diem
2820 5374 2857 5431 8
2882 5378 3140 5436 Januarii
3167 5398 3181 5436 :
3213 5381 3530 5451 deponitur

2437 5464 2496 5520 in
2526 5470 2746 5522 ccemet.
2794 5465 3063 5524 Vaticano
3090 5469 3187 5525 die
3214 5482 3272 5524 χι
3300 5471 3523 5528 Janua—

3609 1976 3716 2036 440

3617 2070 3740 2125 Biss

3638 3425 3730 3484 444

3629 5204 3658 5260 4
3670 5202 3751 5262 42
