3946 6146
240 190 329 249 509
1226 197 1563 257 CHRONOL.
1608 200 1798 259 CONSI

2067 207 2223 266 CES.
2267 209 2435 267 ROM.
2476 213 2622 270 ETC.
3518 225 3625 285 540

267 316 1162 418 ﬁrmi”Impera-{oresjngonsules
1188 326 1569 418 Romanorum,
1643 329 1825 418 43min
1894 327 1954 388 A
2017 333 2088 418 Λᾼ
2105 339 2206 390 nni
2285 339 2746 418 Christianbrum,
2797 345 3111 418 Iudaeorum
3155 353 3204 402 et
3249 351 3370 418 ﬁni—
3435 351 3591 407 Anni

239 389 352 490 Pfr.
376 389 490 490 Jul.
680 407 764 446 res
805 399 984 466 gestae,
1033 402 1083 451 et
1125 398 1464 455 documenta.
1552 389 1563 393 ⁷
2011 402 2222 476 Olymp.
2294 389 2615 490 Vilia-lin?
2640 389 3368 490 “Pontiﬁces:—

246 459 464 560 et
811 459 825 461 ⁷
974 459 983 466 ’
1237 489 1240 492 ’
1615 477 1744 560 ante
1771 477 1846 560 cf"
2077 459 2101 474 U
2159 459 2180 476 ⁸
2349 483 2534 549 Reges,
2566 459 2852 554 resrg‘estz
2893 493 2944 543 et
2973 459 3352 560 ,documeizta:
3384 459 3601 550 Cfristi.

286 526 420 605 ®E
1559 549 1679 615 post
1703 543 1866 599 Palu.

569 728 786 785 Panvin
838 743 905 786 ex
934 732 1182 804 Inscript
1215 737 1273 792 et
1306 737 1589 794 Gruterus

2261 731 2335 786 rii
2359 733 2513 788 sedis
2532 748 2650 790 suae
2667 749 2817 793 anno
2834 751 2940 805 nu,
2961 740 3183 811 expleto
3205 757 3333 800 cum

500 811 657 886 4082,
701 815 784 872 18.
2255 819 2513 878 diebusv
2539 841 2551 877 :
2581 824 2676 879 sed
2704 825 2774 880 ab
2805 828 3171 887 ordinatione
3197 833 3329 903 epi-

562 904 723 976 Agon
741 906 1107 977 Capitolinus
1130 925 1226 982 xv,
1254 912 1576 971 celebratus
2254 910 2471 979 Scopa“
2504 920 2769 984 suscepta
2799 917 2970 973 εὶηηίε
2991 933 3101 987 Il",
3139 935 3323 977 mens.

492 991 601 1048 hoc
649 1006 822 1066 anno,
886 997 1108 1054 labente
1165 1000 1445 1058 Αηιοηίηί
1491 1003 1579 1058 pii
2258 1011 2342 1065 III,
2371 999 3200 1074 dieb.vm,quotilliexCatal
3241 1013 3331 1083 gis

486 1081 605 1136 trib
633 1087 731 1152 ροι
761 1099 812 1153 γ,
844 1092 907 1140 ιιι
939 1086 995 1141 in
1033 1086 1145 1157 lap,
1177 1090 1442 1146 panvinii
1465 1091 1575 1147 ob.
2246 1093 2303 1142 et
2347 1087 2651 1147 Anastasio
2685 1095 2935 1151 tributos
2969 1097 3049 1154 ibi
3081 1081 3334 1157 ostendi-

492 1177 682 1226 servat
716 1173 1019 1243 Lydiatus:
1069 1176 1168 1247 qui
1207 1183 1391 1233 tamen
1428 1179 1571 1234 male
2253 1191 2381 1232 mus
2413 1192 2539 1250 pag.
2577 1178 2700 1252 404,
2724 1189 2779 1238 et
2811 1181 2914 1240 442
2936 1194 3052 1242 not.

492 1258 726 1330 colligit
753 1274 934 1317 annos
986 1267 1205 1320 tantum
1240 1263 1307 1321 48
1339 1267 1568 1336 imperii
2058 1274 2060 1276 ’
2316 1267 2416 1320 His
2441 1281 2591 1323 coss.
2643 1271 2880 1328 initium
2934 1276 3019 1331 Pii
3075 1277 3317 1335 relatum

479 1348 714 1416 Trajani
738 1364 866 1406 cum
893 1352 1164 1417 dimidio,
1191 1359 1248 1411 et,
1269 1368 1448 1412 unum
1472 1369 1572 1425 par
1935 1388 1937 1390 -
2244 1355 2416 1410 etiam
2448 1357 2518 1411 ab
2567 1360 2814 1416 Eusebio
2839 1362 3105 1421 observat
3131 1367 3329 1424 Calvi—

478 1436 798 1494 Consulum
825 1454 855 1495 e
888 1439 1057 1498 fastis
1085 1443 1238 1499 circa
1272 1445 1388 1500 hac
1419 1450 1570 1502 tem—
2247 1445 2392 1500 sius.
2427 1447 2564 1503 Nam
2609 1465 2905 1507 successor
2960 1455 3166 1527 Hygini
3198 1458 3323 1514 ele-

484 1539 623 1595 pora
685 1528 1073 1586 eximendum.
1123 1532 1412 1590 Calvisius
1465 1549 1566 1591 sa—
2249 1540 2378 1590 ctus
2423 1535 2520 1591 die
2572 1539 2870 1596 Dominica
2922 1541 2958 1596 9
2998 1543 3218 1614 Aprilis
3267 1547 3324 1601 in

476 1629 644 1672 crum
701 1625 984 1674 certamen
1039 1621 1260 1678 Iselast,
1314 1625 1568 1680 Puteolis
1876 1647 1931 1708 Β
2252 1623 2402 1678 Petri
2449 1625 2717 1683 cathedra
2791 1630 3127 1687 collocatur.
3190 1634 3332 1691 Vide

481 1705 823 1763 institutum
856 1709 911 1764 b.
941 1723 991 1764 a.
1021 1709 1194 1766 refert
1217 1725 1284 1767 ex
1317 1715 1562 1784 mscript
1876 1705 1922 1708 _
2252 1722 2436 1767 notas.

490 1801 827 1852 numerante
845 1797 1122 1856 Antonini
1152 1804 1225 1855 tr.
1259 1815 1314 1871 p.
1346 1799 1398 1856 4.

287 1898 413 1958 4856
558 1905 678 1974 Imp
728 1903 1058 1963 Antoninus
1104 1907 1232 1980 Aug
1287 1909 1424 1965 Pius
1478 1915 1550 1967 tr.
1640 1909 1748 1967 895

2075 1919 2117 1962 tl
2319 1910 2407 1965 Pii
2460 1907 2482 1964 4
2511 1915 2566 1967 et
2593 1909 2646 1967 2.
3414 1917 3517 1977 443

262 1986 334 2059 te,
369 1987 423 2045 44
490 2005 541 2061 p.
577 1990 684 2049 set
714 1993 766 2049 6.
1647 1998 1756 2056 896
2061 2008 2127 2052 ιιι
2307 2000 2579 2069 Marcion,
2606 2003 2706 2072 qui
2728 2017 2877 2060 anno
2900 2006 3189 2075 superiori
3215 2021 3320 2062 va—

319 2079 359 2134 G
799 2085 856 2139 C.
905 2085 1179 2144 Bellicius
1208 2090 1550 2151 Torquatus.
2240 2092 2403 2144 cante
2450 2090 2700 2147 Romana
2749 2094 2879 2148 sede
2938 2095 3172 2151 Romam
3229 2110 3320 2151 ve.

473 2155 498 2175 '
525 2152 663 2210 Coss
807 2157 1257 2285 Tiflérggsudius
1325 2152 1554 2217 Atticus
2245 2182 2426 2246 uerat,
2470 2179 2624 2235 circa
2671 2181 2789 2236 baac
2843 2187 3097 2253 tempora
3131 2184 3320 2240 haere—

1072 2245 1119 2284 S.

2233 2279 2359 2320 seos
2391 2281 2509 2322 suae
2558 2269 2778 2325 semina
2822 2273 3062 2343 spargit,
3094 2285 3162 2327 ex
3193 2276 3321 2327 test.

2231 2355 2469 2411 Tertull.
2555 2364 2752 2414 contra
2831 2361 3111 2415 eumdem.
3180 2361 3322 2416 Vide

2235 2450 2399 2499 notas
2425 2446 2493 2500 ad
2539 2447 2699 2501 Pium
2745 2449 2787 2516 Ι,
2826 2448 3172 2516 praecinente
3197 2450 3313 2505 Va—

2237 2531 2457 2588 lentino
2528 2533 2929 2604 haeresiarcha,
2983 2538 3084 2608 qui
3145 2551 3238 2593 an.
3284 2536 3319 2595 3

2232 2620 2509 2677 Antonini
2548 2622 2632 2677 Pii
2678 2624 2746 2678 ad
2793 2623 2996 2680 Urbem
3060 2641 3319 2684 accesse-

2237 2715 2344 2764 rat.
2377 2711 2513 2764 Vide
2533 2725 2707 2779 supra
2729 2712 2797 2766 ad
2820 2727 2955 2767 ann.
2988 2711 3108 2770 440.
3139 2716 3314 2773 Anto-

549 2313 763 2370 Panvin
799 2315 857 2370 in
907 2318 1037 2373 Fast
1083 2323 1139 2374 et
1166 2321 1397 2391 Gruter,
1433 2318 1553 2391 472,

488 2399 554 2457 40
576 2407 631 2457 et
656 2400 762 2459 346
793 2407 815 2458 4
844 2409 900 2460 et
919 2403 1026 2461 943
1060 2403 1082 2461 4
1111 2413 1167 2462 et
1191 2408 1554 2465 Montfaucon

481 2491 619 2545 Diar
643 2492 807 2547 Italic
832 2508 939 2566 pag
957 2491 1064 2550 389
1084 2503 1139 2551 et
1159 2494 1283 2568 390,
1309 2499 1552 2569 corrigit

479 2580 643 2635 Grut.
687 2582 873 2650 Hujus
900 2584 1139 2639 Herodis
1176 2586 1353 2640 Attici
1401 2587 1557 2642 Con-

473 2668 689 2724 sularis
712 2672 976 2726 meminit
1001 2671 1225 2728 Gellius
1250 2673 1332 2728 lib
1359 2671 1408 2744 4,
1432 2689 1481 2730 c.
1499 2673 1551 2730 2.

471 2757 854 2829 Capitolinus,
897 2764 954 2816 et
1007 2760 1314 2832 inscriptio
1347 2763 1404 2818 in
1433 2766 1560 2820 Mus

897 2796 954 2816 ν·
1008 2796 1314 2832 ιυουυνιιυ
1347 2796 1404 2818 ¹¹¹
1433 2796 1560 2820 ινιιιθ
2234 2796 2411 2852 ninus
2457 2798 2723 2866 prohibet
2776 2813 2845 2855 ne
2869 2801 3152 2871 Sibyllina
3183 2818 3316 2860 car-

2232 2885 2387 2939 mina
2427 2890 2528 2940 aut
2554 2886 2850 2944 Ciceronis
2895 2888 3032 2944 libri
3081 2891 3152 2945 de
3195 2897 3311 2948 nat.

1846 2971 1896 3034 C
2228 2971 2486 3043 deorum,
2520 2975 2589 3029 de
2616 2975 2860 3032 divinat.
2892 2984 3000 3033 etc.
3025 2978 3310 3053 legantur,

2228 3061 2380 3131 quod
2425 3062 2760 3120 viderentur
2805 3066 3041 3123 deorum
3077 3083 3312 3126 suorum

2226 3155 2540 3205 commenta
2606 3156 2872 3207 evertere.
2929 3156 3008 3210 Ex
3072 3157 3309 3227 Apolog.

2225 3236 2461 3300 Justini,
2521 3241 2576 3292 et
2647 3250 2716 3292 ex
2769 3239 3025 3298 Arnobio
3082 3242 3304 3299 observ.

2227 3322 2533 3381 Calvisius.

266 3458 384 3558 4857
529 3465 653 3534 Imp
706 3463 1035 3558 Antoninus
1083 3463 1212 3538 Aug
1265 3465 1406 3523 Pius
1461 3469 1535 3523 tr.

2055 3461 2120 3506 ιιι
2227 3449 2544 3509 Pii2et3.
2684 3541 2728 3558 π
2873 3541 2886 3553 ⁸
3020 3541 3056 3558 Λ
3140 3541 3156 3558 ⁸
3380 3453 3487 3558 444

256 3547 325 3621 l3,
348 3549 410 3608 42
466 3567 520 3623 p.
551 3552 603 3609 6.
637 3557 695 3610 et
721 3549 791 3646 7Σ
826 3643 849 3646 _
1158 3641 1167 3646 _
1231 3644 1240 3646 _
1637 3555 1745 3613 897

2034 3553 2122 3596 rm
2304 3541 2642 3596 Valentinus
2667 3541 2985 3612 Egyptius,
3017 3541 3216 3613 Cerdo,
3245 3547 3303 3600 et
3372 3545 3515 3602 Biss.

285 3640 324 3693 F
345 3644 387 3696 E
480 3679 501 3700 .
763 3643 801 3697 Ρ
825 3641 1123 3699 Lollianus
1140 3641 1366 3700 Avitus.
2227 3629 2480 3684 Marcion
2513 3629 2890 3700 blasphemiis
2907 3631 3034 3687 suis
3061 3632 3312 3689 occasio-

552 3677 687 3733 coss
756 3713 796 3768 C
825 3714 1042 3770 Gavius
1061 3716 1366 3771 Maximus.
2227 3731 2354 3774 nem
2403 3717 2655 3787 praebent
2714 3717 2882 3788 paulo
2933 3725 3059 3788 post
3096 3720 3305 3776 subse-

759 3756 796 3768 ..
827 3756 1366 3771 ........................,.
2227 3756 2354 3774 μνη.
2403 3756 2655 3787 ww..."
2714 3756 2882 3788 ,ηυμυ
2934 3756 3059 3788 ,ωσι
3096 3756 3303 3776 σαωσ-

543 3802 754 3858 Gruter
786 3802 1004 3872 inscrip
1030 3800 1154 3872 304,
1190 3818 1319 3874 quaa
1347 3817 1547 3860 emen-
2226 3808 2381 3863 cutis
2456 3808 2653 3866 Potiti.
2718 3807 2921 3878 Blasti,
2987 3809 3303 3882 Synerotis,

468 3890 659 3947 datior
673 3892 821 3961 apud
844 3889 1206 3948 Montfaucon
1227 3893 1358 3948 diar
1382 3892 1547 3950 Italic
2227 3897 2523 3966 Preponis,
2570 3904 2626 3951 et
2658 3896 2950 3967 Pythonis.
2978 3898 3308 3955 Theodore-

468 3977 651 4050 p.389
687 3989 744 4035 et
770 3977 894 4035 390.
928 3980 1170 4051 corrigit
1200 3981 1364 4037 Grut.
2231 3989 2344 4054 tus,
2387 4000 2454 4042 ex
2505 4000 2618 4057 quo
2649 3987 2861 4058 Pagius
2904 3987 2973 4043 ad
3028 4000 3163 4043 ann.
3206 3986 3309 4046 443

536 4070 865 4124 Antoninus
922 4068 1076 4124 circa
1146 4069 1253 4126 hoc
1328 4075 1551 4141 tempus
2221 4074 2522 4142 videndus,
2555 4080 2612 4130 et
2633 4073 2846 4132 adi“.

466 4158 771 4214 Britannos
835 4171 934 4228 per
984 4157 1229 4214 Lollium
1272 4159 1545 4217 Urbicum

473 4245 720 4318 legatum
744 4246 945 4318 vincit,
975 4253 1030 4302 et
1058 4261 1220 4303 muro
1249 4249 1543 4319 cespititio

466 4311 583 4391 alio
598 4335 873 4392 barbaros
902 4311 1077 4393 arcet.
1105 4335 1296 4393 Calvis
1328 4311 1398 4393 ex
1431 4338 1545 4394 Ca-
1856 4311 1912 4372 D

469 4425 738 4495 pitolino.

280 4558 407 4620 4858
545 4568 668 4637 Imp
722 4566 1052 4624 Antoninus
1097 4565 1224 4637 Aug
1261 4566 1398 4623 Pius
1448 4571 1527 4624 tr.
1637 4568 1745 4626 897

1973 4553 2035 4608 Ο.
2064 4550 2171 4611 230
2292 4555 2379 4609 Pii
2411 4556 2446 4613 3
2469 4563 2526 4614 et
2549 4557 2600 4614 4.
3400 4559 3502 4618 445

259 4646 332 4718 44,
360 4651 422 4710 43
473 4652 733 4725 p.7et8.
1633 4656 1741 4714 898
2025 4675 2112 4717 1m
2273 4657 2497 4709 Taurus
2581 4649 2843 4720 Berytius
2919 4646 3301 4718 philosophus

317 4744 360 4796 D
742 4747 884 4818 Imp.
987 4743 1314 4800 Antoninus
1414 4744 1542 4818 Aug
2007 4754 2143 4804 etea:
2229 4742 2560 4800 Platonicus
2622 4738 2822 4794 ﬂorere
2867 4738 2924 4793 h.
2978 4751 3031 4794 a.
3080 4739 3303 4794 dicitur

465 4852 484 4874 ’
539 4851 676 4908 coss
749 4817 1068 4943 aurelius
1096 4886 1370 4944 Aurelius
1413 4887 1541 4943 ϐω-
2224 4832 2375 4902 apud
2397 4828 2688 4886 Euseb'in
2708 4827 2914 4883 Chron'

751 4890 824 4943 Μ.
868 4890 1068 4942 Aelius
1096 4890 1370 4944 Aurelius
1413 4890 1541 4943 (Ζω-
1972 4890 2174 4979 έέηυίε

751 5061 771 5064 ,
821 4972 1196 5064 ista-..
1411 5044 1514 5064 νη.
1971 4997 2184 5064 Olymp-

535 5046 776 5118 Figlinaa
824 5060 937 5140 ap;
972 5045 1200 5103 Fabrett
1244 5061 1383 5140 pag
1407 5044 1534 5116 543,

466 5134 712 5205 inscript
737 5149 793 5191 n.
837 5132 960 5207 483,
991 5149 1116 5206 quae
1145 5139 1201 5191 et
1241 5136 1303 5192 in
1331 5139 1542 5195 Musaeo
2023 5132 2078 5225 ﬁ;

427 5223 666 5281 Albano.

532 5313 934 5371 Liberalitates
980 5329 1042 5370 IlI
1069 5319 1125 5370 et
1151 5328 1226 5371 tv.
1257 5316 1537 5374 Antonini

435 5402 543 5474 Pii,
567 5408 626 5460 et
651 5404 946 5474 Templum
987 5406 1053 5460 D.
1079 5404 1324 5477 Augusti
1354 5407 1532 5463 resti-

442 5497 632 5550 tutum
657 5506 726 5549 ex
790 5495 1042 5551 nummis
1066 5495 1134 5551 ad
1169 5495 1228 5552 b.
1257 5509 1308 5552 a.
1340 5495 1542 5552 retulit
