  <div class='ocr_page' id='page_1' title='image "/cluster/home/n/w/nwhite01/storage/ocr_20150623/127/hvd.32044054759881/267.png"; bbox 0 0 3982 6166; ppageno 0'>
   <div class='ocr_carea' id='block_1_1' title="bbox 451 270 560 333">
    <p class='ocr_par' dir='ltr' id='par_1_1' title="bbox 451 270 560 333">
     <span class='ocr_line' id='line_1_1' title="bbox 451 270 560 333; baseline -0.046 0"><span class='ocrx_word' id='word_1_1' title='bbox 451 270 560 333; x_wconf 85' lang='grc'><strong>523</strong></span> 
     </span>
    </p>
   </div>
   <div class='ocr_carea' id='block_1_2' title="bbox 1221 251 3054 318">
    <p class='ocr_par' dir='ltr' id='par_1_2' title="bbox 1221 251 3054 318">
     <span class='ocr_line' id='line_1_2' title="bbox 1221 251 3054 318; baseline -0.008 1"><span class='ocrx_word' id='word_1_2' title='bbox 1221 265 1313 318; x_wconf 84' lang='lat' dir='ltr'><strong>AD</strong></span> <span class='ocrx_word' id='word_1_3' title='bbox 1364 260 1796 318; x_wconf 81' lang='lat' dir='ltr'><strong>ANASTASIUM</strong></span> <span class='ocrx_word' id='word_1_4' title='bbox 1843 254 2355 312; x_wconf 82' lang='lat' dir='ltr'><strong>PROLEGOMENA</strong></span> <span class='ocrx_word' id='word_1_5' title='bbox 2405 254 2579 309; x_wconf 85' lang='lat' dir='ltr'><strong>EDIT.</strong></span> <span class='ocrx_word' id='word_1_6' title='bbox 2628 251 3054 309; x_wconf 82' lang='lat' dir='ltr'><strong>ROM.-—VATIC.</strong></span> 
     </span>
    </p>
   </div>
   <div class='ocr_carea' id='block_1_3' title="bbox 3741 234 3838 293">
    <p class='ocr_par' dir='ltr' id='par_1_3' title="bbox 3741 234 3838 293">
     <span class='ocr_line' id='line_1_3' title="bbox 3741 234 3838 293; baseline -0.01 0"><span class='ocrx_word' id='word_1_7' title='bbox 3741 234 3838 293; x_wconf 80' lang='grc'><strong>524</strong></span> 
     </span>
    </p>
   </div>
   <div class='ocr_carea' id='block_1_4' title="bbox 512 370 3786 463">
    <p class='ocr_par' dir='ltr' id='par_1_4' title="bbox 512 370 3786 463">
     <span class='ocr_line' id='line_1_4' title="bbox 512 370 3786 463; baseline -0.009 -14"><span class='ocrx_word' id='word_1_8' title='bbox 512 396 669 449; x_wconf 82' lang='lat' dir='ltr'><strong>Anni</strong></span> <span class='ocrx_word' id='word_1_9' title='bbox 748 396 1128 463; x_wconf 78' lang='lat' dir='ltr'><strong>Imperatores.</strong></span> <span class='ocrx_word' id='word_1_10' title='bbox 1198 390 1472 463; x_wconf 82' lang='lat' dir='ltr'><strong>Consules,</strong></span> <span class='ocrx_word' id='word_1_11' title='bbox 1546 389 1811 441; x_wconf 83' lang='lat' dir='ltr'><strong>Romano-</strong></span> <span class='ocrx_word' id='word_1_12' title='bbox 1876 381 2037 463; x_wconf 40' lang='lat' dir='ltr'><strong>inn}:</strong></span> <span class='ocrx_word' id='word_1_13' title='bbox 2131 380 2186 436; x_wconf 84' lang='grc' dir='ltr'><strong>Α</strong></span> <span class='ocrx_word' id='word_1_14' title='bbox 2256 379 2426 463; x_wconf 46' lang='lat' dir='ltr'><strong>Anni</strong></span> <span class='ocrx_word' id='word_1_15' title='bbox 2496 379 2946 463; x_wconf 67' lang='lat' dir='ltr'><strong>Christianorum,</strong></span> <span class='ocrx_word' id='word_1_16' title='bbox 2993 377 3300 463; x_wconf 55' lang='lat' dir='ltr'><strong>{admoram</strong></span> <span class='ocrx_word' id='word_1_17' title='bbox 3343 374 3576 463; x_wconf 47' lang='lat' dir='ltr'><strong>etmﬁni—</strong></span> <span class='ocrx_word' id='word_1_18' title='bbox 3640 370 3786 463; x_wconf 58' lang='lat' dir='ltr'><strong>A&#39;nni</strong></span> 
     </span>
    </p>
   </div>
   <div class='ocr_carea' id='block_1_5' title="bbox 523 460 1754 535">
    <p class='ocr_par' dir='ltr' id='par_1_5' title="bbox 523 460 1754 535">
     <span class='ocr_line' id='line_1_5' title="bbox 523 460 1754 535; baseline -0.009 -14"><span class='ocrx_word' id='word_1_19' title='bbox 523 467 646 521; x_wconf 85' lang='lat' dir='ltr'><strong>Per.</strong></span> <span class='ocrx_word' id='word_1_20' title='bbox 803 460 950 535; x_wconf 67' lang='lat' dir='ltr'><strong>rimi,</strong></span> <span class='ocrx_word' id='word_1_21' title='bbox 988 476 1073 516; x_wconf 81' lang='lat' dir='ltr'><strong>res</strong></span> <span class='ocrx_word' id='word_1_22' title='bbox 1127 466 1289 530; x_wconf 70' lang='lat' dir='ltr'><strong>gesta:</strong></span> <span class='ocrx_word' id='word_1_23' title='bbox 1330 465 1380 514; x_wconf 87' lang='lat' dir='ltr'><strong>et</strong></span> <span class='ocrx_word' id='word_1_24' title='bbox 1414 460 1754 520; x_wconf 78' lang='lat' dir='ltr'><strong>documenta,</strong></span> 
     </span>
    </p>
   </div>
   <div class='ocr_carea' id='block_1_6' title="bbox 536 524 2069 592">
    <p class='ocr_par' dir='ltr' id='par_1_6' title="bbox 536 524 2069 592">
     <span class='ocr_line' id='line_1_6' title="bbox 536 524 2069 592; baseline -0.011 0"><span class='ocrx_word' id='word_1_25' title='bbox 536 537 651 592; x_wconf 81' lang='lat' dir='ltr'><strong>Jul.</strong></span> <span class='ocrx_word' id='word_1_26' title='bbox 938 524 949 535; x_wconf 80' lang='grc'><strong>’</strong></span> <span class='ocrx_word' id='word_1_27' title='bbox 1130 524 1150 530; x_wconf 56' lang='grc'><strong>⁷</strong></span> <span class='ocrx_word' id='word_1_28' title='bbox 1851 527 1976 579; x_wconf 79' lang='lat' dir='ltr'><strong>ante</strong></span> <span class='ocrx_word' id='word_1_29' title='bbox 2019 524 2069 575; x_wconf 82' lang='lat' dir='ltr'><strong>et</strong></span> 
     </span>
    </p>
   </div>
   <div class='ocr_carea' id='block_1_7' title="bbox 468 591 2106 756">
    <p class='ocr_par' dir='ltr' id='par_1_7' title="bbox 468 591 2106 756">
     <span class='ocr_line' id='line_1_7' title="bbox 468 591 2106 756; baseline -0.012 -90"><span class='ocrx_word' id='word_1_30' title='bbox 468 609 697 756; x_wconf 53' lang='lat' dir='ltr'><strong>etggi,</strong></span> <span class='ocrx_word' id='word_1_31' title='bbox 1813 601 1938 667; x_wconf 81' lang='lat' dir='ltr'><strong>post</strong></span> <span class='ocrx_word' id='word_1_32' title='bbox 1961 591 2106 648; x_wconf 82' lang='lat' dir='ltr'><strong>Palil</strong></span> 
     </span>
    </p>
   </div>
   <div class='ocr_carea' id='block_1_8' title="bbox 741 760 1822 841">
    <p class='ocr_par' dir='ltr' id='par_1_8' title="bbox 741 760 1822 841">
     <span class='ocr_line' id='line_1_8' title="bbox 741 760 1822 841; baseline -0.012 -15"><span class='ocrx_word' id='word_1_33' title='bbox 741 768 796 834; x_wconf 90' lang='lat'><strong>6,</strong></span> <span class='ocrx_word' id='word_1_34' title='bbox 844 782 952 841; x_wconf 93' lang='lat' dir='ltr'><strong>pag</strong></span> <span class='ocrx_word' id='word_1_35' title='bbox 997 764 1156 835; x_wconf 85' lang='grc'><strong>4045,</strong></span> <span class='ocrx_word' id='word_1_36' title='bbox 1192 766 1345 821; x_wconf 89' lang='lat' dir='ltr'><strong>hunc</strong></span> <span class='ocrx_word' id='word_1_37' title='bbox 1393 760 1822 818; x_wconf 86' lang='lat' dir='ltr'><strong>Herennianum</strong></span> 
     </span>
    </p>
   </div>
   <div class='ocr_carea' id='block_1_9' title="bbox 738 855 1569 930">
    <p class='ocr_par' dir='ltr' id='par_1_9' title="bbox 738 855 1569 930">
     <span class='ocr_line' id='line_1_9' title="bbox 738 855 1569 930; baseline -0.012 -14"><span class='ocrx_word' id='word_1_38' title='bbox 738 872 864 915; x_wconf 91' lang='lat' dir='ltr'><strong>esse</strong></span> <span class='ocrx_word' id='word_1_39' title='bbox 894 857 1083 930; x_wconf 88' lang='lat' dir='ltr'><strong>gentis</strong></span> <span class='ocrx_word' id='word_1_40' title='bbox 1111 855 1352 911; x_wconf 70' lang='lat' dir='ltr'><strong>Alﬁdiaa.</strong></span> <span class='ocrx_word' id='word_1_41' title='bbox 1560 920 1569 927; x_wconf 31' lang='lat'><strong><em>.</em></strong></span> 
     </span>
    </p>
   </div>
   <div class='ocr_carea' id='block_1_10' title="bbox 812 939 1824 1011">
    <p class='ocr_par' dir='ltr' id='par_1_10' title="bbox 812 939 1824 1011">
     <span class='ocr_line' id='line_1_10' title="bbox 812 939 1824 1011; baseline -0.011 -7"><span class='ocrx_word' id='word_1_42' title='bbox 812 948 957 1004; x_wconf 96' lang='lat' dir='ltr'><strong>Vota</strong></span> <span class='ocrx_word' id='word_1_43' title='bbox 981 943 1321 1001; x_wconf 88' lang='lat' dir='ltr'><strong>Decennalia</strong></span> <span class='ocrx_word' id='word_1_44' title='bbox 1356 941 1564 1011; x_wconf 87' lang='lat' dir='ltr'><strong>soluta,</strong></span> <span class='ocrx_word' id='word_1_45' title='bbox 1610 939 1824 997; x_wconf 86' lang='lat' dir='ltr'><strong>Vicen-</strong></span> 
     </span>
    </p>
   </div>
   <div class='ocr_carea' id='block_1_11' title="bbox 738 1031 1819 1105">
    <p class='ocr_par' dir='ltr' id='par_1_11' title="bbox 738 1031 1819 1105">
     <span class='ocr_line' id='line_1_11' title="bbox 738 1031 1819 1105; baseline -0.013 -10"><span class='ocrx_word' id='word_1_46' title='bbox 738 1038 896 1095; x_wconf 88' lang='lat' dir='ltr'><strong>nalia</strong></span> <span class='ocrx_word' id='word_1_47' title='bbox 909 1040 1260 1105; x_wconf 86' lang='lat' dir='ltr'><strong>nuncupata.</strong></span> <span class='ocrx_word' id='word_1_48' title='bbox 1277 1031 1502 1090; x_wconf 90' lang='lat' dir='ltr'><strong>Mediob</strong></span> <span class='ocrx_word' id='word_1_49' title='bbox 1519 1045 1588 1086; x_wconf 80' lang='lat' dir='ltr'><strong>ex</strong></span> <span class='ocrx_word' id='word_1_50' title='bbox 1602 1041 1819 1085; x_wconf 90' lang='lat' dir='ltr'><strong>numm.</strong></span> 
     </span>
    </p>
   </div>
   <div class='ocr_carea' id='block_1_12' title="bbox 739 1118 1570 1192">
    <p class='ocr_par' dir='ltr' id='par_1_12' title="bbox 739 1118 1570 1192">
     <span class='ocr_line' id='line_1_12' title="bbox 739 1118 1570 1192; baseline -0.012 -6"><span class='ocrx_word' id='word_1_51' title='bbox 739 1127 882 1186; x_wconf 90' lang='lat' dir='ltr'><strong>Vide</strong></span> <span class='ocrx_word' id='word_1_52' title='bbox 900 1128 1074 1185; x_wconf 90' lang='lat' dir='ltr'><strong>etiam</strong></span> <span class='ocrx_word' id='word_1_53' title='bbox 1101 1123 1331 1181; x_wconf 84' lang='lat' dir='ltr'><strong>Fabrett</strong></span> <span class='ocrx_word' id='word_1_54' title='bbox 1355 1137 1416 1192; x_wconf 90' lang='lat' dir='ltr'><strong>p.</strong></span> <span class='ocrx_word' id='word_1_55' title='bbox 1444 1118 1570 1191; x_wconf 80' lang='grc'><strong>625,</strong></span> 
     </span>
    </p>
   </div>
   <div class='ocr_carea' id='block_1_13' title="bbox 528 1616 1821 1695">
    <p class='ocr_par' dir='ltr' id='par_1_13' title="bbox 528 1616 1821 1695">
     <span class='ocr_line' id='line_1_13' title="bbox 528 1616 1821 1695; baseline -0.014 -9"><span class='ocrx_word' id='word_1_56' title='bbox 528 1626 671 1685; x_wconf 79' lang='grc'><strong>4885</strong></span> <span class='ocrx_word' id='word_1_57' title='bbox 815 1628 934 1695; x_wconf 90' lang='lat' dir='ltr'><strong>Imp</strong></span> <span class='ocrx_word' id='word_1_58' title='bbox 953 1625 1089 1679; x_wconf 67' lang='lat' dir='ltr'><strong>Caes.</strong></span> <span class='ocrx_word' id='word_1_59' title='bbox 1117 1623 1191 1677; x_wconf 82' lang='grc' dir='ltr'><strong>Μ.</strong></span> <span class='ocrx_word' id='word_1_60' title='bbox 1219 1620 1356 1677; x_wconf 84' lang='lat' dir='ltr'><strong>Aur.</strong></span> <span class='ocrx_word' id='word_1_61' title='bbox 1373 1618 1504 1674; x_wconf 87' lang='lat' dir='ltr'><strong>Ant.</strong></span> <span class='ocrx_word' id='word_1_62' title='bbox 1535 1616 1681 1689; x_wconf 91' lang='lat' dir='ltr'><strong>Aug,</strong></span> <span class='ocrx_word' id='word_1_63' title='bbox 1713 1623 1821 1671; x_wconf 92' lang='lat' dir='ltr'><strong>etc.</strong></span> 
     </span>
    </p>
   </div>
   <div class='ocr_carea' id='block_1_14' title="bbox 520 1708 1457 1788">
    <p class='ocr_par' dir='ltr' id='par_1_14' title="bbox 520 1708 1457 1788">
     <span class='ocr_line' id='line_1_14' title="bbox 520 1708 1457 1788; baseline -0.016 -13"><span class='ocrx_word' id='word_1_64' title='bbox 520 1716 607 1788; x_wconf 98' lang='grc'><strong>43,</strong></span> <span class='ocrx_word' id='word_1_65' title='bbox 638 1715 675 1774; x_wconf 85' lang='grc'><strong>2</strong></span> <span class='ocrx_word' id='word_1_66' title='bbox 740 1721 813 1772; x_wconf 86' lang='lat' dir='ltr'><strong>tr.</strong></span> <span class='ocrx_word' id='word_1_67' title='bbox 844 1730 896 1785; x_wconf 95' lang='lat' dir='ltr'><strong>p.</strong></span> <span class='ocrx_word' id='word_1_68' title='bbox 930 1711 1002 1769; x_wconf 81' lang='grc'><strong>25</strong></span> <span class='ocrx_word' id='word_1_69' title='bbox 1029 1717 1086 1767; x_wconf 87' lang='lat' dir='ltr'><strong>et</strong></span> <span class='ocrx_word' id='word_1_70' title='bbox 1112 1708 1204 1778; x_wconf 92' lang='lat'><strong>29,</strong></span> <span class='ocrx_word' id='word_1_71' title='bbox 1231 1711 1351 1777; x_wconf 91' lang='lat' dir='ltr'><strong>Imp</strong></span> <span class='ocrx_word' id='word_1_72' title='bbox 1379 1722 1457 1762; x_wconf 74' lang='lat' dir='ltr'><strong>v1.</strong></span> 
     </span>
    </p>
   </div>
   <div class='ocr_carea' id='block_1_15' title="bbox 524 1799 1450 1926">
    <p class='ocr_par' dir='ltr' id='par_1_15' title="bbox 524 1799 1450 1926">
     <span class='ocr_line' id='line_1_15' title="bbox 524 1799 1450 1926; baseline -0.009 5"><span class='ocrx_word' id='word_1_73' title='bbox 524 1809 636 1863; x_wconf 63' lang='grc' dir='ltr'>η</span> <span class='ocrx_word' id='word_1_74' title='bbox 743 1841 883 1897; x_wconf 67' lang='lat' dir='ltr'><strong>Cass</strong></span> <span class='ocrx_word' id='word_1_75' title='bbox 918 1799 1450 1926; x_wconf 61' lang='lat' dir='ltr'><strong>:aaa.</strong></span> 
     </span>
    </p>
   </div>
   <div class='ocr_carea' id='block_1_16' title="bbox 810 1953 1833 2029">
    <p class='ocr_par' dir='ltr' id='par_1_16' title="bbox 810 1953 1833 2029">
     <span class='ocr_line' id='line_1_16' title="bbox 810 1953 1833 2029; baseline -0.015 -7"><span class='ocrx_word' id='word_1_76' title='bbox 810 1966 1022 2021; x_wconf 78' lang='lat' dir='ltr'><strong>Gruter</strong></span> <span class='ocrx_word' id='word_1_77' title='bbox 1049 1961 1297 2029; x_wconf 83' lang='lat' dir='ltr'><strong>inscript</strong></span> <span class='ocrx_word' id='word_1_78' title='bbox 1338 1974 1392 2028; x_wconf 93' lang='lat' dir='ltr'><strong>p.</strong></span> <span class='ocrx_word' id='word_1_79' title='bbox 1426 1954 1548 2022; x_wconf 87' lang='grc'><strong>426,</strong></span> <span class='ocrx_word' id='word_1_80' title='bbox 1583 1969 1709 2026; x_wconf 71' lang='lat' dir='ltr'><strong>qua:</strong></span> <span class='ocrx_word' id='word_1_81' title='bbox 1738 1953 1833 2009; x_wconf 87' lang='lat' dir='ltr'><strong>vi—</strong></span> 
     </span>
    </p>
   </div>
   <div class='ocr_carea' id='block_1_17' title="bbox 745 2040 1835 2119">
    <p class='ocr_par' dir='ltr' id='par_1_17' title="bbox 745 2040 1835 2119">
     <span class='ocr_line' id='line_1_17' title="bbox 745 2040 1835 2119; baseline -0.011 -9"><span class='ocrx_word' id='word_1_82' title='bbox 745 2055 900 2111; x_wconf 88' lang='lat' dir='ltr'><strong>situr</strong></span> <span class='ocrx_word' id='word_1_83' title='bbox 945 2053 1004 2107; x_wconf 90' lang='lat' dir='ltr'><strong>in</strong></span> <span class='ocrx_word' id='word_1_84' title='bbox 1053 2049 1357 2119; x_wconf 86' lang='lat' dir='ltr'><strong>Capitolio.</strong></span> <span class='ocrx_word' id='word_1_85' title='bbox 1400 2049 1469 2102; x_wconf 92' lang='lat' dir='ltr'><strong>Et</strong></span> <span class='ocrx_word' id='word_1_86' title='bbox 1517 2061 1569 2115; x_wconf 93' lang='lat' dir='ltr'><strong>p.</strong></span> <span class='ocrx_word' id='word_1_87' title='bbox 1625 2041 1748 2110; x_wconf 86' lang='grc'><strong>449,</strong></span> <span class='ocrx_word' id='word_1_88' title='bbox 1798 2040 1835 2098; x_wconf 80' lang='grc'><strong>5</strong></span> 
     </span>
    </p>
   </div>
   <div class='ocr_carea' id='block_1_18' title="bbox 749 2132 1834 2208">
    <p class='ocr_par' dir='ltr' id='par_1_18' title="bbox 749 2132 1834 2208">
     <span class='ocr_line' id='line_1_18' title="bbox 749 2132 1834 2208; baseline -0.013 -9"><span class='ocrx_word' id='word_1_89' title='bbox 749 2148 806 2199; x_wconf 91' lang='lat' dir='ltr'><strong>et</strong></span> <span class='ocrx_word' id='word_1_90' title='bbox 853 2138 1010 2208; x_wconf 89' lang='grc'><strong>4044,</strong></span> <span class='ocrx_word' id='word_1_91' title='bbox 1063 2137 1084 2193; x_wconf 88' lang='grc'><strong>4</strong></span> <span class='ocrx_word' id='word_1_92' title='bbox 1139 2144 1196 2194; x_wconf 91' lang='lat' dir='ltr'><strong>et</strong></span> <span class='ocrx_word' id='word_1_93' title='bbox 1241 2133 1397 2203; x_wconf 87' lang='grc'><strong>4072,</strong></span> <span class='ocrx_word' id='word_1_94' title='bbox 1430 2132 1482 2189; x_wconf 88' lang='lat'><strong>3.</strong></span> <span class='ocrx_word' id='word_1_95' title='bbox 1535 2135 1685 2203; x_wconf 90' lang='lat' dir='ltr'><strong>Spon</strong></span> <span class='ocrx_word' id='word_1_96' title='bbox 1718 2132 1834 2186; x_wconf 83' lang='lat' dir='ltr'><strong>Mi-</strong></span> 
     </span>
    </p>
   </div>
   <div class='ocr_carea' id='block_1_19' title="bbox 754 2223 1834 2301">
    <p class='ocr_par' dir='ltr' id='par_1_19' title="bbox 754 2223 1834 2301">
     <span class='ocr_line' id='line_1_19' title="bbox 754 2223 1834 2301; baseline -0.011 -14"><span class='ocrx_word' id='word_1_97' title='bbox 754 2230 893 2287; x_wconf 90' lang='lat' dir='ltr'><strong>scell</strong></span> <span class='ocrx_word' id='word_1_98' title='bbox 928 2245 1036 2301; x_wconf 78' lang='lat' dir='ltr'><strong>pag</strong></span> <span class='ocrx_word' id='word_1_99' title='bbox 1080 2225 1201 2283; x_wconf 95' lang='grc'><strong>472.</strong></span> <span class='ocrx_word' id='word_1_100' title='bbox 1229 2225 1537 2282; x_wconf 80' lang='lat' dir='ltr'><strong>Germania</strong></span> <span class='ocrx_word' id='word_1_101' title='bbox 1576 2223 1834 2279; x_wconf 88' lang='lat' dir='ltr'><strong>subacta.</strong></span> 
     </span>
    </p>
   </div>
   <div class='ocr_carea' id='block_1_20' title="bbox 753 2310 1834 2376">
    <p class='ocr_par' dir='ltr' id='par_1_20' title="bbox 753 2310 1834 2376">
     <span class='ocr_line' id='line_1_20' title="bbox 753 2310 1834 2376; baseline -0.011 0"><span class='ocrx_word' id='word_1_102' title='bbox 753 2318 1142 2376; x_wconf 83' lang='lat' dir='ltr'><strong>Marcomanni</strong></span> <span class='ocrx_word' id='word_1_103' title='bbox 1177 2317 1236 2372; x_wconf 91' lang='lat' dir='ltr'><strong>in</strong></span> <span class='ocrx_word' id='word_1_104' title='bbox 1270 2315 1525 2371; x_wconf 89' lang='lat' dir='ltr'><strong>transitu</strong></span> <span class='ocrx_word' id='word_1_105' title='bbox 1582 2310 1834 2367; x_wconf 87' lang='lat' dir='ltr'><strong>Danubii</strong></span> 
     </span>
    </p>
   </div>
   <div class='ocr_carea' id='block_1_21' title="bbox 753 2404 1397 2464">
    <p class='ocr_par' dir='ltr' id='par_1_21' title="bbox 753 2404 1397 2464">
     <span class='ocr_line' id='line_1_21' title="bbox 753 2404 1397 2464; baseline -0.012 0"><span class='ocrx_word' id='word_1_106' title='bbox 753 2408 927 2464; x_wconf 84' lang='lat' dir='ltr'><strong>deleti</strong></span> <span class='ocrx_word' id='word_1_107' title='bbox 956 2421 989 2462; x_wconf 94' lang='lat' dir='ltr'><strong>a</strong></span> <span class='ocrx_word' id='word_1_108' title='bbox 1010 2407 1081 2461; x_wconf 83' lang='grc' dir='ltr'><strong>Μ.</strong></span> <span class='ocrx_word' id='word_1_109' title='bbox 1140 2404 1397 2461; x_wconf 88' lang='lat' dir='ltr'><strong>Aurelio.</strong></span> 
     </span>
    </p>
   </div>
   <div class='ocr_carea' id='block_1_22' title="bbox 827 2490 1839 2561">
    <p class='ocr_par' dir='ltr' id='par_1_22' title="bbox 827 2490 1839 2561">
     <span class='ocr_line' id='line_1_22' title="bbox 827 2490 1839 2561; baseline -0.011 -7"><span class='ocrx_word' id='word_1_110' title='bbox 827 2498 929 2553; x_wconf 77' lang='lat' dir='ltr'><strong>llis</strong></span> <span class='ocrx_word' id='word_1_111' title='bbox 967 2510 1095 2553; x_wconf 91' lang='lat' dir='ltr'><strong>coss</strong></span> <span class='ocrx_word' id='word_1_112' title='bbox 1127 2494 1472 2551; x_wconf 89' lang='lat' dir='ltr'><strong>Commodus</strong></span> <span class='ocrx_word' id='word_1_113' title='bbox 1514 2490 1839 2561; x_wconf 82' lang='lat' dir='ltr'><strong>appellatur</strong></span> 
     </span>
    </p>
   </div>
   <div class='ocr_carea' id='block_1_23' title="bbox 756 2578 1834 2644">
    <p class='ocr_par' dir='ltr' id='par_1_23' title="bbox 756 2578 1834 2644">
     <span class='ocr_line' id='line_1_23' title="bbox 756 2578 1834 2644; baseline -0.012 0"><span class='ocrx_word' id='word_1_114' title='bbox 756 2588 1108 2644; x_wconf 82' lang='lat' dir='ltr'><strong>Germanicus</strong></span> <span class='ocrx_word' id='word_1_115' title='bbox 1228 2584 1429 2640; x_wconf 84' lang='lat' dir='ltr'><strong>Idibus</strong></span> <span class='ocrx_word' id='word_1_116' title='bbox 1548 2578 1834 2636; x_wconf 84' lang='lat' dir='ltr'><strong>Octobris.</strong></span> 
     </span>
    </p>
   </div>
   <div class='ocr_carea' id='block_1_24' title="bbox 760 2672 1478 2747">
    <p class='ocr_par' dir='ltr' id='par_1_24' title="bbox 760 2672 1478 2747">
     <span class='ocr_line' id='line_1_24' title="bbox 760 2672 1478 2747; baseline -0.013 -13"><span class='ocrx_word' id='word_1_117' title='bbox 760 2676 1028 2747; x_wconf 91' lang='lat' dir='ltr'><strong>Lamprid</strong></span> <span class='ocrx_word' id='word_1_118' title='bbox 1080 2675 1140 2732; x_wconf 90' lang='lat' dir='ltr'><strong>in</strong></span> <span class='ocrx_word' id='word_1_119' title='bbox 1171 2675 1298 2744; x_wconf 89' lang='lat' dir='ltr'><strong>ejus</strong></span> <span class='ocrx_word' id='word_1_120' title='bbox 1326 2672 1478 2729; x_wconf 83' lang='lat' dir='ltr'><strong>Vita.</strong></span> 
     </span>
    </p>
   </div>
   <div class='ocr_carea' id='block_1_25' title="bbox 544 2913 1832 2993">
    <p class='ocr_par' dir='ltr' id='par_1_25' title="bbox 544 2913 1832 2993">
     <span class='ocr_line' id='line_1_25' title="bbox 544 2913 1832 2993; baseline -0.013 -10"><span class='ocrx_word' id='word_1_121' title='bbox 544 2922 686 2982; x_wconf 79' lang='grc'>4886</span> <span class='ocrx_word' id='word_1_122' title='bbox 828 2924 968 2993; x_wconf 89' lang='lat' dir='ltr'><strong>Imp.</strong></span> <span class='ocrx_word' id='word_1_123' title='bbox 1018 2923 1138 2979; x_wconf 64' lang='lat' dir='ltr'><strong>Caes</strong></span> <span class='ocrx_word' id='word_1_124' title='bbox 1189 2921 1265 2976; x_wconf 87' lang='lat' dir='ltr'><strong>M.</strong></span> <span class='ocrx_word' id='word_1_125' title='bbox 1310 2919 1449 2976; x_wconf 84' lang='lat' dir='ltr'><strong>Aur.</strong></span> <span class='ocrx_word' id='word_1_126' title='bbox 1500 2917 1633 2972; x_wconf 90' lang='lat' dir='ltr'><strong>Ant.</strong></span> <span class='ocrx_word' id='word_1_127' title='bbox 1688 2913 1832 2985; x_wconf 89' lang='lat' dir='ltr'><strong>Aug.</strong></span> 
     </span>
    </p>
   </div>
   <div class='ocr_carea' id='block_1_26' title="bbox 536 3001 1823 3101">
    <p class='ocr_par' dir='ltr' id='par_1_26' title="bbox 536 3001 1823 3101">
     <span class='ocr_line' id='line_1_26' title="bbox 536 3001 1823 3101; baseline -0.011 -31"><span class='ocrx_word' id='word_1_128' title='bbox 536 3011 624 3086; x_wconf 88' lang='grc'><strong>44,</strong></span> <span class='ocrx_word' id='word_1_129' title='bbox 655 3010 721 3101; x_wconf 33' lang='lat'><strong>3‘</strong></span> <span class='ocrx_word' id='word_1_130' title='bbox 756 3012 970 3081; x_wconf 90' lang='lat' dir='ltr'><strong>Germ.,</strong></span> <span class='ocrx_word' id='word_1_131' title='bbox 1000 3017 1134 3101; x_wconf 85' lang='lat' dir='ltr'><strong>etc.,</strong></span> <span class='ocrx_word' id='word_1_132' title='bbox 1161 3014 1235 3065; x_wconf 92' lang='lat' dir='ltr'><strong>tr.</strong></span> <span class='ocrx_word' id='word_1_133' title='bbox 1264 3025 1315 3079; x_wconf 92' lang='lat' dir='ltr'><strong>p.</strong></span> <span class='ocrx_word' id='word_1_134' title='bbox 1345 3007 1417 3063; x_wconf 89' lang='grc'><strong>26</strong></span> <span class='ocrx_word' id='word_1_135' title='bbox 1445 3013 1499 3062; x_wconf 92' lang='lat' dir='ltr'><strong>et</strong></span> <span class='ocrx_word' id='word_1_136' title='bbox 1520 3002 1590 3061; x_wconf 84' lang='lat'><strong>27</strong></span> <span class='ocrx_word' id='word_1_137' title='bbox 1624 3004 1742 3073; x_wconf 89' lang='lat' dir='ltr'><strong>imp</strong></span> <span class='ocrx_word' id='word_1_138' title='bbox 1763 3001 1823 3058; x_wconf 91' lang='lat'><strong>6.</strong></span> 
     </span>
    </p>
   </div>
   <div class='ocr_carea' id='block_1_27' title="bbox 531 3096 1729 3192">
    <p class='ocr_par' dir='ltr' id='par_1_27' title="bbox 531 3096 1729 3192">
     <span class='ocr_line' id='line_1_27' title="bbox 531 3096 1729 3192; baseline -0.011 -34"><span class='ocrx_word' id='word_1_139' title='bbox 531 3105 581 3158; x_wconf 91' lang='lat' dir='ltr'><strong><em>D</em></strong></span> <span class='ocrx_word' id='word_1_140' title='bbox 704 3096 721 3101; x_wconf 65' lang='grc'><em>“</em></span> <span class='ocrx_word' id='word_1_141' title='bbox 761 3136 899 3192; x_wconf 62' lang='lat' dir='ltr'><strong>COSS</strong></span> <span class='ocrx_word' id='word_1_142' title='bbox 995 3100 1067 3155; x_wconf 85' lang='grc' dir='ltr'><strong>Μ.</strong></span> <span class='ocrx_word' id='word_1_143' title='bbox 1098 3097 1373 3153; x_wconf 87' lang='lat' dir='ltr'><strong>Aurelius</strong></span> <span class='ocrx_word' id='word_1_144' title='bbox 1398 3096 1635 3150; x_wconf 86' lang='lat' dir='ltr'><strong>Severus</strong></span> <span class='ocrx_word' id='word_1_145' title='bbox 1666 3107 1729 3148; x_wconf 93' lang='grc' dir='ltr'>ιι.</span> 
     </span>
     <span class='ocr_line' id='line_1_28' title="bbox 994 3165 1719 3192; baseline 0 0"><span class='ocrx_word' id='word_1_146' title='bbox 994 3171 1056 3192; x_wconf 74' lang='lat' dir='ltr'><strong>m2</strong></span> <span class='ocrx_word' id='word_1_147' title='bbox 1125 3167 1401 3192; x_wconf 61' lang='lat' dir='ltr'><strong>a‘ln....l:..n</strong></span> <span class='ocrx_word' id='word_1_148' title='bbox 1459 3165 1719 3192; x_wconf 46' lang='lat' dir='ltr'><strong>namnntn</strong></span> 
     </span>
    </p>
   </div>
   <div class='ocr_carea' id='block_1_28' title="bbox 994 3167 1839 3235">
    <p class='ocr_par' dir='ltr' id='par_1_28' title="bbox 994 3167 1839 3235">
     <span class='ocr_line' id='line_1_29' title="bbox 994 3167 1839 3235; baseline -0.009 -10"><span class='ocrx_word' id='word_1_149' title='bbox 994 3171 1082 3225; x_wconf 87' lang='lat' dir='ltr'><strong>Ti.</strong></span> <span class='ocrx_word' id='word_1_150' title='bbox 1124 3167 1405 3224; x_wconf 84' lang='lat' dir='ltr'><strong>Claudius</strong></span> <span class='ocrx_word' id='word_1_151' title='bbox 1459 3167 1839 3235; x_wconf 87' lang='lat' dir='ltr'><strong>Pompeianus</strong></span> 
     </span>
    </p>
   </div>
   <div class='ocr_carea' id='block_1_29' title="bbox 832 3252 1843 3328">
    <p class='ocr_par' dir='ltr' id='par_1_29' title="bbox 832 3252 1843 3328">
     <span class='ocr_line' id='line_1_30' title="bbox 832 3252 1843 3328; baseline -0.011 -11"><span class='ocrx_word' id='word_1_152' title='bbox 832 3263 1061 3328; x_wconf 84' lang='lat' dir='ltr'><strong>Gruter,</strong></span> <span class='ocrx_word' id='word_1_153' title='bbox 1116 3254 1273 3323; x_wconf 82' lang='grc'><strong>4025,</strong></span> <span class='ocrx_word' id='word_1_154' title='bbox 1322 3252 1395 3309; x_wconf 92' lang='grc'><strong>·9.</strong></span> <span class='ocrx_word' id='word_1_155' title='bbox 1447 3254 1618 3310; x_wconf 89' lang='lat' dir='ltr'><strong>Noris</strong></span> <span class='ocrx_word' id='word_1_156' title='bbox 1678 3252 1843 3322; x_wconf 87' lang='lat' dir='ltr'><strong>Epist</strong></span> 
     </span>
    </p>
   </div>
   <div class='ocr_carea' id='block_1_30' title="bbox 772 3344 1168 3420">
    <p class='ocr_par' dir='ltr' id='par_1_30' title="bbox 772 3344 1168 3420">
     <span class='ocr_line' id='line_1_31' title="bbox 772 3344 1168 3420; baseline -0.018 -13"><span class='ocrx_word' id='word_1_157' title='bbox 772 3351 920 3407; x_wconf 90' lang='lat' dir='ltr'><strong>Cons</strong></span> <span class='ocrx_word' id='word_1_158' title='bbox 952 3364 1005 3420; x_wconf 91' lang='lat' dir='ltr'><strong>p.</strong></span> <span class='ocrx_word' id='word_1_159' title='bbox 1046 3344 1168 3402; x_wconf 91' lang='grc'><strong>409.</strong></span> 
     </span>
    </p>
   </div>
   <div class='ocr_carea' id='block_1_31' title="bbox 830 3432 1830 3503">
    <p class='ocr_par' dir='ltr' id='par_1_31' title="bbox 830 3432 1830 3503">
     <span class='ocr_line' id='line_1_32' title="bbox 830 3432 1830 3503; baseline -0.009 -9"><span class='ocrx_word' id='word_1_160' title='bbox 830 3439 1101 3496; x_wconf 86' lang='lat' dir='ltr'><strong>Pertinax</strong></span> <span class='ocrx_word' id='word_1_161' title='bbox 1180 3438 1251 3491; x_wconf 90' lang='lat' dir='ltr'><strong>M.</strong></span> <span class='ocrx_word' id='word_1_162' title='bbox 1336 3433 1552 3490; x_wconf 85' lang='lat' dir='ltr'><strong>Aurelii</strong></span> <span class='ocrx_word' id='word_1_163' title='bbox 1611 3432 1830 3503; x_wconf 84' lang='lat' dir='ltr'><strong>legatus</strong></span> 
     </span>
    </p>
   </div>
   <div class='ocr_carea' id='block_1_32' title="bbox 759 3520 1846 3585">
    <p class='ocr_par' dir='ltr' id='par_1_32' title="bbox 759 3520 1846 3585">
     <span class='ocr_line' id='line_1_33' title="bbox 759 3520 1846 3585; baseline -0.01 0"><span class='ocrx_word' id='word_1_164' title='bbox 759 3530 998 3585; x_wconf 80' lang='lat' dir='ltr'><strong>Rhetias</strong></span> <span class='ocrx_word' id='word_1_165' title='bbox 1030 3532 1086 3582; x_wconf 92' lang='lat' dir='ltr'><strong>et</strong></span> <span class='ocrx_word' id='word_1_166' title='bbox 1123 3526 1394 3582; x_wconf 90' lang='lat' dir='ltr'><strong>Noricum</strong></span> <span class='ocrx_word' id='word_1_167' title='bbox 1426 3523 1496 3579; x_wconf 89' lang='lat' dir='ltr'><strong>ab</strong></span> <span class='ocrx_word' id='word_1_168' title='bbox 1540 3523 1698 3578; x_wconf 90' lang='lat' dir='ltr'><strong>hoste</strong></span> <span class='ocrx_word' id='word_1_169' title='bbox 1724 3520 1846 3575; x_wconf 83' lang='lat' dir='ltr'><strong>vin-</strong></span> 
     </span>
    </p>
   </div>
   <div class='ocr_carea' id='block_1_33' title="bbox 762 3612 1841 3674">
    <p class='ocr_par' dir='ltr' id='par_1_33' title="bbox 762 3612 1841 3674">
     <span class='ocr_line' id='line_1_34' title="bbox 762 3612 1841 3674; baseline -0.009 0"><span class='ocrx_word' id='word_1_170' title='bbox 762 3619 940 3674; x_wconf 87' lang='lat' dir='ltr'><strong>dicat.</strong></span> <span class='ocrx_word' id='word_1_171' title='bbox 985 3615 1373 3672; x_wconf 78' lang='lat' dir='ltr'><strong>Marcomanni</strong></span> <span class='ocrx_word' id='word_1_172' title='bbox 1406 3613 1465 3667; x_wconf 90' lang='lat' dir='ltr'><strong>in</strong></span> <span class='ocrx_word' id='word_1_173' title='bbox 1488 3612 1841 3668; x_wconf 85' lang='lat' dir='ltr'><strong>deditionem</strong></span> 
     </span>
    </p>
   </div>
   <div class='ocr_carea' id='block_1_34' title="bbox 760 3702 1850 3776">
    <p class='ocr_par' dir='ltr' id='par_1_34' title="bbox 760 3702 1850 3776">
     <span class='ocr_line' id='line_1_35' title="bbox 760 3702 1850 3776; baseline -0.007 -15"><span class='ocrx_word' id='word_1_174' title='bbox 760 3707 994 3776; x_wconf 81' lang='lat' dir='ltr'><strong>recepti,</strong></span> <span class='ocrx_word' id='word_1_175' title='bbox 1016 3711 1071 3759; x_wconf 91' lang='lat' dir='ltr'><strong>et</strong></span> <span class='ocrx_word' id='word_1_176' title='bbox 1087 3704 1325 3773; x_wconf 89' lang='lat' dir='ltr'><strong>plurimi</strong></span> <span class='ocrx_word' id='word_1_177' title='bbox 1347 3704 1402 3758; x_wconf 91' lang='lat' dir='ltr'><strong>in</strong></span> <span class='ocrx_word' id='word_1_178' title='bbox 1419 3702 1642 3757; x_wconf 89' lang='lat' dir='ltr'><strong>ltaliam</strong></span> <span class='ocrx_word' id='word_1_179' title='bbox 1668 3707 1850 3755; x_wconf 84' lang='lat' dir='ltr'><strong>trans-</strong></span> 
     </span>
    </p>
   </div>
   <div class='ocr_carea' id='block_1_35' title="bbox 756 3792 1843 3850">
    <p class='ocr_par' dir='ltr' id='par_1_35' title="bbox 756 3792 1843 3850">
     <span class='ocr_line' id='line_1_36' title="bbox 756 3792 1843 3850; baseline -0.006 -1"><span class='ocrx_word' id='word_1_180' title='bbox 756 3795 881 3850; x_wconf 88' lang='lat' dir='ltr'><strong>lati.</strong></span> <span class='ocrx_word' id='word_1_181' title='bbox 954 3793 1285 3848; x_wconf 87' lang='lat' dir='ltr'><strong>Mediobarb</strong></span> <span class='ocrx_word' id='word_1_182' title='bbox 1355 3806 1424 3847; x_wconf 75' lang='lat' dir='ltr'><strong>ex</strong></span> <span class='ocrx_word' id='word_1_183' title='bbox 1506 3804 1701 3847; x_wconf 92' lang='lat' dir='ltr'><strong>numm</strong></span> <span class='ocrx_word' id='word_1_184' title='bbox 1786 3792 1843 3843; x_wconf 86' lang='lat' dir='ltr'><strong>et</strong></span> 
     </span>
    </p>
   </div>
   <div class='ocr_carea' id='block_1_36' title="bbox 547 3883 1840 4039">
    <p class='ocr_par' dir='ltr' id='par_1_36' title="bbox 547 3883 1840 4039">
     <span class='ocr_line' id='line_1_37' title="bbox 547 3883 1840 4039; baseline -0.012 -7"><span class='ocrx_word' id='word_1_185' title='bbox 547 3968 689 4031; x_wconf 83' lang='grc'><strong>4887</strong></span> <span class='ocrx_word' id='word_1_186' title='bbox 760 3883 970 4039; x_wconf 55' lang='grc' dir='ltr'><strong>ωῗξιιρ.</strong></span> <span class='ocrx_word' id='word_1_187' title='bbox 1025 3982 1136 4023; x_wconf 73' lang='lat' dir='ltr'><strong>czes</strong></span> <span class='ocrx_word' id='word_1_188' title='bbox 1187 3969 1259 4023; x_wconf 83' lang='lat' dir='ltr'><strong>IlI.</strong></span> <span class='ocrx_word' id='word_1_189' title='bbox 1314 3965 1454 4021; x_wconf 87' lang='lat' dir='ltr'><strong>Aur.</strong></span> <span class='ocrx_word' id='word_1_190' title='bbox 1514 3965 1644 4019; x_wconf 88' lang='lat' dir='ltr'><strong>Ant.</strong></span> <span class='ocrx_word' id='word_1_191' title='bbox 1700 3962 1840 4033; x_wconf 80' lang='lat' dir='ltr'><strong>Aug.</strong></span> 
     </span>
    </p>
   </div>
   <div class='ocr_carea' id='block_1_37' title="bbox 549 4049 1830 4131">
    <p class='ocr_par' dir='ltr' id='par_1_37' title="bbox 549 4049 1830 4131">
     <span class='ocr_line' id='line_1_38' title="bbox 549 4049 1830 4131; baseline -0.011 -13"><span class='ocrx_word' id='word_1_192' title='bbox 549 4057 684 4131; x_wconf 85' lang='grc'><strong>45,4</strong></span> <span class='ocrx_word' id='word_1_193' title='bbox 756 4059 970 4126; x_wconf 89' lang='lat' dir='ltr'><strong>Germ.,</strong></span> <span class='ocrx_word' id='word_1_194' title='bbox 1004 4062 1136 4119; x_wconf 87' lang='lat' dir='ltr'><strong>etc.,</strong></span> <span class='ocrx_word' id='word_1_195' title='bbox 1165 4062 1237 4112; x_wconf 89' lang='lat' dir='ltr'><strong>tr.</strong></span> <span class='ocrx_word' id='word_1_196' title='bbox 1267 4071 1321 4126; x_wconf 92' lang='lat' dir='ltr'><strong>p.</strong></span> <span class='ocrx_word' id='word_1_197' title='bbox 1353 4050 1423 4109; x_wconf 84' lang='lat'><strong>27</strong></span> <span class='ocrx_word' id='word_1_198' title='bbox 1450 4058 1507 4109; x_wconf 90' lang='lat' dir='ltr'><strong>et</strong></span> <span class='ocrx_word' id='word_1_199' title='bbox 1533 4050 1758 4121; x_wconf 80' lang='lat' dir='ltr'><strong>28.1mp</strong></span> <span class='ocrx_word' id='word_1_200' title='bbox 1777 4049 1830 4106; x_wconf 91' lang='lat'><strong>6.</strong></span> 
     </span>
    </p>
   </div>
   <div class='ocr_carea' id='block_1_38' title="bbox 577 4144 1437 4206">
    <p class='ocr_par' dir='ltr' id='par_1_38' title="bbox 577 4144 1437 4206">
     <span class='ocr_line' id='line_1_39' title="bbox 577 4144 1437 4206; baseline -0.009 0"><span class='ocrx_word' id='word_1_201' title='bbox 577 4150 616 4206; x_wconf 89' lang='lat' dir='ltr'>C</span> <span class='ocrx_word' id='word_1_202' title='bbox 763 4183 897 4206; x_wconf 48' lang='lat' dir='ltr'><strong>an-</strong></span> <span class='ocrx_word' id='word_1_203' title='bbox 999 4175 1215 4187; x_wconf 89' lang='lat'><strong>———</strong></span> <span class='ocrx_word' id='word_1_204' title='bbox 1233 4144 1437 4200; x_wconf 91' lang='lat' dir='ltr'><strong>Gallus</strong></span> 
     </span>
    </p>
   </div>
   <div class='ocr_carea' id='block_1_39' title="bbox 1233 4215 1470 4269">
    <p class='ocr_par' dir='ltr' id='par_1_39' title="bbox 1233 4215 1470 4269">
     <span class='ocr_line' id='line_1_40' title="bbox 1233 4215 1470 4269; baseline 0.004 -1"><span class='ocrx_word' id='word_1_205' title='bbox 1233 4215 1470 4269; x_wconf 89' lang='lat' dir='ltr'><strong>Flaccus</strong></span> 
     </span>
    </p>
   </div>
   <div class='ocr_carea' id='block_1_40' title="bbox 835 4301 1843 4372">
    <p class='ocr_par' dir='ltr' id='par_1_40' title="bbox 835 4301 1843 4372">
     <span class='ocr_line' id='line_1_41' title="bbox 835 4301 1843 4372; baseline -0.005 -10"><span class='ocrx_word' id='word_1_206' title='bbox 835 4308 983 4362; x_wconf 84' lang='lat' dir='ltr'><strong>Grut</strong></span> <span class='ocrx_word' id='word_1_207' title='bbox 1044 4303 1163 4370; x_wconf 84' lang='grc'><strong>408,</strong></span> <span class='ocrx_word' id='word_1_208' title='bbox 1241 4301 1296 4364; x_wconf 80' lang='lat'><strong>5.</strong></span> <span class='ocrx_word' id='word_1_209' title='bbox 1358 4316 1524 4372; x_wconf 89' lang='lat' dir='ltr'><strong>quam</strong></span> <span class='ocrx_word' id='word_1_210' title='bbox 1599 4301 1843 4370; x_wconf 85' lang='lat' dir='ltr'><strong>inscript</strong></span> 
     </span>
    </p>
   </div>
   <div class='ocr_carea' id='block_1_41' title="bbox 768 4390 1845 4467">
    <p class='ocr_par' dir='ltr' id='par_1_41' title="bbox 768 4390 1845 4467">
     <span class='ocr_line' id='line_1_42' title="bbox 768 4390 1845 4467; baseline -0.007 -14"><span class='ocrx_word' id='word_1_211' title='bbox 768 4396 939 4467; x_wconf 87' lang='lat' dir='ltr'><strong>paulo</strong></span> <span class='ocrx_word' id='word_1_212' title='bbox 969 4395 1141 4451; x_wconf 89' lang='lat' dir='ltr'><strong>aliter</strong></span> <span class='ocrx_word' id='word_1_213' title='bbox 1168 4407 1201 4447; x_wconf 90' lang='lat' dir='ltr'><strong>a</strong></span> <span class='ocrx_word' id='word_1_214' title='bbox 1231 4394 1477 4448; x_wconf 90' lang='lat' dir='ltr'><strong>Grutero</strong></span> <span class='ocrx_word' id='word_1_215' title='bbox 1512 4390 1745 4446; x_wconf 86' lang='lat' dir='ltr'><strong>relatam</strong></span> <span class='ocrx_word' id='word_1_216' title='bbox 1780 4404 1845 4445; x_wconf 89' lang='lat' dir='ltr'><strong>ac</strong></span> 
     </span>
    </p>
   </div>
   <div class='ocr_carea' id='block_1_42' title="bbox 763 4480 1842 4543">
    <p class='ocr_par' dir='ltr' id='par_1_42' title="bbox 763 4480 1842 4543">
     <span class='ocr_line' id='line_1_43' title="bbox 763 4480 1842 4543; baseline -0.007 0"><span class='ocrx_word' id='word_1_217' title='bbox 763 4501 797 4543; x_wconf 91' lang='lat' dir='ltr'><strong>a</strong></span> <span class='ocrx_word' id='word_1_218' title='bbox 823 4485 1148 4541; x_wconf 88' lang='lat' dir='ltr'><strong>Castalione</strong></span> <span class='ocrx_word' id='word_1_219' title='bbox 1177 4485 1237 4538; x_wconf 91' lang='lat' dir='ltr'><strong>in</strong></span> <span class='ocrx_word' id='word_1_220' title='bbox 1268 4491 1365 4538; x_wconf 92' lang='lat' dir='ltr'><strong>not</strong></span> <span class='ocrx_word' id='word_1_221' title='bbox 1388 4482 1457 4538; x_wconf 90' lang='lat' dir='ltr'><strong>ad</strong></span> <span class='ocrx_word' id='word_1_222' title='bbox 1493 4480 1701 4536; x_wconf 81' lang='lat' dir='ltr'><strong>Rutilii</strong></span> <span class='ocrx_word' id='word_1_223' title='bbox 1732 4481 1842 4535; x_wconf 84' lang='lat' dir='ltr'><strong>itin</strong></span> 
     </span>
    </p>
   </div>
   <div class='ocr_carea' id='block_1_43' title="bbox 764 4572 1360 4651">
    <p class='ocr_par' dir='ltr' id='par_1_43' title="bbox 764 4572 1360 4651">
     <span class='ocr_line' id='line_1_44' title="bbox 764 4572 1360 4651; baseline -0.01 -19"><span class='ocrx_word' id='word_1_224' title='bbox 764 4574 1026 4632; x_wconf 87' lang='lat' dir='ltr'><strong>observat</strong></span> <span class='ocrx_word' id='word_1_225' title='bbox 1052 4572 1360 4651; x_wconf 81' lang='lat' dir='ltr'><strong>Relandus.</strong></span> 
     </span>
    </p>
   </div>
   <div class='ocr_carea' id='block_1_44' title="bbox 834 4660 1846 4730">
    <p class='ocr_par' dir='ltr' id='par_1_44' title="bbox 834 4660 1846 4730">
     <span class='ocr_line' id='line_1_45' title="bbox 834 4660 1846 4730; baseline -0.005 -10"><span class='ocrx_word' id='word_1_226' title='bbox 834 4664 1090 4720; x_wconf 85' lang='lat' dir='ltr'><strong>Victoria</strong></span> <span class='ocrx_word' id='word_1_227' title='bbox 1143 4663 1390 4718; x_wconf 86' lang='lat' dir='ltr'><strong>maxima</strong></span> <span class='ocrx_word' id='word_1_228' title='bbox 1432 4675 1503 4717; x_wconf 87' lang='lat' dir='ltr'><strong>ex</strong></span> <span class='ocrx_word' id='word_1_229' title='bbox 1529 4660 1748 4730; x_wconf 90' lang='lat' dir='ltr'><strong>Quadis</strong></span> <span class='ocrx_word' id='word_1_230' title='bbox 1776 4674 1846 4716; x_wconf 81' lang='lat' dir='ltr'><strong>ex</strong></span> 
     </span>
    </p>
   </div>
   <div class='ocr_carea' id='block_1_45' title="bbox 766 4752 1449 4826">
    <p class='ocr_par' dir='ltr' id='par_1_45' title="bbox 766 4752 1449 4826">
     <span class='ocr_line' id='line_1_46' title="bbox 766 4752 1449 4826; baseline -0.007 -16"><span class='ocrx_word' id='word_1_231' title='bbox 766 4767 879 4826; x_wconf 86' lang='lat' dir='ltr'><strong>qua</strong></span> <span class='ocrx_word' id='word_1_232' title='bbox 917 4755 990 4808; x_wconf 89' lang='lat' dir='ltr'><strong>M.</strong></span> <span class='ocrx_word' id='word_1_233' title='bbox 1017 4754 1157 4809; x_wconf 88' lang='lat' dir='ltr'><strong>Aur.</strong></span> <span class='ocrx_word' id='word_1_234' title='bbox 1190 4752 1312 4821; x_wconf 88' lang='lat' dir='ltr'><strong>Imp</strong></span> <span class='ocrx_word' id='word_1_235' title='bbox 1344 4764 1449 4805; x_wconf 83' lang='lat' dir='ltr'><strong>vn.</strong></span> 
     </span>
    </p>
   </div>
   <div class='ocr_carea' id='block_1_46' title="bbox 550 4855 1845 4931">
    <p class='ocr_par' dir='ltr' id='par_1_46' title="bbox 550 4855 1845 4931">
     <span class='ocr_line' id='line_1_47' title="bbox 550 4855 1845 4931; baseline -0.008 -11"><span class='ocrx_word' id='word_1_236' title='bbox 550 4859 694 4920; x_wconf 87' lang='grc'><strong>4888</strong></span> <span class='ocrx_word' id='word_1_237' title='bbox 839 4863 978 4931; x_wconf 89' lang='lat' dir='ltr'><strong>Imp.</strong></span> <span class='ocrx_word' id='word_1_238' title='bbox 1024 4860 1146 4916; x_wconf 60' lang='lat' dir='ltr'><strong>Caes</strong></span> <span class='ocrx_word' id='word_1_239' title='bbox 1194 4860 1267 4914; x_wconf 88' lang='lat' dir='ltr'><strong>M.</strong></span> <span class='ocrx_word' id='word_1_240' title='bbox 1313 4859 1452 4914; x_wconf 86' lang='lat' dir='ltr'><strong>Aur.</strong></span> <span class='ocrx_word' id='word_1_241' title='bbox 1510 4856 1644 4912; x_wconf 86' lang='lat' dir='ltr'><strong>Aut.</strong></span> <span class='ocrx_word' id='word_1_242' title='bbox 1699 4855 1845 4927; x_wconf 87' lang='lat' dir='ltr'><strong>Aug.</strong></span> 
     </span>
    </p>
   </div>
   <div class='ocr_carea' id='block_1_47' title="bbox 545 4941 1843 5096">
    <p class='ocr_par' dir='ltr' id='par_1_47' title="bbox 545 4941 1843 5096">
     <span class='ocr_line' id='line_1_48' title="bbox 545 4941 1843 5095; baseline -0.006 -87"><span class='ocrx_word' id='word_1_243' title='bbox 545 4949 634 5022; x_wconf 87' lang='grc'><strong>46,</strong></span> <span class='ocrx_word' id='word_1_244' title='bbox 663 4949 701 5008; x_wconf 84' lang='grc'>5</span> <span class='ocrx_word' id='word_1_245' title='bbox 761 4950 932 5095; x_wconf 64' lang='grc' dir='ltr'><strong>(ἶϐΐὲῐὶ</strong></span> <span class='ocrx_word' id='word_1_246' title='bbox 975 4954 1081 5005; x_wconf 83' lang='lat' dir='ltr'><strong>etc.</strong></span> <span class='ocrx_word' id='word_1_247' title='bbox 1118 4953 1193 5004; x_wconf 89' lang='lat' dir='ltr'><strong>tr.</strong></span> <span class='ocrx_word' id='word_1_248' title='bbox 1236 4962 1290 5018; x_wconf 93' lang='lat' dir='ltr'><strong>p.</strong></span> <span class='ocrx_word' id='word_1_249' title='bbox 1333 4944 1405 5002; x_wconf 85' lang='lat'><strong>28</strong></span> <span class='ocrx_word' id='word_1_250' title='bbox 1448 4950 1505 5002; x_wconf 90' lang='lat' dir='ltr'><strong>et</strong></span> <span class='ocrx_word' id='word_1_251' title='bbox 1528 4942 1617 5011; x_wconf 88' lang='lat'><strong>29,</strong></span> <span class='ocrx_word' id='word_1_252' title='bbox 1660 4946 1780 5015; x_wconf 88' lang='lat' dir='ltr'><strong>Imp</strong></span> <span class='ocrx_word' id='word_1_253' title='bbox 1807 4941 1843 4999; x_wconf 83' lang='lat'><strong>7</strong></span> 
     </span>
     <span class='ocr_line' id='line_1_49' title="bbox 551 5042 919 5096; baseline -0.008 0"><span class='ocrx_word' id='word_1_254' title='bbox 551 5042 596 5096; x_wconf 89' lang='grc' dir='ltr'><em>Β</em></span> <span class='ocrx_word' id='word_1_255' title='bbox 769 5045 827 5096; x_wconf 88' lang='lat' dir='ltr'><strong>et</strong></span> <span class='ocrx_word' id='word_1_256' title='bbox 906 5080 919 5093; x_wconf 91' lang='lat'><strong>.</strong></span> 
     </span>
    </p>
   </div>
   <div class='ocr_carea' id='block_1_48' title="bbox 769 5164 926 5220">
    <p class='ocr_par' dir='ltr' id='par_1_48' title="bbox 769 5164 926 5220">
     <span class='ocr_line' id='line_1_50' title="bbox 769 5164 926 5220; baseline -0.032 0"><span class='ocrx_word' id='word_1_257' title='bbox 769 5164 926 5220; x_wconf 68' lang='lat' dir='ltr'><strong>Cass.</strong></span> 
     </span>
    </p>
   </div>
   <div class='ocr_carea' id='block_1_49' title="bbox 763 4183 901 4240">
    <p class='ocr_par' dir='ltr' id='par_1_49' title="bbox 763 4183 901 4240">
     <span class='ocr_line' id='line_1_51' title="bbox 763 4183 901 4240; baseline -0.007 -2"><span class='ocrx_word' id='word_1_258' title='bbox 763 4183 901 4240; x_wconf 88' lang='lat' dir='ltr'><strong>Coss</strong></span> 
     </span>
    </p>
   </div>
   <div class='ocr_carea' id='block_1_50' title="bbox 985 5126 1599 5195">
    <p class='ocr_par' dir='ltr' id='par_1_50' title="bbox 985 5126 1599 5195">
     <span class='ocr_line' id='line_1_52' title="bbox 985 5126 1599 5195; baseline -0.007 -11"><span class='ocrx_word' id='word_1_259' title='bbox 985 5158 1057 5168; x_wconf 94' lang='lat'><strong>—</strong></span> <span class='ocrx_word' id='word_1_260' title='bbox 1087 5127 1437 5195; x_wconf 89' lang='lat' dir='ltr'><strong>Calpurnius</strong></span> <span class='ocrx_word' id='word_1_261' title='bbox 1469 5126 1599 5180; x_wconf 86' lang='lat' dir='ltr'><strong>Piso</strong></span> 
     </span>
    </p>
   </div>
   <div class='ocr_carea' id='block_1_51' title="bbox 988 5196 1600 5253">
    <p class='ocr_par' dir='ltr' id='par_1_51' title="bbox 988 5196 1600 5253">
     <span class='ocr_line' id='line_1_53' title="bbox 988 5196 1600 5253; baseline -0.008 0"><span class='ocrx_word' id='word_1_262' title='bbox 988 5200 1059 5253; x_wconf 83' lang='lat' dir='ltr'><strong>M.</strong></span> <span class='ocrx_word' id='word_1_263' title='bbox 1083 5199 1309 5252; x_wconf 86' lang='lat' dir='ltr'><strong>Salvius</strong></span> <span class='ocrx_word' id='word_1_264' title='bbox 1333 5196 1600 5249; x_wconf 76' lang='lat' dir='ltr'><strong>Julianus</strong></span> 
     </span>
    </p>
   </div>
   <div class='ocr_carea' id='block_1_52' title="bbox 841 5280 1844 5355">
    <p class='ocr_par' dir='ltr' id='par_1_52' title="bbox 841 5280 1844 5355">
     <span class='ocr_line' id='line_1_54' title="bbox 841 5280 1844 5355; baseline -0.005 -14"><span class='ocrx_word' id='word_1_265' title='bbox 841 5288 1097 5355; x_wconf 89' lang='lat' dir='ltr'><strong>Anonym</strong></span> <span class='ocrx_word' id='word_1_266' title='bbox 1124 5284 1324 5353; x_wconf 89' lang='lat' dir='ltr'><strong>Quarti</strong></span> <span class='ocrx_word' id='word_1_267' title='bbox 1348 5283 1560 5345; x_wconf 88' lang='lat' dir='ltr'><strong>Seculi,</strong></span> <span class='ocrx_word' id='word_1_268' title='bbox 1597 5280 1844 5351; x_wconf 87' lang='lat' dir='ltr'><strong>Idacius,</strong></span> 
     </span>
    </p>
   </div>
   <div class='ocr_carea' id='block_1_53' title="bbox 770 5370 1621 5442">
    <p class='ocr_par' dir='ltr' id='par_1_53' title="bbox 770 5370 1621 5442">
     <span class='ocr_line' id='line_1_55' title="bbox 770 5370 1621 5442; baseline -0.009 -12"><span class='ocrx_word' id='word_1_269' title='bbox 770 5378 1033 5442; x_wconf 82' lang='lat' dir='ltr'><strong>Prosper,</strong></span> <span class='ocrx_word' id='word_1_270' title='bbox 1060 5373 1367 5428; x_wconf 83' lang='lat' dir='ltr'><strong>Cassiodor</strong></span> <span class='ocrx_word' id='word_1_271' title='bbox 1401 5371 1457 5424; x_wconf 91' lang='lat' dir='ltr'><strong>in</strong></span> <span class='ocrx_word' id='word_1_272' title='bbox 1495 5370 1621 5424; x_wconf 84' lang='lat' dir='ltr'><strong>fast.</strong></span> 
     </span>
    </p>
   </div>
   <div class='ocr_carea' id='block_1_54' title="bbox 842 5459 1847 5519">
    <p class='ocr_par' dir='ltr' id='par_1_54' title="bbox 842 5459 1847 5519">
     <span class='ocr_line' id='line_1_56' title="bbox 842 5459 1847 5519; baseline -0.005 0"><span class='ocrx_word' id='word_1_273' title='bbox 842 5462 1186 5519; x_wconf 88' lang='lat' dir='ltr'><strong>Commodus</strong></span> <span class='ocrx_word' id='word_1_274' title='bbox 1272 5460 1331 5514; x_wconf 92' lang='lat' dir='ltr'><strong>in</strong></span> <span class='ocrx_word' id='word_1_275' title='bbox 1404 5459 1767 5515; x_wconf 87' lang='lat' dir='ltr'><strong>Germaniam</strong></span> <span class='ocrx_word' id='word_1_276' title='bbox 1815 5472 1847 5514; x_wconf 87' lang='lat' dir='ltr'><strong>a</strong></span> 
     </span>
    </p>
   </div>
   <div class='ocr_carea' id='block_1_55' title="bbox 769 5545 1850 5619">
    <p class='ocr_par' dir='ltr' id='par_1_55' title="bbox 769 5545 1850 5619">
     <span class='ocr_line' id='line_1_57' title="bbox 769 5545 1850 5619; baseline -0.008 -9"><span class='ocrx_word' id='word_1_277' title='bbox 769 5554 844 5610; x_wconf 77' lang='grc' dir='ltr'><strong>Μ.</strong></span> <span class='ocrx_word' id='word_1_278' title='bbox 859 5549 1031 5608; x_wconf 83' lang='lat' dir='ltr'><strong>Aurel</strong></span> <span class='ocrx_word' id='word_1_279' title='bbox 1044 5553 1276 5605; x_wconf 88' lang='lat' dir='ltr'><strong>vocatus</strong></span> <span class='ocrx_word' id='word_1_280' title='bbox 1296 5551 1481 5619; x_wconf 81' lang='lat' dir='ltr'><strong>togam</strong></span> <span class='ocrx_word' id='word_1_281' title='bbox 1499 5547 1723 5603; x_wconf 88' lang='lat' dir='ltr'><strong>virilem</strong></span> <span class='ocrx_word' id='word_1_282' title='bbox 1747 5545 1850 5602; x_wconf 90' lang='lat' dir='ltr'><strong>ibi-</strong></span> 
     </span>
    </p>
   </div>
   <div class='ocr_carea' id='block_1_56' title="bbox 1894 450 2037 507">
    <p class='ocr_par' dir='ltr' id='par_1_56' title="bbox 1894 450 2037 507">
     <span class='ocr_line' id='line_1_58' title="bbox 1894 450 2037 507; baseline -0.021 0"><span class='ocrx_word' id='word_1_283' title='bbox 1894 450 2037 507; x_wconf 85' lang='lat' dir='ltr'><strong>U.C</strong></span> 
     </span>
    </p>
   </div>
   <div class='ocr_carea' id='block_1_57' title="bbox 1917 1608 2025 1668">
    <p class='ocr_par' dir='ltr' id='par_1_57' title="bbox 1917 1608 2025 1668">
     <span class='ocr_line' id='line_1_59' title="bbox 1917 1608 2025 1668; baseline -0.019 0"><span class='ocrx_word' id='word_1_284' title='bbox 1917 1608 2025 1668; x_wconf 83' lang='grc'><strong>924</strong></span> 
     </span>
    </p>
   </div>
   <div class='ocr_carea' id='block_1_58' title="bbox 1915 1695 2394 1758">
    <p class='ocr_par' dir='ltr' id='par_1_58' title="bbox 1915 1695 2394 1758">
     <span class='ocr_line' id='line_1_60' title="bbox 1915 1695 2394 1758; baseline -0.01 -18"><span class='ocrx_word' id='word_1_285' title='bbox 1915 1699 2022 1757; x_wconf 68' lang='grc'><strong>925</strong></span> <span class='ocrx_word' id='word_1_286' title='bbox 2138 1698 2189 1758; x_wconf 81' lang='grc' dir='ltr'>Β</span> <span class='ocrx_word' id='word_1_287' title='bbox 2337 1695 2394 1737; x_wconf 77' lang='grc' dir='ltr'>ιν</span> 
     </span>
    </p>
   </div>
   <div class='ocr_carea' id='block_1_59' title="bbox 1930 2907 2038 2966">
    <p class='ocr_par' dir='ltr' id='par_1_59' title="bbox 1930 2907 2038 2966">
     <span class='ocr_line' id='line_1_61' title="bbox 1930 2907 2038 2966; baseline 0 0"><span class='ocrx_word' id='word_1_288' title='bbox 1930 2907 2038 2966; x_wconf 82' lang='grc'><strong>925</strong></span> 
     </span>
    </p>
   </div>
   <div class='ocr_carea' id='block_1_60' title="bbox 1928 2996 2035 3055">
    <p class='ocr_par' dir='ltr' id='par_1_60' title="bbox 1928 2996 2035 3055">
     <span class='ocr_line' id='line_1_62' title="bbox 1928 2996 2035 3055; baseline 0 0"><span class='ocrx_word' id='word_1_289' title='bbox 1928 2996 2035 3055; x_wconf 83' lang='lat'><strong>926</strong></span> 
     </span>
    </p>
   </div>
   <div class='ocr_carea' id='block_1_61' title="bbox 1936 4850 2043 4910">
    <p class='ocr_par' dir='ltr' id='par_1_61' title="bbox 1936 4850 2043 4910">
     <span class='ocr_line' id='line_1_63' title="bbox 1936 4850 2043 4910; baseline 0 0"><span class='ocrx_word' id='word_1_290' title='bbox 1936 4850 2043 4910; x_wconf 84' lang='lat'><strong>927</strong></span> 
     </span>
    </p>
   </div>
   <div class='ocr_carea' id='block_1_62' title="bbox 1933 4940 2040 4999">
    <p class='ocr_par' dir='ltr' id='par_1_62' title="bbox 1933 4940 2040 4999">
     <span class='ocr_line' id='line_1_64' title="bbox 1933 4940 2040 4999; baseline 0 0"><span class='ocrx_word' id='word_1_291' title='bbox 1933 4940 2040 4999; x_wconf 85' lang='lat'><strong>928</strong></span> 
     </span>
    </p>
   </div>
   <div class='ocr_carea' id='block_1_63' title="bbox 2568 443 3781 519">
    <p class='ocr_par' dir='ltr' id='par_1_63' title="bbox 2568 443 3781 519">
     <span class='ocr_line' id='line_1_65' title="bbox 2568 443 3781 519; baseline -0.002 -17"><span class='ocrx_word' id='word_1_292' title='bbox 2568 455 2820 504; x_wconf 83' lang='lat' dir='ltr'><strong>timorum</strong></span> <span class='ocrx_word' id='word_1_293' title='bbox 2861 450 3204 519; x_wconf 83' lang='lat' dir='ltr'><strong>populorum,</strong></span> <span class='ocrx_word' id='word_1_294' title='bbox 3262 448 3558 513; x_wconf 82' lang='lat' dir='ltr'><strong>Pontiﬁces.</strong></span> <span class='ocrx_word' id='word_1_295' title='bbox 3609 443 3781 519; x_wconf 22' lang='lat' dir='ltr'><strong>43E???</strong></span> 
     </span>
    </p>
   </div>
   <div class='ocr_carea' id='block_1_64' title="bbox 2248 451 3805 589">
    <p class='ocr_par' dir='ltr' id='par_1_64' title="bbox 2248 451 3805 589">
     <span class='ocr_line' id='line_1_66' title="bbox 2248 451 3781 520; baseline -0.008 -15"><span class='ocrx_word' id='word_1_296' title='bbox 2248 451 2459 520; x_wconf 77' lang='lat' dir='ltr'><strong>Olymp.</strong></span> <span class='ocrx_word' id='word_1_297' title='bbox 2568 455 2820 504; x_wconf 83' lang='lat' dir='ltr'><strong>timorum</strong></span> <span class='ocrx_word' id='word_1_298' title='bbox 2861 451 3204 519; x_wconf 83' lang='lat' dir='ltr'><strong>populorum,</strong></span> <span class='ocrx_word' id='word_1_299' title='bbox 3262 451 3558 513; x_wconf 82' lang='lat' dir='ltr'><strong>Pontiﬁces.</strong></span> <span class='ocrx_word' id='word_1_300' title='bbox 3648 451 3781 495; x_wconf 65' lang='grc' dir='ltr'><strong>Δςνω</strong></span> 
     </span>
     <span class='ocr_line' id='line_1_67' title="bbox 2570 510 3805 589; baseline -0.012 -13"><span class='ocrx_word' id='word_1_301' title='bbox 2570 523 2754 589; x_wconf 82' lang='lat' dir='ltr'><strong>Reges,</strong></span> <span class='ocrx_word' id='word_1_302' title='bbox 2799 535 2884 575; x_wconf 81' lang='lat' dir='ltr'><strong>res</strong></span> <span class='ocrx_word' id='word_1_303' title='bbox 2929 525 3090 588; x_wconf 71' lang='lat' dir='ltr'><strong>gestae</strong></span> <span class='ocrx_word' id='word_1_304' title='bbox 3132 523 3182 573; x_wconf 86' lang='lat' dir='ltr'><strong>et</strong></span> <span class='ocrx_word' id='word_1_305' title='bbox 3224 519 3562 572; x_wconf 87' lang='lat' dir='ltr'><strong>documenta.</strong></span> <span class='ocrx_word' id='word_1_306' title='bbox 3596 510 3805 569; x_wconf 79' lang='lat' dir='ltr'><strong>Christi.</strong></span> 
     </span>
    </p>
   </div>
   <div class='ocr_carea' id='block_1_65' title="bbox 2501 729 3571 795">
    <p class='ocr_par' dir='ltr' id='par_1_65' title="bbox 2501 729 3571 795">
     <span class='ocr_line' id='line_1_68' title="bbox 2501 729 3571 795; baseline -0.007 -4"><span class='ocrx_word' id='word_1_307' title='bbox 2501 736 2655 791; x_wconf 91' lang='lat' dir='ltr'><strong>mine</strong></span> <span class='ocrx_word' id='word_1_308' title='bbox 2698 736 2795 791; x_wconf 88' lang='lat' dir='ltr'><strong>die</strong></span> <span class='ocrx_word' id='word_1_309' title='bbox 2835 734 3134 790; x_wconf 89' lang='lat' dir='ltr'><strong>Dominica</strong></span> <span class='ocrx_word' id='word_1_310' title='bbox 3180 730 3272 795; x_wconf 85' lang='lat'><strong>22,</strong></span> <span class='ocrx_word' id='word_1_311' title='bbox 3311 729 3571 787; x_wconf 86' lang='lat' dir='ltr'><strong>Januarii</strong></span> 
     </span>
    </p>
   </div>
   <div class='ocr_carea' id='block_1_66' title="bbox 2497 823 3571 894">
    <p class='ocr_par' dir='ltr' id='par_1_66' title="bbox 2497 823 3571 894">
     <span class='ocr_line' id='line_1_69' title="bbox 2497 823 3571 894; baseline -0.007 -13"><span class='ocrx_word' id='word_1_312' title='bbox 2497 838 2647 881; x_wconf 90' lang='lat' dir='ltr'><strong>anno</strong></span> <span class='ocrx_word' id='word_1_313' title='bbox 2701 825 3010 894; x_wconf 88' lang='lat' dir='ltr'><strong>superiori.</strong></span> <span class='ocrx_word' id='word_1_314' title='bbox 3063 823 3224 880; x_wconf 84' lang='lat' dir='ltr'><strong>Sedit</strong></span> <span class='ocrx_word' id='word_1_315' title='bbox 3308 835 3424 877; x_wconf 87' lang='lat' dir='ltr'><strong>ann</strong></span> <span class='ocrx_word' id='word_1_316' title='bbox 3481 833 3571 889; x_wconf 84' lang='lat' dir='ltr'><strong>xv,</strong></span> 
     </span>
    </p>
   </div>
   <div class='ocr_carea' id='block_1_67' title="bbox 2502 914 2866 986">
    <p class='ocr_par' dir='ltr' id='par_1_67' title="bbox 2502 914 2866 986">
     <span class='ocr_line' id='line_1_70' title="bbox 2502 914 2866 986; baseline -0.008 -15"><span class='ocrx_word' id='word_1_317' title='bbox 2502 929 2575 971; x_wconf 86' lang='grc' dir='ltr'>ιιι.</span> <span class='ocrx_word' id='word_1_318' title='bbox 2606 929 2684 986; x_wconf 84' lang='grc' dir='ltr'><strong>ιν,</strong></span> <span class='ocrx_word' id='word_1_319' title='bbox 2722 914 2776 969; x_wconf 85' lang='grc'><strong>(1.</strong></span> <span class='ocrx_word' id='word_1_320' title='bbox 2813 930 2866 970; x_wconf 91' lang='lat' dir='ltr'><strong>v.</strong></span> 
     </span>
    </p>
   </div>
   <div class='ocr_carea' id='block_1_68' title="bbox 2572 996 3578 1073">
    <p class='ocr_par' dir='ltr' id='par_1_68' title="bbox 2572 996 3578 1073">
     <span class='ocr_line' id='line_1_71' title="bbox 2572 996 3578 1073; baseline -0.009 -13"><span class='ocrx_word' id='word_1_321' title='bbox 2572 1005 2632 1060; x_wconf 92' lang='lat' dir='ltr'><strong>In</strong></span> <span class='ocrx_word' id='word_1_322' title='bbox 2680 1004 2912 1060; x_wconf 88' lang='lat' dir='ltr'><strong>laciniis</strong></span> <span class='ocrx_word' id='word_1_323' title='bbox 2961 1001 3213 1073; x_wconf 82' lang='lat' dir='ltr'><strong>Catalogi</strong></span> <span class='ocrx_word' id='word_1_324' title='bbox 3240 1000 3410 1056; x_wconf 86' lang='lat' dir='ltr'><strong>Liber</strong></span> <span class='ocrx_word' id='word_1_325' title='bbox 3434 996 3578 1052; x_wconf 88' lang='lat' dir='ltr'><strong>male</strong></span> 
     </span>
    </p>
   </div>
   <div class='ocr_carea' id='block_1_69' title="bbox 2500 1089 3580 1165">
    <p class='ocr_par' dir='ltr' id='par_1_69' title="bbox 2500 1089 3580 1165">
     <span class='ocr_line' id='line_1_72' title="bbox 2500 1089 3580 1165; baseline -0.007 -15"><span class='ocrx_word' id='word_1_326' title='bbox 2500 1095 2766 1150; x_wconf 90' lang='lat' dir='ltr'><strong>consutis</strong></span> <span class='ocrx_word' id='word_1_327' title='bbox 2793 1108 2890 1165; x_wconf 92' lang='lat' dir='ltr'><strong>per</strong></span> <span class='ocrx_word' id='word_1_328' title='bbox 2917 1093 3187 1149; x_wconf 88' lang='lat' dir='ltr'><strong>librarios</strong></span> <span class='ocrx_word' id='word_1_329' title='bbox 3213 1090 3272 1146; x_wconf 86' lang='lat' dir='ltr'><strong>bi</strong></span> <span class='ocrx_word' id='word_1_330' title='bbox 3297 1089 3435 1146; x_wconf 89' lang='lat' dir='ltr'><strong>Coss</strong></span> <span class='ocrx_word' id='word_1_331' title='bbox 3461 1101 3580 1158; x_wconf 88' lang='lat' dir='ltr'><strong>per-</strong></span> 
     </span>
    </p>
   </div>
   <div class='ocr_carea' id='block_1_70' title="bbox 2499 1175 3577 1252">
    <p class='ocr_par' dir='ltr' id='par_1_70' title="bbox 2499 1175 3577 1252">
     <span class='ocr_line' id='line_1_73' title="bbox 2499 1175 3577 1252; baseline -0.006 -14"><span class='ocrx_word' id='word_1_332' title='bbox 2499 1184 2668 1238; x_wconf 89' lang='lat' dir='ltr'><strong>tracti</strong></span> <span class='ocrx_word' id='word_1_333' title='bbox 2714 1183 2783 1239; x_wconf 91' lang='lat' dir='ltr'><strong>ad</strong></span> <span class='ocrx_word' id='word_1_334' title='bbox 2836 1184 3109 1252; x_wconf 90' lang='lat' dir='ltr'><strong>Soterem,</strong></span> <span class='ocrx_word' id='word_1_335' title='bbox 3176 1179 3461 1250; x_wconf 91' lang='lat' dir='ltr'><strong>pertinent</strong></span> <span class='ocrx_word' id='word_1_336' title='bbox 3504 1175 3577 1231; x_wconf 89' lang='lat' dir='ltr'><strong>ad</strong></span> 
     </span>
    </p>
   </div>
   <div class='ocr_carea' id='block_1_71' title="bbox 2496 1269 3581 1339">
    <p class='ocr_par' dir='ltr' id='par_1_71' title="bbox 2496 1269 3581 1339">
     <span class='ocr_line' id='line_1_74' title="bbox 2496 1269 3581 1339; baseline -0.008 -11"><span class='ocrx_word' id='word_1_337' title='bbox 2496 1271 2894 1328; x_wconf 84' lang='lat' dir='ltr'><strong>Eleutherium</strong></span> <span class='ocrx_word' id='word_1_338' title='bbox 2950 1270 3031 1326; x_wconf 91' lang='lat' dir='ltr'><strong>ibi</strong></span> <span class='ocrx_word' id='word_1_339' title='bbox 3090 1269 3472 1339; x_wconf 88' lang='lat' dir='ltr'><strong>deperditum,</strong></span> <span class='ocrx_word' id='word_1_340' title='bbox 3523 1269 3581 1320; x_wconf 87' lang='lat' dir='ltr'><strong>et</strong></span> 
     </span>
    </p>
   </div>
   <div class='ocr_carea' id='block_1_72' title="bbox 2502 1354 3581 1432">
    <p class='ocr_par' dir='ltr' id='par_1_72' title="bbox 2502 1354 3581 1432">
     <span class='ocr_line' id='line_1_75' title="bbox 2502 1354 3581 1432; baseline -0.006 -16"><span class='ocrx_word' id='word_1_341' title='bbox 2502 1361 2945 1432; x_wconf 85' lang='lat' dir='ltr'><strong>restituendum,</strong></span> <span class='ocrx_word' id='word_1_342' title='bbox 2973 1365 3035 1417; x_wconf 92' lang='lat' dir='ltr'><strong>ut</strong></span> <span class='ocrx_word' id='word_1_343' title='bbox 3060 1360 3118 1415; x_wconf 91' lang='lat' dir='ltr'><strong>in</strong></span> <span class='ocrx_word' id='word_1_344' title='bbox 3151 1358 3305 1415; x_wconf 87' lang='lat' dir='ltr'><strong>notis</strong></span> <span class='ocrx_word' id='word_1_345' title='bbox 3332 1355 3399 1411; x_wconf 88' lang='lat' dir='ltr'><strong>ad</strong></span> <span class='ocrx_word' id='word_1_346' title='bbox 3420 1354 3581 1411; x_wconf 91' lang='lat' dir='ltr'><strong>Eleu-</strong></span> 
     </span>
    </p>
   </div>
   <div class='ocr_carea' id='block_1_73' title="bbox 2495 1450 2777 1506">
    <p class='ocr_par' dir='ltr' id='par_1_73' title="bbox 2495 1450 2777 1506">
     <span class='ocr_line' id='line_1_76' title="bbox 2495 1450 2777 1506; baseline -0.007 0"><span class='ocrx_word' id='word_1_347' title='bbox 2495 1450 2777 1506; x_wconf 85' lang='lat' dir='ltr'><strong>therium.</strong></span> 
     </span>
    </p>
   </div>
   <div class='ocr_carea' id='block_1_74' title="bbox 2330 1580 3788 1648">
    <p class='ocr_par' dir='ltr' id='par_1_74' title="bbox 2330 1580 3788 1648">
     <span class='ocr_line' id='line_1_77' title="bbox 2330 1580 3788 1648; baseline -0.006 -2"><span class='ocrx_word' id='word_1_348' title='bbox 2330 1606 2391 1646; x_wconf 88' lang='grc' dir='ltr'><strong>ιιι</strong></span> <span class='ocrx_word' id='word_1_349' title='bbox 2573 1592 2893 1648; x_wconf 91' lang='lat' dir='ltr'><strong>Eleutherii</strong></span> <span class='ocrx_word' id='word_1_350' title='bbox 2924 1589 2945 1646; x_wconf 88' lang='grc'><strong>4</strong></span> <span class='ocrx_word' id='word_1_351' title='bbox 2984 1598 3040 1648; x_wconf 90' lang='lat' dir='ltr'><strong>et</strong></span> <span class='ocrx_word' id='word_1_352' title='bbox 3061 1588 3116 1646; x_wconf 92' lang='grc'><strong>2.</strong></span> <span class='ocrx_word' id='word_1_353' title='bbox 3687 1580 3788 1638; x_wconf 88' lang='grc'><strong>472</strong></span> 
     </span>
    </p>
   </div>
   <div class='ocr_carea' id='block_1_75' title="bbox 2575 1673 3797 1752">
    <p class='ocr_par' dir='ltr' id='par_1_75' title="bbox 2575 1673 3797 1752">
     <span class='ocr_line' id='line_1_78' title="bbox 2575 1673 3797 1752; baseline -0.007 -16"><span class='ocrx_word' id='word_1_354' title='bbox 2575 1683 2653 1737; x_wconf 91' lang='lat' dir='ltr'><strong>De</strong></span> <span class='ocrx_word' id='word_1_355' title='bbox 2696 1683 3100 1752; x_wconf 82' lang='lat' dir='ltr'><strong>persecutione</strong></span> <span class='ocrx_word' id='word_1_356' title='bbox 3155 1677 3425 1736; x_wconf 86' lang='lat' dir='ltr'><strong>nonnihil</strong></span> <span class='ocrx_word' id='word_1_357' title='bbox 3484 1689 3581 1732; x_wconf 85' lang='lat' dir='ltr'><strong>re-</strong></span> <span class='ocrx_word' id='word_1_358' title='bbox 3652 1673 3797 1728; x_wconf 75' lang='lat' dir='ltr'><strong>Biss.</strong></span> 
     </span>
    </p>
   </div>
   <div class='ocr_carea' id='block_1_76' title="bbox 2505 1766 3577 1839">
    <p class='ocr_par' dir='ltr' id='par_1_76' title="bbox 2505 1766 3577 1839">
     <span class='ocr_line' id='line_1_79' title="bbox 2505 1766 3577 1839; baseline -0.007 -13"><span class='ocrx_word' id='word_1_359' title='bbox 2505 1771 2679 1827; x_wconf 88' lang='lat' dir='ltr'><strong>missa</strong></span> <span class='ocrx_word' id='word_1_360' title='bbox 2724 1771 2829 1826; x_wconf 88' lang='lat' dir='ltr'><strong>hoc</strong></span> <span class='ocrx_word' id='word_1_361' title='bbox 2867 1784 3016 1826; x_wconf 89' lang='lat' dir='ltr'><strong>anno</strong></span> <span class='ocrx_word' id='word_1_362' title='bbox 3064 1775 3189 1839; x_wconf 91' lang='lat' dir='ltr'><strong>post</strong></span> <span class='ocrx_word' id='word_1_363' title='bbox 3236 1766 3577 1837; x_wconf 86' lang='lat' dir='ltr'><strong>martyrium</strong></span> 
     </span>
    </p>
   </div>
   <div class='ocr_carea' id='block_1_77' title="bbox 2505 1851 3582 1931">
    <p class='ocr_par' dir='ltr' id='par_1_77' title="bbox 2505 1851 3582 1931">
     <span class='ocr_line' id='line_1_80' title="bbox 2505 1851 3582 1931; baseline -0.007 -15"><span class='ocrx_word' id='word_1_364' title='bbox 2505 1860 2742 1931; x_wconf 87' lang='lat' dir='ltr'><strong>Soteris,</strong></span> <span class='ocrx_word' id='word_1_365' title='bbox 2777 1860 2906 1916; x_wconf 88' lang='lat' dir='ltr'><strong>vide</strong></span> <span class='ocrx_word' id='word_1_366' title='bbox 2936 1866 3098 1915; x_wconf 90' lang='lat' dir='ltr'><strong>notas</strong></span> <span class='ocrx_word' id='word_1_367' title='bbox 3121 1874 3227 1931; x_wconf 87' lang='lat' dir='ltr'><strong>pag</strong></span> <span class='ocrx_word' id='word_1_368' title='bbox 3251 1854 3353 1912; x_wconf 88' lang='grc'><strong>432</strong></span> <span class='ocrx_word' id='word_1_369' title='bbox 3376 1861 3434 1911; x_wconf 88' lang='lat' dir='ltr'><strong>et</strong></span> <span class='ocrx_word' id='word_1_370' title='bbox 3464 1851 3582 1910; x_wconf 85' lang='grc'><strong>439.</strong></span> 
     </span>
    </p>
   </div>
   <div class='ocr_carea' id='block_1_78' title="bbox 2505 1945 3588 2020">
    <p class='ocr_par' dir='ltr' id='par_1_78' title="bbox 2505 1945 3588 2020">
     <span class='ocr_line' id='line_1_81' title="bbox 2505 1945 3588 2020; baseline -0.006 -15"><span class='ocrx_word' id='word_1_371' title='bbox 2505 1951 2573 2005; x_wconf 92' lang='lat' dir='ltr'><strong>Et</strong></span> <span class='ocrx_word' id='word_1_372' title='bbox 2596 1954 2909 2020; x_wconf 61' lang='lat' dir='ltr'><strong>praesertim</strong></span> <span class='ocrx_word' id='word_1_373' title='bbox 2944 1950 3003 2004; x_wconf 92' lang='lat' dir='ltr'><strong>in</strong></span> <span class='ocrx_word' id='word_1_374' title='bbox 3031 1949 3165 2003; x_wconf 82' lang='lat' dir='ltr'><strong>Asia</strong></span> <span class='ocrx_word' id='word_1_375' title='bbox 3199 1948 3392 2000; x_wconf 90' lang='lat' dir='ltr'><strong>minus</strong></span> <span class='ocrx_word' id='word_1_376' title='bbox 3415 1945 3588 2001; x_wconf 74' lang='lat' dir='ltr'><strong>saevi-</strong></span> 
     </span>
    </p>
   </div>
   <div class='ocr_carea' id='block_1_79' title="bbox 2509 2033 3584 2109">
    <p class='ocr_par' dir='ltr' id='par_1_79' title="bbox 2509 2033 3584 2109">
     <span class='ocr_line' id='line_1_82' title="bbox 2509 2033 3584 2109; baseline -0.005 -16"><span class='ocrx_word' id='word_1_377' title='bbox 2509 2044 2631 2094; x_wconf 88' lang='lat' dir='ltr'><strong>tum</strong></span> <span class='ocrx_word' id='word_1_378' title='bbox 2665 2037 3119 2109; x_wconf 85' lang='lat' dir='ltr'><strong>postEpistolam</strong></span> <span class='ocrx_word' id='word_1_379' title='bbox 3139 2039 3215 2091; x_wconf 88' lang='lat' dir='ltr'><strong>M.</strong></span> <span class='ocrx_word' id='word_1_380' title='bbox 3248 2034 3491 2094; x_wconf 87' lang='lat' dir='ltr'><strong>Aurelii.</strong></span> <span class='ocrx_word' id='word_1_381' title='bbox 3515 2033 3584 2089; x_wconf 90' lang='lat' dir='ltr'><strong>ad</strong></span> 
     </span>
    </p>
   </div>
   <div class='ocr_carea' id='block_1_80' title="bbox 2510 2122 3586 2184">
    <p class='ocr_par' dir='ltr' id='par_1_80' title="bbox 2510 2122 3586 2184">
     <span class='ocr_line' id='line_1_83' title="bbox 2510 2122 3586 2184; baseline -0.007 0"><span class='ocrx_word' id='word_1_382' title='bbox 2510 2129 2773 2184; x_wconf 91' lang='lat' dir='ltr'><strong>eumdem</strong></span> <span class='ocrx_word' id='word_1_383' title='bbox 2805 2142 3019 2183; x_wconf 91' lang='lat' dir='ltr'><strong>annum</strong></span> <span class='ocrx_word' id='word_1_384' title='bbox 3048 2125 3397 2183; x_wconf 82' lang='lat' dir='ltr'><strong>referendam</strong></span> <span class='ocrx_word' id='word_1_385' title='bbox 3419 2122 3586 2179; x_wconf 77' lang='lat' dir='ltr'><strong>exibi</strong></span> 
     </span>
    </p>
   </div>
   <div class='ocr_carea' id='block_1_81' title="bbox 2511 2217 3587 2289">
    <p class='ocr_par' dir='ltr' id='par_1_81' title="bbox 2511 2217 3587 2289">
     <span class='ocr_line' id='line_1_84' title="bbox 2511 2217 3587 2289; baseline -0.008 -15"><span class='ocrx_word' id='word_1_386' title='bbox 2511 2218 2789 2289; x_wconf 91' lang='lat' dir='ltr'><strong>probatis,</strong></span> <span class='ocrx_word' id='word_1_387' title='bbox 2840 2231 2969 2273; x_wconf 92' lang='lat' dir='ltr'><strong>cum</strong></span> <span class='ocrx_word' id='word_1_388' title='bbox 3012 2217 3242 2273; x_wconf 89' lang='lat' dir='ltr'><strong>dicatur</strong></span> <span class='ocrx_word' id='word_1_389' title='bbox 3284 2222 3355 2270; x_wconf 88' lang='lat' dir='ltr'><strong>tr.</strong></span> <span class='ocrx_word' id='word_1_390' title='bbox 3391 2228 3443 2283; x_wconf 92' lang='lat' dir='ltr'><strong>p.</strong></span> <span class='ocrx_word' id='word_1_391' title='bbox 3474 2225 3587 2267; x_wconf 77' lang='lat' dir='ltr'><strong>xxv</strong></span> 
     </span>
    </p>
   </div>
   <div class='ocr_carea' id='block_1_82' title="bbox 2510 2300 3589 2376">
    <p class='ocr_par' dir='ltr' id='par_1_82' title="bbox 2510 2300 3589 2376">
     <span class='ocr_line' id='line_1_85' title="bbox 2510 2300 3589 2376; baseline -0.006 -14"><span class='ocrx_word' id='word_1_392' title='bbox 2510 2307 2759 2363; x_wconf 87' lang='lat' dir='ltr'><strong>ettitulo</strong></span> <span class='ocrx_word' id='word_1_393' title='bbox 2775 2306 3099 2362; x_wconf 87' lang='lat' dir='ltr'><strong>Armeniaci</strong></span> <span class='ocrx_word' id='word_1_394' title='bbox 3122 2306 3419 2376; x_wconf 85' lang='lat' dir='ltr'><strong>jungatur.</strong></span> <span class='ocrx_word' id='word_1_395' title='bbox 3450 2300 3589 2357; x_wconf 84' lang='lat' dir='ltr'><strong>Vide</strong></span> 
     </span>
    </p>
   </div>
   <div class='ocr_carea' id='block_1_83' title="bbox 2516 2396 2914 2453">
    <p class='ocr_par' dir='ltr' id='par_1_83' title="bbox 2516 2396 2914 2453">
     <span class='ocr_line' id='line_1_86' title="bbox 2516 2396 2914 2453; baseline -0.008 -2"><span class='ocrx_word' id='word_1_396' title='bbox 2516 2396 2599 2452; x_wconf 90' lang='lat' dir='ltr'><strong>ibi</strong></span> <span class='ocrx_word' id='word_1_397' title='bbox 2624 2398 2914 2453; x_wconf 85' lang='lat' dir='ltr'><strong>adnotata.</strong></span> 
     </span>
    </p>
   </div>
   <div class='ocr_carea' id='block_1_84' title="bbox 2581 2480 3591 2552">
    <p class='ocr_par' dir='ltr' id='par_1_84' title="bbox 2581 2480 3591 2552">
     <span class='ocr_line' id='line_1_87' title="bbox 2581 2480 3591 2552; baseline -0.005 -13"><span class='ocrx_word' id='word_1_398' title='bbox 2581 2485 3042 2540; x_wconf 89' lang='lat' dir='ltr'><strong>Christianorum</strong></span> <span class='ocrx_word' id='word_1_399' title='bbox 3059 2483 3309 2539; x_wconf 89' lang='lat' dir='ltr'><strong>militum</strong></span> <span class='ocrx_word' id='word_1_400' title='bbox 3325 2480 3591 2552; x_wconf 87' lang='lat' dir='ltr'><strong>precibus</strong></span> 
     </span>
    </p>
   </div>
   <div class='ocr_carea' id='block_1_85' title="bbox 2515 2571 3590 2647">
    <p class='ocr_par' dir='ltr' id='par_1_85' title="bbox 2515 2571 3590 2647">
     <span class='ocr_line' id='line_1_88' title="bbox 2515 2571 3590 2647; baseline -0.005 -17"><span class='ocrx_word' id='word_1_401' title='bbox 2515 2575 2711 2647; x_wconf 90' lang='lat' dir='ltr'><strong>pluvia</strong></span> <span class='ocrx_word' id='word_1_402' title='bbox 2763 2575 3083 2643; x_wconf 88' lang='lat' dir='ltr'><strong>impetrata,</strong></span> <span class='ocrx_word' id='word_1_403' title='bbox 3143 2573 3246 2628; x_wconf 88' lang='lat' dir='ltr'><strong>siti</strong></span> <span class='ocrx_word' id='word_1_404' title='bbox 3300 2571 3590 2627; x_wconf 88' lang='lat' dir='ltr'><strong>laborante</strong></span> 
     </span>
    </p>
   </div>
   <div class='ocr_carea' id='block_1_86' title="bbox 2513 2662 3594 2736">
    <p class='ocr_par' dir='ltr' id='par_1_86' title="bbox 2513 2662 3594 2736">
     <span class='ocr_line' id='line_1_89' title="bbox 2513 2662 3594 2736; baseline -0.006 -15"><span class='ocrx_word' id='word_1_405' title='bbox 2513 2665 2769 2721; x_wconf 83' lang='lat' dir='ltr'><strong>exercitu</strong></span> <span class='ocrx_word' id='word_1_406' title='bbox 2800 2664 3075 2736; x_wconf 83' lang='lat' dir='ltr'><strong>Romano,</strong></span> <span class='ocrx_word' id='word_1_407' title='bbox 3102 2669 3160 2719; x_wconf 94' lang='lat' dir='ltr'><strong>et</strong></span> <span class='ocrx_word' id='word_1_408' title='bbox 3180 2662 3433 2719; x_wconf 87' lang='lat' dir='ltr'><strong>hostium</strong></span> <span class='ocrx_word' id='word_1_409' title='bbox 3459 2673 3594 2715; x_wconf 88' lang='lat' dir='ltr'><strong>cas-</strong></span> 
     </span>
    </p>
   </div>
   <div class='ocr_carea' id='block_1_87' title="bbox 2513 2753 2882 2810">
    <p class='ocr_par' dir='ltr' id='par_1_87' title="bbox 2513 2753 2882 2810">
     <span class='ocr_line' id='line_1_90' title="bbox 2513 2753 2882 2810; baseline -0.003 0"><span class='ocrx_word' id='word_1_410' title='bbox 2513 2758 2602 2810; x_wconf 87' lang='lat' dir='ltr'><strong>tra</strong></span> <span class='ocrx_word' id='word_1_411' title='bbox 2634 2753 2882 2810; x_wconf 87' lang='lat' dir='ltr'><strong>turbata.</strong></span> 
     </span>
    </p>
   </div>
   <div class='ocr_carea' id='block_1_88' title="bbox 2269 2896 3127 2957">
    <p class='ocr_par' dir='ltr' id='par_1_88' title="bbox 2269 2896 3127 2957">
     <span class='ocr_line' id='line_1_91' title="bbox 2269 2896 3127 2957; baseline -0.006 0"><span class='ocrx_word' id='word_1_412' title='bbox 2269 2901 2331 2957; x_wconf 91' lang='lat'><strong>0.</strong></span> <span class='ocrx_word' id='word_1_413' title='bbox 2369 2896 2474 2957; x_wconf 74' lang='lat'><strong>237</strong></span> <span class='ocrx_word' id='word_1_414' title='bbox 2584 2899 2902 2955; x_wconf 88' lang='lat' dir='ltr'><strong>Eleutherii</strong></span> <span class='ocrx_word' id='word_1_415' title='bbox 2927 2897 2964 2955; x_wconf 83' lang='lat'><strong>2</strong></span> <span class='ocrx_word' id='word_1_416' title='bbox 2992 2903 3049 2954; x_wconf 88' lang='lat' dir='ltr'><strong>et</strong></span> <span class='ocrx_word' id='word_1_417' title='bbox 3074 2896 3127 2954; x_wconf 89' lang='lat'><strong>3.</strong></span> 
     </span>
    </p>
   </div>
   <div class='ocr_carea' id='block_1_89' title="bbox 2151 2982 3596 3084">
    <p class='ocr_par' dir='ltr' id='par_1_89' title="bbox 2151 2982 3596 3084">
     <span class='ocr_line' id='line_1_92' title="bbox 2151 2982 3596 3084; baseline -0.007 -37"><span class='ocrx_word' id='word_1_418' title='bbox 2151 3021 2200 3084; x_wconf 66' lang='grc' dir='ltr'>α</span> <span class='ocrx_word' id='word_1_419' title='bbox 2586 2989 2641 3044; x_wconf 93' lang='lat' dir='ltr'><strong>S.</strong></span> <span class='ocrx_word' id='word_1_420' title='bbox 2674 2988 2946 3084; x_wconf 77' lang='lat' dir='ltr'><strong>Felicitas</strong></span> <span class='ocrx_word' id='word_1_421' title='bbox 2970 3001 3099 3084; x_wconf 82' lang='lat' dir='ltr'><strong>cum</strong></span> <span class='ocrx_word' id='word_1_422' title='bbox 3124 2982 3179 3040; x_wconf 90' lang='lat'><strong>7.</strong></span> <span class='ocrx_word' id='word_1_423' title='bbox 3203 2984 3386 3084; x_wconf 58' lang='lat' dir='ltr'><strong>filiis</strong></span> <span class='ocrx_word' id='word_1_424' title='bbox 3406 2983 3596 3084; x_wconf 63' lang='lat' dir='ltr'><strong>Romae</strong></span> 
     </span>
    </p>
   </div>
   <div class='ocr_carea' id='block_1_90' title="bbox 2343 3070 3598 3148">
    <p class='ocr_par' dir='ltr' id='par_1_90' title="bbox 2343 3070 3598 3148">
     <span class='ocr_line' id='line_1_93' title="bbox 2343 3070 3598 3148; baseline -0.006 -16"><span class='ocrx_word' id='word_1_425' title='bbox 2343 3091 2396 3132; x_wconf 82' lang='lat' dir='ltr'><strong>tv</strong></span> <span class='ocrx_word' id='word_1_426' title='bbox 2514 3090 2680 3148; x_wconf 85' lang='lat' dir='ltr'><strong>passa</strong></span> <span class='ocrx_word' id='word_1_427' title='bbox 2714 3096 2726 3131; x_wconf 93' lang='lat'>:</span> <span class='ocrx_word' id='word_1_428' title='bbox 2787 3078 2910 3146; x_wconf 89' lang='lat' dir='ltr'><strong>ipsa</strong></span> <span class='ocrx_word' id='word_1_429' title='bbox 2939 3076 3167 3147; x_wconf 88' lang='lat' dir='ltr'><strong>quidem</strong></span> <span class='ocrx_word' id='word_1_430' title='bbox 3202 3070 3274 3128; x_wconf 83' lang='grc'><strong>24</strong></span> <span class='ocrx_word' id='word_1_431' title='bbox 3315 3071 3598 3128; x_wconf 86' lang='lat' dir='ltr'><strong>Novembr</strong></span> 
     </span>
    </p>
   </div>
   <div class='ocr_carea' id='block_1_91' title="bbox 2303 3159 3596 3235">
    <p class='ocr_par' dir='ltr' id='par_1_91' title="bbox 2303 3159 3596 3235">
     <span class='ocr_line' id='line_1_94' title="bbox 2303 3159 3596 3235; baseline -0.005 -14"><span class='ocrx_word' id='word_1_432' title='bbox 2303 3171 2442 3221; x_wconf 80' lang='lat' dir='ltr'><strong>etea:</strong></span> <span class='ocrx_word' id='word_1_433' title='bbox 2513 3174 2569 3222; x_wconf 90' lang='lat' dir='ltr'><strong>et</strong></span> <span class='ocrx_word' id='word_1_434' title='bbox 2609 3165 2734 3235; x_wconf 88' lang='lat' dir='ltr'><strong>ejus</strong></span> <span class='ocrx_word' id='word_1_435' title='bbox 2785 3164 2952 3219; x_wconf 90' lang='lat' dir='ltr'><strong>liberi</strong></span> <span class='ocrx_word' id='word_1_436' title='bbox 3007 3179 3044 3219; x_wconf 78' lang='grc' dir='ltr'><strong>χ</strong></span> <span class='ocrx_word' id='word_1_437' title='bbox 3093 3162 3257 3219; x_wconf 84' lang='lat' dir='ltr'><strong>Julii.</strong></span> <span class='ocrx_word' id='word_1_438' title='bbox 3307 3162 3472 3218; x_wconf 81' lang='lat' dir='ltr'><strong>Petav</strong></span> <span class='ocrx_word' id='word_1_439' title='bbox 3524 3159 3596 3215; x_wconf 87' lang='lat' dir='ltr'><strong>ad</strong></span> 
     </span>
    </p>
   </div>
   <div class='ocr_carea' id='block_1_92' title="bbox 2281 3256 2932 3312">
    <p class='ocr_par' dir='ltr' id='par_1_92' title="bbox 2281 3256 2932 3312">
     <span class='ocr_line' id='line_1_95' title="bbox 2281 3256 2932 3312; baseline -0.006 -1"><span class='ocrx_word' id='word_1_440' title='bbox 2281 3256 2470 3312; x_wconf 85' lang='lat' dir='ltr'><strong>diebus</strong></span> <span class='ocrx_word' id='word_1_441' title='bbox 2522 3256 2675 3312; x_wconf 88' lang='lat' dir='ltr'><strong>hunc</strong></span> <span class='ocrx_word' id='word_1_442' title='bbox 2700 3266 2932 3311; x_wconf 89' lang='lat' dir='ltr'><strong>annum.</strong></span> 
     </span>
    </p>
   </div>
   <div class='ocr_carea' id='block_1_93' title="bbox 2270 3348 2471 3401">
    <p class='ocr_par' dir='ltr' id='par_1_93' title="bbox 2270 3348 2471 3401">
     <span class='ocr_line' id='line_1_96' title="bbox 2270 3348 2471 3401; baseline -0.005 -1"><span class='ocrx_word' id='word_1_443' title='bbox 2270 3348 2471 3401; x_wconf 59' lang='lat' dir='ltr'><strong>asticis</strong></span> 
     </span>
    </p>
   </div>
   <div class='ocr_carea' id='block_1_94' title="bbox 2274 3431 2483 3491">
    <p class='ocr_par' dir='ltr' id='par_1_94' title="bbox 2274 3431 2483 3491">
     <span class='ocr_line' id='line_1_97' title="bbox 2274 3431 2483 3491; baseline 0.01 -3"><span class='ocrx_word' id='word_1_444' title='bbox 2274 3431 2483 3491; x_wconf 78' lang='lat'><strong>0.238</strong></span> 
     </span>
    </p>
   </div>
   <div class='ocr_carea' id='block_1_95' title="bbox 2366 3542 2386 3579">
    <p class='ocr_par' dir='ltr' id='par_1_95' title="bbox 2366 3542 2386 3579">
     <span class='ocr_line' id='line_1_98' title="bbox 2366 3542 2386 3579; baseline 0 0"><span class='ocrx_word' id='word_1_445' title='bbox 2366 3542 2386 3579; x_wconf 85' lang='grc' dir='ltr'><strong>Ι</strong></span> 
     </span>
    </p>
   </div>
   <div class='ocr_carea' id='block_1_96' title="bbox 3697 2889 3797 2949">
    <p class='ocr_par' dir='ltr' id='par_1_96' title="bbox 3697 2889 3797 2949">
     <span class='ocr_line' id='line_1_99' title="bbox 3697 2889 3797 2949; baseline 0 0"><span class='ocrx_word' id='word_1_446' title='bbox 3697 2889 3797 2949; x_wconf 87' lang='grc'><strong>473</strong></span> 
     </span>
    </p>
   </div>
   <div class='ocr_carea' id='block_1_97' title="bbox 2369 3944 3800 4010">
    <p class='ocr_par' dir='ltr' id='par_1_97' title="bbox 2369 3944 3800 4010">
     <span class='ocr_line' id='line_1_100' title="bbox 2369 3944 3800 4010; baseline -0.004 -2"><span class='ocrx_word' id='word_1_447' title='bbox 2369 3970 2389 4008; x_wconf 87' lang='grc' dir='ltr'><strong>ι</strong></span> <span class='ocrx_word' id='word_1_448' title='bbox 2586 3951 2948 4010; x_wconf 90' lang='lat' dir='ltr'><strong>Eleutbeurii</strong></span> <span class='ocrx_word' id='word_1_449' title='bbox 2974 3950 3009 4006; x_wconf 92' lang='lat'><strong>3</strong></span> <span class='ocrx_word' id='word_1_450' title='bbox 3036 3956 3091 4007; x_wconf 91' lang='lat' dir='ltr'><strong>et</strong></span> <span class='ocrx_word' id='word_1_451' title='bbox 3120 3949 3173 4007; x_wconf 86' lang='grc'><strong>4.</strong></span> <span class='ocrx_word' id='word_1_452' title='bbox 3699 3944 3800 4003; x_wconf 86' lang='grc'><strong>474</strong></span> 
     </span>
    </p>
   </div>
   <div class='ocr_carea' id='block_1_98' title="bbox 2352 4039 3602 4110">
    <p class='ocr_par' dir='ltr' id='par_1_98' title="bbox 2352 4039 3602 4110">
     <span class='ocr_line' id='line_1_101' title="bbox 2352 4039 3602 4110; baseline -0.001 -14"><span class='ocrx_word' id='word_1_453' title='bbox 2352 4059 2393 4097; x_wconf 80' lang='grc' dir='ltr'><strong>ιι</strong></span> <span class='ocrx_word' id='word_1_454' title='bbox 2586 4044 2851 4099; x_wconf 90' lang='lat' dir='ltr'><strong>Petavius</strong></span> <span class='ocrx_word' id='word_1_455' title='bbox 2897 4043 2966 4098; x_wconf 89' lang='lat' dir='ltr'><strong>ad</strong></span> <span class='ocrx_word' id='word_1_456' title='bbox 3025 4042 3081 4098; x_wconf 88' lang='lat' dir='ltr'><strong>h.</strong></span> <span class='ocrx_word' id='word_1_457' title='bbox 3136 4057 3195 4098; x_wconf 88' lang='lat' dir='ltr'><strong>a.</strong></span> <span class='ocrx_word' id='word_1_458' title='bbox 3258 4039 3431 4096; x_wconf 83' lang='lat' dir='ltr'><strong>refert</strong></span> <span class='ocrx_word' id='word_1_459' title='bbox 3480 4039 3602 4110; x_wconf 63' lang='lat' dir='ltr'><strong>pluo</strong></span> 
     </span>
    </p>
   </div>
   <div class='ocr_carea' id='block_1_99' title="bbox 2521 4130 3605 4199">
    <p class='ocr_par' dir='ltr' id='par_1_99' title="bbox 2521 4130 3605 4199">
     <span class='ocr_line' id='line_1_102' title="bbox 2521 4130 3605 4199; baseline -0.003 -12"><span class='ocrx_word' id='word_1_460' title='bbox 2521 4133 2668 4187; x_wconf 91' lang='lat' dir='ltr'><strong>viam</strong></span> <span class='ocrx_word' id='word_1_461' title='bbox 2701 4131 3163 4188; x_wconf 78' lang='lat' dir='ltr'><strong>Christianorum</strong></span> <span class='ocrx_word' id='word_1_462' title='bbox 3197 4130 3449 4187; x_wconf 91' lang='lat' dir='ltr'><strong>militum</strong></span> <span class='ocrx_word' id='word_1_463' title='bbox 3487 4143 3605 4199; x_wconf 91' lang='lat' dir='ltr'><strong>pre-</strong></span> 
     </span>
    </p>
   </div>
   <div class='ocr_carea' id='block_1_100' title="bbox 2519 4219 3603 4292">
    <p class='ocr_par' dir='ltr' id='par_1_100' title="bbox 2519 4219 3603 4292">
     <span class='ocr_line' id='line_1_103' title="bbox 2519 4219 3603 4292; baseline -0.003 -15"><span class='ocrx_word' id='word_1_464' title='bbox 2519 4222 2689 4277; x_wconf 91' lang='lat' dir='ltr'><strong>cibus</strong></span> <span class='ocrx_word' id='word_1_465' title='bbox 2717 4234 2749 4276; x_wconf 90' lang='lat' dir='ltr'><strong>a</strong></span> <span class='ocrx_word' id='word_1_466' title='bbox 2787 4222 2901 4276; x_wconf 90' lang='lat' dir='ltr'><strong>Deo</strong></span> <span class='ocrx_word' id='word_1_467' title='bbox 2937 4222 3296 4292; x_wconf 86' lang='lat' dir='ltr'><strong>impetratam</strong></span> <span class='ocrx_word' id='word_1_468' title='bbox 3327 4219 3603 4277; x_wconf 84' lang='lat' dir='ltr'><strong>Romanis</strong></span> 
     </span>
    </p>
   </div>
   <div class='ocr_carea' id='block_1_101' title="bbox 2523 4309 3601 4380">
    <p class='ocr_par' dir='ltr' id='par_1_101' title="bbox 2523 4309 3601 4380">
     <span class='ocr_line' id='line_1_104' title="bbox 2523 4309 3601 4380; baseline -0.002 -15"><span class='ocrx_word' id='word_1_469' title='bbox 2523 4311 2731 4380; x_wconf 89' lang='lat' dir='ltr'><strong>copiis,</strong></span> <span class='ocrx_word' id='word_1_470' title='bbox 2783 4316 2841 4366; x_wconf 90' lang='lat' dir='ltr'><strong>et</strong></span> <span class='ocrx_word' id='word_1_471' title='bbox 2873 4309 3170 4367; x_wconf 81' lang='lat' dir='ltr'><strong>victoriam</strong></span> <span class='ocrx_word' id='word_1_472' title='bbox 3221 4310 3355 4366; x_wconf 90' lang='lat' dir='ltr'><strong>inde</strong></span> <span class='ocrx_word' id='word_1_473' title='bbox 3384 4320 3601 4379; x_wconf 87' lang='lat' dir='ltr'><strong>partam</strong></span> 
     </span>
    </p>
   </div>
   <div class='ocr_carea' id='block_1_102' title="bbox 2155 4387 3598 4471">
    <p class='ocr_par' dir='ltr' id='par_1_102' title="bbox 2155 4387 3598 4471">
     <span class='ocr_line' id='line_1_105' title="bbox 2155 4387 3598 4471; baseline -0.003 -14"><span class='ocrx_word' id='word_1_474' title='bbox 2155 4387 2210 4449; x_wconf 94' lang='lat' dir='ltr'><strong>D</strong></span> <span class='ocrx_word' id='word_1_475' title='bbox 2518 4400 2590 4456; x_wconf 92' lang='lat' dir='ltr'><strong>de</strong></span> <span class='ocrx_word' id='word_1_476' title='bbox 2621 4400 2840 4467; x_wconf 79' lang='lat' dir='ltr'><strong>Quadis</strong></span> <span class='ocrx_word' id='word_1_477' title='bbox 2869 4414 2937 4457; x_wconf 82' lang='lat' dir='ltr'><strong>ex</strong></span> <span class='ocrx_word' id='word_1_478' title='bbox 2967 4400 3234 4471; x_wconf 85' lang='lat' dir='ltr'><strong>Eusebio,</strong></span> <span class='ocrx_word' id='word_1_479' title='bbox 3268 4398 3598 4469; x_wconf 79' lang='lat' dir='ltr'><strong>Xipbilino,</strong></span> 
     </span>
    </p>
   </div>
   <div class='ocr_carea' id='block_1_103' title="bbox 2521 4490 2816 4547">
    <p class='ocr_par' dir='ltr' id='par_1_103' title="bbox 2521 4490 2816 4547">
     <span class='ocr_line' id='line_1_106' title="bbox 2521 4490 2816 4547; baseline -0.003 -1"><span class='ocrx_word' id='word_1_480' title='bbox 2521 4504 2588 4546; x_wconf 88' lang='lat' dir='ltr'><strong>ac</strong></span> <span class='ocrx_word' id='word_1_481' title='bbox 2616 4490 2816 4547; x_wconf 89' lang='lat' dir='ltr'><strong>Dione.</strong></span> 
     </span>
    </p>
   </div>
   <div class='ocr_carea' id='block_1_104' title="bbox 2355 4820 3813 4886">
    <p class='ocr_par' dir='ltr' id='par_1_104' title="bbox 2355 4820 3813 4886">
     <span class='ocr_line' id='line_1_107' title="bbox 2355 4820 3813 4886; baseline -0.003 -2"><span class='ocrx_word' id='word_1_482' title='bbox 2355 4846 2397 4884; x_wconf 89' lang='grc' dir='ltr'><strong>ιι</strong></span> <span class='ocrx_word' id='word_1_483' title='bbox 2588 4829 2907 4885; x_wconf 86' lang='lat' dir='ltr'><strong>Eleutherii</strong></span> <span class='ocrx_word' id='word_1_484' title='bbox 2945 4825 2978 4884; x_wconf 84' lang='grc'><strong>4</strong></span> <span class='ocrx_word' id='word_1_485' title='bbox 3002 4835 3058 4886; x_wconf 92' lang='lat' dir='ltr'><strong>et</strong></span> <span class='ocrx_word' id='word_1_486' title='bbox 3085 4827 3144 4886; x_wconf 83' lang='grc'><strong>5.</strong></span> <span class='ocrx_word' id='word_1_487' title='bbox 3702 4820 3813 4880; x_wconf 78' lang='grc'><strong>475</strong></span> 
     </span>
    </p>
   </div>
   <div class='ocr_carea' id='block_1_105' title="bbox 2348 4916 3607 4975">
    <p class='ocr_par' dir='ltr' id='par_1_105' title="bbox 2348 4916 3607 4975">
     <span class='ocr_line' id='line_1_108' title="bbox 2348 4916 3607 4975; baseline -0.001 -3"><span class='ocrx_word' id='word_1_488' title='bbox 2348 4934 2411 4972; x_wconf 87' lang='lat' dir='ltr'><strong>m</strong></span> <span class='ocrx_word' id='word_1_489' title='bbox 2589 4918 2835 4974; x_wconf 85' lang='lat' dir='ltr'><strong>Avidius</strong></span> <span class='ocrx_word' id='word_1_490' title='bbox 2870 4918 3103 4975; x_wconf 88' lang='lat' dir='ltr'><strong>Cassius</strong></span> <span class='ocrx_word' id='word_1_491' title='bbox 3134 4918 3194 4972; x_wconf 93' lang='lat' dir='ltr'><strong>in</strong></span> <span class='ocrx_word' id='word_1_492' title='bbox 3241 4916 3475 4973; x_wconf 87' lang='lat' dir='ltr'><strong>Oriente</strong></span> <span class='ocrx_word' id='word_1_493' title='bbox 3505 4929 3607 4971; x_wconf 84' lang='lat' dir='ltr'><strong>re—</strong></span> 
     </span>
    </p>
   </div>
   <div class='ocr_carea' id='block_1_106' title="bbox 2526 5006 3602 5075">
    <p class='ocr_par' dir='ltr' id='par_1_106' title="bbox 2526 5006 3602 5075">
     <span class='ocr_line' id='line_1_109' title="bbox 2526 5006 3602 5075; baseline -0.002 -14"><span class='ocrx_word' id='word_1_494' title='bbox 2526 5006 2721 5075; x_wconf 81' lang='lat' dir='ltr'><strong>bellat,</strong></span> <span class='ocrx_word' id='word_1_495' title='bbox 2768 5012 2826 5063; x_wconf 90' lang='lat' dir='ltr'><strong>et</strong></span> <span class='ocrx_word' id='word_1_496' title='bbox 2870 5021 3059 5063; x_wconf 91' lang='lat' dir='ltr'><strong>mense</strong></span> <span class='ocrx_word' id='word_1_497' title='bbox 3086 5006 3242 5063; x_wconf 85' lang='lat' dir='ltr'><strong>Julio</strong></span> <span class='ocrx_word' id='word_1_498' title='bbox 3290 5006 3602 5062; x_wconf 90' lang='lat' dir='ltr'><strong>occiditur.</strong></span> 
     </span>
    </p>
   </div>
   <div class='ocr_carea' id='block_1_107' title="bbox 2524 5093 3608 5166">
    <p class='ocr_par' dir='ltr' id='par_1_107' title="bbox 2524 5093 3608 5166">
     <span class='ocr_line' id='line_1_110' title="bbox 2524 5093 3608 5166; baseline 0 -17"><span class='ocrx_word' id='word_1_499' title='bbox 2524 5095 2751 5151; x_wconf 82' lang='lat' dir='ltr'><strong>Marcus</strong></span> <span class='ocrx_word' id='word_1_500' title='bbox 2779 5097 2899 5166; x_wconf 85' lang='lat' dir='ltr'><strong>Imp</strong></span> <span class='ocrx_word' id='word_1_501' title='bbox 2931 5097 2991 5151; x_wconf 91' lang='lat' dir='ltr'><strong>in</strong></span> <span class='ocrx_word' id='word_1_502' title='bbox 3019 5096 3296 5152; x_wconf 89' lang='lat' dir='ltr'><strong>orientem</strong></span> <span class='ocrx_word' id='word_1_503' title='bbox 3331 5093 3608 5165; x_wconf 82' lang='lat' dir='ltr'><strong>proﬁcis—</strong></span> 
     </span>
    </p>
   </div>
   <div class='ocr_carea' id='block_1_108' title="bbox 2524 5184 3599 5257">
    <p class='ocr_par' dir='ltr' id='par_1_108' title="bbox 2524 5184 3599 5257">
     <span class='ocr_line' id='line_1_111' title="bbox 2524 5184 3599 5257; baseline -0.004 -18"><span class='ocrx_word' id='word_1_504' title='bbox 2524 5184 2698 5240; x_wconf 88' lang='lat' dir='ltr'><strong>citur.</strong></span> <span class='ocrx_word' id='word_1_505' title='bbox 2734 5186 2935 5257; x_wconf 86' lang='lat' dir='ltr'><strong>Lydiat</strong></span> <span class='ocrx_word' id='word_1_506' title='bbox 2963 5194 3020 5242; x_wconf 91' lang='lat' dir='ltr'><strong>et</strong></span> <span class='ocrx_word' id='word_1_507' title='bbox 3046 5185 3312 5241; x_wconf 87' lang='lat' dir='ltr'><strong>Petavius</strong></span> <span class='ocrx_word' id='word_1_508' title='bbox 3341 5185 3411 5240; x_wconf 91' lang='lat' dir='ltr'><strong>ad</strong></span> <span class='ocrx_word' id='word_1_509' title='bbox 3442 5185 3497 5239; x_wconf 86' lang='lat' dir='ltr'><strong>h.</strong></span> <span class='ocrx_word' id='word_1_510' title='bbox 3544 5197 3599 5238; x_wconf 89' lang='lat' dir='ltr'><strong>a.</strong></span> 
     </span>
    </p>
   </div>
   <div class='ocr_carea' id='block_1_109' title="bbox 2524 5274 2764 5331">
    <p class='ocr_par' dir='ltr' id='par_1_109' title="bbox 2524 5274 2764 5331">
     <span class='ocr_line' id='line_1_112' title="bbox 2524 5274 2764 5331; baseline 0.004 -3"><span class='ocrx_word' id='word_1_511' title='bbox 2524 5287 2591 5329; x_wconf 85' lang='lat' dir='ltr'><strong>ex</strong></span> <span class='ocrx_word' id='word_1_512' title='bbox 2624 5274 2764 5331; x_wconf 87' lang='lat' dir='ltr'><strong>hist.</strong></span> 
     </span>
    </p>
   </div>
  </div>
