3946 6146
134 344 222 408 529
1086 341 1422 402 CHRONOL.
1462 343 1742 403 CONSUL.
1785 347 1871 402 ΕΤ
1908 347 2067 403 CIES.
2118 346 2284 403 ROM.
2327 345 2470 402 ETC.

3372 346 3481 408 530

164 471 293 524 Anni
349 467 728 535 Imperatores,
801 466 1078 542 Consules,
1146 468 1405 523 Romano-
1487 470 1643 542 Anni
1749 476 1809 533 A
1885 472 2040 527 Anni
2115 474 2569 537 Christianorum,
2618 476 2929 529 Iudaeorum
2973 480 3022 529 et
3064 476 3189 542 ﬁni-
3248 475 3405 530 Anni

185 543 287 595 Per.
407 551 549 605 rum,
581 551 668 590 res
689 541 873 604 gestae,
900 544 951 593 et
999 539 1337 610 documento.
1466 543 1529 596 U.
1609 540 1666 595 C.

192 612 270 666 Jul
1475 616 1601 666 ante
1626 615 1678 665 et

1402 689 1528 754 post
1560 683 1725 737 Palil.

441 840 557 910 Lap
577 853 671 911 ap.
699 839 928 897 Fabrett
954 841 1198 912 inscript
1230 856 1284 913 p.
1315 838 1441 912 367,

368 927 489 997 368,
540 933 601 985 et
626 929 799 985 Noris
846 930 999 999 epist
1023 943 1161 987 cons
1187 944 1295 1003 pag
1320 929 1441 1001 446,

368 1023 422 1075 et
458 1019 607 1074 Grut
648 1018 709 1072 in
754 1017 830 1074 al.
862 1018 956 1089 lap
1000 1016 1090 1089 35,
1139 1017 1206 1075 42
1251 1027 1305 1076 et
1351 1019 1443 1092 30,

365 1106 401 1164 2
431 1114 486 1163 et
534 1104 624 1175 49,
657 1104 713 1162 5.
767 1106 1067 1163 Fabrettus
1112 1110 1444 1181 recognovit

366 1205 420 1256 et
442 1197 830 1254 correctiones
849 1198 1052 1254 edidit.
1082 1198 1203 1255 Rel.

433 1287 703 1343 Britanni
767 1286 1007 1343 rebelles
1053 1299 1155 1358 per
1228 1287 1446 1359 legatos

365 1377 526 1434 victi.
574 1377 721 1432 Hinc
768 1376 1114 1433 Commodus
1140 1378 1263 1447 Imp
1310 1374 1357 1449 7,
1390 1383 1449 1435 et

363 1467 725 1522 Britannicus
752 1466 992 1523 dicitur.
1046 1466 1287 1522 Annona
1323 1466 1447 1523 Bo-

365 1569 466 1611 ma:
492 1555 830 1612 distributa.
885 1556 1025 1612 Vota
1066 1568 1105 1610 χ
1151 1555 1443 1626 Suscepta.

361 1644 591 1702 Mediob
615 1658 687 1701 ex
720 1658 918 1701 numm
949 1651 1056 1703 etc.

186 1732 301 1791 ιεςδ
427 1737 558 1806 Imp
581 1735 700 1792 Cas
719 1737 793 1807 Μ.
824 1734 1167 1792 Commodus
1192 1734 1444 1792 Antoni-
1542 1732 1647 1792 937

173 1822 242 1893 ᾔ,
259 1822 317 1881 45
363 1838 480 1882 nus
524 1824 658 1896 Aug
689 1825 823 1882 Pius
862 1825 1023 1881 Felix
1076 1824 1446 1881 Britannicus

224 1912 261 1969 G
362 1914 765 1985 Germanicus,
814 1913 1166 1970 Sarmaticus
1229 1918 1319 1969 etc
1371 1917 1445 1968 tr.

360 2017 412 2074 p.
441 1999 519 2060 40
547 2008 605 2059 et
637 1999 723 2071 44,
746 2005 867 2073 Imp
892 1999 947 2072 7,
974 2016 1072 2059 cos
1094 1999 1129 2057 4

360 2129 505 2187 coss
545 2094 619 2148 Μ.
650 2092 1155 2187 Αῑίιὶιξξῖβκηά
1166 2105 1259 2148 ua.

782 2165 1074 2220 Maternus

427 2258 553 2326 Lap
577 2269 669 2326 ap.
698 2250 991 2310 Grut492.
1049 2251 1137 2323 43,
1184 2256 1240 2308 et
1294 2252 1444 2323 Spon

359 2344 586 2400 Miscell
619 2357 674 2414 p.
724 2340 815 2414 80,
868 2346 926 2397 et
971 2340 1330 2396 Almeloveen
1379 2355 1449 2397 ex

361 2432 615 2504 epistola
651 2432 859 2503 Cuperi
905 2431 1093 2489 Fastis
1146 2429 1443 2501 pmmissa

358 2536 499 2580 num
523 2537 608 2579 ιι.
834 2582 843 2589 ,

425 2613 714 2670 Cleander
747 2610 845 2684 25,
881 2612 1150 2669 consules
1194 2612 1253 2669 in
1304 2612 1458 2670 hunc

358 2716 581 2761 annum
605 2703 886 2775 designat.
916 2701 1140 2758 Mediob
1165 2706 1221 2759 et
1250 2702 1442 2759 Calvis

361 2808 424 2851 ex
458 2793 668 2849 Dione.
696 2791 907 2865 Pagius
950 2797 1136 2847 tamen
1180 2794 1264 2846 tot
1321 2804 1450 2847 coss

361 2882 699 2940 referendos
752 2881 953 2953 probat
1022 2886 1151 2952 post
1226 2895 1440 2937 annum

362 2971 490 3029 486.
518 2975 647 3044 Ipse
669 2970 844 3029 refert
861 2971 931 3027 ad
965 2967 1085 3027 489.

1544 1793 1816 1880 9383

187 3304 300 3365 4899
428 3313 559 3381 Imp
580 3308 703 3365 Caes
724 3310 798 3364 Μ.
829 3308 1174 3366 Commodus
1192 3308 1444 3364 Antoni-
1537 3307 1645 3366 938

171 3394 238 3467 27,
268 3397 327 3457 46
366 3406 588 3457 nusetc
616 3405 693 3455 tr.
744 3413 800 3469 p.
849 3395 909 3453 44
963 3402 1022 3454 et
1049 3394 1345 3470 42,1mp7
1392 3403 1450 3455 et
1528 3396 1637 3455 939

223 3488 260 3542 B
365 3488 417 3560 8,
452 3502 554 3545 cos
580 3486 635 3544 5.

580 3597 706 3666 Imp
761 3594 1102 3651 Commodus
1150 3592 1449 3666 Augustus

1150 3661 1331 3738 [Felix
1370 3679 1423 3720 v.

585 3739 712 3795 Man
740 3737 966 3794 Acilius
993 3736 1229 3793 Glabrio
1262 3750 1323 3791 ιι.

432 3849 654 3906 Gruter
706 3845 796 3920 94,
844 3846 901 3921 2,
952 3852 1007 3904 et
1065 3844 1190 3920 364,
1265 3843 1318 3917 4,
1383 3858 1451 3901 ac

363 3939 542 3996 Noris
565 3951 653 4010 ep.
678 3951 817 3995 cons
842 3953 897 4009 p.
934 3933 1058 3992 447.

432 4029 746 4100 Expeditio
798 4027 1089 4085 Commodi
1140 4028 1201 4084 in
1248 4027 1442 4084 hostes

367 4133 472 4177 seu
512 4120 828 4189 Pannones,
861 4132 964 4175 seu
1011 4120 1262 4189 Mauros.
1289 4118 1452 4188 Ejus-

366 4212 498 4267 dem
525 4209 839 4280 Allocutio,
862 4209 1224 4266 exercituum
1254 4208 1445 4265 victo-

370 4302 487 4368 ria,
592 4300 837 4372 reditus,
915 4298 1121 4354 classis
1179 4295 1452 4354 Africana

368 4392 661 4448 instituta.
734 4388 959 4446 Medioh
1005 4402 1076 4445 ex
1107 4388 1361 4445 nummis
1393 4392 1449 4443 et

368 4481 788 4641 malumqu
811 4568 1031 4625 dicitur
1049 4570 1171 4638 Imp
1192 4565 1249 4622 8.

366 3667 507 3724 (bss

187 4670 303 4735 4900
444 4684 567 4752 Imp
590 4681 712 4737 Caes
735 4680 1079 4736 Commodus
1116 4676 1445 4733 Antoninus
1539 4671 1646 4730 939

166 4760 240 4837 ﬁ,
267 4765 330 4824 47
372 4777 462 4827 etc
484 4779 555 4828 tr.
592 4768 741 4841 p.42
786 4775 843 4826 et
870 4768 954 4840 43,
988 4772 1109 4840 Imp
1134 4766 1190 4840 8,
1248 4780 1346 4823 cos
1392 4762 1447 4821 5.

214 4858 259 4911 *ί
370 4896 512 4953 οοεε
535 4860 991 4987 ῐῑὲἶῖανιξεὲδ

442 5020 675 5077 Fabrett
717 5021 874 5077 inscr
920 5014 1047 5077 575.
1090 5014 1145 5086 3,
1177 5022 1234 5073 et
1261 5017 1454 5086 Cupe—

371 5124 474 5168 rus
531 5111 590 5167 in
652 5107 795 5181 praei
836 5110 908 5166 ad
957 5110 1156 5166 Fastos
1199 5107 1454 5164 Almelov

372 5212 509 5256 num
532 5197 586 5256 3.

445 5290 615 5345 Sacra
644 5289 821 5345 Isidis
866 5287 1062 5345 colens
1110 5285 1454 5343 Commodus

370 5379 628 5435 Anubim
668 5382 876 5449 portat,
906 5377 1215 5448 pluresque
1242 5375 1454 5431 crude-

376 5466 575 5525 litates
595 5466 902 5538 religionis
924 5463 1293 5522 restituenda;
1322 5476 1464 5533 spe-

376 5556 468 5612 cie
518 5554 871 5613 committit:
921 5554 1056 5609 hinc
1097 5553 1305 5607 Auctor
1329 5554 1462 5605 Pie—

380 5649 515 5702 tatis
545 5647 608 5704 in
638 5643 893 5703 nummis
932 5642 1280 5702 inscribitur
1306 5639 1457 5711 apud

1544 4759 1652 4819 940

1869 542 2078 615 Olymp.

2189 618 2378 685 Reges,
2408 633 2494 672 res
2517 624 2680 686 gestae
2707 623 2757 672 et
2776 618 3116 672 documenta.

2122 849 2399 907 inferunt.
2438 850 2521 906 Ad
2569 856 2870 922 utramque
2924 850 3197 921 Visurgis

2123 939 2305 1007 ripam
2364 939 2549 996 sedem
2585 939 2819 1012 ﬁgentes
2871 939 3096 995 Ostuali
3138 946 3197 995 et

2119 1027 2402 1083 Westuali
2450 1042 2482 1084 a
2546 1030 2759 1084 vicinis
2840 1028 2985 1085 dicti
3036 1031 3193 1084 sunt.

2119 1119 2309 1177 Calvis
2338 1134 2407 1176 ex
2436 1119 2606 1176 annal
2636 1118 2878 1175 Frisicis

1878 1732 1941 1789 0.
1981 1732 2089 1792 240
2196 1734 2515 1792 Eleutherii
2549 1732 2617 1791 45
2637 1740 2694 1792 et
2736 1733 2821 1793 46.
2864 1735 3123 1792 VICTORIS
3169 1750 3209 1792 ι.

1948 1836 2006 1880 tv
2189 1824 2558 1881 Eleutherius
2621 1825 2959 1896 martyrium
3044 1825 3204 1883 subit

1903 1918 1954 1969 et
1994 1928 2062 1968 ea:
2123 1910 2194 1969 26
2224 1914 2380 1968 Maii.
2423 1913 2676 1985 Eligitur
2702 1916 2905 1970 VICTOR
2962 1929 3206 1971 succes-

1926 2003 2050 2058 dieb
2125 2016 2240 2072 sor,
2288 2008 2346 2058 et
2391 2003 2697 2059 ordinatur
2739 2001 3001 2059 Pontifex
3050 2004 3201 2060 Max.

1911 2097 2029 2148 est.
2121 2092 2218 2147 die
2235 2092 2532 2149 Dominica
2563 2090 2630 2148 48
2653 2094 2817 2149 Julii.

1877 2182 1939 2237 Ο.
1976 2178 2078 2237 244
2197 2181 2266 2236 Hi
2319 2195 2447 2238 coss
2503 2186 2775 2253 postremi
2831 2184 3207 2256 assignantur

1972 2288 1993 2326 ι
2120 2271 2456 2329 Eleutherio
2509 2274 2567 2328 in
2621 2273 2784 2328 Catal
2835 2271 3143 2328 Liberiano
3189 2290 3206 2340 ς

2124 2360 2261 2417 licet
2287 2359 2540 2431 librarii,
2565 2375 2676 2417 non
2707 2365 2926 2417 attenta
2952 2359 3158 2416 lacuna
3188 2378 3202 2414 :

2122 2448 2349 2506 eosdem
2404 2463 2535 2506 cum
2590 2448 2799 2519 primis
2847 2448 3209 2504 admoverint

2123 2536 2330 2595 Sottri.
2357 2539 2646 2594 Numerus
2686 2550 2969 2593 annorum
3026 2534 3062 2592 9
3091 2537 3209 2592 tri-

2126 2626 2397 2684 butorum
2419 2625 2604 2684 Soteri
2637 2627 2697 2682 in
2720 2626 2915 2682 eodem
2940 2625 3210 2698 Catalogo

2128 2716 2348 2771 indicat
2372 2720 2649 2787 utrosque
2667 2714 2950 2771 distantes
2972 2713 3124 2770 inter
3147 2729 3210 2771 se

2123 2805 2296 2861 annis
2324 2818 2401 2859 xv
2452 2800 2728 2878 [tempore
2780 2803 3007 2861 scilicet
3050 2804 3211 2861 assi—

2039 2933 2048 2944 .
2128 2898 2300 2965 gnato
2320 2878 2653 2950 Eleutherio
2686 2893 2747 2949 in
2802 2893 3073 2949 omnibus
3101 2894 3201 2950 Ca-

2128 2980 2361 3058 talogis]
2393 2984 2680 3052 pertinere
2714 2982 2785 3038 ad
2814 2995 3205 3039 successorem

2124 3071 2267 3128 Vide
2304 3071 2598 3143 Prolegom
2629 3069 2709 3127 fol
2751 3084 2887 3126 XCIII
2937 3076 2994 3127 et
3028 3071 3206 3127 Notas

2129 3175 2238 3233 pag
2267 3158 2389 3227 442,
2427 3158 2530 3217 420
2558 3166 2616 3217 et
2654 3156 2776 3216 457.

1984 3318 2002 3360 ι
2198 3304 2450 3359 Victoris
2478 3301 2501 3357 4
2532 3308 2589 3357 et
2612 3299 2649 3357 2

1955 3408 1997 3446 ιι
2193 3392 2309 3447 Hoc
2348 3404 2500 3447 anno
2554 3390 2803 3461 primum
2848 3391 2942 3447 sui
2972 3390 3204 3447 Pontiﬁ-

2125 3486 2289 3537 catus
2310 3480 2524 3536 Pascha
2548 3478 2797 3536 celebrat
2821 3480 3035 3536 Victor.

2198 3568 2492 3638 Apollonii
2540 3568 2833 3623 Senatoris
2879 3566 3200 3623 orationem

2127 3658 2186 3713 in
2234 3656 2445 3712 Senatu
2503 3669 2605 3725 pro
2690 3655 3023 3712 Christiana
3074 3656 3208 3712 reli-

2125 3745 2294 3817 gione
2314 3751 2369 3800 et
2392 3746 2729 3817 martyrium
2762 3752 2894 3802 ante
2920 3746 3073 3802 hunc
3102 3758 3201 3801 an-

2123 3847 2256 3891 num
2283 3833 2482 3890 referri
2505 3843 2763 3905 oportere
2784 3834 2994 3906 Pagius
3013 3835 3199 3891 docet.

2123 3926 2392 3982 Petavius
2422 3925 2492 3981 ad
2533 3926 2881 3996 proximum.

1961 4668 2003 4708 ιι
2200 4651 2448 4709 Victoris
2477 4648 2513 4707 2
2535 4654 2594 4705 et
2608 4647 2662 4705 3.
2725 4665 2730 4669 ·

1953 4758 2016 4798 ιιι
2193 4741 2537 4811 Apollonius
2565 4740 2804 4796 Senator
2858 4737 3203 4793 Christianae

2130 4831 2435 4901 religionis
2462 4834 2768 4885 accusatus
2789 4827 3105 4883 orationem
3131 4827 3203 4883 ad

2128 4922 2369 4974 Senatus
2414 4917 2662 4972 habuit:
2710 4915 3205 4993 cujus'sententia

2128 5007 2316 5063 securi
2350 5018 2660 5075 percussus
2687 5010 2789 5058 est.
2820 5002 3085 5056 Petavius
3133 5014 3203 5057 ex

2132 5093 2317 5151 Euseb
2349 5092 2467 5147 hist
2499 5089 2582 5145 lib
2622 5090 2676 5161 6,
2715 5103 2765 5145 c.
2810 5086 2881 5146 20
2908 5093 2966 5145 et
2994 5090 3209 5161 Martyr

2129 5184 2291 5239 Rom.

2205 5270 2461 5341 Philippi
2478 5266 2898 5338 Praefecturam,
2922 5266 3023 5338 qui
3052 5272 3213 5338 pater

2132 5361 2395 5434 Virginis
2473 5363 2530 5415 et
2610 5356 2878 5426 Martyris
2941 5355 3209 5429 Eugeniae

2138 5450 2272 5520 fuit,
2300 5451 2370 5505 ad
2404 5449 2558 5505 hunc
2585 5461 2799 5503 annum
2828 5446 3029 5503 retulit
3047 5447 3213 5500 Baro-

2142 5541 2278 5597 nius
2305 5544 2363 5594 et
2389 5552 2457 5594 ex
2485 5551 2552 5594 eo
2580 5536 2885 5594 Calvisius.

2195 547 2449 599 timorum
2491 547 2842 616 populorum,
2898 548 3199 616 Pontiﬁces,
3255 546 3395 598 Erae

2195 618 2378 672 Reaes.
2408 633 2494 672 res
2519 624 2680 672 gestae
2707 623 2757 672 et
2776 618 3116 672 documenta.
3233 614 3438 672 Christi

3310 629 3438 670 γιεη

3298 1735 3406 1796 485

3293 3300 3397 3358 486

3297 4645 3399 4704 487
