3982 6166
411 269 519 327 535
1197 278 1290 332 AD
1329 281 1763 340 ANASTASIUM
1827 287 2339 348 PROLEGOMENA
2376 295 2551 350 EDIT.
2600 295 3024 355 ROM.-VATIC.
3709 302 3833 372 536

485 394 638 491 Abin“.
745 396 1143 491 Imperatores.‘
1194 401 1467 491 οονξειιζθε,
1520 408 1778 491 Romano-
1848 410 2007 491 ρηξὶ
2095 426 2152 486 Α
2223 413 2394 491 Αᾼηηὶ
2453 423 2902 491 Christianorum,
2974 426 3283 481 Iudaeorum
3339 433 3390 481 et
3417 428 3558 489 ﬁni—
3609 430 3762 484 Anni

1457 465 1464 473 .
2127 465 2152 483 ι
2453 465 2883 477 υ....υ....,.ν......
2974 465 3283 481 mamma...
3339 465 3386 481 ι.
3439 465 3558 483 .,..-

499 465 622 568 1:51;.
761 483 904 530 rum,
928 484 1012 522 res
1031 477 1212 537 gestae,
1249 480 1301 528 et
1355 476 1693 533 documenta.
1848 483 1917 568 U.‘
1945 479 2027 568 C.‘
2095 465 2115 486 ⁸
2211 483 2420 562 Olymp,
2539 497 2796 568 timo-rum
2839 465 3181 567 populorum,
3242 465 3539 568 Pontifices,
3615 500 3749 554 λΕνω

1036 535 1047 537 ,
2408 535 2420 546 .
2545 535 2796 548 νη..
2883 535 2909 548 υ
2954 535 3161 551 mw..."
3242 535 3517 556 ιυηυιιυω
3615 535 3745 554 mm

506 535 666 635 1,3155,
1822 555 2028 635 αηίερὲ
2359 535 2399 562 Γ
2537 566 2718 633 Reges,
2759 535 3046 635 resygtesta:
3098 540 3181 622 et,
3208 535 3545 625 documlenta’.
3585 570 3780 626 Christi

448 607 684 691 δίειμί.
1735 624 2036 691 ωδιιιιιίι.

482 674 620 751 @5)

767 842 916 898 Grut
958 841 1081 915 444,
1135 844 1186 901 2.
1238 848 1572 918 Complures
1631 853 1780 922 leges
2457 847 3538 919 bicus,etParthicusAdiabenicusob

701 929 793 984 his
814 944 942 986 coss
980 933 1237 1004 signatas
1263 950 1331 992 ex
1368 938 1480 993 Cod
1514 941 1781 1009 producit
2455 943 2729 994 vamstam
2779 939 3069 1011 Arabiam,
3115 948 3171 997 θι
3219 943 3457 1000 Parthos
3485 952 3540 1001 θῑ

696 1018 909 1075 Reland
945 1021 1003 1076 in
1027 1023 1229 1079 Fastis.
2453 1027 2782 1085 Adiabenos
2826 1030 3010 1086 victos
3040 1045 3191 1087 anno
3219 1035 3534 1104 superiori.

767 1109 1336 1171 CaracallaaSevero
1387 1123 1586 1175 contra
1609 1120 1781 1176 Albi—
2454 1116 2674 1172 Bellum
2736 1118 2794 1172 in
2844 1118 3117 1175 Albinum
3173 1135 3534 1179 conversum.

701 1210 836 1254 num
889 1207 1148 1257 movente
1174 1203 1360 1260 Caesar
1389 1207 1629 1264 dicitur.
2454 1205 2678 1260 M8di0b
2708 1219 2775 1261 ex
2799 1220 2993 1263 numm
3024 1215 3079 1264 et
3112 1208 3249 1265 hist-

485 1299 626 1360 4940
773 1306 890 1377 Imp
913 1308 1032 1364 Cas
1072 1311 1130 1365 L,
1187 1311 1320 1381 Sept,
1370 1315 1609 1372 Severus
1653 1319 1780 1390 Aug
1868 1317 1974 1375 949
2257 1309 2340 1364 οι.
2530 1312 2774 1367 Victoris
2823 1311 2890 1368 42
2927 1321 2984 1369 et
3025 1312 3109 1370 43.
3159 1318 3460 1373 Zeruvmm
3493 1320 3537 1374 Ι.
3640 1315 3738 1374 497

477 1392 626 1462 40,8
691 1403 761 1451 tr.
817 1412 870 1467 p.
925 1394 1037 1453 4et
1074 1397 1110 1455 5
1145 1402 1266 1471 Imp
1288 1400 1343 1475 8,
1375 1402 1433 1473 9,
1483 1403 1568 1460 40,
1602 1421 1698 1463 cos
1722 1406 1776 1464 2,
1874 1406 1978 1466 95o
2262 1396 2369 1455 243
2531 1400 2598 1454 Hi
2674 1416 2802 1458 coss
2862 1404 3207 1462 tribuuntur
3265 1408 3537 1477 postremi

528 1486 572 1539 B
700 1521 838 1578 COSS
921 1529 934 1543 .
981 1527 996 1543 .
1041 1491 1418 1578 .rbat‘eranurs‘.
1492 1572 1501 1578 _
1620 1565 1677 1578 Μ
1747 1569 1776 1578 Α
2286 1502 2342 1542 1v
2451 1487 3000 1564 Victoriacatalogo
3029 1494 3538 1566 Felicisrv,aliis—

915 1600 929 1614 .
971 1601 984 1614 .
1030 1601 1042 1614 .
1075 1562 1316 1618 Ruﬁnus
1362 1566 1574 1622 Gruter
1609 1565 1696 1640 46,
1745 1569 1780 1625 9

698 1654 755 1703 et
781 1646 872 1721 54,
907 1647 956 1719 4,
984 1655 1040 1705 et
1065 1649 1188 1720 300,
1219 1653 1319 1708 ubi
1347 1658 1780 1728 conjunguntur

699 1737 760 1793 hi
791 1753 920 1794 coss
944 1754 1072 1795 cum
1101 1755 1251 1798 anno
1285 1744 1342 1797 P.
1377 1745 1438 1798 It.
1473 1743 1595 1801 949.

768 1829 1037 1898 Byzantio
1084 1839 1426 1903 expugnata,
1471 1839 1528 1890 et
1570 1836 1780 1894 Albino

2234 1582 2283 1632 et
2324 1593 2391 1632 eae
2453 1593 2562 1649 que
2595 1580 2652 1633 in
2689 1582 2980 1653 Prolegom
3008 1580 3078 1638 94
3113 1583 3224 1640 sub
3252 1585 3345 1640 his
3381 1599 3539 1640 mar—

2223 1667 2412 1722 diebus
2453 1670 2599 1740 tyrio
2618 1678 2927 1728 coronatur
2947 1687 3076 1728 cum
3095 1674 3339 1730 sedisset
3360 1689 3540 1732 annos

2090 1757 2143 1818 Β
2216 1759 2417 1812 aestivis
2455 1772 2534 1813 χιι
2571 1766 2626 1814 et
2679 1760 2804 1814 dies
2854 1775 2911 1814 x.
2963 1763 3095 1816 Post
3133 1763 3260 1832 ejus
3315 1764 3538 1820 obitum

2208 1846 2268 1901 Ο.
2308 1843 2416 1901 244
2453 1849 3400 1921 successsoreligiturZEPanINUS
3417 1854 3540 1910 dies

693 1917 754 1972 in
781 1917 990 1974 Galliis
1013 1919 1164 1975 victo
1192 1934 1275 1975 xu
1299 1922 1401 1977 Kal
1438 1925 1652 1993 Martii,
1676 1927 1782 1982 Se-

693 2021 863 2062 verus
887 2008 1163 2064 continuo
1189 2011 1420 2066 Romam
1461 2014 1626 2068 redit.
1656 2016 1780 2070 Me-

695 2097 831 2153 diob
851 2111 920 2154 ex
953 2099 1072 2156 hist
1099 2105 1156 2157 et
1177 2103 1450 2159 nummis.

475 2379 609 2438 4944
768 2386 886 2455 Imp
914 2386 1114 2444 03881..
1169 2390 1320 2461 Sept.
1365 2394 1603 2450 Severus
1653 2395 1779 2467 Aug

461 2470 548 2543 44,
592 2472 628 2529 9
687 2473 1184 2548 tr.p.5et6[mp
1212 2479 1297 2547 40,
1359 2495 1456 2538 cos
1487 2481 1542 2539 2.

511 2566 564 2620 A
688 2600 828 2656 COSS
900 2566 987 2656 Ti.
1032 2608 1045 2621 .
1094 2607 1106 2620 .
1137 2569 1510 2656 Saturninus.

900 2637 947 2692 A
977 2679 990 2690 .
1037 2679 1049 2691 .
1093 2681 1106 2692 .
1135 2637 1354 2695 Gallus.

759 2726 906 2781 Grut
935 2739 1042 2798 pag
1087 2725 1175 2798 99,
1208 2724 1230 2783 4
1276 2736 1332 2784 et
1365 2744 1471 2801 pag
1498 2729 1624 2802 300,
1670 2733 1771 2789 ubi

689 2812 752 2868 hi
791 2827 920 2870 coss
951 2815 1279 2887 junguntur
1303 2833 1433 2874 cum
1473 2824 1661 2875 anno‘
1713 2824 1770 2876 P.

687 2902 751 2956 It.
787 2901 855 2956 A.
897 2901 1021 2958 750.
1056 2906 1194 2960 Item
1225 2907 1627 2964 Fabrettlnscr
1646 2907 1770 2980 296,

687 2989 836 3060 Spon
884 2988 1014 3058 227,
1045 2994 1334 3051 Relandus
1363 2997 1525 3053 addit
1562 2997 1714 3068 leges
1743 2996 1776 3053 4

691 3085 748 3133 et
763 3079 816 3133 S.
841 3078 906 3133 A.
937 3080 1153 3149 quibus
1175 3096 1314 3137 caus
1343 3083 1433 3138 inf
1455 3086 1629 3156 irrog.
1662 3091 1768 3141 etc.

759 3168 998 3223 Severus
1027 3171 1206 3225 Nonis
1261 3174 1453 3227 Martii
1502 3174 1774 3230 Caesarem

689 3256 939 3326 appellat
985 3258 1204 3328 Getam,
1250 3265 1304 3314 ct
1329 3266 1460 3316 ante
1491 3262 1554 3316 K.
1597 3264 1778 3332 Apri-

691 3344 767 3399 lis
840 3345 1098 3402 tribunic
1163 3355 1496 3418 potestatem
1557 3351 1778 3408 confert

692 3433 771 3488 M.
800 3435 1090 3492 Antonino
1127 3437 1434 3494 Caracallze
1476 3439 1596 3494 ﬁlio
1636 3446 1776 3497 natu

693 3525 915 3593 majori.
947 3523 1174 3581 Mediob
1198 3540 1266 3582 ex
1294 3541 1488 3582 numm
1515 3534 1572 3583 et
1601 3529 1736 3584 hist.

478 3626 621 3686 4942
763 3633 884 3701 Imp
931 3632 1046 3688 Caes
1094 3635 1153 3689 L.
1198 3635 1331 3704 Sept
1385 3635 1622 3692 Severus
1654 3638 1780 3710 Aug

449 3718 535 3790 42,
592 3718 660 3777 40
699 3727 769 3778 tr.
825 3738 877 3792 p.
910 3721 945 3777 6
974 3729 1028 3778 et
1055 3719 1089 3778 7
1133 3726 1255 3794 Imp
1297 3722 1363 3780 40
1391 3733 1448 3782 et
1493 3725 1551 3780 44
1589 3742 1686 3784 cos

528 3812 574 3869 G
695 3849 831 3903 Coss

737 3863 831 3907 οδε
905 3863 978 3940 ii.
1003 3863 1294 3940 man:
1311 3863 1536 3942 regis:

763 3975 911 4033 Grut
946 3975 1071 4038 263.
1113 3974 1135 4031 4
1181 3983 1237 4032 et
1261 3974 1385 4047 672,
1422 3977 1506 4050 12,
1559 3980 1775 4035 Panvin

696 4068 834 4124 Rom
859 4068 940 4124 lib
971 4085 1010 4136 1,
1046 4085 1097 4138 p,
1131 4067 1218 4137 90,
1243 4084 1334 4137 ap.
1357 4068 1570 4124 Reland
1600 4070 1699 4140 qui
1721 4077 1777 4125 et

685 4160 879 4229 plures
892 4160 1187 4215 Gudianas
1203 4161 1449 4229 inscript
1465 4161 1698 4229 profert,
1723 4167 1779 4216 et

694 4250 846 4320 leges
877 4250 1022 4304 latas
1053 4249 1145 4304 his
1165 4265 1294 4305 coss
1323 4248 1374 4319 4,
1417 4249 1469 4321 3,
1517 4251 1587 4306 de
1609 4259 1777 4324 negot

695 4343 818 4409 gest
843 4343 950 4393 etc.

478 4443 620 4500 4943
763 4447 883 4515 Imp
911 4446 1032 4502 C:rs
1073 4447 1135 4500 L.
1186 4447 1319 4517 Sept
1368 4449 1608 4506 Severus
1647 4452 1772 4525 Aug

448 4530 533 4587 43.
588 4531 647 4588 44
694 4539 767 4590 tr.
826 4549 879 4604 p.
911 4532 945 4590 7
984 4543 1039 4590 et
1061 4536 1114 4607 8,
1167 4538 1286 4608 Imp
1331 4553 1413 4608 x1,
1461 4541 1764 4598 Parthicus

497 4624 604 4676 FE
696 4625 978 4683 Maximus
1006 4627 1143 4682 Coss
1175 4642 1236 4683 ιι.

906 4716 965 4769 Τ.
998 4716 1278 4772 Claudius
1321 4719 1578 4777 Severus.

909 4786 969 4841 C.
997 4786 1265 4844 Auﬁdius
1287 4791 1643 4850 Victorinus.

761 4875 908 4932 Grut
933 4873 1058 4931 269.
1091 4875 1144 4948 2,
1173 4878 1268 4933 ubi
1300 4879 1447 4937 dicit
1495 4883 1663 4940 dedic
1690 4900 1774 4955 pr.

697 4977 807 5019 non
821 4965 983 5034 April
1008 4965 1124 5036 imp
1140 4967 1258 5023 Cres
1279 4970 1349 5023 M.
1369 4970 1542 5027 Aurel
1555 4972 1668 5028 Ant
1683 4974 1779 5030 Ca-

696 5054 907 5110 racalla
938 5055 1056 5111 trib
1099 5063 1194 5127 pot
1217 5057 1270 5130 3,
1302 5059 1419 5116 alia
1447 5061 1605 5117 inscr
1629 5063 1776 5120 Grut

697 5157 751 5211 p.
783 5142 906 5214 300,
941 5146 1040 5201 ubi
1080 5148 1418 5204 consulatus
1450 5151 1558 5205 iste
1597 5152 1776 5223 juga—

694 5236 790 5285 tur
815 5235 834 5253 '
878 5247 1006 5289 cum
1037 5249 1188 5292 anno
1212 5237 1269 5289 P.
1299 5239 1363 5291 R.
1416 5238 1476 5291 C.
1519 5251 1771 5295 DCCCCLII.

693 5319 818 5374 Idib
842 5322 1024 5391 April.

763 5409 1051 5465 Relandus
1084 5411 1304 5466 indicat
1341 5412 1491 5485 leges
1515 5415 1606 5471 his
1651 5431 1779 5474 coss

693 5498 950 5567 signatas
1019 5498 1240 5568 (Severo
1311 5508 1366 5557 et
1439 5505 1773 5579 Victorino),

697 5598 986 5659 perperam
1038 5587 1186 5644 trahi
1221 5590 1289 5644 ad
1336 5593 1599 5649 Severum
1653 5596 1781 5667 Aug

695 4748 832 4804 Coss

1865 2393 1970 2453 950

1867 2483 1964 2542 954

1868 3637 1965 3694 954

1864 3728 1970 3787 952
2275 3745 2337 3786 ιιι

2273 4456 2336 4493 III

2289 4542 2342 4583 IV

1860 4450 1968 4510 952
2083 4436 2136 4498 D

1853 4541 1958 4601 953

2447 1937 2747 1993 Dominica
2785 1937 2856 1994 25
2885 1940 3252 2011 Septembris,
3295 1956 3407 2011 qua
3439 1957 3542 1998 or—

2451 2026 2690 2082 dinatus
2719 2028 2869 2083 sedit
2899 2029 3070 2084 annis
3100 2043 3264 2098 xvm,
3311 2044 3465 2088 mens
3502 2049 3538 2088 χ

2453 2129 2635 2186 usque
2664 2116 2732 2171 ad
2764 2117 2916 2172 diem
2959 2115 3031 2173 26
3065 2119 3225 2174 Junii
3257 2120 3392 2174 anni
3432 2119 3539 2177 247

2451 2219 2566 2275 quo
2579 2206 2918 2276 martyrium
2932 2208 3368 2264 consummavit.
3393 2209 3531 2266 Vide

2449 2299 2614 2349 notas
2643 2294 2712 2348 ad
2746 2295 3053 2350 Victorem.

2517 2400 2812 2470 Zephirini
2850 2399 2872 2456 4
2903 2400 3032 2458 et2.
3660 2406 3764 2464 498

2520 2489 2586 2542 Hi
2611 2503 2736 2544 coss
2763 2489 2832 2544 ab
2859 2491 3129 2548 omnibus
3160 2493 3436 2564 catalogis
3479 2500 3539 2550 et

2446 2576 2749 2633 codicibus
2768 2579 2825 2633 in
2844 2580 3136 2651 Prolegom
3162 2579 3238 2636 fol
3261 2579 3330 2636 94
3362 2583 3534 2652 primi

2447 2665 2790 2723 tribuuntur
2811 2669 3148 2738 Zephyrino,
3179 2669 3286 2726 sub
3317 2672 3532 2727 eisdem

2448 2755 2761 2810 celebranti
2831 2756 3081 2826 primum
3141 2759 3355 2815 Pascha
3440 2761 3536 2816 sui

2453 2844 2841 2913 pontiﬁcatus.

2521 2933 2665 2989 Ludi
2689 2935 2977 3005 magniﬁci
3005 2948 3036 2990 a
3061 2935 3262 2993 Severo
3283 2937 3531 2994 exhibiti

2453 3020 2514 3075 in
2567 3021 2782 3090 quibus
2839 3023 3207 3081 Christianus
3268 3041 3537 3083 coronam

2452 3109 2629 3178 capiti
2683 3111 2974 3180 imponere
3023 3116 3328 3186 recusavit,
3367 3130 3542 3172 occa-

2453 3198 2672 3252 sionem
2703 3199 2956 3268 praebent
3001 3202 3355 3258 Tertulliano
3385 3205 3542 3259 scri—

2453 3285 2623 3340 bendi
2681 3287 2896 3342 librum
2941 3289 3010 3344 de
3057 3304 3267 3347 corona
3312 3292 3538 3348 militis.

2452 3374 2621 3428 Petav
2637 3389 2704 3429 ex
2735 3377 3020 3433 Herodian
3051 3379 3257 3449 Xiphil
3289 3381 3456 3451 Spart
3479 3388 3537 3438 et

2451 3462 2793 3519 Tertulliau.

2520 3643 2827 3714 Zephyrini
2853 3642 2889 3700 2
2918 3650 2974 3700 et
3000 3643 3054 3700 3.
3639 3649 3754 3708 499

2518 3731 2601 3785 Ad
2632 3733 2960 3788 Parthicum
3001 3733 3214 3790 bellum
3257 3735 3536 3804 profectio

2452 3822 2620 3893 Aug.,
2645 3822 2700 3876 in
2727 3822 2886 3892 Syria
2908 3837 2995 3878 res
3019 3824 3157 3880 bene
3178 3831 3376 3896 gestat:
3402 3827 3536 3882 inde

2452 3912 2786 3980 triumphus
2815 3913 3092 3968 Judaicus
3121 3915 3412 3970 Antonino
3441 3915 3535 3970 de-

2452 4004 2660 4054 cretus.
2697 4000 2922 4056 Mediob
2941 4015 3011 4057 ex
3041 4017 3235 4059 numm
3261 4009 3318 4059 et
3343 4004 3482 4059 bist.

2517 4442 2820 4514 Zephyrini
2853 4443 2887 4500 3
2915 4449 2970 4500 et
3001 4442 3052 4498 4.
3631 4444 3770 4506 200

2523 4533 2950 4589 Persecutionis
2979 4535 3240 4590 velitatio
3266 4535 3522 4606 quaedam
3598 4536 3778 4595 Biss.

2454 4621 2512 4675 in
2538 4619 2730 4677 Africa
2759 4621 2873 4677 fuit
2904 4625 3147 4692 praaside
3194 4624 3531 4681 Saturnino.

2449 4709 2616 4764 Petav
2645 4723 2710 4764 ex
2736 4711 2954 4766 Tertull
2980 4712 3045 4767 ad
3072 4712 3212 4783 Scap
3243 4728 3291 4768 c.
3319 4710 3373 4769 2.

2522 4798 2800 4868 Seleucia,
2850 4800 3176 4872 Babylonia,
3222 4802 3535 4872 Ctesiphon

2454 4892 2510 4942 et
2545 4887 2778 4942 Parthia
2828 4896 2992 4958 capta
3052 4904 3118 4946 ac
3165 4891 3527 4961 depopulata.
3641 4913 3650 4920 ε

2450 4976 2594 5031 Hinc
2623 4975 2862 5032 Severus
2904 4978 3031 5050 Aug
3081 4980 3382 5034 Parthicus
3407 4982 3536 5035 Ma-

2453 5065 2647 5119 ximus
2663 5065 2987 5136 appellatur
3005 5067 3228 5124 Mediob
3243 5082 3312 5124 ex
3335 5083 3533 5125 numm

2451 5159 2507 5208 et
2536 5153 2672 5209 hist.

2521 5242 2781 5314 Abgarus
2808 5245 3274 5304 Osdrohenorum
3298 5263 3396 5305 rex
3426 5251 3538 5304 Se-

2449 5344 2579 5386 vero
2595 5344 2654 5386 se
2683 5333 2860 5388 dedit.
2894 5336 3009 5391 Rex
3039 5338 3319 5393 Armediae
3344 5337 3536 5395 fcedus

2452 5435 2579 5476 cum
2615 5436 2680 5480 eo
2732 5422 2888 5480 facit.
2944 5427 3236 5497 Lydiatus.
