3946 6146
273 303 362 360 544
1248 315 1581 375 CHRONOL.
1641 320 1920 379 CONSUL.
1972 325 2059 380 ET
2107 326 2268 383 CzES.
2313 329 2480 386 ROM.
2535 333 2679 386 ETC.
3578 341 3686 400 542

335 424 492 528 initi
561 429 942 528 ΙηΪρῗςαίοςςε,
999 433 1294 528 Τοηξαζεε,
1372 441 1639 528 Βοῃναηο-
1713 441 1873 528 ἐξηρὶ
1948 447 2005 504 Α
2080 447 2251 528 “Anni
2315 453 2768 528 Christianorum,
2821 456 3131 510 Iudaeorum
3158 464 3208 512 et
3253 462 3378 528 ﬁui—
3453 463 3610 516 Anni

624 517 766 565 rum,
793 518 878 558 res
901 510 1082 578 gestae,
1111 514 1161 562 et
1186 510 1522 567 documenta.
1713 512 1889 602 ULC.‘
2072 518 2279 590 Olymp.
2392 526 2648 602 timorum
2713 498 3057 595 populorum,
3087 496 3387 602 Pontiﬁces,
3453 496 3607 588 [ξίλέ

905 568 921 571 _
1073 568 1082 578 ,
2078 568 2128 572 ,-
2266 568 2279 577 .
2755 568 2780 579 ν
2825 568 3037 582 mw“...
3087 568 3364 585 ιυιηιυυυο
3466 568 3604 588 ωιω

363 568 502 665 {fit}:
1693 589 1820 665 ante
2135 568 2160 588 υ
2220 568 2254 590 Γ
2388 596 2573 662 Reges,
2621 568 2905 665 resrg‘esta:
2961 606 3011 654 et
3042 568 3387 656 ,documlenta:
3417 604 3637 659 Christi.

302 639 520 783 et
1639 659 1767 722 post
1779 655 1925 708 Pali!

547 839 604 891 et
633 831 790 906 4047,
823 833 877 904 3,
924 836 1136 893 Reland
1191 839 1228 896 l.
1262 837 1300 896 2
1342 840 1402 897 C.
1434 843 1505 899 de
1547 858 1644 900 re-

549 923 692 980 miss
721 924 972 996 pignor.,
1002 933 1108 984 etc.

615 1013 960 1070 Decennalia
980 1021 1107 1072 vota
1126 1017 1404 1076 Antonini
1429 1021 1641 1079 soluta.

555 1104 680 1172 Ipse
733 1103 792 1158 in
862 1103 1216 1160 Britanniam
1283 1122 1412 1164 cum
1484 1118 1640 1180 patre

546 1191 956 1260 proﬁciscitur.
1013 1193 1238 1250 Mediob
1288 1210 1356 1252 ex
1417 1212 1551 1254 num
1581 1206 1638 1256 et

545 1280 682 1336 hist.

610 1370 750 1425 Geta
825 1371 1012 1427 Caesar
1077 1380 1321 1446 augetur
1385 1390 1417 1432 a
1472 1379 1634 1435 Patre

537 1474 628 1516 TR.
666 1474 766 1515 POT
819 1467 874 1516 et
905 1461 1077 1518 titulo
1118 1466 1383 1535 Augusti.
1417 1467 1520 1522 Ibi.

607 1569 728 1638 Imp
772 1567 891 1623 Caes
935 1570 991 1623 L.
1035 1569 1166 1656 Sept
1211 1575 1450 1629 Severus
1496 1576 1664 1631 Parth
1739 1575 1836 1634 964
2062 1579 2268 1638 0.246
2375 1586 2680 1656 Zephyrini
2707 1585 2774 1644 42
2797 1594 2854 1644 et
2887 1588 2972 1644 43.
3467 1587 3575 1646 209

327 1650 452 1746 22,4
534 1656 660 1711 Max
710 1663 784 1711 tr.
813 1672 864 1723 p.
925 1656 1009 1725 46,
1056 1655 1139 1728 47,
1181 1675 1278 1717 cos
1305 1659 1359 1727 3,
1391 1665 1508 1733 Imp
1541 1661 1627 1728 42,
1737 1663 1845 1722 962
2053 1684 2107 1724 1v
2133 1676 2183 1726 et
2211 1689 2277 1727 ea:
2315 1650 2605 1730 Minuci-us
2671 1677 2847 1746 Felix,
2897 1679 3146 1746 scriptor
3224 1679 3379 1737 cele-

361 1743 408 1796 A
533 1753 588 1799 et
646 1747 803 1857 I‘mpp
847 1746 997 1857 Caafs
1046 1747 1235 1857 Severi
1275 1750 1381 1857 ﬁ'lii
1439 1753 1625 1857 Arnton
1941 1797 1993 1857 Β
2058 1759 2249 1815 diebus
2315 1762 2438 1817 bris
2461 1763 2708 1834 Dialogi,
2741 1743 2843 1821 cui
2870 1743 3071 1823 nomen
3097 1767 3374 1842 Octavius,

533 1843 604 1891 tr.
661 1832 721 1888 44
783 1841 840 1890 et
897 1834 981 1906 42,
1043 1851 1140 1893 cos
1193 1835 1248 1906 3,
1298 1841 1418 1909 Imp
1469 1839 1524 1912 2,
1569 1847 1626 1897 et
1942 1832 1993 1857 υ
2089 1855 2187 1903 ωδε
2303 1832 2698 1908 ﬁoretCalvis.

531 1924 670 1980 Geta
701 1929 773 1980 tr.
811 1940 864 1995 p.
895 1921 946 1988 4,
973 1923 1028 1995 2,
1062 1941 1160 1982 cos
1183 1925 1238 1982 2.
2057 1938 2117 1993 Ο.
2139 1936 2246 1994 247

741 2044 816 2054 —
868 2015 1149 2072 Claudius
1205 2017 1397 2073 Civica
1455 2019 1626 2075 Pom—
2153 2042 2171 2083 ι

528 2085 662 2141 Coss
861 2087 1118 2155 peianus.

751 2187 824 2198 —
852 2158 1149 2215 Lollianus
1167 2159 1392 2217 Avitus.

603 2245 776 2316 Lapis
797 2246 856 2301 in
880 2246 1049 2302 Edib
1081 2249 1367 2318 principis
1387 2251 1616 2308 Alteria:

533 2335 590 2389 in
638 2336 827 2390 Monte
865 2336 1083 2392 Pincio.
1136 2337 1339 2409 Vignol
1374 2340 1621 2412 inscript

525 2423 705 2479 Select
731 2422 927 2494 p.340,
959 2427 1110 2495 Spon
1142 2427 1355 2483 Miscell
1389 2426 1476 2498 40,
1508 2431 1624 2487 Re-

525 2512 657 2568 land
686 2513 803 2569 alio
834 2527 901 2569 ex
945 2514 1038 2585 lap
1090 2517 1298 2572 Gudii:
1336 2524 1393 2573 et
1443 2532 1512 2574 ex
1543 2519 1582 2574 l.

528 2615 623 2658 un.
652 2602 711 2656 C.
734 2603 803 2658 de
833 2603 957 2673 priv
984 2605 1102 2660 dot.

596 2692 918 2761 Caledonii,
971 2693 1192 2763 aliique
1252 2695 1484 2752 Barbari
1559 2697 1620 2754 in

525 2781 823 2837 Britannia
876 2781 1035 2838 victi.
1063 2783 1290 2839 Mediob
1319 2799 1387 2840 ex
1419 2799 1612 2842 numm

523 2876 579 2926 et
607 2870 747 2926 hist.

326 2972 446 3032 4923
601 2979 718 3048 Imp
769 2977 1008 3035 Severus
1052 2984 1125 3035 tr.
1159 2995 1213 3051 p.
1263 2977 1349 3053 47,
1387 2980 1472 3054 48,
1524 2997 1620 3040 cos
1702 2983 1809 3043 962
2144 2994 2162 3037 ι
2364 2981 2669 3052 Zephyrini
2705 2979 2771 3038 43
2791 2986 2848 3038 et
2876 2979 2964 3037 44.

330 3062 456 3128 23,2
530 3065 850 3138 3,lmp12,
899 3069 1072 3124 ducto
1104 3084 1265 3126 muro
1295 3068 1396 3128 430
1422 3073 1617 3130 miliar
1696 3072 1802 3131 963
1937 3125 1980 3138 η
2137 3083 2175 3122 ιι
2362 3070 2549 3126 Severi
2627 3072 2892 3128 excursio
2963 3072 3032 3128 ad
3083 3075 3366 3128 extremos
3468 3067 3575 3126 240

365 3125 404 3210 G
525 3125 881 3212 Britanniam
975 3157 1208 3227 dividit,
1308 3125 1615 3232 pinea—413.;
1701 3125 1796 3131 ἡ-
1932 3125 1982 3188 C
2294 3159 2435 3214 ﬁnes
2468 3159 2998 3216 insulaeBritannia:
3023 3161 3379 3215 viammunit

521 3245 702 3300 vincit
745 3245 1040 3317 Barbaros,
1127 3254 1184 3303 et
1253 3249 1609 3305 Britannicus
2287 3245 2629 3300 Christianae
2687 3246 2815 3300 ﬁbei
2882 3247 3242 3315 praeconibus
3291 3247 3360 3301 ad

519 3349 648 3390 cum
697 3334 840 3390 ﬁliis
867 3348 934 3390 ac
982 3337 1104 3406 Imp
1129 3350 1234 3392 xm
1262 3337 1606 3407 appellatur.
2289 3333 2518 3389 Christo
2573 3333 2867 3389 subdenda
2914 3334 3036 3389 lora
3086 3335 3359 3388 Romanis

516 3424 581 3479 Et
615 3425 772 3493 lmpp
799 3423 950 3480 Cass
989 3424 1180 3481 Severi
1225 3425 1333 3480 ﬁlii
1360 3427 1608 3498 Augusti
2291 3428 2456 3478 antea
2497 3423 2802 3478 inaccessa.
2856 3427 2935 3477 Ex
2974 3421 3349 3477 Tertulliano.

515 3512 844 3567 Antoninus
874 3517 948 3567 tr.
990 3528 1048 3584 p.
1086 3511 1154 3568 42
1183 3520 1240 3570 et
1265 3511 1352 3584 43,
1379 3528 1445 3569 ac
1474 3515 1614 3572 Geta
2291 3511 2432 3568 Vide
2455 3517 2617 3568 notas
2646 3512 2714 3566 ad
2738 3511 3141 3581 upbyrinum.

519 3605 590 3654 tr.
622 3614 673 3670 p.
707 3597 762 3669 2,
807 3598 862 3664 3,
895 3607 1001 3656 etc.
1060 3602 1285 3659 Mediob
1320 3616 1390 3659 ex
1418 3617 1601 3674 num.,

522 3691 628 3742 etc.

728 3934 840 3976 nus
915 3918 1009 3995 [αι.
1087 3923 1368 3994 Ruﬁnus].

588 4011 800 4066 Gruter
847 4009 974 4076 300,
1037 4009 1088 4080 4,
1156 4019 1211 4067 et
1262 4010 1386 4085 344,
1435 4011 1487 4082 4,
1539 4028 1608 4070 ex

523 4098 732 4153 Panvin
757 4098 967 4154 Reland
997 4101 1170 4155 etiam
1201 4113 1269 4156 ex
1299 4101 1337 4156 l.
1379 4101 1402 4156 4
1449 4102 1508 4158 C.
1537 4103 1609 4157 de

521 4185 686 4243 bonis
745 4186 964 4258 libert.,
1017 4194 1124 4244 etc.

331 4284 455 4345 4924
590 4295 712 4364 Imp
731 4293 972 4351 Severus
993 4295 1121 4368 Aug
1142 4301 1212 4352 tr.
1256 4311 1307 4366 p.
1353 4293 1440 4368 48,
1477 4298 1603 4369 prid
1680 4295 1788 4354 963

2144 4303 2184 4346 II
2358 4287 2662 4360 Zephyrini
2698 4286 2766 4344 44
2795 4293 2851 4346 et
2882 4286 2970 4346 45.
3461 4285 3561 4345 244

328 4373 460 4448 24,3
523 4383 642 4438 Non
691 4383 836 4439 Febr
886 4386 1132 4440 moritur
1161 4385 1398 4442 Eboraci
1430 4401 1528 4443 cos
1553 4385 1606 4456 3,
1675 4384 1784 4444 964
2127 4392 2188 4434 ιιι
2358 4379 2502 4434 Ante
2562 4379 2714 4434 hunc
2797 4392 3010 4434 annum
3068 4377 3374 4434 αδνδοδηω

353 4467 395 4520 F
525 4471 641 4542 imp
700 4470 786 4528 43.
845 4475 984 4544 Ejus
1028 4475 1251 4532 cineres
1295 4489 1327 4530 a
1357 4475 1500 4531 ﬁliis
1548 4478 1606 4532 in
1920 4489 1974 4549 D
2285 4469 2624 4537 imperantis
2669 4468 2938 4537 primum,
2989 4480 3104 4537 quo
3131 4467 3183 4522 is
3214 4473 3372 4536 parte

514 4562 762 4631 Imperio
857 4562 1290 4619 successoribus
1377 4564 1608 4620 Romam
2285 4555 2598 4610 Britannia!
2645 4557 2876 4610 cessita
2925 4560 3086 4624 patre
3125 4553 3370 4623 imperio

516 4649 872 4723 deferuntur,
929 4653 1032 4724 qui
1063 4666 1192 4708 eum
1245 4653 1448 4708 Divum
1495 4667 1604 4724 ap-

2284 4643 2514 4711 additaa,
2550 4655 2948 4714 recognoscere
2973 4647 3195 4710 oportet
3228 4639 3370 4696 fun-

517 4740 750 4809 pellant.
2289 4733 2454 4788 datos
2504 4732 2561 4786 in
2617 4732 2810 4787 eadem
2867 4729 3057 4786 insula
3085 4736 3200 4786 tres
3237 4729 3370 4799 epi—

2286 4827 2574 4890 scopatus,
2670 4821 3078 4876 Eboracensem
3151 4815 3362 4892 [York],

2289 4911 2726 4979 Londinensem,
2786 4915 2842 4964 et
2896 4909 3147 4964 Colonia:
3198 4907 3366 4962 Lindi

2289 4993 2596 5070 [Lincoln].
2630 4997 2770 5052 Vide
2801 4997 2900 5052 ubi
2929 5009 3124 5065 supra.

319 4839 449 4902 4925
588 4850 746 4919 Impp
815 4849 1144 4906 Antoninus
1211 4851 1374 4923 Augg
1439 4851 1607 4906 Parth

322 4927 424 4998 4,8
523 4936 650 4992 Max
681 4938 917 4994 Britann
949 4945 1022 4993 tr.
1080 4955 1132 5009 p.
1170 4939 1237 4995 43
1264 4945 1320 4995 et
1374 4937 1459 5008 44,
1514 4953 1611 4995 cos

323 5019 361 5074 G
386 5023 444 5078 Ρ.
511 5024 565 5095 3,
597 5029 718 5096 Imp
763 5027 821 5098 2,
846 5033 904 5084 et
925 5029 1066 5085 Geta
1105 5030 1232 5101 Aug
1272 5030 1502 5085 Britann
1533 5036 1606 5085 tr.

519 5129 570 5184 p.
603 5113 656 5186 3,
681 5114 734 5188 4,
766 5116 1072 5187 cos2imp.

727 5204 792 5273 ρ.
844 5207 1009 5276 Elpid
1083 5206 1266 5264 Rufus
1314 5209 1610 5264 Lollianus

515 5276 651 5332 Coss
831 5278 1172 5334 Gentianus.

691 5378 768 5388 —
841 5350 1189 5420 Pomponius
1220 5351 1448 5406 Bassus.

589 5437 730 5493 Pace
761 5452 891 5493 cum
924 5439 1189 5494 Barbaris
1224 5439 1281 5494 in
1312 5440 1612 5495 Britannia

520 5527 688 5602 inita,
767 5527 998 5581 Romam
1085 5528 1322 5583 redeunt
1362 5527 1609 5598 Augusti

517 5613 725 5671 fratres
748 5614 1073 5672 Antoninus
1100 5622 1157 5672 et
1179 5617 1336 5672 Geta.
