3946 6146
212 237 306 296 545
1193 238 1530 295 CHRONOL.
1589 237 1760 295 CONS

1988 240 2015 294 Γ
2055 241 2213 300 CJES.
2265 243 2433 298 ROM.
2491 245 2636 299 ETC.

3514 261 3621 322 546

259 380 422 432 Anni
489 379 846 448 Imperatores
945 378 1220 446 Consules,
1310 381 1581 434 Romano-
1647 379 1762 433 Am

2015 363 2175 448 [Anni
2239 366 2694 448 Christianorum,
2750 373 3066 428 Iudaeorum
3106 381 3156 430 et
3192 383 3330 446 ﬁni—
3397 386 3554 440 Anni

561 465 706 519 rum,
737 465 824 504 res
859 455 1044 517 geste,
1076 456 1126 505 et
1168 451 1503 505 documenta.

310 538 348 576 τι
377 562 391 574 .

310 538 391 576 αι.

203 660 273 738 ®
299 665 352 734 ἒ
561 752 792 810 Gruter.
834 751 961 823 342,
993 751 1030 810 2
1058 771 1074 824 ;
1102 753 1338 811 Reland.
1371 768 1440 811 ex
1470 754 1508 811 l.
1543 752 1578 810 3

495 845 556 901 C.
593 844 799 901 arbitr.
835 843 1024 914 tutel.,
1057 848 1165 900 etc.

554 933 889 990 Antoninus
935 933 1245 990 Antiochia
1285 932 1576 1004 profectus

478 1023 890 1080 Alexandriam
917 1024 1111 1078 venit:
1136 1023 1236 1079 ubi
1266 1023 1576 1080 honoriﬁce

481 1118 810 1183 susceptus,
868 1112 1150 1168 immissis
1208 1112 1394 1182 c0piis
1447 1112 1574 1168 suis

483 1202 872 1272 promiscuam
930 1201 1365 1256 multitudinem
1410 1201 1572 1256 occi-

482 1291 593 1360 dit,
630 1291 781 1362 quod
817 1292 875 1346 in
908 1291 1099 1361 ipsum
1127 1289 1441 1360 aliquando
1470 1288 1573 1344 di-

482 1385 574 1434 cta
607 1379 903 1449 jecissent.

551 1468 687 1524 Post
708 1467 1072 1524 Antiochiam
1107 1467 1275 1523 redit.
1303 1465 1568 1523 Petavius

482 1569 549 1612 ex
579 1556 766 1626 Spart.
797 1563 854 1613 et
883 1557 1224 1614 Herodiano.

266 1661 402 1720 4929
553 1667 693 1734 Imp.
723 1664 1073 1732 Antoninus,
1119 1670 1226 1720 etc.
1268 1669 1342 1719 tr.
1375 1678 1429 1733 p.
1476 1660 1564 1732 48,
1655 1658 1762 1717 968

266 1751 308 1806 5.
343 1750 410 1806 42
485 1752 574 1806 49.
606 1768 724 1806 cos.
751 1751 804 1806 4.
836 1756 974 1806 Imu.
1005 1753 1058 1806 3.
1654 1748 1760 1806 969

258 1751 308 1820 5,
343 1750 410 1808 42
485 1752 574 1824 49,
606 1768 724 1810 cos.
751 1751 804 1821 4,
835 1756 974 1824 Imp.
1005 1753 1058 1810 3.

263 1845 403 1901 BA.
701 1848 721 1868 ¹
772 1846 832 1900 C.
880 1849 900 1868 ·
946 1846 1115 1901 Atius
1177 1845 1429 1901 Sabinus
1477 1843 1563 1899 vel

479 1916 636 1973 Coss.
766 1917 965 1972 Catius
991 1917 1261 1972 Sabinus.

691 1989 816 2044 Sex.
850 1992 871 2011 '
902 1989 1205 2045 Cornelius
1246 1985 1560 2042 Anulinus.

548 2095 721 2153 Noris
765 2097 934 2167 epist.
978 2097 1145 2152 Cons.
1182 2100 1237 2150 et
1284 2092 1561 2150 Frabrett.

335 2215 361 2230 --
476 2187 654 2241 Inscr.
699 2201 752 2256 p.
795 2184 895 2241 684
940 2186 1297 2257 corrigentes
1330 2185 1560 2239 Gruter.

482 2272 604 2341 483,
660 2271 694 2329 4
741 2281 797 2330 et
839 2276 1075 2330 Panvin.
1130 2274 1380 2346 legentes
1428 2272 1488 2326 in
1527 2267 1564 2326 2

478 2363 712 2420 consule
731 2364 874 2418 Aur.
899 2379 1002 2435 pro
1030 2366 1187 2421 Corn.
1210 2369 1265 2419 et
1289 2363 1346 2417 in
1377 2361 1562 2431 primo

477 2452 536 2508 C.
566 2453 785 2509 Atium.
813 2454 917 2510 Sed
953 2453 1259 2522 inscriptio
1289 2465 1320 2507 a
1346 2450 1561 2521 Sponio

483 2541 661 2599 relata
706 2539 804 2599 274
872 2543 1039 2599 habet
1091 2544 1241 2598 Catio
1278 2540 1480 2596 Sabino
1519 2551 1561 2593 ιι

477 2637 529 2688 et
559 2633 825 2688 Anulino.

556 2722 791 2778 Reland.
841 2735 910 2778 ex
952 2721 992 2777 l.
1042 2720 1066 2776 4
1128 2721 1189 2777 C.
1239 2720 1309 2776 de
1350 2720 1564 2776 Postu—

479 2811 671 2881 lando,
703 2817 810 2867 etc.

552 2900 768 2956 Bellum
806 2900 1137 2956 Parthicum
1180 2898 1418 2954 insidiis
1456 2911 1560 2953 ac-

481 2993 602 3044 tum
645 2994 846 3044 contra
901 2988 1279 3044 Artabanum.
1321 2985 1556 3042 Barbari

480 3077 675 3148 plures
715 3077 868 3132 caesi.
903 3076 1234 3132 Antoninus
1280 3075 1338 3130 in
1370 3077 1562 3130 Meso-

481 3166 789 3237 potamiam
821 3165 1148 3221 revertitur.

269 3270 404 3330 4930
545 3275 666 3344 Imp
695 3273 1029 3328 Antoninus
1065 3278 1151 3327 etc
1181 3279 1254 3326 tr.
1290 3285 1345 3340 p.
1381 3284 1433 3340 p.
1468 3266 1556 3339 49,

276 3359 328 3432 2,
358 3360 396 3418 9
476 3359 563 3432 20,
610 3377 708 3418 cos
752 3359 804 3433 4,
851 3363 972 3430 Imp
1014 3359 1068 3422 3.
1118 3360 1186 3415 ad
1237 3360 1294 3414 d.
1347 3373 1424 3423 v1,
1471 3358 1552 3413 Id.

312 3453 358 3506 E
478 3452 699 3522 Aprilis
749 3451 1040 3508 occiditur
1087 3450 1238 3520 apud
1288 3448 1558 3503 Edessam

481 3541 988 3597 insidiissuorum.
1004 3535 1558 3608 Successoreligitur

479 3643 542 3684 ιι.
572 3629 811 3685 Oremus
835 3630 1087 3685 SEVERUS
1110 3628 1417 3695 chnmus,
1457 3625 1556 3696 qui

482 3718 666 3773 ﬁlium
703 3732 868 3774 suum
911 3718 1224 3775 Antonium
1260 3716 1560 3772 Diadume-

483 3820 642 3875 num,
694 3808 814 3864 sive
866 3807 1380 3864 Diadumeniarum
1431 3803 1559 3859 Cae-

481 3910 666 3954 sarem
697 3903 853 3954 creat
879 3903 935 3954 et
961 3897 1088 3968 Aug
1115 3909 1183 3952 ex
1213 3893 1466 3951 nummis
1504 3899 1560 3948 et

490 3987 628 4044 hist.

483 4130 620 4188 COSS
657 4095 719 4150 C.
751 4095 1011 4178 Bruttius
1041 4095 1295 4177 Praesens

657 4167 718 4220 T.
752 4169 996 4222 Messms
1024 4167 1370 4222 Extricatus.

553 4275 785 4330 Gruter.
813 4272 936 4346 300,
965 4271 1014 4338 4,
1045 4273 1141 4329 ubi
1178 4273 1237 4328 hi
1264 4285 1391 4328 coss
1415 4272 1562 4340 jun—

487 4369 702 4434 guntur
719 4377 871 4418 anno
893 4378 1060 4419 p.n.c.
1092 4374 1316 4430 DCCLXX,
1345 4358 1557 4415 Reland

486 4464 554 4506 ex
582 4452 620 4507 l.
659 4450 714 4519 9,
749 4453 810 4507 C.
843 4453 912 4508 de
944 4467 1049 4523 neg
1079 4455 1200 4524 gest
1228 4456 1335 4506 etc.
1377 4450 1567 4503 Num-

489 4541 566 4594 mi
587 4540 877 4612 Egiorum
903 4541 960 4596 in
982 4540 1188 4596 Cilicia
1208 4535 1422 4608 signati
1441 4535 1566 4589 Dia-

485 4628 834 4686 dumeniano
889 4630 1040 4698 apud
1101 4627 1372 4684 Vaillant.
1434 4623 1567 4678 IEra

485 4714 612 4787 264,
647 4732 772 4787 qua:
800 4718 976 4788 cepit
1004 4719 1068 4772 V.
1094 4717 1154 4773 C.
1187 4713 1316 4780 706,
1343 4713 1414 4769 ab
1440 4711 1567 4768 Au--

489 4812 687 4864 tumno
720 4809 984 4864 indicant
1013 4807 1167 4864 hunc
1197 4818 1433 4862 annum.

280 4907 409 4970 4934
561 4916 680 4985 Imp
707 4915 826 4972 Caes
855 4917 928 4970 Μ.
973 4912 1111 4984 Opel
1141 4915 1244 4970 Sev
1277 4911 1567 4969 Macrinus
1657 4903 1763 4964 970

279 4998 403 5072 3,40
484 5003 608 5077 Aug
649 5011 720 5062 tr.
756 5020 812 5076 p.
849 5002 898 5076 4,
937 5011 992 5061 et
1021 5002 1076 5061 2.
1110 5004 1212 5075 qui
1250 5003 1569 5059 Diadume—
1657 4994 1756 5055 974

321 5094 370 5147 D
494 5094 732 5151 nianum
763 5093 948 5151 ﬁlium
975 5095 1250 5150 Caesarem
1275 5093 1421 5149 dicit
1445 5091 1572 5146 Au—

295 5187 302 5191 ’
491 5190 742 5254 gustum.

708 5294 828 5364 Imp
853 5293 973 5350 Caes
1015 5295 1085 5349 Μ.
1127 5290 1264 5363 Opel
1311 5292 1413 5347 Sev
1447 5290 1574 5345 Ma—

491 5361 626 5420 Coss
771 5361 896 5421 crin
936 5366 1080 5436 Aug.

706 5438 780 5492 M.
811 5433 1143 5493 Coclatinus
1170 5433 1481 5490 Adventus.

563 5541 818 5600 Priorem
841 5555 872 5598 e
894 5541 1083 5600 Fastis
1099 5541 1279 5600 erasit
1294 5536 1579 5608 Elagaba—

1635 452 1696 504 U.
1731 450 1788 504 ο.
2009 433 2219 506 Οιυηκρο

1607 529 1734 577 ante
1763 527 1815 576 et

218 598 265 664 ej
283 593 459 660 Caeli.
1549 598 1671 664 post
1692 594 1858 648 Pam.

2067 1672 2129 1714 Ill

2066 1761 2122 1803 IV

1879 1700 1932 1760 B

1649 3263 1756 3322 969

1647 3353 1753 3412 970

2332 441 2585 494 timorum
2635 446 2977 518 populorum,
3036 441 3337 518 Pontiﬁces,
3411 457 3554 512 Era

2323 526 2492 578 reges,
2524 528 2608 567 res
2635 521 2798 582 gestae
2826 520 2877 570 et
2906 517 3242 575 documenta.
3391 526 3609 584 Christi.

2311 1661 2614 1732 Zephyrini
2651 1661 2715 1718 49
2743 1666 2798 1718 et
2825 1662 2915 1719 20.
3412 1667 3520 1727 246

2311 1750 2597 1806 Caracalla
2642 1750 2929 1821 Abgarum
2987 1752 3318 1811 Osrhoeno-
3389 1758 3532 1813 Biss.

2242 1852 2369 1892 rum
2413 1838 2615 1909 Regem
2665 1845 2862 1895 contra
2906 1841 3096 1897 datam
3151 1843 3320 1899 ﬁdem

2239 1926 2304 1980 ad
2345 1939 2406 1981 se
2437 1933 2694 1984 vocatum
2746 1927 2912 1984 habet
2945 1930 3003 1984 in
3040 1931 3317 1987 vinculis.

2239 2013 2524 2071 Adversus
2569 2017 2806 2073 Parthos
2848 2025 3052 2089 movet,
3100 2019 3320 2076 frustra

2239 2103 2307 2158 ad
2336 2118 2394 2160 se
2416 2105 2693 2161 accersito
2720 2105 3121 2162 Armeniorum
3150 2109 3320 2179 Rege.

2239 2193 2577 2250 Parthorum
2651 2209 2826 2266 regno
2891 2196 3100 2265 inhiat,
3157 2203 3215 2251 et
3260 2200 3321 2250 in

2236 2281 2463 2338 Arbelis
2528 2285 2747 2354 campis
2811 2286 3140 2340 eorumdem
3209 2285 3324 2340 Re-

2239 2387 2369 2442 gum
2433 2373 2696 2442 sepulcra
2751 2374 2973 2430 evertit.
3035 2375 3112 2429 Ex
3175 2374 3322 2430 Dio-

2240 2474 2309 2516 ne
2338 2461 2565 2531 Xiphil.

1988 3263 2176 3332 Olymp
2293 3257 2594 3327 Zephyrini
2644 3256 2709 3312 49
2751 3262 2807 3312 et
2847 3255 2937 3313 20.
2982 3258 3230 3312 CALLISTI
3273 3273 3311 3313 I.
3403 3254 3511 3313 247

2036 3346 2144 3406 248
2299 3346 2656 3415 Zephyrinus
2729 3346 2990 3413 martyrii
3069 3346 3314 3412 palmam

2024 3451 2078 3493 IV
2108 3445 2161 3494 et
2230 3435 2606 3506 consequitur
2629 3433 2724 3490 die
2749 3431 2820 3489 26
2843 3431 3006 3499 Julii,
3035 3437 3196 3486 vacat
3221 3445 3320 3487 se-

1987 3525 2200 3596 Olymp.
2240 3526 2340 3581 des
2358 3524 2483 3579 dies
2509 3536 2587 3590 vx,
2609 3523 2909 3576 CALLIS'I‘US
2926 3518 3166 3590 eligitur
3185 3517 3318 3573 Sab-

2038 3611 2146 3670 249
2235 3613 2366 3668 bato
2409 3611 2505 3666 die
2532 3608 2569 3666 2
2605 3610 2748 3680 Aug.
2781 3613 2838 3664 et
2869 3607 2964 3664 die
2995 3607 3255 3677 proxima
3283 3605 3320 3662 3

2299 3345 2656 3415 Zephyrinus
2729 3344 2990 3413 martyrii
3069 3343 3314 3412 palmam

2233 3702 2378 3774 Aug.
2413 3715 2541 3771 qua:
2569 3706 2625 3756 et
2653 3698 2972 3768 Dominica,
3013 3696 3320 3752 ordinatus

2233 3792 2391 3848 sedet
2409 3791 2579 3846 annis
2600 3803 2632 3842 v
2661 3801 2838 3843 mens.
2863 3801 2904 3841 II
2925 3785 3135 3841 diebus
3153 3800 3190 3840 x
3213 3799 3321 3840 us—

2241 3896 2352 3953 que
2379 3881 2448 3937 ad
2483 3879 2550 3936 43
2585 3877 2815 3934 Octobr.
2861 3887 2973 3946 qua
3003 3881 3216 3944 martyr
3244 3873 3320 3929 ef-

2235 3972 2419 4029 fectus
2434 3967 2743 4038 deponitur
2756 3965 2853 4020 die
2871 3960 2937 4018 44
2953 3975 3066 4032 qua
3081 3961 3315 4032 colitur,

2238 4063 2299 4117 in
2337 4057 2661 4115 cmmeterio
2690 4051 3002 4122 Calepodii.
3043 4051 3181 4106 Vide
3207 4061 3317 4104 no-

2238 4155 2326 4205 tas
2365 4161 2490 4219 pag.
2537 4141 2658 4202 475.
2699 4139 3006 4212 Zephyrini
3049 4139 3211 4194 sedes
3252 4151 3321 4193 ex

2236 4240 2332 4295 die
2394 4232 2782 4293 ordinationis
2831 4232 2994 4286 Dom.
3045 4225 3117 4284 25
3166 4227 3318 4296 Sept.

2241 4324 2342 4383 497
2374 4326 2443 4381 ad
2481 4325 2632 4380 diem
2677 4320 2938 4390 martyrii
2967 4317 3039 4374 26
3064 4317 3205 4373 Julii
3239 4320 3327 4372 est

2238 4427 2518 4472 annorum
2565 4425 2668 4468 xxx
2719 4416 2775 4465 et
2838 4421 3015 4464 mens.
3077 4422 3134 4462 x.
3182 4404 3325 4460 Vide

2238 4505 2553 4574 Prolegom.
2605 4507 2662 4555 et
2708 4503 2873 4555 notas
2917 4497 2984 4552 ad
3043 4494 3324 4564 Zephyri—

2242 4607 2398 4650 num.

2306 4875 2531 4932 Callisti
2566 4871 2587 4928 4
2623 4877 2679 4928 et
2713 4868 2768 4926 2.
3413 4857 3522 4918 248

2305 4962 2572 5019 Nummis
2598 4965 2655 5015 et
2682 4958 2910 5013 artibus
2945 4953 3113 5010 Julia:
3141 4953 3323 5008 Μίδεω

2246 5052 2450 5110 matris
2484 5046 2801 5120 Elagabali,
2845 5058 2970 5117 quae
3008 5055 3175 5099 soror
3201 5048 3326 5098 erat

2244 5143 2411 5201 Julia“:
2442 5141 2553 5196 Piaa
2594 5138 2795 5196 uxoris
2826 5133 3095 5207 Septimii
3133 5132 3324 5191 Severi

2244 5233 2492 5307 Augusti
2537 5229 2826 5287 exercitus
2863 5226 3150 5299 Syriacus,
3196 5237 3325 5280 mox

2245 5327 2418 5382 etiam
2444 5322 2718 5395 Legiones
2739 5318 3000 5389 reliquiae
3019 5330 3052 5372 a
3071 5313 3325 5372 Macrino

2247 5414 2525 5471 deﬁciunt
2553 5411 2621 5468 ad
2653 5407 3040 5482 Elagabalum.
