3982 6166
428 279 538 340 555
1225 279 1318 334 AD
1354 272 1786 333 ANASTASIUM
1825 265 2340 325 PROLEGOMENA
2376 267 2551 325 EDIT.
2595 267 3018 326 ROM.-VAT1C.
3716 248 3828 313 556

492 400 652 456 Anni
673 403 1085 474 'Imperatores,
1181 400 1434 457 Consules
1479 471 1495 474 _
1533 401 1807 474 Romano—
1864 387 2032 474 43111};
2098 388 2171 460 ,Α
2250 394 2416 474 Anni
2479 392 2928 452 Christianorum,
2975 387 3303 474 Judaorunt‘
3329 385 3380 438 et
3407 383 3559 474 Lini—
3624 378 3780 474 Animi

515 475 640 530 Per.

499 545 612 600 Jul.

455 619 508 671 et
529 616 689 685 cycli.

491 738 570 816 ᾧ)
597 743 650 812 15
726 737 1110 807 consularem,
1162 750 1195 792 a
1223 734 1396 806 Pagio
1447 733 1639 802 putari
1671 743 1818 787 con-

536 844 538 847 '
617 886 623 894 ,
720 829 904 886 sulem
972 828 1146 897 hujus
1187 825 1349 882 anni.
1406 822 1620 878 Reland
1653 819 1818 877 addit

721 920 874 992 leges
927 917 1028 976 ubi
1070 915 1354 973 Maximus
1402 927 1439 968 11
1468 917 1524 967 et
1552 910 1816 966 Urbanus

717 1023 845 1066 coss
903 1009 962 1064 h.
1031 1021 1079 1062 e.
1132 1006 1173 1062 l.
1249 1002 1335 1075 44,
1392 1003 1450 1059 C.
1512 1001 1582 1057 de
1644 1000 1814 1070 negot

721 1103 891 1170 gest.,
923 1101 1033 1153 etc.

511 1185 652 1245 4948
794 1190 916 1256 Imp
975 1186 1094 1241 Cas
1139 1183 1242 1238 Sev
1298 1177 1640 1246 Alexander,
1685 1179 1816 1245 etc.,

510 1276 661 1351 20,8
724 1281 798 1334 tr.
824 1272 993 1346 p.43,
1022 1271 1110 1344 44,
1146 1286 1243 1329 cos
1267 1269 1321 1328 3.

557 1371 605 1424 Β
730 1402 868 1459 COSS
944 1365 1434 1459 ;'”S§v.ef.‘.1.s..:..-
1513 1427 1736 1459 ττηςηηος

943 1439 1004 1494 L.
1104 1433 1437 1506 Rangonius
1513 1431 1818 1486 Uriuatius

945 1527 1176 1584 Lartius
1196 1522 1609 1595 Quinctianus.

794 1618 1006 1674 Gruter
1045 1613 1132 1685 45,
1179 1612 1214 1669 9
1242 1618 1298 1669 et
1343 1608 1466 1680 463,
1505 1606 1526 1664 4
1566 1613 1622 1664 et
1654 1603 1815 1670 4029,

730 1703 783 1775 4,
815 1704 1040 1762 Boldett
1071 1719 1124 1775 p.
1163 1700 1256 1774 79,
1307 1699 1521 1757 Reland
1566 1696 1732 1753 addit
1778 1693 1818 1748 l.

729 1793 785 1866 2,
811 1795 872 1850 C.
912 1795 983 1850 de
1027 1792 1153 1850 ofﬁc
1199 1788 1341 1862 praf
1368 1792 1513 1859 prat
1544 1786 1734 1842 orient
1754 1782 1824 1838 de

735 1897 847 1955 qua
865 1882 1150 1939 videndus
1170 1886 1226 1936 et
1245 1879 1456 1951 Pagius
1476 1877 1535 1932 in
1551 1875 1675 1931 Crit
1698 1874 1824 1927 Bar.

808 1972 911 2028 His
996 1985 1125 2028 coss
1176 1970 1296 2039 imp
1357 1970 1461 2024 Sev
1510 1961 1830 2021 Alexander

737 2075 868 2119 cum
936 2065 1117 2115 matre
1169 2061 1401 2114 Mamaa
1447 2056 1507 2110 in
1567 2049 1829 2109 tumultu

740 2150 985 2207 militari
1019 2148 1308 2205 occiditur
1352 2141 1703 2216 Moguntiaci
1734 2138 1830 2194 die

747 2236 816 2292 48
866 2237 1081 2308 Martii,
1129 2250 1259 2292 cum
1340 2234 1681 2304 imperaSSet
1720 2239 1832 2282 an—

749 2325 844 2382 nis
874 2341 1000 2394 xm,
1035 2325 1242 2384 diebus
1271 2339 1350 2395 1x,
1381 2337 1449 2379 ex
1477 2316 1829 2389 Lampridio,

746 2421 876 2489 post
897 2420 1133 2472 mortem
1165 2412 1455 2485 Elagabali
1487 2410 1583 2468 die
1604 2422 1655 2463 vt
1678 2407 1836 2461 Mar—

746 2504 839 2560 tii.
864 2505 1170 2560 Successor
1198 2501 1440 2574 eligitur
1485 2501 1830 2555 MAxmmus.

535 2591 678 2653 4949
819 2597 961 2665 Imp.
1039 2593 1158 2650 Cas
1212 2593 1273 2648 C.
1345 2589 1439 2646 Jul
1491 2583 1840 2643 Maximinus

531 2682 682 2756 24,9
745 2683 873 2755 Aug
901 2687 941 2739 t.
977 2697 1032 2753 p.
1068 2679 1090 2737 4
1135 2687 1191 2737 et
1233 2678 1284 2735 2.
1779 2700 1790 2711 -

540 2779 581 2834 C
640 2775 686 2830 B
759 2808 897 2866 COSS
973 2763 1642 2866 lmpMaxim‘i‘nusnAug.

1064 2839 1259 2900 llulius
1285 2839 1593 2895 Africanus

826 2933 1040 2991 Reland
1079 2948 1147 2990 ex
1178 2932 1216 2990 l.
1267 2928 1354 2987 43.
1383 2929 1440 2984 C.
1472 2929 1542 2984 de
1575 2924 1757 2997 pactis
1787 2925 1843 2978 et

755 3023 798 3080 l.
828 3022 881 3078 6.
910 3023 971 3078 C.
1003 3023 1074 3078 de
1097 3023 1228 3092 jure
1280 3021 1379 3076 dot
1438 3017 1750 3074 Maximum
1781 3024 1838 3067 vx

758 3123 857 3168 cos
890 3123 958 3166 ex
986 3110 1184 3166 charta
1210 3107 1523 3164 Ravennati
1551 3102 1843 3160 Christia—

759 3215 846 3259 na
872 3199 1099 3257 femina
1123 3200 1192 3256 ad
1227 3199 1381 3256 hunc
1400 3209 1613 3254 annum
1638 3189 1840 3250 referri

758 3297 926 3364 putat
957 3291 1208 3362 Sponius
1238 3288 1413 3358 Antiq
1459 3303 1512 3357 p.
1557 3281 1683 3352 283,
1745 3278 1841 3335 sed

756 3381 1000 3439 fortasse
1041 3380 1287 3450 pertinet
1338 3377 1406 3432 ad
1459 3389 1508 3431 v1
1569 3369 1847 3428 consula—

759 3475 885 3528 tum
915 3468 1278 3528 Maximiani.

830 3559 1183 3617 Maximinus
1207 3553 1570 3615 Germaniam
1604 3563 1702 3621 per
1745 3543 1850 3603 400

759 3650 1038 3706 milliaria
1083 3653 1289 3716 vastat,
1365 3651 1422 3702 et
1502 3639 1856 3699 Germanicus

761 3739 1004 3794 dicitur.
1037 3737 1261 3794 Mediob
1291 3749 1361 3792 ex
1387 3747 1527 3791 num
1555 3735 1612 3788 et
1641 3731 1776 3785 hist.

551 3825 693 3886 4950
837 3827 957 3894 Imp
985 3825 1104 3880 Cas
1152 3824 1503 3879 Maximinus
1529 3820 1658 3890 Aug
1685 3818 1854 3872 Germ

513 3915 606 3990 22,
663 3913 729 3972 40
767 3919 841 3970 tr.
871 3927 925 3982 p.
956 3910 1067 3967 2et
1094 3911 1148 3980 3,
1182 3923 1278 3965 cos
1320 3909 1477 3976 impp
1523 3907 1673 3961 Cass
1703 3917 1846 3958 coa—

588 4009 643 4064 A
773 4015 927 4060 mam
953 4001 1070 4056 duo
1103 4005 1263 4070 pater
1282 4004 1338 4054 et
1360 3996 1540 4052 ﬁlius.

1107 4091 1423 4157 Perpetuus

1113 4159 1496 4215 Cornelianus

847 4249 1003 4306 Fasti
1051 4258 1286 4317 veteres,
1363 4242 1670 4301 Cassiodor
1743 4240 1866 4296 Idat

779 4339 960 4409 Prosp
1007 4342 1063 4393 et
1092 4336 1310 4392 Bucher
1337 4334 1489 4391 unde
1535 4331 1870 4388 emendatur

784 4429 1070 4487 Gruterus
1152 4422 1242 4494 23,
1329 4420 1414 4494 40,
1528 4421 1871 4480 Corolianum

785 4530 1080 4591 perperam
1109 4515 1319 4588 legens.

815 4658 818 4662 .
853 4607 1068 4664 Mensis
1107 4604 1328 4676 Aprilis
1375 4603 1471 4660 die
1525 4601 1645 4658 circ
1677 4598 1762 4667 42,
1812 4599 1873 4654 in

786 4696 982 4754 Africa
1002 4693 1279 4752 Gordiani
1306 4693 1423 4750 duo
1450 4695 1609 4763 pater
1637 4695 1692 4747 et
1717 4688 1876 4744 illius

799 4786 1110 4857 imperium
1148 4787 1454 4842 assumunt
1480 4795 1514 4837 a
1541 4781 1749 4837 Senatu
1774 4791 1879 4834 ac-

796 4874 1029 4936 clamati
1055 4874 1111 4930 d.
1147 4887 1198 4928 v1
1229 4872 1333 4928 Kal
1379 4873 1487 4927 Jun
1535 4868 1772 4926 Valsech
1809 4866 1880 4923 de

797 4966 893 5022 Tr.
940 4964 1002 5018 P.
1039 4977 1090 5018 v.
1125 4961 1338 5035 Elagab
1370 4974 1479 5033 pag
1500 4955 1592 5016 34.
1641 4959 1881 5015 Senatus

802 5055 872 5111 ad
922 5052 1191 5111 tuendam
1238 5065 1394 5122 remp
1427 5064 1503 5106 xx
1535 5049 1691 5105 viros
1742 5044 1883 5116 legit

778 4129 918 4184 Coss

806 5139 996 5216 [Petav
1039 5156 1106 5197 ex
1133 5139 1396 5210 Lamprid
1455 5144 1511 5194 et
1539 5129 1880 5207 Herodiano]

805 5230 1008 5286 audita
1058 5228 1482 5284 Gordianorum
1510 5229 1709 5292 morte,
1752 5235 1880 5278 mox

805 5333 1086 5376 PUPIENUM
1114 5323 1171 5372 et
1203 5317 1486 5371 BALBINUM
1514 5326 1669 5367 xucc.

595 5410 731 5470 0954
882 5412 1004 5479 Imp
1029 5409 1150 5463 Cas
1205 5403 1553 5462 Maximinus
1583 5403 1725 5475 Aug,
1757 5407 1886 5471 etc.,

559 5499 654 5573 23,
709 5498 768 5557 44
815 5492 1167 5569 4.p.3et4.

642 5591 689 5646 G
880 5585 1181 5647 Occibitur
1265 5582 1588 5656 Aquileiam
1677 5580 1893 5655 {rustra

783 457 1277 548 rumpi-es'gesta,
1338 477 1389 526 et
1457 471 1796 525 documenta.
1991 457 2052 582 Et.

1833 549 1870 586 α

1833 549 1870 588 a

1776 609 1903 676 post
1916 599 2082 656 Ριιιίι.

1904 1164 2012 1226 987

1908 1255 2017 1315 988

1950 3805 2056 3867 989

1955 3895 2060 3953 990

1981 5396 2086 5454 990

1985 5485 2083 5543 994

2239 467 2446 538 Olymp.

2337 1171 2379 1215 II

2317 1260 2380 1304 Ill

2561 469 2813 519 timo-rum
2862 461 3205 530 populo-rum,
3246 457 3560 530 Pontifices,
3612 452 3775 530 Agna

2556 539 2742 604 Reges,
2784 520 2880 588 res.
2909 520 3068 600 gesta
3135 535 3182 583 et
3224 520 3562 582 documenta.
3605 520 3816 578 Christi

2559 1155 2823 1213 Pontiani
2865 1152 2918 1216 5,
2965 1155 3020 1208 et
3048 1149 3100 1208 6.
3285 1146 3496 1203 ANTERI
3523 1158 3561 1199 ι.
3675 1139 3793 1199 235

2559 1245 2874 1302 Pontianus
2905 1243 3022 1298 vita
3051 1239 3287 1297 functus
3318 1238 3377 1292 in
3408 1234 3572 1291 exsi—

2495 1336 2574 1392 lio
2601 1349 2684 1391 ιιι.
2716 1334 2818 1390 Kal
2850 1330 3185 1389 Novembris
3218 1342 3344 1386 cum
3374 1326 3569 1383 sedis-

2493 1429 2579 1482 set
2615 1436 2796 1480 annos
2819 1435 2876 1487 v,
2913 1434 3073 1477 mens
3104 1433 3168 1491 ιι,
3199 1423 3256 1474 et
3284 1418 3408 1474 dies
3427 1414 3576 1471 toti-

2496 1516 2644 1586 dem,
2697 1512 2869 1584 paulo
2927 1515 3055 1581 post
3115 1507 3445 1579 deponitur,
3499 1507 3573 1568 et,

2493 1618 2606 1661 non
2632 1604 2812 1660 multo
2835 1602 3026 1658 serius
3045 1600 3170 1668 ejus
3187 1594 3452 1666 reliquia
3475 1595 3579 1648 Ro-

2429 1763 2432 1766 ,
2499 1707 2646 1750 mam
2711 1691 3133 1748 convehuntur.
3185 1687 3322 1756 Ejus
3373 1683 3580 1738 festum

2337 2586 2397 2629 ιιι

2347 2675 2401 2718 Ν

2302 3554 2468 3616 0253

2365 3659 2419 3702 IV

2311 3740 2363 3792 et
2403 3751 2470 3790 ea

2500 1783 2714 1840 colitur
2732 1779 2817 1850 49,
2841 1777 3136 1837 Novembr.
3163 1777 3471 1832 Successor
3487 1771 3584 1826 eli-

2500 1873 2659 1946 gitur
2709 1873 2967 1927 ANTEBUS
3019 1873 3075 1924 et
3139 1867 3446 1923 ordinatur
3489 1861 3581 1917 die

2501 1962 2706 2019 Domin
2741 1959 2812 2019 22
2839 1957 3172 2016 Novembris
3197 1969 3266 2012 ex
3299 1966 3411 2024 qua
3437 1950 3586 2007 sedit

2505 2065 2696 2108 mense
2724 2065 2762 2122 ι,
2794 2049 3000 2107 diebus
3027 2062 3090 2115 ιι,
3115 2059 3300 2116 usque
3329 2042 3398 2098 ad
3429 2041 3464 2098 3
3487 2041 3587 2095 Ja—

2507 2142 2700 2200 nuarii
2732 2141 2872 2196 anni
2925 2135 3196 2210 proximi.
3251 2131 3394 2191 Vide
3427 2133 3591 2186 notas

2507 2233 2576 2289 ad
2604 2231 2967 2287 Pontianum.

2577 2568 2778 2627 Anteri
2811 2582 2848 2624 ι.
3028 2565 3258 2620 FABIANI
3285 2579 3306 2617 ι

2578 2660 2828 2715 Anterus
2845 2658 3060 2726 martyr
3080 2653 3311 2711 eti‘ectus
3333 2650 3427 2706 vix
3445 2648 3592 2704 inito

2515 2749 2695 2806 altero
2749 2759 2941 2803 mense
2970 2742 3347 2799 Pontiﬁcatus
3393 2749 3600 2794 recon-

2517 2840 2680 2896 ditur
2705 2833 3040 2904 3Januarii,
3071 2832 3177 2888 diu
3207 2833 3442 2886 vacante
3474 2829 3602 2897 post

2518 2929 2643 2999 ejus
2685 2926 2910 2984 obitum
2943 2923 3074 2981 sede
3123 2919 3276 2996 [cum
3309 2919 3369 2974 in
3422 2915 3600 2973 cleri—

2518 3031 2615 3073 cos
2655 3015 2900 3072 maxime
2945 3011 3174 3071 saviret
3203 2999 3598 3078 Maximinus]

2520 3106 2740 3162 indicio
2767 3103 3190 3175 supervolantis
3214 3097 3491 3158 columba
3506 3094 3606 3151 eli-

2521 3197 2680 3269 gitur
2725 3197 3022 3264 FABIANUS,
3071 3199 3127 3250 et
3156 3191 3462 3250 ordinatur
3511 3185 3607 3242 die

2515 3287 2722 3344 Domin
2752 3300 2834 3356 x1,
2867 3283 3194 3342 Decembris
3227 3301 3240 3337 :
3272 3295 3339 3337 ex
3359 3291 3471 3351 qua
3509 3289 3606 3332 se-

2521 3376 2956 3444 ditannosxm,
2992 3385 3209 3442 mensr,
3242 3371 3369 3427 dies
3391 3364 3609 3425 x.V’ide

2525 3472 2690 3524 notas
2719 3465 2787 3521 ad
2819 3465 3094 3520 Anterum

2594 3555 2830 3612 Fabiani
2861 3552 2910 3626 4,
2939 3558 2995 3609 et
3021 3551 3076 3610 2.
3694 3535 3808 3597 237

2600 3645 2767 3703 Sexta
2791 3655 3118 3700 pnusscuno
3155 3639 3264 3700 sub
3297 3633 3612 3695 Maximino

2528 3740 2732 3804 capta,
2788 3748 2915 3804 qua
2967 3738 3152 3787 tamen
3185 3727 3387 3786 localis
3422 3723 3618 3795 potius

3680 2646 3811 2700 Biss

2301 3825 2489 3881 diebus
2542 3823 2674 3894 fuit,
2703 3830 2760 3880 et
2788 3823 2848 3879 in
2884 3819 3244 3893 Cappadocia
3297 3813 3612 3887 prasertim

2351 3919 2449 3970 ast

2534 3913 2940 3970 exercebatur:
2991 3910 3252 3980 mitigata
3301 3910 3406 3976 est,
3456 3915 3620 3958 com-

2305 4000 2481 4060 0254
2539 4016 2732 4073 pressa
2807 3999 3105 4057 Maximini
3185 4001 3460 4068 potestate
3524 4005 3622 4062 per

2386 4109 2406 4148 Ῑ

2411 5411 2431 5450 Ῑ

2402 5501 2443 5539 II

2541 4092 2875 4148 electionem
2924 4089 3368 4155 Gordianorum,
3415 4083 3623 4152 hisque

2539 4181 2750 4236 occisis
2784 4193 2881 4250 per
2899 4179 3074 4235 aliam
3097 4179 3256 4234 elect.
3292 4172 3533 4243 Pupieni
3568 4172 3623 4225 et

2543 4269 2791 4326 Balbini.
2824 4269 2966 4326 Vide
2995 4270 3107 4339 Pag
3127 4268 3192 4323 ad
3227 4277 3338 4321 ann
3360 4260 3469 4319 235

2617 4358 2868 4429 Eclipsis
2890 4357 3034 4415 solis
3054 4355 3250 4413 totalis
3273 4354 3326 4408 h.
3351 4366 3402 4408 a.
3438 4351 3627 4406 Roma

2547 4452 2821 4520 spectata,
2890 4449 2972 4502 ita
3021 4450 3082 4500 ut
3157 4459 3266 4498 non:
3320 4441 3632 4497 crederetur

2549 4533 3006 4612 [Capitolinus]
3052 4532 3356 4604 respondet
3406 4529 3469 4584 in
3516 4523 3630 4581 Tab

2548 4629 2851 4686 Astronom
2893 4625 3012 4682 diei
3053 4621 3139 4695 42,
3197 4619 3418 4693 Aprilis
3470 4615 3634 4673 horis

2553 4717 2831 4790 pomerid.

2628 5391 2864 5450 Fabiani
2889 5388 2945 5460 2,
2972 5393 3029 5447 et
3051 5387 3104 5447 3.
3765 5377 3901 5437 238

2637 5481 2767 5538 Alia
2809 5481 3055 5551 Eclipsis
3112 5476 3254 5534 solis
3283 5476 3473 5531 Roma
3526 5483 3651 5540 spe-

2565 5575 2716 5631 ctata
2749 5571 2844 5628 die
2867 5566 2904 5628 2
2927 5569 3165 5642 Aprilis,
3198 5578 3370 5638 quam
3416 5559 3650 5619 Tabula
