3946 6146
444 312 552 373 563

1227 313 1322 369 AD
1356 312 1794 376 ANASTASIUM
1842 318 2358 378 PROLEGOMENA
2403 320 2580 378 EDIT.
2631 318 3065 379 ROM.—VATIC.

3740 322 3832 382 564

521 435 680 510 Anni
730 436 1110 504 Imperatores,
1197 434 1450 510 Consuies
1536 439 1814 494 Romano-
1880 439 2036 510 Anni
2134 444 2195 505 A
2282 444 2438 497 Anni
2506 442 2963 510 Christianorum,
2989 443 3303 497 Iudaeorum
3332 445 3381 497 et
3405 443 3543 509 ﬁni—
3612 442 3768 499 Anni

2578 516 2852 575 timorum,
2877 515 3221 583 populorum,
3255 515 3553 582 Pontifices,
3628 518 3768 570 Era

2569 586 2754 656 Reges,
2786 599 2873 640 res
2895 590 3056 655 gestae
3094 590 3144 642 ct
3181 586 3524 641 documenta.
3581 584 3793 643 Christi.

530 507 653 562 Per.
798 522 939 578 ruw,
961 522 1046 562 res
1067 510 1249 576 gestae,
1280 513 1331 561 et
1355 508 1693 564 documenta.
1869 512 1933 565 U.
1974 509 2033 564 Ο.

538 578 651 646 Jul,
1839 585 1965 636 ante
1984 584 2035 634 et

517 649 745 724 etcycli.
1782 656 1909 724 post
1936 650 2104 708 Palu.

525 714 664 795 ®E

526 1286 670 1347 4963

552 1375 649 1444 7,4
738 1380 1019 1450 Trajanus
1044 1380 1254 1439 Decius
1280 1381 1408 1455 Aug
1426 1386 1499 1437 tr.
1532 1396 1585 1453 p.
1613 1395 1630 1438 1
1660 1388 1716 1438 et
1737 1395 1801 1438 ιι.
1880 1378 2019 1439 4003

554 1470 605 1528 F

524 3191 669 3251 4964

547 3283 653 3355 8,5

557 4751 701 4812 4965

568 4932 681 4990 DC

745 912 1053 985 Philippus
1066 927 1193 972 vere
1204 914 1402 973 adulto
1414 920 1611 973 contra
1627 916 1817 988 ipsum

746 1008 951 1061 movet.
977 1006 1167 1060 Mense
1193 1006 1365 1061 Junio
1387 1005 1508 1061 obit
1537 1006 1596 1061 in
1626 1007 1825 1077 prmlio

742 1092 994 1150 Veronaa.
1057 1095 1301 1164 Imperat
1366 1095 1599 1151 Decius.
1684 1096 1825 1153 Vide

744 1188 907 1240 notas
938 1198 991 1255 p.
1026 1180 1149 1239 499.

801 1291 920 1360 Imp
966 1291 1085 1347 Caes
1121 1290 1209 1347 An
1259 1291 1506 1348 Messius
1549 1291 1800 1362 Quintus

777 1483 875 1527 COS
902 1483 964 1529 ιι.

960 1561 1104 1632 Imp.
1132 1561 1344 1633 Decius
1363 1562 1488 1633 Aug
1510 1574 1572 1618 ιι.

970 1669 985 1687 .
1024 1670 1038 1685 .
1078 1672 1093 1686 .
1131 1672 1147 1686 .
1183 1632 1487 1687 Maximus.

809 1717 1154 1790 Gruter273,
1174 1719 1209 1777 6
1227 1727 1363 1777 etex
1389 1734 1525 1777 num
1553 1720 1653 1777 ubi
1674 1722 1821 1776 Tra-

734 1811 908 1879 janus
945 1810 1154 1866 Decius
1182 1815 1251 1866 tr.
1290 1826 1343 1879 p.
1390 1807 1426 1866 3
1468 1823 1565 1865 cos
1595 1807 1649 1864 2.
1679 1808 1820 1865 Vide

736 1898 872 1953 card
919 1898 1088 1953 Noris
1135 1898 1325 1968 Epoch
1372 1897 1709 1969 Syromaced
1761 1912 1815 1967 p.

735 1983 862 2042 350.
916 1987 1126 2043 Reland
1175 2001 1241 2044 ex
1281 1986 1321 2043 1.
1380 2002 1457 2055 1x,
1499 1987 1556 2042 C.
1608 1987 1679 2041 de
1722 1986 1822 2055 jur

740 2074 861 2144 dot,
895 2079 1001 2131 etc.
1058 2076 1249 2132 Julius
1297 2075 1501 2131 Valens
1555 2074 1822 2130 invadere

738 2163 953 2219 nititur
977 2164 1281 2235 imperium
1305 2164 1366 2220 in
1392 2164 1575 2233 Italia,
1601 2164 1824 2219 distra-

737 2257 850 2320 cto,
888 2252 957 2307 ad
986 2253 1312 2324 Scytbicum
1369 2253 1584 2309 bellum
1624 2253 1817 2309 Decio.

743 2340 886 2395 Vide
930 2347 1092 2397 notas
1146 2356 1253 2412 pag
1303 2340 1429 2399 204.
1507 2341 1741 2398 Deletur
1792 2353 1827 2396 a

737 2428 1045 2485 Valeriano
1125 2437 1324 2486 contra
1404 2444 1534 2486 eum
1621 2429 1821 2491 misso,

739 2516 843 2590 qui
874 2531 1000 2573 mox
1036 2534 1069 2574 a
1093 2524 1297 2574 senatu
1331 2531 1533 2573 censor
1560 2518 1819 2588 eligitur,

738 1594 896 1652 Coss.

1876 1288 2014 1349 4002

741 2606 1113 2664 conﬂrmante
1162 2606 1333 2661 Decio
1378 2605 1518 2661 Acta
1563 2606 1691 2661 Sen.
1733 2605 1825 2660 si—
1938 2608 1941 2609 '

739 2702 910 2767 gnata
959 2694 1187 2751 duobus
1265 2694 1458 2751 Deciis
1534 2707 1633 2750 cos
1686 2707 1818 2750 cum

741 2783 919 2840 Grato
970 2782 1290 2842 sulfecisset
1338 2783 1524 2840 ﬁlium
1575 2783 1638 2855 Q.
1706 2784 1822 2839 He—

745 2872 1032 2931 rennium.
1057 2874 1198 2932 Vide
1228 2877 1411 2931 notas.

749 3301 804 3357 p.
836 3282 947 3342 2et
964 3282 1019 3349 3,
1052 3298 1151 3341 cos
1175 3298 1262 3340 ιιι.

960 3377 1102 3445 Imp.
1128 3375 1277 3444 Traj.
1306 3374 1518 3429 Decius
1568 3371 1696 3445 Aug
1735 3385 1824 3428 ιιι.

960 3446 1022 3516 Q.
1059 3446 1378 3502 Herennius
1408 3447 1632 3501 Etrusc.
1678 3446 1831 3500 Mes-

746 3535 874 3593 sius
903 3536 1113 3592 Decius
1140 3535 1327 3591 Caesar
1352 3548 1416 3604 11,
1452 3548 1554 3589 seu
1602 3531 1831 3588 duobus

742 3625 936 3680 Deciis
985 3638 1113 3681 coss
1173 3621 1386 3697 [ordiri]
1451 3628 1516 3679 ut
1579 3622 1663 3678 ait
1709 3621 1835 3676 Tre-

745 3712 879 3769 bell.
907 3713 1025 3768 Poll
1060 3715 1116 3768 in
1143 3713 1329 3768 Valer.

810 3796 1013 3852 Occiso
1030 3799 1185 3851 Decio
1198 3799 1245 3865 ej
1258 3812 1436 3868 usque
1447 3798 1569 3853 ﬂlio
1580 3797 1734 3853 circa
1744 3798 1771 3850 J
1778 3812 1840 3853 u-

753 3887 939 3955 nium,
994 3887 1402 3948 Tassouuuus,
1463 3887 1703 3955 GALLUS,
1782 3890 1839 3941 et

750 3974 1135 4042 Hosnmuus,
1170 3972 1314 4028 alter
1341 3972 1498 4028 Decii
1534 3972 1709 4039 ﬁlius,
1744 3986 1834 4029 ac-

754 4062 1077 4119 clamantur
1096 4074 1235 4115 suac
1251 4067 1307 4116 et
1329 4062 1663 4117 Volusianus
1686 4060 1838 4117 Galli

756 4150 917 4206 illius
936 4149 1158 4205 dicitur
1179 4147 1379 4214 Caesar.
1402 4149 1595 4204 Victor
1613 4150 1686 4204 de
1713 4150 1840 4204 Ca:—

757 4236 1007 4304 saribus,
1029 4241 1086 4292 et
1108 4236 1347 4291 nummi.
1377 4236 1519 4293 Vide
1544 4242 1708 4292 notas
1734 4250 1842 4309 pag

757 4322 865 4383 200
890 4330 945 4381 et
967 4322 1093 4381 205.

829 4416 1031 4470 Lucius
1086 4414 1307 4468 Priscus
1380 4413 1442 4469 in
1515 4414 1843 4471 Macedonia

764 4504 1073 4574 imperium
1168 4509 1429 4573 usurpat,
1514 4504 1612 4560 sed
1683 4503 1841 4559 brevi

764 4592 1043 4651 concidit.
1099 4590 1431 4649 Mediobarb
1508 4606 1578 4648 ex
1625 4606 1839 4649 numm.

741 3410 899 3468 Coss.

842 4756 966 4823 Imp
1010 4753 1197 4808 Caesar
1236 4750 1297 4807 C.
1349 4750 1457 4809 Vib
1486 4751 1831 4808 Trebonita—
1902 4750 2043 4810 4004

575 4842 671 4915 9,6
763 4856 874 4901 nus
902 4841 1105 4899 Gallus
1148 4842 1275 4913 Aug
1303 4844 1377 4896 tr.
1412 4856 1465 4910 p.
1496 4838 1519 4894 4
1555 4848 1612 4896 et
1637 4838 1708 4897 2:
1737 4854 1834 4897 cos
1909 4839 2048 4899 4005

769 4929 870 4990 2et
891 4930 989 4987 Val
1022 4929 1380 4986 Hostilianas
1403 4930 1647 4984 Messius
1669 4929 1851 4999 quin-

770 5030 866 5078 tus
896 5020 1021 5092 Aug
1050 5025 1121 5074 tr.
1180 5034 1233 5089 p.
1292 5016 1340 5087 4,
1385 5015 1421 5073 2
1465 5024 1522 5073 et
1574 5018 1692 5087 imp
1744 5015 1850 5073 Vib

768 5109 1119 5164 Volusianus
1141 5108 1267 5176 Aug
1295 5121 1364 5161 ex
1380 5108 1598 5161 Caesare
1622 5118 1840 5162 renun-

769 5195 950 5249 tiatus
975 5201 1047 5250 tr.
1077 5210 1131 5263 p.
1162 5192 1184 5247 4
1215 5200 1271 5248 et
1287 5190 1343 5247 2.

986 5284 1104 5354 Imp
1153 5279 1372 5354 Trebon
1415 5280 1617 5354 G_allus
1644 5280 1772 5354 Aug
1801 5299 1842 5338 ιι

984 5349 1335 5408 Volusianus
1434 5349 1620 5407 Casar
1722 5349 1850 5416 mox

845 5441 1169 5597 GrutAggb,
1220 5524 1257 5582 9
1305 5531 1363 5583 et
1430 5525 1560 5584 4084
1616 5547 1632 5600 ;
1691 5526 1715 5584 4
1790 5535 1848 5587 et

774 5617 1011 5691 Rsland,
1042 5616 1079 5675 l.
1107 5616 1286 5674 xv1C.
1307 5617 1379 5675 de
1390 5622 1558 5689 negot
1579 5627 1723 5689 gest,
1743 5624 1852 5675 etc.

770 5316 927 5373 Coss.

815 3197 935 3265 Imp
983 3194 1103 3251 Caes
1137 3195 1267 3266 Traj
1327 3192 1535 3251 Decius
1585 3193 1713 3268 Aug
1749 3196 1821 3251 tr.
1902 3188 2040 3249 4003
2142 3109 2193 3173 α

1898 3276 2037 3339 4004

2252 513 2462 586 Olymp.

2344 1292 2363 1338 Ι

2328 1382 2373 1426 II

2334 3200 2380 3243 ιι

2328 3289 2395 3333 ιιι

2345 4748 2413 4791 ιιι

2346 4837 2403 4880 ιν

2567 1275 2805 1334 Fabiani
2837 1271 2906 1330 44
2933 1273 3036 1346 qui
3069 1272 3413 1344 martyrium
3434 1286 3560 1331 com

2502 1367 2619 1439 plet
2642 1371 2698 1422 et
2728 1366 2789 1422 in
2825 1364 3037 1420 Coemet
3063 1362 3291 1419 Callisti
3331 1363 3586 1433 deponi-

2498 1463 2597 1513 tur
2637 1468 2747 1511 x111
2793 1453 2896 1510 Kal
2943 1452 3089 1509 Febr
3144 1465 3276 1509 cum
3334 1452 3586 1510 sedisset

2494 1559 2609 1602 ann
2636 1558 2744 1601 χιι
2775 1558 2851 1599 ιιι.
2885 1540 2936 1611 4,
2960 1542 3087 1598 dies
3114 1557 3169 1597 ιι.
3216 1543 3392 1599 Vacat
3419 1541 3586 1600 sedes

2496 1647 2680 1705 usque
2707 1632 2777 1690 ad
2803 1630 2906 1689 Kal
2934 1630 3114 1687 Junii.
3148 1629 3289 1688 Vide
3319 1634 3483 1687 notas
3521 1645 3579 1701 p.

2562 1812 2877 1868 CORNELIUS
2904 1809 3146 1883 eligitur
3173 1814 3229 1865 et
3276 1809 3587 1865 ordinatur

2495 1902 2591 1958 die
2618 1901 2919 1957 Dominica
2943 1900 3101 1955 Junii
3129 1896 3165 1954 2
3191 1899 3341 1955 unde
3368 1899 3436 1954 ad
3456 1899 3586 1967 ejus

2504 1990 2844 2061 marfyrium
2878 1985 2944 2043 44
2980 1988 3115 2058 Sept
3138 1987 3277 2043 anni
3306 1983 3414 2043 252
3466 2000 3590 2042 nu-

2503 2084 2798 2135 merantur
2824 2079 2961 2134 anni
2992 2091 3053 2133 11.
3084 2090 3241 2133 mens
3268 2090 3331 2132 ιιι
3365 2076 3490 2131 dies
3512 2089 3572 2130 ι.

2502 2169 2561 2224 in
2590 2166 2749 2223 Catal
2777 2165 2992 2223 Liberii
3023 2186 3035 2221 :
3069 2167 3195 2222 dies
3224 2179 3328 2221 χιι.
3362 2165 3421 2220 in
3471 2165 3589 2219 Ca-

2500 2257 2577 2313 tal
2606 2258 2844 2312 Lucens.
2875 2254 3017 2311 Vide
3066 2253 3358 2326 Prolegom
3394 2269 3449 2324 p.
3490 2247 3585 2321 97,

2499 2350 2557 2402 et
2600 2351 2763 2401 notas
2808 2360 2917 2417 pag
2968 2338 3093 2415 497,
3125 2349 3181 2399 et
3225 2358 3331 2415 pag
3376 2340 3503 2398 205.

2573 2434 2843 2490 Fervente
2874 2434 3289 2505 persecutione,
3344 2432 3403 2488 in
3453 2430 3593 2487 Cle—

2496 2538 2623 2581 rum
2656 2523 2973 2595 praesertim
2999 2523 3238 2591 directa,
3273 2521 3585 2579 ordinatur

2498 2626 2531 2667 a
2557 2612 2823 2669 Cornelio
2847 2613 3151 2683 episcopus
3179 2611 3436 2667 vicarius
3466 2610 3594 2663 Lu—

2497 2703 2614 2758 cius
2645 2702 2749 2759 Kal
2793 2702 3065 2758 Decembr
3110 2701 3208 2757 die
3260 2700 3585 2769 Dominica,

2498 2791 2651 2847 unde
2680 2792 2749 2848 ad
2772 2793 2895 2861 ejus
2924 2798 3237 2862 martyrum
3262 2790 3357 2847 die
3380 2787 3415 2847 3
3448 2788 3596 2844 Mar-

2500 2881 2572 2938 tii
2597 2879 2705 2937 254
2730 2886 3109 2938 numerantur
3135 2880 3274 2936 anni
3304 2893 3390 2937 ιιι.
3425 2892 3588 2934 mens

2501 2984 2588 3028 ιιι.
2612 2972 2669 3027 d.
2699 2984 2783 3027 111.
2822 2970 2937 3044 ipsi
2971 2971 3031 3027 in
3074 2969 3176 3026 Cat
3203 2975 3259 3026 et
3298 2968 3422 3025 Pict
3468 2967 3579 3024 tri-

2502 3059 2646 3117 anti.

2571 3186 2826 3244 Cornelii
2855 3183 2877 3241 4
2907 3191 2964 3243 et
2991 3184 3046 3242 2.

2573 3276 2627 3331 S.
2654 3277 2959 3333 Cornelius
2977 3278 3036 3333 in
3054 3275 3327 3333 exsilium
3355 3273 3600 3345 pellitur

2502 3365 2921 3422 Centumcellas
2943 3380 2977 3422 a
3000 3366 3244 3423 Censore
3264 3365 3592 3422 Valeriano.

2505 3454 2647 3511 Vide
2676 3462 2777 3512 not
2806 3469 2914 3526 pag
2951 3454 3049 3513 204
3081 3462 3139 3513 et
3166 3454 3293 3512 205.
3344 3455 3446 3511 Ille
3477 3455 3598 3509 im-

2508 3545 2753 3615 pavidus
2773 3546 3083 3602 Ecclesiam
3105 3545 3421 3617 regitdatis
3440 3543 3599 3599 ultro

2508 3634 2771 3706 citroque
2800 3649 2872 3705 ap
2895 3636 3244 3706 Cyprianum
3288 3633 3522 3690 litteris.

2578 3724 2832 3781 Novatus
2860 3738 2925 3781 ex
2953 3724 3146 3781 Africa
3176 3727 3409 3780 Romam
3466 3735 3599 3778 cum

2510 3813 2835 3869 advenisset
2888 3826 3041 3869 anno
3109 3812 3395 3883 superiori
3464 3810 3600 3867 sede

2511 3907 2764 3971 vacante,
2818 3902 2876 3957 h.
2928 3914 2980 3957 a.
3029 3907 3229 3957 contra
3278 3899 3599 3972 indulgen—

2516 3991 2655 4047 tiam
2700 3990 2952 4047 Cornelii
3007 4004 3163 4062 papaa
3210 4004 3343 4062 erga
3398 3989 3591 4059 lapsos

2515 4078 2715 4135 turbas
2743 4079 2876 4135 ciet.
2903 4079 3045 4137 Vide
3079 4085 3241 4135 notas
3270 4077 3339 4134 ad
3371 4077 3591 4134 Corne-

2515 4166 2683 4223 lium.

2579 4732 2830 4793 Cornelii
2873 4732 2911 4793 2
2944 4739 3001 4792 et
3039 4732 3094 4792 3.
3167 4736 3333 4793 Lucii
3384 4736 3440 4791 1.

2581 4824 2639 4881 S.
2669 4825 2971 4882 Cornelius
3014 4840 3047 4883 a
3077 4825 3203 4882 loco
3231 4825 3431 4882 exsilii
3461 4826 3578 4882 Ro-

2525 4927 2671 4969 mam
2719 4922 2955 4971 vocatus
3001 4916 3070 4971 ad
3127 4915 3387 4973 tribunal
3433 4914 3605 4970 Vale—

2525 5003 2675 5058 riani
2733 5004 2861 5076 Aug
2899 5011 2953 5061 et
3011 5005 3246 5060 Maximi
3298 5003 3446 5060 Praef
3490 5002 3601 5059 Urb

2519 5093 2707 5162 capite
2776 5094 3051 5164 plectitur
3097 5094 3317 5150 Christi
3391 5100 3607 5163 martyr

2523 5180 2629 5237 Via
2658 5183 2841 5253 Appia
2860 5184 2954 5239 die
2988 5179 3445 5253 44Septembris.
3464 5183 3605 5240 Vide

2523 5276 2688 5326 notas
2720 5285 2826 5342 pag
2868 5269 2994 5327 205.
3032 5271 3138 5328 Dic
3188 5271 3487 5328 Dominica
3540 5268 3607 5325 48

2523 5358 2809 5416 Octobris.
2837 5362 3035 5417 LUCIUS
3053 5373 3122 5416 ex
3142 5360 3363 5416 vicario
3390 5361 3450 5415 in
3482 5361 3607 5430 ejus

2524 5447 2765 5505 locuma
2811 5448 2973 5505 Clero
3021 5449 3239 5506 electus
3290 5450 3605 5507 Romanam

2520 5536 2708 5593 sedem
2731 5542 2883 5592 tenet
2903 5543 3031 5607 post
3058 5537 3224 5595 illius
3243 5539 3605 5610 martyrium.

2519 5623 2661 5680 Vide
2687 5629 2849 5680 notas
2878 5625 2948 5682 ad
2978 5626 3331 5683 Cornelium.

3658 1271 3760 1333 250

3676 3175 3765 3237 254

3688 4729 3793 4790 252

3666 4824 3786 4877 Biss
