3946 6146
186 195 280 260 569
1227 197 1517 257 CRONOL.
1558 198 1844 259 CONSUL.
1885 202 1971 260 ET
2005 201 2168 260 CES.
2209 202 2378 260 ROM.
2419 205 2564 260 ETC.
3489 209 3605 272 570

232 317 434 403 Anni“
463 320 844 389 Imperatores,
865 321 1143 403 ‘Con‘sules
1173 326 1554 390 Romanorum,
1615 325 1778 403 Anni
1858 330 1920 391 A
1996 328 2162 403 Anni
2224 328 2678 403 Christianorum,
2727 330 3043 403 Iudaeorum
3089 337 3140 388 et
3183 335 3319 403 ﬁni—
3382 333 3542 391 Anni

213 388 434 473 l’eriodi
651 407 736 446 res
761 399 923 460 gestae
953 399 1004 450 et
1034 395 1370 452 documenta.
1537 388 1543 390 ⁷
1615 399 1680 453 U.
1709 397 1764 452 ϐ.
1859 388 1919 391 ἡ
1981 398 2172 470 Olymp
2290 402 2543 473 timor-um
2601 388 2951 470 populorum,
3015 388 3316 473 Pontiﬁces,
3383 388 3533 461 ﬁeri

209 460 324 514 Jul.
349 464 428 539 __et
1619 473 1747 522 ante
2046 460 2069 468 ⁷
2131 460 2152 470 ’
2298 472 2484 538 Reges,
2526 460 2622 525 res‘
2642 460 2803 539 gestae
2827 477 2878 526 et
2911 460 3256 529 documenta.
3299 460 3314 467 ⁷
3349 460 3570 532 Christi.

239 531 388 608 glclj
1577 543 1629 593 et
1658 542 1784 608 post

237 600 320 676 ®
341 603 397 671 Β
1605 600 1769 664 Pam.

460 743 613 813 apud
679 756 827 813 quos
894 743 1212 802 miserabili
1278 748 1554 806 servitute
2297 752 2470 822 Capto
2498 752 2795 809 Valeriano
2821 766 2854 808 a
2879 755 3090 826 Persis,
3123 755 3318 826 plures

458 831 836 886 consenescit.
2231 842 2290 895 in
2337 841 2585 895 diversis
2638 841 2955 909 provinciis
3007 844 3315 912 imperium

530 920 852 986 chilianus
921 921 980 976 in
1044 922 1230 980 locum
1311 926 1548 998 ingenui
2228 933 2530 997 usurpant,
2565 942 2811 998 quorum
2841 931 3103 986 meminit
3131 932 3311 987 Pollio

458 1008 588 1079 Aug
607 1008 850 1078 dicitur,
871 1009 1174 1068 Gallienus
1196 1015 1426 1070 Romam
1456 1030 1552 1070 re—
2231 1017 2290 1072 in
2324 1030 2461 1086 xxx,
2493 1017 2793 1086 Tyrannis.
2826 1019 3012 1074 Petav.

458 1097 568 1153 dit.
615 1099 901 1151 Postumus
941 1097 1001 1152 in
1041 1097 1250 1156 Galliis
1287 1102 1542 1158 rebellat.

459 1183 672 1240 Meliob
701 1197 768 1240 ex
800 1198 996 1242 numm
1027 1192 1084 1242 et
1117 1187 1255 1244 hist.

241 1269 388 1329 4973
462 1308 468 1316 ς
533 1273 653 1342 Imp
681 1272 800 1328 Caes
826 1271 1102 1330 Galienus
1137 1279 1265 1348 Aug
1301 1273 1547 1349 [captivo
1625 1277 1765 1336 4042

2053 1296 2117 1338 m
2227 1283 2492 1353 Dionysii
2526 1282 2549 1338 4
2586 1290 2642 1339 et
2664 1282 2718 1340 2.
3397 1285 3506 1345 260

237 1357 404 1432 47,44
467 1365 625 1431 patre
657 1362 808 1431 apud
855 1363 1052 1419 Persas
1089 1363 1340 1440 detento]
1371 1372 1441 1422 tr.
1490 1383 1544 1438 p.
1625 1366 1763 1425 4043
2066 1384 2121 1425 IV
2295 1372 2954 1430 PersecutioaGallieno
2978 1375 3173 1430 desiit.
3195 1376 3319 1432 Eu—
3397 1378 3520 1432 Biss

249 1451 301 1505 A
328 1449 376 1506 G
457 1445 494 1504 7
518 1452 573 1504 et
600 1447 655 1504 8.
681 1451 787 1506 Cos
815 1447 867 1506 3.
2227 1459 2325 1514 seb
2357 1459 2456 1514 lib.
2493 1474 2593 1530 v11,
2627 1475 2674 1515 c.
2713 1459 2779 1516 44
2808 1469 2865 1517 et
2894 1459 2983 1516 47.

461 1573 599 1630 COSS
649 1578 662 1593 .
710 1578 724 1593 .
760 1539 1424 1630 Gornelilgusmcularis
1480 1558 1545 1600 ιι.
2297 1547 3018 1619 Scythisirrumpentibus,
3042 1550 3316 1620 templum

647 1649 661 1715 Γ
705 1611 970 1715 :‘Jliiliils
1010 1615 1265 1715 DO‘natll‘S
1332 1703 1371 1715 _
1414 1704 1428 1715 ‘
1527 1705 1542 1715 _
1860 1654 1916 1715 Β
2226 1611 2420 1691 Diana!
2467 1611 2768 1704 Ephesinse
2817 1611 3209 1709 succenditur,
3262 1646 3319 1696 et

530 1701 588 1756 L.
798 1700 1154 1798 deﬁince‘ndq
1191 1709 1307 1798 etc;
1332 1703 1544 1798 Reland
1860 1697 1916 1715 υ
2228 1725 2438 1793 Nicaea,
2472 1697 2700 1792 capitur
2724 1725 3065 1793 Chalcedon,
3100 1697 3317 1798 Trape—

457 1787 728 1882 saeculari
747 1790 1242 1882 [IetDonatocoss
1267 1791 1548 1882 cornelius
2226 1787 2846 1882 zuntii'diripiuntur,
2893 1819 3003 1869 etc.
3055 1787 3225 1871 Petav:
3263 1821 3320 1872 et

422 1877 712 1932 Secularis
756 1878 814 1930 P.
861 1877 923 1931 U.
972 1876 1249 1948 Opuscul.
1301 1881 1541 1936 Bucher.

1503 1897 1541 1936 π·
2226 1901 2411 1957 Euseb
2437 1876 2657 1956 Zosimo
2683 1908 2739 1958 et
2763 1876 3061 1960 Trebellio.

534 1967 647 2022 Hos
702 1971 758 2021 et
819 1967 1198 2037 praecedentes
1267 1983 1416 2025 coss.
1475 1969 1546 2024 ab

2307 1990 2518 2045 Paulus
2546 1991 2951 2047 Samosatenus
2981 1991 3044 2047 iit
3086 1993 3316 2062 episco-

463 2053 787 2110 Aunalibus
815 2061 1132 2123 expunctos
1162 2058 1549 2113 restituendos

2230 2091 2338 2148 pus
2361 2078 2773 2135 Antiochenus.
2808 2080 2921 2152 Pag
2948 2080 3014 2135 ad
3043 2053 3157 2136 ann
3185 2078 3310 2151 264,

465 2141 708 2211 probant
747 2141 1104 2214 chron010gi.
1134 2144 1273 2200 Vide
1311 2145 1547 2215 Pagium
2227 2141 2283 2222 ξι,
2318 2180 2373 2222 ν,

465 2244 578 2288 ann
630 2229 757 2287 280.
809 2231 1102 2288 Macrinus
1153 2232 1283 2304 Aug
1327 2234 1553 2290 dicitur

475 2333 605 2376 cum
633 2319 774 2376 ﬁliis
798 2319 870 2376 ab
893 2320 1248 2376 exercitibus
1271 2319 1548 2392 Orientis,

469 2415 528 2466 et
547 2409 617 2465 ab
653 2409 903 2466 Aureolo
931 2410 1205 2479 vincitur,
1246 2416 1303 2467 et
1326 2413 1554 2468 occidi-

468 2504 564 2555 tur
588 2511 718 2555 cum
751 2498 956 2554 liberis
984 2503 1041 2554 et
1070 2497 1297 2566 Quieto.
1327 2499 1552 2556 Mediob

466 2601 536 2644 ex
557 2601 694 2644 num
721 2591 776 2643 et
807 2587 946 2643 hist.

259 2707 398 2768 4974
540 2712 662 2782 Imp
691 2710 808 2766 Caes
845 2709 1144 2767 Gallienus
1178 2709 1308 2782 Aug
1351 2714 1439 2768 etc
1477 2716 1550 2769 tr.
1629 2711 1768 2770 4043
1983 2695 2044 2751 0-
2077 2693 2184 2752 959
2290 2697 2554 2768 DionYSii
2584 2695 2620 2754 2
2647 2703 2704 2754 et
2731 2696 2786 2754 3-
3409 2699 3508 2758 264

250 2797 408 2870 48,45
466 2814 524 2870 p.
554 2798 591 2855 8
616 2804 672 2855 et
699 2797 752 2853 9.
785 2812 899 2855 cos.
932 2795 985 2853 4.
1629 2798 1767 2858 4044
2070 2799 2124 2840 1v
2254 2787 2652 2887 "dimilianus
2684 2787 2838 2887 praef.
2875 2789 3097 2860 Egypti
3132 2790 3191 2845 in
3225 2803 3323 2846 se—

305 2889 351 2942 F
470 2922 606 2979 COSS
645 2889 767 2956 Imp
811 2886 928 2941 Cass
965 2885 1273 2969 Gallienus
1309 2887 1438 2959 Aug
1472 2902 1548 2944 ιν.

647 2959 706 3012 L.
758 2959 1058 3013 Petronius
1103 2959 1327 3014 Taurus
1371 2959 1554 3016 Volu-

2065 2879 2116 2928 et
2235 2875 2460 2930 ditione
2491 2887 2658 2944 quam
2701 2875 2930 2932 fortiter
2960 2891 3320 2947 compresse—

1867 2974 1916 3036 ο
2033 2959 2140 3019 260
2232 2969 2322 3018 rat
2349 2967 2644 3033 occupatis
2675 2963 2900 3019 horreis
2925 2967 3172 3021 assumit
3203 2967 3321 3021 im-

680 3046 898 3101 sianus.
2082 3063 2099 3104 ι
2233 3051 2512 3121 perium;
2564 3051 2658 3106 sed
2716 3064 2748 3106 a
2804 3053 3099 3109 Theodoro
3166 3053 3321 3110 Duce

541 3133 752 3189 Gruter
792 3130 952 3203 4028,
983 3130 1019 3188 2
1048 3133 1278 3190 Fabrett
1305 3136 1548 3206 Inscrip.
2227 3137 2477 3193 Gallieni
2511 3139 2676 3192 vivus
2705 3140 2953 3208 capitur,
2987 3145 3042 3194 et
3071 3142 3140 3196 ad
3173 3142 3322 3196 Gal-

473 3220 596 3278 356-
2232 3226 2449 3280 lienum
2493 3224 2767 3278 mittitur.
2810 3225 2997 3279 Calvis
3025 3238 3094 3280 ex
3129 3226 3320 3282 Aure-

537 3308 798 3366 Gallieno
829 3321 883 3363 1v
921 3315 976 3365 et
1018 3308 1331 3368 Volusiano
1374 3313 1558 3367 Num—
2232 3311 2330 3368 lio.

467 3401 608 3454 mius
665 3398 908 3453 Albinus
968 3400 1026 3453 P.
1084 3398 1148 3454 U.
1204 3399 1265 3455 C.
1321 3399 1557 3458 Cassius
1677 3469 1680 3472 λ
2301 3402 2433 3457 Post
2485 3400 2762 3455 Macriani
2835 3404 3070 3456 mortem
3130 3397 3322 3474 [cujus

470 3488 777 3542 Postumus
855 3498 924 3541 ex
995 3483 1258 3555 praefecto
1345 3485 1557 3544 limitis
2233 3487 2472 3544 rebellio
2512 3488 2571 3542 in
2601 3487 2837 3558 Egypto
2881 3488 2942 3542 in
2975 3501 3149 3544 causa
3178 3487 3312 3560 fuit,

470 3573 676 3642 Rheni,
730 3572 921 3627 occiso
991 3571 1315 3640 Valeriano,
1382 3574 1556 3632 tertio
2237 3589 2306 3631 ne
2349 3573 2686 3629 beneﬁcium
2740 3575 2993 3631 remissas
3049 3589 3322 3645 persecu-

471 3660 598 3717 tllio
628 3658 898 3728 Gallieni,
945 3659 1117 3728 cujus
1153 3666 1385 3716 curator
1412 3669 1553 3732 erat,
2233 3663 2416 3721 tionis
2471 3663 2614 3718 alibi
2673 3675 3007 3718 concessum
3068 3663 3318 3734 Egyptii

474 3761 607 3804 cum
639 3745 762 3802 ﬂlio
803 3759 907 3802 suo
934 3747 1205 3803 Postumo
1249 3748 1310 3802 in
1347 3747 1559 3806 Galliis
2233 3751 2550 3808 Christiani
2599 3747 2975 3825 perciperent]
3024 3750 3083 3805 h.
3123 3764 3178 3806 a.
3225 3765 3324 3808 re—

470 3835 721 3893 assumit
748 3834 1078 3906 imperium,
1110 3841 1166 3890 et
1187 3831 1223 3890 7
1252 3835 1424 3891 annis
1449 3835 1560 3892 ob-
2237 3840 2444 3897 scribit
2471 3839 2791 3896 Gallienus.

473 3924 634 3982 tinet.
669 3922 858 3979 Calvis
883 3936 953 3978 ex
981 3924 1102 3979 Aur
1136 3923 1258 3980 Vict
1281 3922 1557 3996 Pollione,

471 4017 579 4070 etc.

270 4133 402 4196 i975
543 4139 662 4208 Imp
703 4137 823 4194 Caes
859 4137 1160 4196 Gallienus
1195 4137 1323 4210 Aug
1353 4142 1442 4195 etc
1481 4142 1554 4194 tr.
1633 4134 1773 4196 4044

2074 4157 2092 4200 ι
2309 4141 2574 4214 Dionysii
2605 4139 2640 4198 3
2667 4145 2724 4198 et
2754 4139 2806 4198 4.
3414 4136 3524 4198 262

265 4225 414 4298 49,46
476 4242 530 4300 p.
559 4226 594 4284 9
621 4233 682 4284 et
712 4226 778 4285 40
808 4242 903 4284 cos
937 4242 990 4282 v.
1633 4225 1774 4286 4045

1772 4255 1774 4271 ι
2076 4245 2115 4289 ιι
2310 4233 2622 4303 Dionysius
2649 4230 3072 4287 Alexandrinus
3096 4231 3330 4301 episco-

317 4317 362 4370 Β
655 4319 776 4386 Imp
823 4317 943 4374 Caes
1007 4319 1066 4372 P.
1118 4317 1282 4375 Licin
1334 4317 1560 4374 Gallie—
1872 4311 1930 4374 D
2238 4336 2347 4391 pus
2389 4321 2615 4376 delatus
2645 4321 2715 4376 ad
2750 4320 3092 4392 Dionysium
3125 4333 3326 4391 papam

724 4421 835 4464 nus
863 4408 990 4479 Aug
1018 4421 1073 4462 v.
2235 4423 2410 4480 super
2473 4409 2716 4464 obscure
2786 4409 3044 4479 scriptis,
3111 4409 3330 4479 quibus

474 4495 612 4553 Coss
712 4536 727 4551 .
839 4537 854 4552 .
929 4538 943 4552 .
1035 4537 1049 4552 .
1143 4536 1159 4552 .
1229 4497 1556 4552 Faustinus.
2236 4498 2438 4554 Ariani
2481 4502 2673 4566 postea
2712 4497 2801 4551 usi
2830 4503 2987 4566 sunt,
3029 4498 3329 4566 suspicio-

660 4589 719 4643 L.
752 4585 808 4658 2,
839 4602 889 4644 c.
932 4588 1004 4644 de
1033 4586 1264 4643 ordinat
1300 4585 1563 4655 judicio—
2241 4602 2368 4644 nem
2411 4590 2618 4656 purgat
2647 4585 2801 4640 datis
2838 4585 2908 4639 ad
2940 4598 3070 4639 eum
3110 4585 3328 4640 litteris

728 4692 877 4734 rum.
909 4677 1142 4734 Reland.
2241 4679 2425 4732 Petav.

545 4767 809 4824 Gallieno
831 4782 860 4821 v
879 4772 937 4822 et
956 4765 1229 4822 Faustino
1250 4777 1378 4821 coss
1397 4765 1562 4820 Num-
2309 4765 2484 4822 Gothi
2519 4764 2815 4834 occupatis
2842 4763 3107 4820 Thraciis
3135 4766 3327 4820 Mace-

474 4858 617 4912 mius
649 4858 884 4913 Albinus
914 4858 972 4911 P.
1006 4855 1069 4910 U.
2236 4853 2472 4908 doniam
2525 4860 2770 4922 vastant,
2818 4866 2946 4908 mox
2985 4853 3123 4907 victi
3165 4865 3328 4907 rece—

523 4948 926 5004 ‘Terrazmotus
978 4947 1181 5018 ingens
1231 4946 1440 5011 Romae,
1498 4944 1559 4999 in
2236 4943 2400 4997 dunt.
2433 4941 2652 5010 Scythae
2678 4942 2870 4996 Asiam
2903 4944 3144 5008 vastant,
3179 4947 3331 4995 tem-

481 5037 652 5108 Libya
691 5041 749 5094 et
777 5037 936 5092 Asia.
977 5037 1160 5092 Pestis
1190 5037 1378 5091 Romae
1415 5040 1472 5090 et
1500 5034 1560 5089 in
2242 5029 2399 5100 plum
2442 5029 2636 5083 Dianae
2681 5028 2950 5098 spoliant.
3003 5028 3212 5100 Pagius
3253 5029 3324 5085 ad

477 5127 709 5182 Achaia.
757 5127 839 5181 Ex
885 5126 1056 5181 libris
1102 5124 1407 5195 Sybillinis
1455 5137 1563 5194 pax
2243 5120 2299 5174 h.
2331 5132 2382 5174 a.
2418 5133 2486 5174 ex
2517 5117 2774 5173 Pollione
2988 5188 2990 5191 ι

479 5215 654 5271 Deum
706 5216 950 5286 quaesita
997 5220 1104 5270 etc.
1159 5213 1452 5269 Mediobar
1497 5227 1566 5269 ex
2315 5207 2667 5279 Porphyrius
2700 5205 3028 5263 Platonicus
3051 5207 3330 5265 Christia-

480 5315 614 5358 num
646 5307 704 5358 et
734 5302 868 5358 hist.
2250 5299 2341 5355 nis
2375 5297 2638 5353 infensus
2678 5297 2928 5366 scriptor
2955 5310 2986 5352 e
3017 5298 3162 5368 Tyro
3206 5297 3326 5352 Ro-

548 5391 894 5447 Decennalia
935 5404 968 5446 a
1012 5389 1275 5448 Gallieno
1322 5388 1605 5446 celebrata
2251 5399 2397 5442 mam
2430 5386 2486 5440 h.
2518 5399 2570 5441 a.
2605 5385 2761 5441 venit
2792 5384 2895 5441 ibi.

479 5479 710 5537 Nummi
741 5483 976 5534 veteres.
