  <div class='ocr_page' id='page_1' title='image "/cluster/home/n/w/nwhite01/storage/ocr_20150623/127/hvd.32044054759881/292.png"; bbox 0 0 3946 6146; ppageno 0'>
   <div class='ocr_carea' id='block_1_1' title="bbox 216 307 1774 375">
    <p class='ocr_par' dir='ltr' id='par_1_1' title="bbox 216 311 1774 375">
     <span class='ocr_line' id='line_1_1' title="bbox 216 311 1774 375; baseline -0.003 -1"><span class='ocrx_word' id='word_1_1' title='bbox 216 311 316 375; x_wconf 83' lang='grc'><strong>573</strong></span> <span class='ocrx_word' id='word_1_2' title='bbox 1144 338 1147 340; x_wconf 90' lang='grc'><strong>·</strong></span> <span class='ocrx_word' id='word_1_3' title='bbox 1249 311 1541 371; x_wconf 82' lang='lat' dir='ltr'><strong>CRONOL.</strong></span> <span class='ocrx_word' id='word_1_4' title='bbox 1581 311 1774 372; x_wconf 86' lang='lat' dir='ltr'><strong>CONSl</strong></span> 
     </span>
    </p>
   </div>
   <div class='ocr_carea' id='block_1_2' title="bbox 2061 307 3619 375">
    <p class='ocr_par' dir='ltr' id='par_1_2' title="bbox 2061 307 3619 371">
     <span class='ocr_line' id='line_1_2' title="bbox 2061 307 3619 371; baseline 0.003 -5"><span class='ocrx_word' id='word_1_5' title='bbox 2061 310 2189 369; x_wconf 62' lang='grc' dir='ltr'><strong>ΗΕΒ.</strong></span> <span class='ocrx_word' id='word_1_6' title='bbox 2230 307 2398 368; x_wconf 84' lang='lat' dir='ltr'><strong>ROM.</strong></span> <span class='ocrx_word' id='word_1_7' title='bbox 2438 307 2585 371; x_wconf 83' lang='lat' dir='ltr'><strong>ETC.</strong></span> <span class='ocrx_word' id='word_1_8' title='bbox 3510 309 3619 370; x_wconf 78' lang='grc'><strong>574</strong></span> 
     </span>
    </p>
   </div>
   <div class='ocr_carea' id='block_1_3' title="bbox 267 435 3559 512">
    <p class='ocr_par' dir='ltr' id='par_1_3' title="bbox 267 435 3559 512">
     <span class='ocr_line' id='line_1_3' title="bbox 267 435 3559 512; baseline 0.001 -23"><span class='ocrx_word' id='word_1_9' title='bbox 267 439 432 512; x_wconf 60' lang='lat' dir='ltr'><strong>Anni</strong></span> <span class='ocrx_word' id='word_1_10' title='bbox 497 439 875 512; x_wconf 68' lang='lat' dir='ltr'><strong>Imperatores,</strong></span> <span class='ocrx_word' id='word_1_11' title='bbox 968 440 1221 499; x_wconf 80' lang='lat' dir='ltr'><strong>Consules</strong></span> <span class='ocrx_word' id='word_1_12' title='bbox 1267 445 1542 499; x_wconf 81' lang='lat' dir='ltr'><strong>Romano—</strong></span> <span class='ocrx_word' id='word_1_13' title='bbox 1650 435 1806 512; x_wconf 77' lang='lat' dir='ltr'><strong>A_n1_ti</strong></span> <span class='ocrx_word' id='word_1_14' title='bbox 1890 435 1947 499; x_wconf 78' lang='grc' dir='ltr'><strong>Α</strong></span> <span class='ocrx_word' id='word_1_15' title='bbox 2031 437 2198 512; x_wconf 71' lang='grc' dir='ltr'><strong>Δᾼηηί</strong></span> <span class='ocrx_word' id='word_1_16' title='bbox 2267 435 2721 512; x_wconf 78' lang='lat' dir='ltr'><strong>Christianorum,</strong></span> <span class='ocrx_word' id='word_1_17' title='bbox 2761 435 3074 512; x_wconf 55' lang='lat' dir='ltr'><strong>Iudaeorum</strong></span> <span class='ocrx_word' id='word_1_18' title='bbox 3117 440 3167 490; x_wconf 87' lang='lat' dir='ltr'><strong>et</strong></span> <span class='ocrx_word' id='word_1_19' title='bbox 3193 437 3330 506; x_wconf 77' lang='lat' dir='ltr'><strong>ﬁni—</strong></span> <span class='ocrx_word' id='word_1_20' title='bbox 3402 435 3559 492; x_wconf 80' lang='lat' dir='ltr'><strong>Anni</strong></span> 
     </span>
    </p>
   </div>
   <div class='ocr_carea' id='block_1_4' title="bbox 285 505 3548 584">
    <p class='ocr_par' dir='ltr' id='par_1_4' title="bbox 285 505 3548 584">
     <span class='ocr_line' id='line_1_4' title="bbox 285 505 3548 584; baseline -0.001 -21"><span class='ocrx_word' id='word_1_21' title='bbox 285 511 414 584; x_wconf 69' lang='lat' dir='ltr'><strong>Per.</strong></span> <span class='ocrx_word' id='word_1_22' title='bbox 564 505 688 565; x_wconf 59' lang='lat' dir='ltr'><strong>ium</strong></span> <span class='ocrx_word' id='word_1_23' title='bbox 709 527 795 568; x_wconf 82' lang='lat' dir='ltr'><strong>res</strong></span> <span class='ocrx_word' id='word_1_24' title='bbox 824 505 1004 584; x_wconf 59' lang='lat' dir='ltr'><strong>gesta,</strong></span> <span class='ocrx_word' id='word_1_25' title='bbox 1037 517 1087 568; x_wconf 87' lang='lat' dir='ltr'><strong>et</strong></span> <span class='ocrx_word' id='word_1_26' title='bbox 1115 513 1450 569; x_wconf 83' lang='lat' dir='ltr'><strong>documenta.</strong></span> <span class='ocrx_word' id='word_1_27' title='bbox 1665 505 1824 584; x_wconf 82' lang='lat' dir='ltr'><strong>U_.C._</strong></span> <span class='ocrx_word' id='word_1_28' title='bbox 2015 508 2222 580; x_wconf 78' lang='lat' dir='ltr'><strong>Olymp.</strong></span> <span class='ocrx_word' id='word_1_29' title='bbox 2370 510 2629 584; x_wconf 62' lang='lat' dir='ltr'><strong>timorum</strong></span> <span class='ocrx_word' id='word_1_30' title='bbox 2657 507 3012 584; x_wconf 39' lang='lat' dir='ltr'><strong>populorum,</strong></span> <span class='ocrx_word' id='word_1_31' title='bbox 3029 505 3335 577; x_wconf 69' lang='lat' dir='ltr'><strong>Pontiﬁces,</strong></span> <span class='ocrx_word' id='word_1_32' title='bbox 3379 512 3548 584; x_wconf 58' lang='lat' dir='ltr'><strong>_{E-rae</strong></span> 
     </span>
    </p>
   </div>
   <div class='ocr_carea' id='block_1_5' title="bbox 293 577 3590 665">
    <p class='ocr_par' dir='ltr' id='par_1_5' title="bbox 293 577 3590 665">
     <span class='ocr_line' id='line_1_5' title="bbox 293 577 3590 665; baseline 0 -30"><span class='ocrx_word' id='word_1_33' title='bbox 293 581 466 665; x_wconf 55' lang='lat' dir='ltr'><strong>Jul.“</strong></span> <span class='ocrx_word' id='word_1_34' title='bbox 826 577 847 584; x_wconf 73' lang='lat'><em>&#39;</em></span> <span class='ocrx_word' id='word_1_35' title='bbox 986 577 994 579; x_wconf 61' lang='grc'><strong><em>⁷</em></strong></span> <span class='ocrx_word' id='word_1_36' title='bbox 1607 580 1844 665; x_wconf 49' lang='lat' dir='ltr'><strong>anteet,</strong></span> <span class='ocrx_word' id='word_1_37' title='bbox 2161 577 2183 580; x_wconf 54' lang='grc'><em>“</em></span> <span class='ocrx_word' id='word_1_38' title='bbox 2365 581 2550 649; x_wconf 83' lang='lat' dir='ltr'><strong>Reges,</strong></span> <span class='ocrx_word' id='word_1_39' title='bbox 2607 593 2692 634; x_wconf 77' lang='lat' dir='ltr'><strong>res</strong></span> <span class='ocrx_word' id='word_1_40' title='bbox 2718 582 2881 648; x_wconf 73' lang='lat' dir='ltr'><strong>gestae</strong></span> <span class='ocrx_word' id='word_1_41' title='bbox 2904 583 2954 635; x_wconf 82' lang='lat' dir='ltr'><strong>et</strong></span> <span class='ocrx_word' id='word_1_42' title='bbox 2975 579 3313 634; x_wconf 83' lang='lat' dir='ltr'><strong>documenta.</strong></span> <span class='ocrx_word' id='word_1_43' title='bbox 3367 577 3590 636; x_wconf 76' lang='lat' dir='ltr'><strong>Christi.</strong></span> 
     </span>
    </p>
   </div>
   <div class='ocr_carea' id='block_1_6' title="bbox 248 646 1862 799">
    <p class='ocr_par' dir='ltr' id='par_1_6' title="bbox 248 646 1862 799">
     <span class='ocr_line' id='line_1_6' title="bbox 248 646 1862 799; baseline -0.004 -92"><span class='ocrx_word' id='word_1_44' title='bbox 248 651 466 799; x_wconf 50' lang='lat' dir='ltr'><strong>etéygli</strong></span> <span class='ocrx_word' id='word_1_45' title='bbox 1563 652 1688 720; x_wconf 83' lang='lat' dir='ltr'><strong>post</strong></span> <span class='ocrx_word' id='word_1_46' title='bbox 1701 646 1862 703; x_wconf 71' lang='lat' dir='ltr'><strong>Pam.</strong></span> 
     </span>
    </p>
   </div>
   <div class='ocr_carea' id='block_1_7' title="bbox 505 827 3340 958">
    <p class='ocr_par' dir='ltr' id='par_1_7' title="bbox 505 827 3340 958">
     <span class='ocr_line' id='line_1_7' title="bbox 505 827 3340 954; baseline 0 -69"><span class='ocrx_word' id='word_1_47' title='bbox 505 865 644 924; x_wconf 68' lang='lat' dir='ltr'><strong>COSS</strong></span> <span class='ocrx_word' id='word_1_48' title='bbox 724 865 738 883; x_wconf 91' lang='lat'><strong>.</strong></span> <span class='ocrx_word' id='word_1_49' title='bbox 774 865 789 884; x_wconf 92' lang='lat'><strong>.</strong></span> <span class='ocrx_word' id='word_1_50' title='bbox 823 864 840 885; x_wconf 92' lang='lat'><strong>.</strong></span> <span class='ocrx_word' id='word_1_51' title='bbox 867 827 1164 954; x_wconf 48' lang='lat' dir='ltr'><strong>Rammius.</strong></span> <span class='ocrx_word' id='word_1_52' title='bbox 2256 835 2451 903; x_wconf 89' lang='lat' dir='ltr'><strong>patum</strong></span> <span class='ocrx_word' id='word_1_53' title='bbox 2506 829 2782 887; x_wconf 73' lang='lat' dir='ltr'><strong>obtinuit.</strong></span> <span class='ocrx_word' id='word_1_54' title='bbox 2813 828 3114 886; x_wconf 85' lang='lat' dir='ltr'><strong>Gallienus</strong></span> <span class='ocrx_word' id='word_1_55' title='bbox 3158 830 3340 886; x_wconf 86' lang='lat' dir='ltr'><strong>Hera—</strong></span> 
     </span>
     <span class='ocr_line' id='line_1_8' title="bbox 727 899 3340 958; baseline 0.002 -4"><span class='ocrx_word' id='word_1_56' title='bbox 727 938 741 954; x_wconf 83' lang='lat'><strong>.</strong></span> <span class='ocrx_word' id='word_1_57' title='bbox 770 942 786 958; x_wconf 85' lang='lat'><strong>.</strong></span> <span class='ocrx_word' id='word_1_58' title='bbox 829 938 843 953; x_wconf 77' lang='grc'><strong>.</strong></span> <span class='ocrx_word' id='word_1_59' title='bbox 924 899 1222 956; x_wconf 75' lang='lat' dir='ltr'><strong>rcesnlaus.</strong></span> <span class='ocrx_word' id='word_1_60' title='bbox 2255 919 2472 958; x_wconf 72' lang='lat' dir='ltr'><strong>nlinnm</strong></span> <span class='ocrx_word' id='word_1_61' title='bbox 2499 921 2703 958; x_wconf 75' lang='lat' dir='ltr'><strong>Dnnpm</strong></span> <span class='ocrx_word' id='word_1_62' title='bbox 2747 923 2940 958; x_wconf 71' lang='lat' dir='ltr'><strong>nnntra</strong></span> <span class='ocrx_word' id='word_1_63' title='bbox 2997 919 3190 958; x_wconf 65' lang='lat' dir='ltr'><strong>Daren:</strong></span> <span class='ocrx_word' id='word_1_64' title='bbox 3232 919 3340 958; x_wconf 68' lang='lat' dir='ltr'><strong>da.</strong></span> 
     </span>
    </p>
   </div>
   <div class='ocr_carea' id='block_1_8' title="bbox 574 919 2132 1080">
    <p class='ocr_par' dir='ltr' id='par_1_8' title="bbox 574 919 1582 1059">
     <span class='ocr_line' id='line_1_9' title="bbox 574 919 1222 958; baseline 0.003 -4"><span class='ocrx_word' id='word_1_65' title='bbox 574 919 638 924; x_wconf 39' lang='grc' dir='ltr'><strong>’θ</strong></span> <span class='ocrx_word' id='word_1_66' title='bbox 727 938 741 954; x_wconf 87' lang='grc'><strong>.</strong></span> <span class='ocrx_word' id='word_1_67' title='bbox 770 942 786 958; x_wconf 86' lang='lat'><strong>.</strong></span> <span class='ocrx_word' id='word_1_68' title='bbox 829 938 843 953; x_wconf 79' lang='grc' dir='ltr'><strong>ο</strong></span> <span class='ocrx_word' id='word_1_69' title='bbox 872 919 1222 956; x_wconf 67' lang='grc' dir='ltr'>Ατοεδιιᾶιιδ.</span> 
     </span>
     <span class='ocr_line' id='line_1_10' title="bbox 574 987 1582 1059; baseline -0.002 -14"><span class='ocrx_word' id='word_1_70' title='bbox 574 988 811 1045; x_wconf 87' lang='lat' dir='ltr'><strong>Reland.</strong></span> <span class='ocrx_word' id='word_1_71' title='bbox 860 1002 928 1044; x_wconf 80' lang='lat' dir='ltr'><strong>ex</strong></span> <span class='ocrx_word' id='word_1_72' title='bbox 978 989 1019 1046; x_wconf 93' lang='lat' dir='ltr'><strong>l.</strong></span> <span class='ocrx_word' id='word_1_73' title='bbox 1067 988 1121 1059; x_wconf 82' lang='lat'><strong>5,</strong></span> <span class='ocrx_word' id='word_1_74' title='bbox 1187 988 1248 1045; x_wconf 91' lang='lat' dir='ltr'><strong>C.</strong></span> <span class='ocrx_word' id='word_1_75' title='bbox 1298 987 1465 1046; x_wconf 90' lang='lat' dir='ltr'><strong>dein</strong></span> <span class='ocrx_word' id='word_1_76' title='bbox 1509 987 1582 1044; x_wconf 89' lang='lat' dir='ltr'><strong>lit</strong></span> 
     </span>
    </p>
   </div>
   <div class='ocr_carea' id='block_1_9' title="bbox 1781 919 3339 1080">
    <p class='ocr_par' dir='ltr' id='par_1_9' title="bbox 2255 919 3339 1080">
     <span class='ocr_line' id='line_1_11' title="bbox 2255 919 3339 976; baseline -0.002 -1"><span class='ocrx_word' id='word_1_77' title='bbox 2255 919 2474 976; x_wconf 89' lang='lat' dir='ltr'><strong>clinum</strong></span> <span class='ocrx_word' id='word_1_78' title='bbox 2498 921 2708 976; x_wconf 87' lang='lat' dir='ltr'><strong>Ducem</strong></span> <span class='ocrx_word' id='word_1_79' title='bbox 2747 923 2946 975; x_wconf 90' lang='lat' dir='ltr'><strong>contra</strong></span> <span class='ocrx_word' id='word_1_80' title='bbox 2997 919 3190 975; x_wconf 82' lang='lat' dir='ltr'><strong>Persas</strong></span> <span class='ocrx_word' id='word_1_81' title='bbox 3232 919 3339 976; x_wconf 87' lang='lat' dir='ltr'><strong>de-</strong></span> 
     </span>
     <span class='ocr_line' id='line_1_12' title="bbox 2255 1007 3337 1080; baseline -0.002 -15"><span class='ocrx_word' id='word_1_82' title='bbox 2255 1011 2469 1065; x_wconf 84' lang='lat' dir='ltr'><strong>stinat:</strong></span> <span class='ocrx_word' id='word_1_83' title='bbox 2506 1009 2605 1080; x_wconf 93' lang='lat' dir='ltr'><strong>qui</strong></span> <span class='ocrx_word' id='word_1_84' title='bbox 2665 1022 2698 1064; x_wconf 89' lang='lat' dir='ltr'><strong>a</strong></span> <span class='ocrx_word' id='word_1_85' title='bbox 2747 1007 3098 1078; x_wconf 90' lang='lat' dir='ltr'><strong>Palmyrenis</strong></span> <span class='ocrx_word' id='word_1_86' title='bbox 3146 1007 3337 1064; x_wconf 86' lang='lat' dir='ltr'><strong>victus</strong></span> 
     </span>
    </p>
   </div>
   <div class='ocr_carea' id='block_1_10' title="bbox 503 1079 3339 1180">
    <p class='ocr_par' dir='ltr' id='par_1_10' title="bbox 503 1079 3339 1180">
     <span class='ocr_line' id='line_1_13' title="bbox 503 1079 3339 1180; baseline -0.001 -26"><span class='ocrx_word' id='word_1_87' title='bbox 503 1079 674 1180; x_wconf 64' lang='lat' dir='ltr'><strong>dagd;</strong></span> <span class='ocrx_word' id='word_1_88' title='bbox 708 1084 866 1180; x_wconf 59' lang='lat' dir='ltr'><strong>tutor</strong></span> <span class='ocrx_word' id='word_1_89' title='bbox 895 1085 1133 1180; x_wconf 45' lang='lat' dir='ltr'><strong>gemat.</strong></span> <span class='ocrx_word' id='word_1_90' title='bbox 1277 1168 1317 1180; x_wconf 38' lang='grc' dir='ltr'>ἣ</span> <span class='ocrx_word' id='word_1_91' title='bbox 1369 1167 1417 1180; x_wconf 49' lang='grc' dir='ltr'><strong><em>η</em></strong></span> <span class='ocrx_word' id='word_1_92' title='bbox 2255 1103 2360 1154; x_wconf 89' lang='lat' dir='ltr'><strong>est.</strong></span> <span class='ocrx_word' id='word_1_93' title='bbox 2397 1079 2561 1153; x_wconf 68' lang='lat' dir='ltr'><strong>rem</strong></span> <span class='ocrx_word' id='word_1_94' title='bbox 2589 1110 2659 1152; x_wconf 84' lang='lat' dir='ltr'><strong>ex</strong></span> <span class='ocrx_word' id='word_1_95' title='bbox 2686 1095 2906 1152; x_wconf 89' lang='lat' dir='ltr'><strong>Trebell</strong></span> <span class='ocrx_word' id='word_1_96' title='bbox 2936 1095 3178 1152; x_wconf 89' lang='lat' dir='ltr'><strong>Zenobia</strong></span> <span class='ocrx_word' id='word_1_97' title='bbox 3209 1096 3339 1152; x_wconf 90' lang='lat' dir='ltr'><strong>bel-</strong></span> 
     </span>
    </p>
   </div>
   <div class='ocr_carea' id='block_1_11' title="bbox 573 1167 2131 1268">
    <p class='ocr_par' dir='ltr' id='par_1_11' title="bbox 573 1167 1436 1225">
     <span class='ocr_line' id='line_1_14' title="bbox 573 1167 1436 1225; baseline -0.005 0"><span class='ocrx_word' id='word_1_98' title='bbox 573 1170 859 1225; x_wconf 83' lang='lat' dir='ltr'><strong>Pctrom‘us</strong></span> <span class='ocrx_word' id='word_1_99' title='bbox 895 1168 1225 1224; x_wconf 78' lang='lat' dir='ltr'><strong>Volusianus</strong></span> <span class='ocrx_word' id='word_1_100' title='bbox 1277 1168 1337 1221; x_wconf 92' lang='lat' dir='ltr'><strong>P.</strong></span> <span class='ocrx_word' id='word_1_101' title='bbox 1369 1167 1436 1222; x_wconf 92' lang='lat' dir='ltr'><strong>U.</strong></span> 
     </span>
    </p>
   </div>
   <div class='ocr_carea' id='block_1_12' title="bbox 1781 1167 3339 1268">
    <p class='ocr_par' dir='ltr' id='par_1_12' title="bbox 2255 1185 3339 1242">
     <span class='ocr_line' id='line_1_15' title="bbox 2255 1185 3339 1242; baseline -0.001 0"><span class='ocrx_word' id='word_1_102' title='bbox 2255 1185 2607 1242; x_wconf 88' lang='lat' dir='ltr'><strong>licosissima</strong></span> <span class='ocrx_word' id='word_1_103' title='bbox 2627 1185 2836 1242; x_wconf 80' lang='lat' dir='ltr'><strong>mulier</strong></span> <span class='ocrx_word' id='word_1_104' title='bbox 2863 1198 2975 1241; x_wconf 90' lang='lat' dir='ltr'><strong>non</strong></span> <span class='ocrx_word' id='word_1_105' title='bbox 2997 1185 3183 1242; x_wconf 90' lang='lat' dir='ltr'><strong>solum</strong></span> <span class='ocrx_word' id='word_1_106' title='bbox 3214 1185 3339 1241; x_wconf 90' lang='lat' dir='ltr'><strong>Per-</strong></span> 
     </span>
    </p>
   </div>
   <div class='ocr_carea' id='block_1_13' title="bbox 574 1255 2132 1360">
    <p class='ocr_par' dir='ltr' id='par_1_13' title="bbox 574 1255 1578 1329">
     <span class='ocr_line' id='line_1_16' title="bbox 574 1255 1578 1329; baseline -0.004 -15"><span class='ocrx_word' id='word_1_107' title='bbox 574 1258 862 1314; x_wconf 89' lang='lat' dir='ltr'><strong>Postumis</strong></span> <span class='ocrx_word' id='word_1_108' title='bbox 933 1257 1192 1329; x_wconf 79' lang='lat' dir='ltr'><strong>tyrannis</strong></span> <span class='ocrx_word' id='word_1_109' title='bbox 1239 1256 1451 1312; x_wconf 90' lang='lat' dir='ltr'><strong>occisis</strong></span> <span class='ocrx_word' id='word_1_110' title='bbox 1502 1255 1578 1311; x_wconf 88' lang='lat' dir='ltr'><strong>M.</strong></span> 
     </span>
    </p>
   </div>
   <div class='ocr_carea' id='block_1_14' title="bbox 1780 1255 3338 1360">
    <p class='ocr_par' dir='ltr' id='par_1_14' title="bbox 2253 1274 3338 1346">
     <span class='ocr_line' id='line_1_17' title="bbox 2253 1274 3338 1346; baseline 0 -16"><span class='ocrx_word' id='word_1_111' title='bbox 2253 1288 2348 1331; x_wconf 88' lang='lat' dir='ltr'><strong>sas</strong></span> <span class='ocrx_word' id='word_1_112' title='bbox 2369 1274 2616 1346; x_wconf 74' lang='lat' dir='ltr'><strong>repellit,</strong></span> <span class='ocrx_word' id='word_1_113' title='bbox 2636 1274 2732 1331; x_wconf 88' lang='lat' dir='ltr'><strong>sed</strong></span> <span class='ocrx_word' id='word_1_114' title='bbox 2763 1275 2937 1330; x_wconf 88' lang='lat' dir='ltr'><strong>etiam</strong></span> <span class='ocrx_word' id='word_1_115' title='bbox 2959 1274 3020 1330; x_wconf 91' lang='lat' dir='ltr'><strong>in</strong></span> <span class='ocrx_word' id='word_1_116' title='bbox 3037 1274 3338 1346; x_wconf 68' lang='lat' dir='ltr'><strong>Egyptum</strong></span> 
     </span>
    </p>
   </div>
   <div class='ocr_carea' id='block_1_15' title="bbox 498 1345 3340 1447">
    <p class='ocr_par' dir='ltr' id='par_1_15' title="bbox 498 1345 3340 1447">
     <span class='ocr_line' id='line_1_18' title="bbox 498 1345 3340 1447; baseline -0.006 -9"><span class='ocrx_word' id='word_1_117' title='bbox 498 1347 622 1447; x_wconf 39' lang='lat' dir='ltr'><strong>A91:</strong></span> <span class='ocrx_word' id='word_1_118' title='bbox 672 1348 983 1447; x_wconf 48' lang='grc' dir='ltr'><strong>Ἶθίθνίηδξδ</strong></span> <span class='ocrx_word' id='word_1_119' title='bbox 1023 1348 1332 1447; x_wconf 55' lang='grc' dir='ltr'><strong>Ψνθτδίίξτ</strong></span> <span class='ocrx_word' id='word_1_120' title='bbox 1359 1345 1581 1447; x_wconf 35' lang='lat' dir='ltr'><strong>dif?“</strong></span> <span class='ocrx_word' id='word_1_121' title='bbox 2254 1364 2566 1434; x_wconf 73' lang='lat' dir='ltr'><strong>potentiam</strong></span> <span class='ocrx_word' id='word_1_122' title='bbox 2620 1362 2898 1420; x_wconf 79' lang='lat' dir='ltr'><strong>extendit.</strong></span> <span class='ocrx_word' id='word_1_123' title='bbox 2941 1362 3228 1421; x_wconf 85' lang='lat' dir='ltr'><strong>Calvisius</strong></span> <span class='ocrx_word' id='word_1_124' title='bbox 3270 1376 3340 1420; x_wconf 80' lang='lat' dir='ltr'><strong>ex</strong></span> 
     </span>
    </p>
   </div>
   <div class='ocr_carea' id='block_1_16' title="bbox 500 1433 2733 1512">
    <p class='ocr_par' dir='ltr' id='par_1_16' title="bbox 500 1433 2733 1512">
     <span class='ocr_line' id='line_1_19' title="bbox 500 1433 2733 1512; baseline 0.002 -18"><span class='ocrx_word' id='word_1_125' title='bbox 500 1440 559 1494; x_wconf 88' lang='lat' dir='ltr'><strong>et</strong></span> <span class='ocrx_word' id='word_1_126' title='bbox 602 1436 662 1492; x_wconf 91' lang='lat' dir='ltr'><strong>in</strong></span> <span class='ocrx_word' id='word_1_127' title='bbox 692 1435 998 1493; x_wconf 81' lang='lat' dir='ltr'><strong>Germania</strong></span> <span class='ocrx_word' id='word_1_128' title='bbox 1037 1436 1362 1507; x_wconf 79' lang='lat' dir='ltr'><strong>Pomponius</strong></span> <span class='ocrx_word' id='word_1_129' title='bbox 1391 1433 1576 1492; x_wconf 66' lang='lat' dir='ltr'><strong>Etiw-</strong></span> <span class='ocrx_word' id='word_1_130' title='bbox 2255 1433 2359 1512; x_wconf 59' lang='grc' dir='ltr'><strong>ζεοά</strong></span> <span class='ocrx_word' id='word_1_131' title='bbox 2427 1452 2733 1511; x_wconf 67' lang='lat' dir='ltr'><strong>Trebellio,</strong></span> 
     </span>
    </p>
   </div>
   <div class='ocr_carea' id='block_1_17' title="bbox 498 1525 876 1598">
    <p class='ocr_par' dir='ltr' id='par_1_17' title="bbox 498 1525 876 1598">
     <span class='ocr_line' id='line_1_20' title="bbox 498 1525 876 1598; baseline 0 -17"><span class='ocrx_word' id='word_1_132' title='bbox 498 1540 625 1581; x_wconf 87' lang='lat' dir='ltr'><strong>nus.</strong></span> <span class='ocrx_word' id='word_1_133' title='bbox 654 1525 876 1598; x_wconf 88' lang='lat' dir='ltr'><strong>Lydiat.</strong></span> 
     </span>
    </p>
   </div>
   <div class='ocr_carea' id='block_1_18' title="bbox 281 1625 1839 1706">
    <p class='ocr_par' dir='ltr' id='par_1_18' title="bbox 281 1625 1797 1705">
     <span class='ocr_line' id='line_1_21' title="bbox 281 1625 1797 1705; baseline -0.006 -13"><span class='ocrx_word' id='word_1_134' title='bbox 281 1632 418 1692; x_wconf 73' lang='grc'><strong>4984</strong></span> <span class='ocrx_word' id='word_1_135' title='bbox 574 1635 692 1704; x_wconf 89' lang='lat' dir='ltr'><strong>Imp</strong></span> <span class='ocrx_word' id='word_1_136' title='bbox 733 1634 852 1690; x_wconf 64' lang='lat' dir='ltr'><strong>Caes</strong></span> <span class='ocrx_word' id='word_1_137' title='bbox 897 1631 1196 1690; x_wconf 88' lang='lat' dir='ltr'><strong>Gallienus</strong></span> <span class='ocrx_word' id='word_1_138' title='bbox 1244 1631 1373 1705; x_wconf 91' lang='lat' dir='ltr'><strong>Aug</strong></span> <span class='ocrx_word' id='word_1_139' title='bbox 1401 1635 1476 1689; x_wconf 89' lang='lat' dir='ltr'><strong>tr.</strong></span> <span class='ocrx_word' id='word_1_140' title='bbox 1523 1644 1576 1702; x_wconf 92' lang='lat' dir='ltr'><strong>p.</strong></span> <span class='ocrx_word' id='word_1_141' title='bbox 1657 1625 1797 1685; x_wconf 79' lang='grc'><strong>4049</strong></span> 
     </span>
    </p>
   </div>
   <div class='ocr_carea' id='block_1_19' title="bbox 1972 1625 3530 1706">
    <p class='ocr_par' dir='ltr' id='par_1_19' title="bbox 2082 1630 3530 1706">
     <span class='ocr_line' id='line_1_22' title="bbox 2082 1630 3530 1706; baseline -0.003 -13"><span class='ocrx_word' id='word_1_142' title='bbox 2082 1650 2145 1694; x_wconf 88' lang='grc' dir='ltr'><strong>ιιι</strong></span> <span class='ocrx_word' id='word_1_143' title='bbox 2324 1636 2586 1706; x_wconf 87' lang='lat' dir='ltr'><strong>Dionysii</strong></span> <span class='ocrx_word' id='word_1_144' title='bbox 2613 1633 2649 1692; x_wconf 91' lang='lat'><strong>9</strong></span> <span class='ocrx_word' id='word_1_145' title='bbox 2677 1640 2734 1692; x_wconf 89' lang='lat' dir='ltr'><strong>et</strong></span> <span class='ocrx_word' id='word_1_146' title='bbox 2783 1633 2870 1691; x_wconf 80' lang='grc'><strong>40.</strong></span> <span class='ocrx_word' id='word_1_147' title='bbox 3423 1630 3530 1690; x_wconf 90' lang='grc'><strong>268</strong></span> 
     </span>
    </p>
   </div>
   <div class='ocr_carea' id='block_1_20' title="bbox 280 1715 3546 1795">
    <p class='ocr_par' dir='ltr' id='par_1_20' title="bbox 280 1715 3546 1795">
     <span class='ocr_line' id='line_1_23' title="bbox 280 1715 3546 1795; baseline -0.002 -10"><span class='ocrx_word' id='word_1_148' title='bbox 280 1724 373 1794; x_wconf 84' lang='grc'><strong>25,</strong></span> <span class='ocrx_word' id='word_1_149' title='bbox 401 1723 438 1782; x_wconf 90' lang='lat'><strong>3</strong></span> <span class='ocrx_word' id='word_1_150' title='bbox 512 1721 600 1795; x_wconf 78' lang='grc'><strong>44,</strong></span> <span class='ocrx_word' id='word_1_151' title='bbox 632 1736 760 1781; x_wconf 81' lang='lat' dir='ltr'><strong>coss</strong></span> <span class='ocrx_word' id='word_1_152' title='bbox 786 1720 840 1779; x_wconf 81' lang='lat'><strong>7.</strong></span> <span class='ocrx_word' id='word_1_153' title='bbox 1657 1715 1794 1775; x_wconf 63' lang='grc' dir='ltr'><strong>ΠΕΟ</strong></span> <span class='ocrx_word' id='word_1_154' title='bbox 1891 1782 1942 1795; x_wconf 41' lang='lat' dir='ltr'><strong>ﬁ</strong></span> <span class='ocrx_word' id='word_1_155' title='bbox 2090 1739 2147 1783; x_wconf 83' lang='lat' dir='ltr'><strong>Iv</strong></span> <span class='ocrx_word' id='word_1_156' title='bbox 2327 1723 2571 1782; x_wconf 90' lang='lat' dir='ltr'><strong>Zenobia</strong></span> <span class='ocrx_word' id='word_1_157' title='bbox 2590 1723 2885 1781; x_wconf 89' lang='lat' dir='ltr'><strong>Orientale</strong></span> <span class='ocrx_word' id='word_1_158' title='bbox 2905 1722 3212 1793; x_wconf 89' lang='lat' dir='ltr'><strong>imperium</strong></span> <span class='ocrx_word' id='word_1_159' title='bbox 3239 1734 3336 1778; x_wconf 88' lang='lat' dir='ltr'><strong>no-</strong></span> <span class='ocrx_word' id='word_1_160' title='bbox 3404 1723 3546 1778; x_wconf 77' lang='lat' dir='ltr'><strong>Biss.</strong></span> 
     </span>
    </p>
   </div>
   <div class='ocr_carea' id='block_1_21' title="bbox 318 1782 1876 1944">
    <p class='ocr_par' dir='ltr' id='par_1_21' title="bbox 318 1814 1242 1944">
     <span class='ocr_line' id='line_1_24' title="bbox 318 1814 1230 1908; baseline -0.004 -37"><span class='ocrx_word' id='word_1_161' title='bbox 318 1817 430 1871; x_wconf 83' lang='grc' dir='ltr'><strong>ΕΙ)</strong></span> <span class='ocrx_word' id='word_1_162' title='bbox 500 1851 640 1908; x_wconf 70' lang='lat' dir='ltr'>COSS</span> <span class='ocrx_word' id='word_1_163' title='bbox 725 1853 739 1869; x_wconf 94' lang='lat'><strong>.</strong></span> <span class='ocrx_word' id='word_1_164' title='bbox 773 1854 790 1871; x_wconf 96' lang='lat'><strong>.</strong></span> <span class='ocrx_word' id='word_1_165' title='bbox 832 1853 847 1868; x_wconf 96' lang='lat'><strong>.</strong></span> <span class='ocrx_word' id='word_1_166' title='bbox 875 1814 1150 1896; x_wconf 77' lang='lat' dir='ltr'><strong>Paternus</strong></span> <span class='ocrx_word' id='word_1_167' title='bbox 1170 1827 1230 1867; x_wconf 93' lang='grc' dir='ltr'>ιι.</span> 
     </span>
     <span class='ocr_line' id='line_1_25' title="bbox 721 1885 1242 1944; baseline -0.008 0"><span class='ocrx_word' id='word_1_168' title='bbox 721 1924 737 1944; x_wconf 95' lang='lat'><strong>.</strong></span> <span class='ocrx_word' id='word_1_169' title='bbox 770 1924 784 1939; x_wconf 93' lang='lat'><strong>.</strong></span> <span class='ocrx_word' id='word_1_170' title='bbox 818 1924 833 1939; x_wconf 95' lang='lat'><strong>.</strong></span> <span class='ocrx_word' id='word_1_171' title='bbox 861 1885 1242 1942; x_wconf 82' lang='lat' dir='ltr'><strong>Marinianus.</strong></span> 
     </span>
    </p>
   </div>
   <div class='ocr_carea' id='block_1_22' title="bbox 1780 1782 3338 1944">
    <p class='ocr_par' dir='ltr' id='par_1_22' title="bbox 1891 1782 3338 1944">
     <span class='ocr_line' id='line_1_26' title="bbox 1891 1782 3338 1884; baseline -0.006 -9"><span class='ocrx_word' id='word_1_172' title='bbox 1891 1782 1944 1843; x_wconf 81' lang='grc' dir='ltr'>Β</span> <span class='ocrx_word' id='word_1_173' title='bbox 2261 1816 2414 1872; x_wconf 89' lang='lat' dir='ltr'><strong>mine</strong></span> <span class='ocrx_word' id='word_1_174' title='bbox 2441 1813 2810 1881; x_wconf 81' lang='lat' dir='ltr'><strong>Herenniani,</strong></span> <span class='ocrx_word' id='word_1_175' title='bbox 2851 1811 3116 1884; x_wconf 78' lang='lat' dir='ltr'><strong>Timolai,</strong></span> <span class='ocrx_word' id='word_1_176' title='bbox 3138 1816 3196 1868; x_wconf 90' lang='lat' dir='ltr'><strong>et</strong></span> <span class='ocrx_word' id='word_1_177' title='bbox 3224 1812 3338 1867; x_wconf 88' lang='lat' dir='ltr'><strong>Va-</strong></span> 
     </span>
     <span class='ocr_line' id='line_1_27' title="bbox 2261 1901 3338 1944; baseline 0 0"><span class='ocrx_word' id='word_1_178' title='bbox 2261 1906 2456 1944; x_wconf 72' lang='lat' dir='ltr'><strong>hallnti</strong></span> <span class='ocrx_word' id='word_1_179' title='bbox 2503 1905 2752 1944; x_wconf 67' lang='lat' dir='ltr'><strong>ﬁlinrnm</strong></span> <span class='ocrx_word' id='word_1_180' title='bbox 2792 1903 3181 1944; x_wconf 70' lang='lat' dir='ltr'><strong>nriminictrat-</strong></span> <span class='ocrx_word' id='word_1_181' title='bbox 3215 1901 3338 1944; x_wconf 69' lang='lat' dir='ltr'><strong>Me—</strong></span> 
     </span>
    </p>
   </div>
   <div class='ocr_carea' id='block_1_23' title="bbox 569 1901 2127 2053">
    <p class='ocr_par' dir='ltr' id='par_1_23' title="bbox 569 1901 1583 2046">
     <span class='ocr_line' id='line_1_28' title="bbox 569 1901 1242 1944; baseline -0.007 1"><span class='ocrx_word' id='word_1_182' title='bbox 569 1901 637 1907; x_wconf 66' lang='lat'><strong>&quot;</strong></span> <span class='ocrx_word' id='word_1_183' title='bbox 721 1924 737 1944; x_wconf 95' lang='lat'><strong>.</strong></span> <span class='ocrx_word' id='word_1_184' title='bbox 770 1924 784 1939; x_wconf 93' lang='lat'><strong>.</strong></span> <span class='ocrx_word' id='word_1_185' title='bbox 818 1924 833 1939; x_wconf 95' lang='lat'><strong>.</strong></span> <span class='ocrx_word' id='word_1_186' title='bbox 862 1901 1242 1942; x_wconf 81' lang='lat' dir='ltr'><strong>marimanus.</strong></span> 
     </span>
     <span class='ocr_line' id='line_1_29' title="bbox 569 1974 1583 2046; baseline -0.008 -14"><span class='ocrx_word' id='word_1_187' title='bbox 569 1975 768 2032; x_wconf 90' lang='lat' dir='ltr'><strong>Boldet</strong></span> <span class='ocrx_word' id='word_1_188' title='bbox 792 1988 860 2031; x_wconf 79' lang='lat' dir='ltr'><strong>ex</strong></span> <span class='ocrx_word' id='word_1_189' title='bbox 881 1974 974 2046; x_wconf 89' lang='lat' dir='ltr'><strong>lap</strong></span> <span class='ocrx_word' id='word_1_190' title='bbox 1001 1979 1102 2030; x_wconf 90' lang='lat' dir='ltr'><strong>ant</strong></span> <span class='ocrx_word' id='word_1_191' title='bbox 1131 1986 1201 2030; x_wconf 91' lang='lat' dir='ltr'><strong>ne</strong></span> <span class='ocrx_word' id='word_1_192' title='bbox 1227 1985 1354 2028; x_wconf 89' lang='lat' dir='ltr'><strong>sacr</strong></span> <span class='ocrx_word' id='word_1_193' title='bbox 1382 1975 1583 2027; x_wconf 67' lang='lat' dir='ltr'><strong>enimet</strong></span> 
     </span>
    </p>
   </div>
   <div class='ocr_carea' id='block_1_24' title="bbox 1781 1901 3339 2053">
    <p class='ocr_par' dir='ltr' id='par_1_24' title="bbox 2260 1901 3339 2053">
     <span class='ocr_line' id='line_1_30' title="bbox 2260 1901 3339 1962; baseline -0.004 0"><span class='ocrx_word' id='word_1_194' title='bbox 2260 1906 2461 1962; x_wconf 89' lang='lat' dir='ltr'><strong>ballati</strong></span> <span class='ocrx_word' id='word_1_195' title='bbox 2503 1905 2755 1962; x_wconf 82' lang='lat' dir='ltr'><strong>ﬁliorum</strong></span> <span class='ocrx_word' id='word_1_196' title='bbox 2791 1903 3183 1962; x_wconf 86' lang='lat' dir='ltr'><strong>administrat.</strong></span> <span class='ocrx_word' id='word_1_197' title='bbox 3215 1901 3339 1958; x_wconf 85' lang='lat' dir='ltr'><strong>Me-</strong></span> 
     </span>
     <span class='ocr_line' id='line_1_31' title="bbox 2260 1993 3026 2053; baseline -0.007 -1"><span class='ocrx_word' id='word_1_198' title='bbox 2260 1995 2397 2052; x_wconf 92' lang='lat' dir='ltr'><strong>diob</strong></span> <span class='ocrx_word' id='word_1_199' title='bbox 2427 2010 2494 2053; x_wconf 83' lang='lat' dir='ltr'><strong>ex</strong></span> <span class='ocrx_word' id='word_1_200' title='bbox 2525 1996 2777 2053; x_wconf 91' lang='lat' dir='ltr'><strong>nummis</strong></span> <span class='ocrx_word' id='word_1_201' title='bbox 2801 2000 2858 2052; x_wconf 91' lang='lat' dir='ltr'><strong>et</strong></span> <span class='ocrx_word' id='word_1_202' title='bbox 2890 1993 3026 2051; x_wconf 85' lang='lat' dir='ltr'><strong>hist.</strong></span> 
     </span>
    </p>
   </div>
   <div class='ocr_carea' id='block_1_25' title="bbox 501 2057 1584 2138">
    <p class='ocr_par' dir='ltr' id='par_1_25' title="bbox 501 2057 1584 2138">
     <span class='ocr_line' id='line_1_32' title="bbox 501 2057 1584 2138; baseline -0.009 -15"><span class='ocrx_word' id='word_1_203' title='bbox 501 2081 554 2138; x_wconf 90' lang='lat' dir='ltr'><strong>p.</strong></span> <span class='ocrx_word' id='word_1_204' title='bbox 581 2063 673 2122; x_wconf 86' lang='lat'><strong>80.</strong></span> <span class='ocrx_word' id='word_1_205' title='bbox 719 2067 917 2120; x_wconf 85' lang='lat' dir='ltr'><strong>Petron</strong></span> <span class='ocrx_word' id='word_1_206' title='bbox 971 2065 1302 2119; x_wconf 79' lang='lat' dir='ltr'><strong>Volusianus</strong></span> <span class='ocrx_word' id='word_1_207' title='bbox 1348 2062 1436 2115; x_wconf 94' lang='lat' dir='ltr'><strong>Pr.</strong></span> <span class='ocrx_word' id='word_1_208' title='bbox 1486 2057 1584 2114; x_wconf 85' lang='lat' dir='ltr'><strong>Ur.</strong></span> 
     </span>
    </p>
   </div>
   <div class='ocr_carea' id='block_1_26' title="bbox 569 2150 1589 2222">
    <p class='ocr_par' dir='ltr' id='par_1_26' title="bbox 569 2150 1589 2222">
     <span class='ocr_line' id='line_1_33' title="bbox 569 2150 1589 2222; baseline -0.009 -10"><span class='ocrx_word' id='word_1_209' title='bbox 569 2155 869 2212; x_wconf 86' lang='lat' dir='ltr'><strong>Gallienus</strong></span> <span class='ocrx_word' id='word_1_210' title='bbox 896 2154 1103 2212; x_wconf 90' lang='lat' dir='ltr'><strong>Gothis</strong></span> <span class='ocrx_word' id='word_1_211' title='bbox 1133 2155 1194 2209; x_wconf 92' lang='lat' dir='ltr'><strong>in</strong></span> <span class='ocrx_word' id='word_1_212' title='bbox 1222 2150 1452 2222; x_wconf 91' lang='lat' dir='ltr'><strong>Illyrico</strong></span> <span class='ocrx_word' id='word_1_213' title='bbox 1472 2161 1589 2204; x_wconf 69' lang='lat' dir='ltr'><strong>cie—</strong></span> 
     </span>
    </p>
   </div>
   <div class='ocr_carea' id='block_1_27' title="bbox 500 2239 1585 2318">
    <p class='ocr_par' dir='ltr' id='par_1_27' title="bbox 500 2239 1585 2318">
     <span class='ocr_line' id='line_1_34' title="bbox 500 2239 1585 2318; baseline -0.009 -15"><span class='ocrx_word' id='word_1_214' title='bbox 500 2247 606 2316; x_wconf 86' lang='lat' dir='ltr'><strong>sis,</strong></span> <span class='ocrx_word' id='word_1_215' title='bbox 636 2245 968 2318; x_wconf 80' lang='lat' dir='ltr'><strong>fugatisque</strong></span> <span class='ocrx_word' id='word_1_216' title='bbox 1005 2243 1233 2314; x_wconf 84' lang='lat' dir='ltr'><strong>Scythis</strong></span> <span class='ocrx_word' id='word_1_217' title='bbox 1260 2253 1432 2311; x_wconf 84' lang='lat' dir='ltr'><strong>prope</strong></span> <span class='ocrx_word' id='word_1_218' title='bbox 1462 2239 1585 2294; x_wconf 85' lang='lat' dir='ltr'><strong>Me-</strong></span> 
     </span>
    </p>
   </div>
   <div class='ocr_carea' id='block_1_28' title="bbox 501 2328 1589 2393">
    <p class='ocr_par' dir='ltr' id='par_1_28' title="bbox 501 2328 1589 2393">
     <span class='ocr_line' id='line_1_35' title="bbox 501 2328 1589 2393; baseline -0.01 0"><span class='ocrx_word' id='word_1_219' title='bbox 501 2335 799 2393; x_wconf 89' lang='lat' dir='ltr'><strong>diolanum</strong></span> <span class='ocrx_word' id='word_1_220' title='bbox 833 2333 1124 2391; x_wconf 88' lang='lat' dir='ltr'><strong>occiditur</strong></span> <span class='ocrx_word' id='word_1_221' title='bbox 1168 2330 1406 2387; x_wconf 89' lang='lat' dir='ltr'><strong>insidiis</strong></span> <span class='ocrx_word' id='word_1_222' title='bbox 1431 2328 1589 2383; x_wconf 80' lang='lat' dir='ltr'><strong>Mar-</strong></span> 
     </span>
    </p>
   </div>
   <div class='ocr_carea' id='block_1_29' title="bbox 510 2419 1586 2493">
    <p class='ocr_par' dir='ltr' id='par_1_29' title="bbox 510 2419 1586 2493">
     <span class='ocr_line' id='line_1_36' title="bbox 510 2419 1586 2493; baseline -0.008 -12"><span class='ocrx_word' id='word_1_223' title='bbox 510 2425 654 2481; x_wconf 81' lang='lat' dir='ltr'><strong>tiani</strong></span> <span class='ocrx_word' id='word_1_224' title='bbox 706 2430 766 2480; x_wconf 90' lang='lat' dir='ltr'><strong>et</strong></span> <span class='ocrx_word' id='word_1_225' title='bbox 821 2422 1082 2493; x_wconf 88' lang='lat' dir='ltr'><strong>Cecropii</strong></span> <span class='ocrx_word' id='word_1_226' title='bbox 1133 2421 1367 2477; x_wconf 91' lang='lat' dir='ltr'><strong>ducum.</strong></span> <span class='ocrx_word' id='word_1_227' title='bbox 1419 2419 1586 2474; x_wconf 85' lang='lat' dir='ltr'><strong>Petav</strong></span> 
     </span>
    </p>
   </div>
   <div class='ocr_carea' id='block_1_30' title="bbox 505 2513 1390 2573">
    <p class='ocr_par' dir='ltr' id='par_1_30' title="bbox 505 2513 1390 2573">
     <span class='ocr_line' id='line_1_37' title="bbox 505 2513 1390 2573; baseline -0.01 -1"><span class='ocrx_word' id='word_1_228' title='bbox 505 2520 561 2573; x_wconf 90' lang='lat' dir='ltr'><strong>et</strong></span> <span class='ocrx_word' id='word_1_229' title='bbox 587 2513 813 2570; x_wconf 82' lang='lat' dir='ltr'><strong>Mediob</strong></span> <span class='ocrx_word' id='word_1_230' title='bbox 847 2527 914 2568; x_wconf 79' lang='lat' dir='ltr'><strong>ex</strong></span> <span class='ocrx_word' id='word_1_231' title='bbox 941 2513 1062 2568; x_wconf 86' lang='lat' dir='ltr'><strong>hist</strong></span> <span class='ocrx_word' id='word_1_232' title='bbox 1089 2516 1146 2566; x_wconf 90' lang='lat' dir='ltr'><strong>et</strong></span> <span class='ocrx_word' id='word_1_233' title='bbox 1174 2523 1390 2566; x_wconf 89' lang='lat' dir='ltr'><strong>numm.</strong></span> 
     </span>
    </p>
   </div>
   <div class='ocr_carea' id='block_1_31' title="bbox 571 2599 1588 2662">
    <p class='ocr_par' dir='ltr' id='par_1_31' title="bbox 571 2599 1588 2662">
     <span class='ocr_line' id='line_1_38' title="bbox 571 2599 1588 2662; baseline -0.01 0"><span class='ocrx_word' id='word_1_234' title='bbox 571 2604 861 2662; x_wconf 88' lang='lat' dir='ltr'><strong>Successit</strong></span> <span class='ocrx_word' id='word_1_235' title='bbox 884 2604 936 2658; x_wconf 89' lang='lat' dir='ltr'><strong>ei</strong></span> <span class='ocrx_word' id='word_1_236' title='bbox 964 2602 1243 2658; x_wconf 80' lang='lat' dir='ltr'><strong>CLAUDIUS</strong></span> <span class='ocrx_word' id='word_1_237' title='bbox 1264 2599 1500 2656; x_wconf 87' lang='lat' dir='ltr'><strong>circiter</strong></span> <span class='ocrx_word' id='word_1_238' title='bbox 1528 2610 1588 2653; x_wconf 79' lang='grc' dir='ltr'><strong>ιιι</strong></span> 
     </span>
    </p>
   </div>
   <div class='ocr_carea' id='block_1_32' title="bbox 504 2682 1589 2765">
    <p class='ocr_par' dir='ltr' id='par_1_32' title="bbox 504 2682 1589 2765">
     <span class='ocr_line' id='line_1_39' title="bbox 504 2682 1589 2765; baseline -0.011 -14"><span class='ocrx_word' id='word_1_239' title='bbox 504 2694 718 2750; x_wconf 85' lang='lat' dir='ltr'><strong>Kalend</strong></span> <span class='ocrx_word' id='word_1_240' title='bbox 740 2691 962 2763; x_wconf 85' lang='lat' dir='ltr'><strong>Aprilis</strong></span> <span class='ocrx_word' id='word_1_241' title='bbox 985 2691 1171 2765; x_wconf 80' lang='lat' dir='ltr'><strong>[Petav</strong></span> <span class='ocrx_word' id='word_1_242' title='bbox 1200 2703 1269 2745; x_wconf 80' lang='lat' dir='ltr'><strong>ex</strong></span> <span class='ocrx_word' id='word_1_243' title='bbox 1283 2682 1589 2759; x_wconf 89' lang='lat' dir='ltr'><strong>Trebellio]</strong></span> 
     </span>
    </p>
   </div>
   <div class='ocr_carea' id='block_1_33' title="bbox 503 2775 1590 2857">
    <p class='ocr_par' dir='ltr' id='par_1_33' title="bbox 503 2775 1590 2857">
     <span class='ocr_line' id='line_1_40' title="bbox 503 2775 1590 2857; baseline -0.009 -17"><span class='ocrx_word' id='word_1_244' title='bbox 503 2784 603 2857; x_wconf 90' lang='lat' dir='ltr'><strong>qui</strong></span> <span class='ocrx_word' id='word_1_245' title='bbox 632 2783 813 2839; x_wconf 88' lang='lat' dir='ltr'><strong>vincit</strong></span> <span class='ocrx_word' id='word_1_246' title='bbox 831 2789 888 2838; x_wconf 89' lang='lat' dir='ltr'><strong>et</strong></span> <span class='ocrx_word' id='word_1_247' title='bbox 917 2779 1132 2837; x_wconf 82' lang='lat' dir='ltr'><strong>occidit</strong></span> <span class='ocrx_word' id='word_1_248' title='bbox 1150 2777 1451 2833; x_wconf 85' lang='lat' dir='ltr'><strong>Aureolum</strong></span> <span class='ocrx_word' id='word_1_249' title='bbox 1479 2775 1590 2831; x_wconf 87' lang='grc' dir='ltr'><strong>Ζο-</strong></span> 
     </span>
    </p>
   </div>
   <div class='ocr_carea' id='block_1_34' title="bbox 503 2865 1592 2942">
    <p class='ocr_par' dir='ltr' id='par_1_34' title="bbox 503 2865 1592 2942">
     <span class='ocr_line' id='line_1_41' title="bbox 503 2865 1592 2942; baseline -0.01 -12"><span class='ocrx_word' id='word_1_250' title='bbox 503 2874 709 2930; x_wconf 90' lang='lat' dir='ltr'><strong>simus.</strong></span> <span class='ocrx_word' id='word_1_251' title='bbox 767 2873 1010 2929; x_wconf 77' lang='lat' dir='ltr'><strong>Tetricus</strong></span> <span class='ocrx_word' id='word_1_252' title='bbox 1041 2873 1200 2942; x_wconf 87' lang='lat' dir='ltr'><strong>pater</strong></span> <span class='ocrx_word' id='word_1_253' title='bbox 1226 2871 1284 2924; x_wconf 88' lang='lat' dir='ltr'><strong>et</strong></span> <span class='ocrx_word' id='word_1_254' title='bbox 1319 2865 1379 2924; x_wconf 80' lang='lat' dir='ltr'><strong>fil</strong></span> <span class='ocrx_word' id='word_1_255' title='bbox 1403 2865 1592 2936; x_wconf 87' lang='lat' dir='ltr'><strong>impe-</strong></span> 
     </span>
    </p>
   </div>
   <div class='ocr_carea' id='block_1_35' title="bbox 507 2964 988 3034">
    <p class='ocr_par' dir='ltr' id='par_1_35' title="bbox 507 2964 988 3034">
     <span class='ocr_line' id='line_1_42' title="bbox 507 2964 988 3034; baseline -0.012 -13"><span class='ocrx_word' id='word_1_256' title='bbox 507 2964 658 3021; x_wconf 91' lang='lat' dir='ltr'><strong>rium</strong></span> <span class='ocrx_word' id='word_1_257' title='bbox 690 2966 988 3034; x_wconf 88' lang='lat' dir='ltr'><strong>usurpant.</strong></span> 
     </span>
    </p>
   </div>
   <div class='ocr_carea' id='block_1_36' title="bbox 296 3052 1854 3142">
    <p class='ocr_par' dir='ltr' id='par_1_36' title="bbox 296 3057 1801 3142">
     <span class='ocr_line' id='line_1_43' title="bbox 296 3057 1801 3142; baseline -0.009 -12"><span class='ocrx_word' id='word_1_258' title='bbox 296 3071 435 3130; x_wconf 71' lang='grc'><strong>4982</strong></span> <span class='ocrx_word' id='word_1_259' title='bbox 580 3073 698 3142; x_wconf 89' lang='lat' dir='ltr'><strong>Imp</strong></span> <span class='ocrx_word' id='word_1_260' title='bbox 716 3071 855 3127; x_wconf 64' lang='lat' dir='ltr'><strong>Caes.</strong></span> <span class='ocrx_word' id='word_1_261' title='bbox 883 3072 936 3126; x_wconf 87' lang='lat' dir='ltr'><strong><em>M</em></strong></span> <span class='ocrx_word' id='word_1_262' title='bbox 961 3068 1083 3126; x_wconf 87' lang='lat' dir='ltr'><strong>Aur</strong></span> <span class='ocrx_word' id='word_1_263' title='bbox 1095 3066 1273 3128; x_wconf 89' lang='lat' dir='ltr'><strong>Claud</strong></span> <span class='ocrx_word' id='word_1_264' title='bbox 1290 3065 1440 3125; x_wconf 88' lang='lat' dir='ltr'><strong>GOth</strong></span> <span class='ocrx_word' id='word_1_265' title='bbox 1461 3063 1588 3137; x_wconf 89' lang='lat' dir='ltr'><strong>Aug</strong></span> <span class='ocrx_word' id='word_1_266' title='bbox 1661 3057 1801 3118; x_wconf 80' lang='grc'><strong>4020</strong></span> 
     </span>
    </p>
   </div>
   <div class='ocr_carea' id='block_1_37' title="bbox 1993 3052 3551 3142">
    <p class='ocr_par' dir='ltr' id='par_1_37' title="bbox 2067 3052 3551 3136">
     <span class='ocr_line' id='line_1_44' title="bbox 2067 3052 3551 3136; baseline -0.011 -10"><span class='ocrx_word' id='word_1_267' title='bbox 2067 3066 2167 3126; x_wconf 76' lang='grc'>261</span> <span class='ocrx_word' id='word_1_268' title='bbox 2336 3068 2508 3123; x_wconf 75' lang='lat' dir='ltr'><strong>Fumx</strong></span> <span class='ocrx_word' id='word_1_269' title='bbox 2541 3068 2668 3136; x_wconf 86' lang='lat' dir='ltr'><strong>post</strong></span> <span class='ocrx_word' id='word_1_270' title='bbox 2687 3063 2910 3122; x_wconf 92' lang='lat' dir='ltr'><strong>obitum</strong></span> <span class='ocrx_word' id='word_1_271' title='bbox 2929 3061 3194 3134; x_wconf 88' lang='lat' dir='ltr'><strong>Dionysii</strong></span> <span class='ocrx_word' id='word_1_272' title='bbox 3224 3059 3357 3116; x_wconf 89' lang='lat' dir='ltr'><strong>die—</strong></span> <span class='ocrx_word' id='word_1_273' title='bbox 3443 3052 3551 3112; x_wconf 88' lang='grc'>269</span> 
     </span>
    </p>
   </div>
   <div class='ocr_carea' id='block_1_38' title="bbox 294 3137 3665 3234">
    <p class='ocr_par' dir='ltr' id='par_1_38' title="bbox 294 3137 3665 3234">
     <span class='ocr_line' id='line_1_45' title="bbox 294 3137 3665 3234; baseline -0.011 3"><span class='ocrx_word' id='word_1_274' title='bbox 294 3161 381 3231; x_wconf 60' lang='lat'><strong>96»</strong></span> <span class='ocrx_word' id='word_1_275' title='bbox 406 3159 443 3220; x_wconf 69' lang='grc'>4</span> <span class='ocrx_word' id='word_1_276' title='bbox 516 3167 588 3219; x_wconf 71' lang='grc' dir='ltr'><strong>ιτ·</strong></span> <span class='ocrx_word' id='word_1_277' title='bbox 613 3137 682 3234; x_wconf 66' lang='grc' dir='ltr'><strong>Ι)-⁷</strong></span> <span class='ocrx_word' id='word_1_278' title='bbox 706 3158 758 3232; x_wconf 70' lang='grc' dir='ltr'>⁴ι</span> <span class='ocrx_word' id='word_1_279' title='bbox 779 3157 835 3231; x_wconf 61' lang='grc'>21</span> <span class='ocrx_word' id='word_1_280' title='bbox 866 3173 994 3216; x_wconf 73' lang='lat' dir='ltr'><strong>COSS</strong></span> <span class='ocrx_word' id='word_1_281' title='bbox 1028 3156 1082 3214; x_wconf 71' lang='grc'>2·</span> <span class='ocrx_word' id='word_1_282' title='bbox 1664 3147 1794 3208; x_wconf 71' lang='grc'><strong>4024</strong></span> <span class='ocrx_word' id='word_1_283' title='bbox 1899 3137 1948 3202; x_wconf 79' lang='lat' dir='ltr'>C</span> <span class='ocrx_word' id='word_1_284' title='bbox 2096 3171 2153 3214; x_wconf 83' lang='lat' dir='ltr'><strong>IV</strong></span> <span class='ocrx_word' id='word_1_285' title='bbox 2264 3158 2374 3214; x_wconf 91' lang='lat' dir='ltr'><strong>bus</strong></span> <span class='ocrx_word' id='word_1_286' title='bbox 2402 3173 2454 3228; x_wconf 92' lang='lat' dir='ltr'><strong>v,</strong></span> <span class='ocrx_word' id='word_1_287' title='bbox 2488 3156 2704 3212; x_wconf 89' lang='lat' dir='ltr'><strong>electus</strong></span> <span class='ocrx_word' id='word_1_288' title='bbox 2731 3162 2788 3212; x_wconf 88' lang='lat' dir='ltr'><strong>et</strong></span> <span class='ocrx_word' id='word_1_289' title='bbox 2833 3154 3136 3210; x_wconf 87' lang='lat' dir='ltr'><strong>ordinatus</strong></span> <span class='ocrx_word' id='word_1_290' title='bbox 3167 3151 3357 3206; x_wconf 84' lang='lat' dir='ltr'><strong>Ponti-</strong></span> <span class='ocrx_word' id='word_1_291' title='bbox 3661 3139 3665 3142; x_wconf 75' lang='grc'><strong>’</strong></span> 
     </span>
    </p>
   </div>
   <div class='ocr_carea' id='block_1_39' title="bbox 345 3240 1903 3396">
    <p class='ocr_par' dir='ltr' id='par_1_39' title="bbox 345 3245 1584 3378">
     <span class='ocr_line' id='line_1_46' title="bbox 345 3245 1574 3345; baseline -0.009 -36"><span class='ocrx_word' id='word_1_292' title='bbox 345 3252 386 3309; x_wconf 87' lang='lat' dir='ltr'><strong>C</strong></span> <span class='ocrx_word' id='word_1_293' title='bbox 506 3288 643 3345; x_wconf 62' lang='lat' dir='ltr'><strong>COSS</strong></span> <span class='ocrx_word' id='word_1_294' title='bbox 717 3252 923 3322; x_wconf 88' lang='lat' dir='ltr'><strong>ImpM</strong></span> <span class='ocrx_word' id='word_1_295' title='bbox 977 3251 1098 3305; x_wconf 85' lang='lat' dir='ltr'><strong>Aur</strong></span> <span class='ocrx_word' id='word_1_296' title='bbox 1125 3248 1304 3332; x_wconf 73' lang='lat' dir='ltr'><strong>Glaud</strong></span> <span class='ocrx_word' id='word_1_297' title='bbox 1353 3245 1483 3316; x_wconf 89' lang='lat' dir='ltr'><strong>Aug</strong></span> <span class='ocrx_word' id='word_1_298' title='bbox 1514 3257 1574 3298; x_wconf 89' lang='grc' dir='ltr'>ιι.</span> 
     </span>
     <span class='ocr_line' id='line_1_47' title="bbox 728 3319 1584 3378; baseline -0.011 0"><span class='ocrx_word' id='word_1_299' title='bbox 728 3363 742 3377; x_wconf 97' lang='lat'><strong>.</strong></span> <span class='ocrx_word' id='word_1_300' title='bbox 792 3365 806 3378; x_wconf 96' lang='lat'><strong>.</strong></span> <span class='ocrx_word' id='word_1_301' title='bbox 879 3364 893 3377; x_wconf 96' lang='lat'><strong>.</strong></span> <span class='ocrx_word' id='word_1_302' title='bbox 950 3323 971 3345; x_wconf 86' lang='grc'><strong>·</strong></span> <span class='ocrx_word' id='word_1_303' title='bbox 1018 3322 1238 3376; x_wconf 83' lang='lat' dir='ltr'><strong>Nonius</strong></span> <span class='ocrx_word' id='word_1_304' title='bbox 1286 3319 1584 3373; x_wconf 87' lang='lat' dir='ltr'><strong>Paternus.</strong></span> 
     </span>
    </p>
   </div>
   <div class='ocr_carea' id='block_1_40' title="bbox 1794 3240 3352 3396">
    <p class='ocr_par' dir='ltr' id='par_1_40' title="bbox 2036 3240 3352 3396">
     <span class='ocr_line' id='line_1_48' title="bbox 2036 3240 3352 3317; baseline -0.008 -14"><span class='ocrx_word' id='word_1_305' title='bbox 2036 3247 2226 3317; x_wconf 81' lang='lat' dir='ltr'><strong>Olymp</strong></span> <span class='ocrx_word' id='word_1_306' title='bbox 2266 3246 2356 3302; x_wconf 80' lang='lat' dir='ltr'><strong>fex</strong></span> <span class='ocrx_word' id='word_1_307' title='bbox 2388 3259 2660 3302; x_wconf 86' lang='lat' dir='ltr'><strong>romanus</strong></span> <span class='ocrx_word' id='word_1_308' title='bbox 2702 3244 2798 3298; x_wconf 89' lang='lat' dir='ltr'><strong>die</strong></span> <span class='ocrx_word' id='word_1_309' title='bbox 2828 3240 2864 3298; x_wconf 90' lang='lat'><strong>3</strong></span> <span class='ocrx_word' id='word_1_310' title='bbox 2906 3241 3168 3297; x_wconf 85' lang='lat' dir='ltr'><strong>Januarii</strong></span> <span class='ocrx_word' id='word_1_311' title='bbox 3212 3241 3352 3294; x_wconf 90' lang='lat' dir='ltr'><strong>Dom</strong></span> 
     </span>
     <span class='ocr_line' id='line_1_49' title="bbox 2076 3327 3352 3396; baseline -0.012 0"><span class='ocrx_word' id='word_1_312' title='bbox 2076 3337 2184 3396; x_wconf 92' lang='grc'><strong>262</strong></span> <span class='ocrx_word' id='word_1_313' title='bbox 2270 3351 2339 3394; x_wconf 88' lang='lat' dir='ltr'><strong>ex</strong></span> <span class='ocrx_word' id='word_1_314' title='bbox 2381 3349 2508 3392; x_wconf 91' lang='lat' dir='ltr'><strong>coss</strong></span> <span class='ocrx_word' id='word_1_315' title='bbox 2540 3333 2781 3390; x_wconf 81' lang='lat' dir='ltr'><strong>Claudio</strong></span> <span class='ocrx_word' id='word_1_316' title='bbox 2833 3333 3072 3388; x_wconf 84' lang='lat' dir='ltr'><strong>Paterno</strong></span> <span class='ocrx_word' id='word_1_317' title='bbox 3121 3330 3212 3396; x_wconf 86' lang='lat' dir='ltr'><strong>[ut</strong></span> <span class='ocrx_word' id='word_1_318' title='bbox 3242 3327 3352 3383; x_wconf 89' lang='lat' dir='ltr'><strong>ba-</strong></span> 
     </span>
    </p>
   </div>
   <div class='ocr_carea' id='block_1_41' title="bbox 577 3330 2135 3512">
    <p class='ocr_par' dir='ltr' id='par_1_41' title="bbox 577 3330 2135 3485">
     <span class='ocr_line' id='line_1_50' title="bbox 577 3330 2135 3396; baseline -0.012 -16"><span class='ocrx_word' id='word_1_319' title='bbox 577 3330 643 3345; x_wconf 82' lang='lat'><strong>&quot;&quot;&#39;</strong></span> <span class='ocrx_word' id='word_1_320' title='bbox 728 3363 742 3377; x_wconf 96' lang='lat'><strong>.</strong></span> <span class='ocrx_word' id='word_1_321' title='bbox 792 3365 806 3378; x_wconf 94' lang='lat'><strong>.</strong></span> <span class='ocrx_word' id='word_1_322' title='bbox 879 3364 893 3377; x_wconf 96' lang='lat'><strong>.</strong></span> <span class='ocrx_word' id='word_1_323' title='bbox 950 3330 971 3345; x_wconf 90' lang='lat'>&#39;</span> <span class='ocrx_word' id='word_1_324' title='bbox 1018 3330 1238 3376; x_wconf 82' lang='lat' dir='ltr'><strong>Nonius</strong></span> <span class='ocrx_word' id='word_1_325' title='bbox 1288 3330 1584 3373; x_wconf 74' lang='lat' dir='ltr'><strong>Paternus.</strong></span> <span class='ocrx_word' id='word_1_326' title='bbox 2076 3337 2135 3396; x_wconf 41' lang='grc' dir='ltr'><strong>ἢ</strong></span> 
     </span>
     <span class='ocr_line' id='line_1_51' title="bbox 577 3403 2135 3485; baseline -0.011 -17"><span class='ocrx_word' id='word_1_327' title='bbox 577 3413 753 3470; x_wconf 85' lang='lat' dir='ltr'><strong>Vetus</strong></span> <span class='ocrx_word' id='word_1_328' title='bbox 779 3413 872 3483; x_wconf 87' lang='lat' dir='ltr'><strong>lap</strong></span> <span class='ocrx_word' id='word_1_329' title='bbox 895 3412 954 3467; x_wconf 91' lang='lat' dir='ltr'><strong>in</strong></span> <span class='ocrx_word' id='word_1_330' title='bbox 998 3413 1124 3467; x_wconf 90' lang='lat' dir='ltr'><strong>Mus</strong></span> <span class='ocrx_word' id='word_1_331' title='bbox 1160 3407 1342 3464; x_wconf 81' lang='lat' dir='ltr'><strong>Alban</strong></span> <span class='ocrx_word' id='word_1_332' title='bbox 1373 3403 1588 3460; x_wconf 82' lang='lat' dir='ltr'><strong>Reland</strong></span> <span class='ocrx_word' id='word_1_333' title='bbox 2117 3442 2135 3485; x_wconf 65' lang='grc' dir='ltr'><strong>ι</strong></span> 
     </span>
    </p>
   </div>
   <div class='ocr_carea' id='block_1_42' title="bbox 1795 3330 3353 3512">
    <p class='ocr_par' dir='ltr' id='par_1_42' title="bbox 2076 3330 3353 3485">
     <span class='ocr_line' id='line_1_52' title="bbox 2076 3330 3353 3400; baseline -0.012 -4"><span class='ocrx_word' id='word_1_334' title='bbox 2076 3337 2184 3396; x_wconf 92' lang='grc'><strong>262</strong></span> <span class='ocrx_word' id='word_1_335' title='bbox 2270 3351 2339 3394; x_wconf 88' lang='lat' dir='ltr'><strong>ex</strong></span> <span class='ocrx_word' id='word_1_336' title='bbox 2381 3349 2508 3392; x_wconf 91' lang='lat' dir='ltr'><strong>coss</strong></span> <span class='ocrx_word' id='word_1_337' title='bbox 2540 3333 2781 3390; x_wconf 81' lang='lat' dir='ltr'><strong>Claudio</strong></span> <span class='ocrx_word' id='word_1_338' title='bbox 2833 3333 3072 3388; x_wconf 84' lang='lat' dir='ltr'><strong>Paterno</strong></span> <span class='ocrx_word' id='word_1_339' title='bbox 3121 3330 3212 3400; x_wconf 86' lang='lat' dir='ltr'><strong>[ut</strong></span> <span class='ocrx_word' id='word_1_340' title='bbox 3242 3330 3353 3383; x_wconf 89' lang='lat' dir='ltr'><strong>ba-</strong></span> 
     </span>
     <span class='ocr_line' id='line_1_53' title="bbox 2117 3416 3353 3485; baseline -0.011 0"><span class='ocrx_word' id='word_1_341' title='bbox 2117 3442 2136 3485; x_wconf 90' lang='grc' dir='ltr'><strong>ι</strong></span> <span class='ocrx_word' id='word_1_342' title='bbox 2274 3427 2370 3485; x_wconf 87' lang='lat' dir='ltr'><strong>bet</strong></span> <span class='ocrx_word' id='word_1_343' title='bbox 2412 3424 2559 3482; x_wconf 83' lang='lat' dir='ltr'><strong>catal</strong></span> <span class='ocrx_word' id='word_1_344' title='bbox 2585 3423 2733 3480; x_wconf 91' lang='lat' dir='ltr'><strong>liber</strong></span> <span class='ocrx_word' id='word_1_345' title='bbox 2759 3427 2817 3479; x_wconf 89' lang='lat' dir='ltr'><strong>et</strong></span> <span class='ocrx_word' id='word_1_346' title='bbox 2844 3420 2992 3478; x_wconf 86' lang='lat' dir='ltr'><strong>liber</strong></span> <span class='ocrx_word' id='word_1_347' title='bbox 3041 3420 3182 3474; x_wconf 89' lang='lat' dir='ltr'><strong>Pont</strong></span> <span class='ocrx_word' id='word_1_348' title='bbox 3201 3416 3353 3473; x_wconf 90' lang='lat' dir='ltr'><strong>sedit</strong></span> 
     </span>
    </p>
   </div>
   <div class='ocr_carea' id='block_1_43' title="bbox 505 3498 2063 3585">
    <p class='ocr_par' dir='ltr' id='par_1_43' title="bbox 505 3498 1519 3574">
     <span class='ocr_line' id='line_1_54' title="bbox 505 3498 1519 3574; baseline -0.015 -10"><span class='ocrx_word' id='word_1_349' title='bbox 505 3520 574 3564; x_wconf 80' lang='lat' dir='ltr'><strong>ex</strong></span> <span class='ocrx_word' id='word_1_350' title='bbox 594 3505 628 3562; x_wconf 85' lang='lat' dir='ltr'><strong>l.</strong></span> <span class='ocrx_word' id='word_1_351' title='bbox 655 3503 709 3574; x_wconf 88' lang='lat'><strong>6,</strong></span> <span class='ocrx_word' id='word_1_352' title='bbox 751 3518 802 3559; x_wconf 93' lang='lat' dir='ltr'><strong>c.</strong></span> <span class='ocrx_word' id='word_1_353' title='bbox 824 3503 895 3558; x_wconf 92' lang='lat' dir='ltr'><strong>de</strong></span> <span class='ocrx_word' id='word_1_354' title='bbox 919 3498 1227 3556; x_wconf 88' lang='lat' dir='ltr'><strong>servitutib</strong></span> <span class='ocrx_word' id='word_1_355' title='bbox 1251 3502 1307 3553; x_wconf 91' lang='lat' dir='ltr'><strong>et</strong></span> <span class='ocrx_word' id='word_1_356' title='bbox 1351 3507 1519 3566; x_wconf 89' lang='lat' dir='ltr'><strong>aqua.</strong></span> 
     </span>
    </p>
   </div>
   <div class='ocr_carea' id='block_1_44' title="bbox 1789 3498 3347 3585">
    <p class='ocr_par' dir='ltr' id='par_1_44' title="bbox 2272 3511 3347 3585">
     <span class='ocr_line' id='line_1_55' title="bbox 2272 3511 3347 3585; baseline -0.013 -11"><span class='ocrx_word' id='word_1_357' title='bbox 2272 3531 2454 3574; x_wconf 89' lang='lat' dir='ltr'><strong>annos</strong></span> <span class='ocrx_word' id='word_1_358' title='bbox 2477 3530 2533 3585; x_wconf 89' lang='lat' dir='ltr'><strong>v,</strong></span> <span class='ocrx_word' id='word_1_359' title='bbox 2563 3526 2721 3570; x_wconf 89' lang='lat' dir='ltr'><strong>mens</strong></span> <span class='ocrx_word' id='word_1_360' title='bbox 2738 3526 2821 3578; x_wconf 79' lang='grc' dir='ltr'>ιιι,</span> <span class='ocrx_word' id='word_1_361' title='bbox 2840 3511 2966 3567; x_wconf 90' lang='lat' dir='ltr'><strong>dies</strong></span> <span class='ocrx_word' id='word_1_362' title='bbox 2996 3521 3134 3572; x_wconf 82' lang='lat' dir='ltr'><strong>xxv,</strong></span> <span class='ocrx_word' id='word_1_363' title='bbox 3163 3517 3347 3576; x_wconf 86' lang='lat' dir='ltr'><strong>usque</strong></span> 
     </span>
    </p>
   </div>
   <div class='ocr_carea' id='block_1_45' title="bbox 578 3589 2136 3694">
    <p class='ocr_par' dir='ltr' id='par_1_45' title="bbox 578 3589 1600 3662">
     <span class='ocr_line' id='line_1_56' title="bbox 578 3589 1600 3662; baseline -0.015 -11"><span class='ocrx_word' id='word_1_364' title='bbox 578 3593 818 3651; x_wconf 88' lang='lat' dir='ltr'><strong>Claudio</strong></span> <span class='ocrx_word' id='word_1_365' title='bbox 847 3591 973 3662; x_wconf 89' lang='lat' dir='ltr'><strong>Aug</strong></span> <span class='ocrx_word' id='word_1_366' title='bbox 1016 3603 1056 3644; x_wconf 88' lang='grc' dir='ltr'><strong>ιι</strong></span> <span class='ocrx_word' id='word_1_367' title='bbox 1107 3592 1164 3644; x_wconf 87' lang='lat' dir='ltr'><strong>et</strong></span> <span class='ocrx_word' id='word_1_368' title='bbox 1201 3589 1441 3642; x_wconf 88' lang='lat' dir='ltr'><strong>Paterno</strong></span> <span class='ocrx_word' id='word_1_369' title='bbox 1471 3595 1600 3638; x_wconf 86' lang='lat' dir='ltr'><strong>coss</strong></span> 
     </span>
    </p>
   </div>
   <div class='ocr_carea' id='block_1_46' title="bbox 1799 3589 3357 3694">
    <p class='ocr_par' dir='ltr' id='par_1_46' title="bbox 2272 3592 3357 3674">
     <span class='ocr_line' id='line_1_57' title="bbox 2272 3592 3357 3674; baseline -0.013 -11"><span class='ocrx_word' id='word_1_370' title='bbox 2272 3607 2341 3662; x_wconf 87' lang='lat' dir='ltr'><strong>ad</strong></span> <span class='ocrx_word' id='word_1_371' title='bbox 2386 3603 2421 3662; x_wconf 91' lang='lat'>3</span> <span class='ocrx_word' id='word_1_372' title='bbox 2469 3603 2572 3659; x_wconf 89' lang='lat' dir='ltr'><strong>Kal</strong></span> <span class='ocrx_word' id='word_1_373' title='bbox 2624 3598 2857 3674; x_wconf 83' lang='lat' dir='ltr'><strong>Januar]</strong></span> <span class='ocrx_word' id='word_1_374' title='bbox 2901 3599 3038 3654; x_wconf 90' lang='lat' dir='ltr'><strong>anni</strong></span> <span class='ocrx_word' id='word_1_375' title='bbox 3086 3592 3211 3665; x_wconf 80' lang='grc'>274,</span> <span class='ocrx_word' id='word_1_376' title='bbox 3271 3594 3357 3666; x_wconf 88' lang='grc' dir='ltr'>(ιιι</span> 
     </span>
    </p>
   </div>
   <div class='ocr_carea' id='block_1_47' title="bbox 512 3675 2070 3776">
    <p class='ocr_par' dir='ltr' id='par_1_47' title="bbox 512 3675 1343 3739">
     <span class='ocr_line' id='line_1_58' title="bbox 512 3675 1343 3739; baseline -0.013 0"><span class='ocrx_word' id='word_1_377' title='bbox 512 3685 734 3739; x_wconf 76' lang='lat' dir='ltr'><strong>Flavius</strong></span> <span class='ocrx_word' id='word_1_378' title='bbox 765 3680 1163 3736; x_wconf 71' lang='lat' dir='ltr'><strong>Antiochianus</strong></span> <span class='ocrx_word' id='word_1_379' title='bbox 1191 3677 1251 3730; x_wconf 94' lang='lat' dir='ltr'><strong>P.</strong></span> <span class='ocrx_word' id='word_1_380' title='bbox 1278 3675 1343 3729; x_wconf 91' lang='lat' dir='ltr'><strong>U.</strong></span> 
     </span>
    </p>
   </div>
   <div class='ocr_carea' id='block_1_48' title="bbox 1793 3675 3351 3776">
    <p class='ocr_par' dir='ltr' id='par_1_48' title="bbox 2275 3686 3351 3764">
     <span class='ocr_line' id='line_1_59' title="bbox 2275 3686 3351 3764; baseline -0.011 -13"><span class='ocrx_word' id='word_1_381' title='bbox 2275 3696 2336 3750; x_wconf 92' lang='lat' dir='ltr'><strong>in</strong></span> <span class='ocrx_word' id='word_1_382' title='bbox 2352 3694 2542 3764; x_wconf 91' lang='lat' dir='ltr'><strong>Opusc</strong></span> <span class='ocrx_word' id='word_1_383' title='bbox 2554 3690 2778 3762; x_wconf 87' lang='lat' dir='ltr'><strong>deposit</strong></span> <span class='ocrx_word' id='word_1_384' title='bbox 2795 3687 2990 3761; x_wconf 90' lang='lat' dir='ltr'><strong>episc).</strong></span> <span class='ocrx_word' id='word_1_385' title='bbox 3021 3686 3162 3744; x_wconf 85' lang='lat' dir='ltr'><strong>Vide</strong></span> <span class='ocrx_word' id='word_1_386' title='bbox 3188 3689 3351 3741; x_wconf 87' lang='lat' dir='ltr'><strong>notas</strong></span> 
     </span>
    </p>
   </div>
   <div class='ocr_carea' id='block_1_49' title="bbox 585 3761 2648 3844">
    <p class='ocr_par' dir='ltr' id='par_1_49' title="bbox 585 3761 2648 3844">
     <span class='ocr_line' id='line_1_60' title="bbox 585 3761 2648 3844; baseline -0.01 -19"><span class='ocrx_word' id='word_1_387' title='bbox 585 3772 708 3840; x_wconf 91' lang='lat' dir='ltr'><strong>Imp</strong></span> <span class='ocrx_word' id='word_1_388' title='bbox 724 3768 841 3824; x_wconf 68' lang='lat' dir='ltr'><strong>Caes</strong></span> <span class='ocrx_word' id='word_1_389' title='bbox 854 3767 914 3822; x_wconf 85' lang='lat' dir='ltr'><strong>F1</strong></span> <span class='ocrx_word' id='word_1_390' title='bbox 929 3765 1170 3822; x_wconf 88' lang='lat' dir='ltr'><strong>Claudio</strong></span> <span class='ocrx_word' id='word_1_391' title='bbox 1184 3764 1286 3818; x_wconf 92' lang='lat' dir='ltr'><strong>Pio</strong></span> <span class='ocrx_word' id='word_1_392' title='bbox 1305 3761 1481 3818; x_wconf 90' lang='lat' dir='ltr'><strong>Felici</strong></span> <span class='ocrx_word' id='word_1_393' title='bbox 1498 3761 1599 3816; x_wconf 90' lang='lat' dir='ltr'><strong>in—</strong></span> <span class='ocrx_word' id='word_1_394' title='bbox 2277 3785 2347 3844; x_wconf 72' lang='lat' dir='ltr'><strong>ad</strong></span> <span class='ocrx_word' id='word_1_395' title='bbox 2383 3761 2648 3840; x_wconf 27' lang='lat' dir='ltr'><strong>Felicem;</strong></span> 
     </span>
    </p>
   </div>
   <div class='ocr_carea' id='block_1_50' title="bbox 511 3851 1589 3928">
    <p class='ocr_par' dir='ltr' id='par_1_50' title="bbox 511 3851 1589 3928">
     <span class='ocr_line' id='line_1_61' title="bbox 511 3851 1589 3928; baseline -0.013 -10"><span class='ocrx_word' id='word_1_396' title='bbox 511 3861 666 3918; x_wconf 88' lang='lat' dir='ltr'><strong>victo</strong></span> <span class='ocrx_word' id='word_1_397' title='bbox 706 3859 830 3928; x_wconf 82' lang='lat' dir='ltr'><strong>Aug</strong></span> <span class='ocrx_word' id='word_1_398' title='bbox 867 3857 1008 3913; x_wconf 88' lang='lat' dir='ltr'><strong>Pent</strong></span> <span class='ocrx_word' id='word_1_399' title='bbox 1055 3855 1182 3910; x_wconf 83' lang='lat' dir='ltr'><strong>Max</strong></span> <span class='ocrx_word' id='word_1_400' title='bbox 1227 3851 1344 3908; x_wconf 89' lang='lat' dir='ltr'><strong>trib</strong></span> <span class='ocrx_word' id='word_1_401' title='bbox 1393 3855 1493 3922; x_wconf 88' lang='lat' dir='ltr'><strong>pot</strong></span> <span class='ocrx_word' id='word_1_402' title='bbox 1524 3863 1589 3905; x_wconf 92' lang='grc' dir='ltr'>ιι.</span> 
     </span>
    </p>
   </div>
   <div class='ocr_carea' id='block_1_51' title="bbox 512 3939 1600 4014">
    <p class='ocr_par' dir='ltr' id='par_1_51' title="bbox 512 3939 1600 4014">
     <span class='ocr_line' id='line_1_62' title="bbox 512 3939 1600 4014; baseline -0.013 -6"><span class='ocrx_word' id='word_1_403' title='bbox 512 3965 641 4008; x_wconf 92' lang='lat' dir='ltr'><strong>coss</strong></span> <span class='ocrx_word' id='word_1_404' title='bbox 683 3963 747 4014; x_wconf 84' lang='lat' dir='ltr'><strong>II,</strong></span> <span class='ocrx_word' id='word_1_405' title='bbox 804 3948 1012 4004; x_wconf 90' lang='lat' dir='ltr'><strong>Procos</strong></span> <span class='ocrx_word' id='word_1_406' title='bbox 1055 3951 1164 4002; x_wconf 89' lang='lat' dir='ltr'><strong>etc.</strong></span> <span class='ocrx_word' id='word_1_407' title='bbox 1210 3942 1428 4013; x_wconf 82' lang='lat' dir='ltr'><strong>Rupert</strong></span> <span class='ocrx_word' id='word_1_408' title='bbox 1478 3939 1600 3995; x_wconf 88' lang='lat' dir='ltr'><strong>hist</strong></span> 
     </span>
    </p>
   </div>
   <div class='ocr_carea' id='block_1_52' title="bbox 509 4027 1604 4099">
    <p class='ocr_par' dir='ltr' id='par_1_52' title="bbox 509 4027 1604 4099">
     <span class='ocr_line' id='line_1_63' title="bbox 509 4027 1604 4099; baseline -0.014 -2"><span class='ocrx_word' id='word_1_409' title='bbox 509 4041 650 4099; x_wconf 91' lang='lat' dir='ltr'><strong>univ</strong></span> <span class='ocrx_word' id='word_1_410' title='bbox 677 4051 747 4095; x_wconf 81' lang='lat' dir='ltr'><strong>ex</strong></span> <span class='ocrx_word' id='word_1_411' title='bbox 801 4036 1040 4092; x_wconf 77' lang='lat' dir='ltr'><strong>Salinas.</strong></span> <span class='ocrx_word' id='word_1_412' title='bbox 1094 4031 1374 4089; x_wconf 88' lang='lat' dir='ltr'><strong>Claudius</strong></span> <span class='ocrx_word' id='word_1_413' title='bbox 1423 4027 1604 4084; x_wconf 86' lang='lat' dir='ltr'><strong>variis</strong></span> 
     </span>
    </p>
   </div>
   <div class='ocr_carea' id='block_1_53' title="bbox 517 4119 1604 4201">
    <p class='ocr_par' dir='ltr' id='par_1_53' title="bbox 517 4119 1604 4201">
     <span class='ocr_line' id='line_1_64' title="bbox 517 4119 1604 4201; baseline -0.013 -16"><span class='ocrx_word' id='word_1_414' title='bbox 517 4127 738 4201; x_wconf 69' lang='lat' dir='ltr'><strong>praeliis</strong></span> <span class='ocrx_word' id='word_1_415' title='bbox 781 4124 1000 4182; x_wconf 84' lang='lat' dir='ltr'><strong>Gothos</strong></span> <span class='ocrx_word' id='word_1_416' title='bbox 1046 4121 1260 4191; x_wconf 90' lang='lat' dir='ltr'><strong>fundit,</strong></span> <span class='ocrx_word' id='word_1_417' title='bbox 1293 4119 1604 4190; x_wconf 87' lang='lat' dir='ltr'><strong>pluresque</strong></span> 
     </span>
    </p>
   </div>
   <div class='ocr_carea' id='block_1_54' title="bbox 513 4207 1607 4283">
    <p class='ocr_par' dir='ltr' id='par_1_54' title="bbox 513 4207 1607 4283">
     <span class='ocr_line' id='line_1_65' title="bbox 513 4207 1607 4283; baseline -0.012 -9"><span class='ocrx_word' id='word_1_418' title='bbox 513 4218 585 4274; x_wconf 91' lang='lat' dir='ltr'><strong>de</strong></span> <span class='ocrx_word' id='word_1_419' title='bbox 623 4218 701 4274; x_wconf 92' lang='lat' dir='ltr'><strong>iis</strong></span> <span class='ocrx_word' id='word_1_420' title='bbox 726 4214 1006 4272; x_wconf 85' lang='lat' dir='ltr'><strong>victorias</strong></span> <span class='ocrx_word' id='word_1_421' title='bbox 1056 4213 1327 4283; x_wconf 87' lang='lat' dir='ltr'><strong>reportat.</strong></span> <span class='ocrx_word' id='word_1_422' title='bbox 1377 4207 1500 4263; x_wconf 86' lang='lat' dir='ltr'><strong>Med</strong></span> <span class='ocrx_word' id='word_1_423' title='bbox 1535 4218 1607 4262; x_wconf 80' lang='lat' dir='ltr'><strong>ex</strong></span> 
     </span>
    </p>
   </div>
   <div class='ocr_carea' id='block_1_55' title="bbox 518 4303 907 4364">
    <p class='ocr_par' dir='ltr' id='par_1_55' title="bbox 518 4303 907 4364">
     <span class='ocr_line' id='line_1_66' title="bbox 518 4303 907 4364; baseline -0.013 0"><span class='ocrx_word' id='word_1_424' title='bbox 518 4319 655 4364; x_wconf 89' lang='lat' dir='ltr'><strong>num</strong></span> <span class='ocrx_word' id='word_1_425' title='bbox 686 4309 744 4362; x_wconf 89' lang='lat' dir='ltr'><strong>et</strong></span> <span class='ocrx_word' id='word_1_426' title='bbox 768 4303 907 4361; x_wconf 90' lang='lat' dir='ltr'><strong>hist.</strong></span> 
     </span>
    </p>
   </div>
   <div class='ocr_carea' id='block_1_56' title="bbox 316 4391 3584 4486">
    <p class='ocr_par' dir='ltr' id='par_1_56' title="bbox 316 4391 3584 4486">
     <span class='ocr_line' id='line_1_67' title="bbox 316 4391 3584 4486; baseline -0.008 -15"><span class='ocrx_word' id='word_1_427' title='bbox 316 4413 445 4474; x_wconf 68' lang='lat'><strong>4983</strong></span> <span class='ocrx_word' id='word_1_428' title='bbox 588 4417 708 4486; x_wconf 90' lang='lat' dir='ltr'><strong>Imp</strong></span> <span class='ocrx_word' id='word_1_429' title='bbox 732 4413 856 4470; x_wconf 67' lang='lat' dir='ltr'><strong>Caes</strong></span> <span class='ocrx_word' id='word_1_430' title='bbox 878 4410 1158 4468; x_wconf 88' lang='lat' dir='ltr'><strong>Claudius</strong></span> <span class='ocrx_word' id='word_1_431' title='bbox 1175 4406 1456 4466; x_wconf 84' lang='lat' dir='ltr'><strong>Gothicus</strong></span> <span class='ocrx_word' id='word_1_432' title='bbox 1474 4404 1602 4476; x_wconf 87' lang='lat' dir='ltr'><strong>Aug</strong></span> <span class='ocrx_word' id='word_1_433' title='bbox 1673 4399 1808 4458; x_wconf 72' lang='grc'><strong>4021</strong></span> <span class='ocrx_word' id='word_1_434' title='bbox 2120 4424 2139 4466; x_wconf 82' lang='grc' dir='ltr'><strong>ι</strong></span> <span class='ocrx_word' id='word_1_435' title='bbox 2331 4409 2543 4466; x_wconf 68' lang='lat' dir='ltr'><strong>Felicis</strong></span> <span class='ocrx_word' id='word_1_436' title='bbox 2561 4404 2618 4464; x_wconf 77' lang='lat'><strong>2,</strong></span> <span class='ocrx_word' id='word_1_437' title='bbox 3476 4391 3584 4453; x_wconf 78' lang='lat'><strong>270</strong></span> 
     </span>
    </p>
   </div>
   <div class='ocr_carea' id='block_1_57' title="bbox 315 4487 3369 4576">
    <p class='ocr_par' dir='ltr' id='par_1_57' title="bbox 315 4487 3369 4576">
     <span class='ocr_line' id='line_1_68' title="bbox 315 4487 3369 4576; baseline -0.01 -1"><span class='ocrx_word' id='word_1_438' title='bbox 315 4501 394 4575; x_wconf 64' lang='grc' dir='ltr'><strong>Ἦν</strong></span> <span class='ocrx_word' id='word_1_439' title='bbox 423 4503 461 4562; x_wconf 82' lang='lat'>5</span> <span class='ocrx_word' id='word_1_440' title='bbox 528 4508 606 4560; x_wconf 69' lang='grc' dir='ltr'><strong>ΐτο</strong></span> <span class='ocrx_word' id='word_1_441' title='bbox 630 4520 686 4576; x_wconf 78' lang='grc' dir='ltr'><strong>ι),</strong></span> <span class='ocrx_word' id='word_1_442' title='bbox 716 4500 772 4575; x_wconf 70' lang='grc'>2,</span> <span class='ocrx_word' id='word_1_443' title='bbox 807 4499 862 4572; x_wconf 77' lang='grc'><strong>3,</strong></span> <span class='ocrx_word' id='word_1_444' title='bbox 891 4514 1018 4559; x_wconf 80' lang='lat'><strong>0088</strong></span> <span class='ocrx_word' id='word_1_445' title='bbox 1044 4498 1098 4556; x_wconf 71' lang='grc' dir='ltr'>2ο</span> <span class='ocrx_word' id='word_1_446' title='bbox 1674 4487 1815 4549; x_wconf 66' lang='grc'>4022</span> <span class='ocrx_word' id='word_1_447' title='bbox 1909 4503 1965 4566; x_wconf 92' lang='lat' dir='ltr'><strong>D</strong></span> <span class='ocrx_word' id='word_1_448' title='bbox 2125 4513 2166 4556; x_wconf 85' lang='grc' dir='ltr'><strong>ιι</strong></span> <span class='ocrx_word' id='word_1_449' title='bbox 2349 4497 2562 4554; x_wconf 89' lang='lat' dir='ltr'><strong>Paulus</strong></span> <span class='ocrx_word' id='word_1_450' title='bbox 2590 4497 2996 4551; x_wconf 88' lang='lat' dir='ltr'><strong>Samosatenus</strong></span> <span class='ocrx_word' id='word_1_451' title='bbox 3041 4492 3369 4549; x_wconf 90' lang='lat' dir='ltr'><strong>damnatam</strong></span> 
     </span>
    </p>
   </div>
   <div class='ocr_carea' id='block_1_58' title="bbox 373 4579 3371 4744">
    <p class='ocr_par' dir='ltr' id='par_1_58' title="bbox 373 4579 3371 4744">
     <span class='ocr_line' id='line_1_69' title="bbox 373 4579 3371 4686; baseline -0.007 -33"><span class='ocrx_word' id='word_1_452' title='bbox 373 4595 415 4648; x_wconf 90' lang='lat' dir='ltr'><strong><em>B</em></strong></span> <span class='ocrx_word' id='word_1_453' title='bbox 518 4628 658 4686; x_wconf 64' lang='lat' dir='ltr'><strong>COSS</strong></span> <span class='ocrx_word' id='word_1_454' title='bbox 745 4632 760 4650; x_wconf 94' lang='lat'><strong>.</strong></span> <span class='ocrx_word' id='word_1_455' title='bbox 798 4630 812 4645; x_wconf 84' lang='lat'><strong>.</strong></span> <span class='ocrx_word' id='word_1_456' title='bbox 846 4629 861 4645; x_wconf 87' lang='lat'><strong>.</strong></span> <span class='ocrx_word' id='word_1_457' title='bbox 898 4585 1342 4671; x_wconf 58' lang='lat' dir='ltr'><strong>Antiochianuso</strong></span> <span class='ocrx_word' id='word_1_458' title='bbox 2278 4587 2470 4658; x_wconf 90' lang='lat' dir='ltr'><strong>priore</strong></span> <span class='ocrx_word' id='word_1_459' title='bbox 2516 4583 2876 4640; x_wconf 86' lang='lat' dir='ltr'><strong>Antiocheno</strong></span> <span class='ocrx_word' id='word_1_460' title='bbox 2903 4579 3153 4636; x_wconf 90' lang='lat' dir='ltr'><strong>concilio</strong></span> <span class='ocrx_word' id='word_1_461' title='bbox 3183 4579 3371 4634; x_wconf 66' lang='lat' dir='ltr'><strong>haere-</strong></span> 
     </span>
     <span class='ocr_line' id='line_1_70' title="bbox 747 4654 3369 4744; baseline -0.008 -5"><span class='ocrx_word' id='word_1_462' title='bbox 747 4703 763 4718; x_wconf 82' lang='lat'><strong>-</strong></span> <span class='ocrx_word' id='word_1_463' title='bbox 798 4702 812 4716; x_wconf 78' lang='grc' dir='ltr'><strong><em>ο</em></strong></span> <span class='ocrx_word' id='word_1_464' title='bbox 850 4702 864 4717; x_wconf 84' lang='lat'><strong>-</strong></span> <span class='ocrx_word' id='word_1_465' title='bbox 909 4663 1124 4717; x_wconf 67' lang='lat' dir='ltr'><strong>Funus</strong></span> <span class='ocrx_word' id='word_1_466' title='bbox 1149 4654 1387 4714; x_wconf 64' lang='grc' dir='ltr'><strong>θτθίυδ·</strong></span> <span class='ocrx_word' id='word_1_467' title='bbox 2281 4676 2393 4732; x_wconf 86' lang='lat' dir='ltr'><strong>sim</strong></span> <span class='ocrx_word' id='word_1_468' title='bbox 2445 4678 2706 4744; x_wconf 85' lang='lat' dir='ltr'><strong>repetens</strong></span> <span class='ocrx_word' id='word_1_469' title='bbox 2754 4671 2815 4725; x_wconf 84' lang='lat' dir='ltr'><strong>in</strong></span> <span class='ocrx_word' id='word_1_470' title='bbox 2863 4667 3116 4724; x_wconf 86' lang='lat' dir='ltr'><strong>secunda</strong></span> <span class='ocrx_word' id='word_1_471' title='bbox 3143 4664 3369 4735; x_wconf 90' lang='lat' dir='ltr'><strong>Synodo</strong></span> 
     </span>
    </p>
   </div>
   <div class='ocr_carea' id='block_1_59' title="bbox 747 4681 2305 4732">
    <p class='ocr_par' dir='ltr' id='par_1_59' title="bbox 747 4681 2305 4732">
     <span class='ocr_line' id='line_1_71' title="bbox 747 4681 2305 4732; baseline -0.015 -14"><span class='ocrx_word' id='word_1_472' title='bbox 747 4703 763 4718; x_wconf 81' lang='grc' dir='ltr'><strong><em>ο</em></strong></span> <span class='ocrx_word' id='word_1_473' title='bbox 798 4702 812 4716; x_wconf 79' lang='grc' dir='ltr'><strong><em>ο</em></strong></span> <span class='ocrx_word' id='word_1_474' title='bbox 850 4702 864 4717; x_wconf 79' lang='grc' dir='ltr'><strong><em>ο</em></strong></span> <span class='ocrx_word' id='word_1_475' title='bbox 909 4681 1124 4717; x_wconf 73' lang='lat' dir='ltr'><strong>rurlus</strong></span> <span class='ocrx_word' id='word_1_476' title='bbox 1149 4681 1387 4714; x_wconf 67' lang='lat' dir='ltr'><strong>Ul&#39;ueua.</strong></span> <span class='ocrx_word' id='word_1_477' title='bbox 2281 4692 2305 4732; x_wconf 66' lang='grc' dir='ltr'>ε</span> 
     </span>
    </p>
   </div>
   <div class='ocr_carea' id='block_1_60' title="bbox 1396 4681 2954 4732">
    <p class='ocr_par' dir='ltr' id='par_1_60' title="bbox 2281 4681 2954 4732">
     <span class='ocr_line' id='line_1_72' title="bbox 2281 4681 2954 4732; baseline -0.013 0"><span class='ocrx_word' id='word_1_478' title='bbox 2281 4681 2393 4732; x_wconf 85' lang='lat' dir='ltr'><strong>sim</strong></span> <span class='ocrx_word' id='word_1_479' title='bbox 2445 4681 2706 4732; x_wconf 82' lang='lat' dir='ltr'><strong>repetens</strong></span> <span class='ocrx_word' id='word_1_480' title='bbox 2754 4681 2815 4725; x_wconf 72' lang='lat' dir='ltr'><strong>In</strong></span> <span class='ocrx_word' id='word_1_481' title='bbox 2863 4681 2954 4724; x_wconf 86' lang='lat' dir='ltr'><strong>sec</strong></span> 
     </span>
    </p>
   </div>
   <div class='ocr_carea' id='block_1_61' title="bbox 595 4746 3373 4852">
    <p class='ocr_par' dir='ltr' id='par_1_61' title="bbox 595 4746 3373 4852">
     <span class='ocr_line' id='line_1_73' title="bbox 595 4746 3373 4852; baseline -0.018 1"><span class='ocrx_word' id='word_1_482' title='bbox 595 4746 1078 4852; x_wconf 30' lang='grc' dir='ltr'><strong>ξίθψθδβῖλωᾼ</strong></span> <span class='ocrx_word' id='word_1_483' title='bbox 1129 4834 1299 4852; x_wconf 44' lang='grc' dir='ltr'><strong>ΑΛ,</strong></span> <span class='ocrx_word' id='word_1_484' title='bbox 1359 4844 1479 4852; x_wconf 47' lang='grc' dir='ltr'><strong>μη</strong></span> <span class='ocrx_word' id='word_1_485' title='bbox 1537 4831 1606 4852; x_wconf 41' lang='grc' dir='ltr'><strong>,μ</strong></span> <span class='ocrx_word' id='word_1_486' title='bbox 2283 4764 2640 4822; x_wconf 84' lang='lat' dir='ltr'><strong>Antiochena</strong></span> <span class='ocrx_word' id='word_1_487' title='bbox 2689 4761 2899 4816; x_wconf 89' lang='lat' dir='ltr'><strong>iterum</strong></span> <span class='ocrx_word' id='word_1_488' title='bbox 2945 4757 3272 4822; x_wconf 84' lang='lat' dir='ltr'><strong>damnatur,</strong></span> <span class='ocrx_word' id='word_1_489' title='bbox 3314 4757 3373 4809; x_wconf 85' lang='lat' dir='ltr'><strong>et</strong></span> 
     </span>
    </p>
   </div>
   <div class='ocr_carea' id='block_1_62' title="bbox 558 4831 2116 4943">
    <p class='ocr_par' dir='ltr' id='par_1_62' title="bbox 593 4831 1612 4897">
     <span class='ocr_line' id='line_1_74' title="bbox 593 4831 1612 4897; baseline -0.012 0"><span class='ocrx_word' id='word_1_490' title='bbox 593 4839 978 4897; x_wconf 87' lang='lat' dir='ltr'><strong>Antiochiano</strong></span> <span class='ocrx_word' id='word_1_491' title='bbox 1027 4841 1084 4893; x_wconf 91' lang='lat' dir='ltr'><strong>et</strong></span> <span class='ocrx_word' id='word_1_492' title='bbox 1128 4834 1308 4892; x_wconf 82' lang='lat' dir='ltr'><strong>Orﬁto</strong></span> <span class='ocrx_word' id='word_1_493' title='bbox 1353 4844 1482 4888; x_wconf 91' lang='lat' dir='ltr'><strong>coss</strong></span> <span class='ocrx_word' id='word_1_494' title='bbox 1517 4831 1612 4886; x_wconf 86' lang='lat' dir='ltr'><strong>An</strong></span> 
     </span>
    </p>
   </div>
   <div class='ocr_carea' id='block_1_63' title="bbox 1813 4831 3371 4943">
    <p class='ocr_par' dir='ltr' id='par_1_63' title="bbox 2288 4843 3371 4923">
     <span class='ocr_line' id='line_1_75' title="bbox 2288 4843 3371 4923; baseline -0.012 -13"><span class='ocrx_word' id='word_1_495' title='bbox 2288 4855 2421 4910; x_wconf 88' lang='lat' dir='ltr'><strong>sede</strong></span> <span class='ocrx_word' id='word_1_496' title='bbox 2475 4851 2730 4923; x_wconf 91' lang='lat' dir='ltr'><strong>ejicitur.</strong></span> <span class='ocrx_word' id='word_1_497' title='bbox 2761 4849 2867 4904; x_wconf 90' lang='lat' dir='ltr'><strong>Sed</strong></span> <span class='ocrx_word' id='word_1_498' title='bbox 2917 4859 3046 4902; x_wconf 92' lang='lat' dir='ltr'><strong>cum</strong></span> <span class='ocrx_word' id='word_1_499' title='bbox 3096 4843 3371 4900; x_wconf 88' lang='lat' dir='ltr'><strong>Ecclesiis</strong></span> 
     </span>
    </p>
   </div>
   <div class='ocr_carea' id='block_1_64' title="bbox 525 4927 3369 5026">
    <p class='ocr_par' dir='ltr' id='par_1_64' title="bbox 525 4927 3369 5026">
     <span class='ocr_line' id='line_1_76' title="bbox 525 4927 3369 5026; baseline -0.015 1"><span class='ocrx_word' id='word_1_500' title='bbox 525 4931 833 5026; x_wconf 29' lang='lat' dir='ltr'><strong>ﬂagitium?</strong></span> <span class='ocrx_word' id='word_1_501' title='bbox 866 4927 1044 5026; x_wconf 67' lang='lat' dir='ltr'><strong>P‘.U,:</strong></span> <span class='ocrx_word' id='word_1_502' title='bbox 1215 5015 1230 5026; x_wconf 81' lang='grc'><em>,</em></span> <span class='ocrx_word' id='word_1_503' title='bbox 1312 5013 1350 5026; x_wconf 79' lang='grc'><em>,,</em></span> <span class='ocrx_word' id='word_1_504' title='bbox 2288 4944 2486 4999; x_wconf 90' lang='lat' dir='ltr'><strong>cedere</strong></span> <span class='ocrx_word' id='word_1_505' title='bbox 2531 4941 2728 5007; x_wconf 90' lang='lat' dir='ltr'><strong>nollet,</strong></span> <span class='ocrx_word' id='word_1_506' title='bbox 2775 4935 3138 5005; x_wconf 84' lang='lat' dir='ltr'><strong>interpellate</strong></span> <span class='ocrx_word' id='word_1_507' title='bbox 3179 4933 3369 5026; x_wconf 69' lang='lat' dir='ltr'><strong>Aure:</strong></span> 
     </span>
    </p>
   </div>
   <div class='ocr_carea' id='block_1_65' title="bbox 595 5013 2153 5121">
    <p class='ocr_par' dir='ltr' id='par_1_65' title="bbox 595 5013 1616 5087">
     <span class='ocr_line' id='line_1_77' title="bbox 595 5013 1616 5087; baseline -0.01 -12"><span class='ocrx_word' id='word_1_508' title='bbox 595 5019 810 5075; x_wconf 85' lang='lat' dir='ltr'><strong>Reland</strong></span> <span class='ocrx_word' id='word_1_509' title='bbox 837 5031 906 5075; x_wconf 74' lang='lat' dir='ltr'><strong>ex</strong></span> <span class='ocrx_word' id='word_1_510' title='bbox 937 5017 976 5074; x_wconf 94' lang='lat' dir='ltr'><strong>l.</strong></span> <span class='ocrx_word' id='word_1_511' title='bbox 1009 5015 1064 5087; x_wconf 80' lang='grc'>2,</span> <span class='ocrx_word' id='word_1_512' title='bbox 1114 5030 1162 5072; x_wconf 92' lang='lat' dir='ltr'><strong>c.</strong></span> <span class='ocrx_word' id='word_1_513' title='bbox 1197 5015 1268 5072; x_wconf 91' lang='lat' dir='ltr'><strong>de</strong></span> <span class='ocrx_word' id='word_1_514' title='bbox 1294 5013 1488 5069; x_wconf 90' lang='lat' dir='ltr'><strong>divers</strong></span> <span class='ocrx_word' id='word_1_515' title='bbox 1518 5022 1616 5066; x_wconf 86' lang='lat' dir='ltr'><strong>re—</strong></span> 
     </span>
    </p>
   </div>
   <div class='ocr_carea' id='block_1_66' title="bbox 1808 5013 3366 5121">
    <p class='ocr_par' dir='ltr' id='par_1_66' title="bbox 2289 5013 3366 5088">
     <span class='ocr_line' id='line_1_78' title="bbox 2289 5013 3366 5088; baseline -0.015 -1"><span class='ocrx_word' id='word_1_516' title='bbox 2289 5031 2445 5086; x_wconf 86' lang='lat' dir='ltr'><strong>liano</strong></span> <span class='ocrx_word' id='word_1_517' title='bbox 2469 5030 2525 5085; x_wconf 89' lang='lat' dir='ltr'><strong>vi</strong></span> <span class='ocrx_word' id='word_1_518' title='bbox 2547 5029 2818 5084; x_wconf 89' lang='lat' dir='ltr'><strong>detrusus</strong></span> <span class='ocrx_word' id='word_1_519' title='bbox 2838 5030 2944 5080; x_wconf 90' lang='lat' dir='ltr'><strong>est.</strong></span> <span class='ocrx_word' id='word_1_520' title='bbox 2977 5020 3162 5076; x_wconf 90' lang='lat' dir='ltr'><strong>Euseb</strong></span> <span class='ocrx_word' id='word_1_521' title='bbox 3201 5017 3284 5074; x_wconf 90' lang='lat' dir='ltr'><strong>lib</strong></span> <span class='ocrx_word' id='word_1_522' title='bbox 3311 5013 3366 5088; x_wconf 86' lang='lat'><strong>7,</strong></span> 
     </span>
    </p>
   </div>
   <div class='ocr_carea' id='block_1_67' title="bbox 525 5101 2083 5180">
    <p class='ocr_par' dir='ltr' id='par_1_67' title="bbox 525 5101 1616 5178">
     <span class='ocr_line' id='line_1_79' title="bbox 525 5101 1616 5178; baseline -0.009 -13"><span class='ocrx_word' id='word_1_523' title='bbox 525 5109 709 5178; x_wconf 83' lang='lat' dir='ltr'><strong>script</strong></span> <span class='ocrx_word' id='word_1_524' title='bbox 748 5113 916 5163; x_wconf 88' lang='lat' dir='ltr'><strong>antea</strong></span> <span class='ocrx_word' id='word_1_525' title='bbox 951 5107 1227 5177; x_wconf 89' lang='lat' dir='ltr'><strong>producta</strong></span> <span class='ocrx_word' id='word_1_526' title='bbox 1270 5118 1303 5159; x_wconf 91' lang='lat' dir='ltr'><strong>a</strong></span> <span class='ocrx_word' id='word_1_527' title='bbox 1330 5101 1464 5158; x_wconf 90' lang='lat' dir='ltr'><strong>card</strong></span> <span class='ocrx_word' id='word_1_528' title='bbox 1493 5101 1616 5155; x_wconf 89' lang='lat' dir='ltr'><strong>No-</strong></span> 
     </span>
    </p>
   </div>
   <div class='ocr_carea' id='block_1_68' title="bbox 1813 5101 3371 5180">
    <p class='ocr_par' dir='ltr' id='par_1_68' title="bbox 2292 5108 3371 5180">
     <span class='ocr_line' id='line_1_80' title="bbox 2292 5108 3371 5180; baseline -0.014 -2"><span class='ocrx_word' id='word_1_529' title='bbox 2292 5123 2411 5178; x_wconf 88' lang='lat' dir='ltr'><strong>hist</strong></span> <span class='ocrx_word' id='word_1_530' title='bbox 2452 5134 2500 5175; x_wconf 93' lang='lat' dir='ltr'><strong>c.</strong></span> <span class='ocrx_word' id='word_1_531' title='bbox 2555 5113 2628 5174; x_wconf 89' lang='grc'>23</span> <span class='ocrx_word' id='word_1_532' title='bbox 2655 5123 2710 5172; x_wconf 89' lang='lat' dir='ltr'><strong>et</strong></span> <span class='ocrx_word' id='word_1_533' title='bbox 2736 5111 2827 5171; x_wconf 73' lang='grc'><strong>24.</strong></span> <span class='ocrx_word' id='word_1_534' title='bbox 2860 5112 3114 5168; x_wconf 88' lang='lat' dir='ltr'><strong>Athanas</strong></span> <span class='ocrx_word' id='word_1_535' title='bbox 3150 5109 3221 5166; x_wconf 93' lang='lat' dir='ltr'><strong>de</strong></span> <span class='ocrx_word' id='word_1_536' title='bbox 3257 5108 3371 5180; x_wconf 90' lang='lat' dir='ltr'><strong>Syn</strong></span> 
     </span>
    </p>
   </div>
   <div class='ocr_carea' id='block_1_69' title="bbox 529 5191 3369 5284">
    <p class='ocr_par' dir='ltr' id='par_1_69' title="bbox 529 5191 3369 5284">
     <span class='ocr_line' id='line_1_81' title="bbox 529 5191 3369 5284; baseline -0.004 -21"><span class='ocrx_word' id='word_1_537' title='bbox 529 5198 614 5252; x_wconf 83' lang='lat' dir='ltr'><strong>ris</strong></span> <span class='ocrx_word' id='word_1_538' title='bbox 654 5199 725 5252; x_wconf 85' lang='lat' dir='ltr'><strong>de</strong></span> <span class='ocrx_word' id='word_1_539' title='bbox 766 5201 864 5251; x_wconf 77' lang='grc' dir='ltr'><strong>νοί</strong></span> <span class='ocrx_word' id='word_1_540' title='bbox 922 5195 1136 5284; x_wconf 55' lang='lat' dir='ltr'><strong>deceris</strong></span> <span class='ocrx_word' id='word_1_541' title='bbox 1202 5192 1300 5284; x_wconf 65' lang='lat' dir='ltr'><strong>qui</strong></span> <span class='ocrx_word' id='word_1_542' title='bbox 1352 5191 1618 5284; x_wconf 68' lang='grc' dir='ltr'><strong>ρδεθννξιι</strong></span> <span class='ocrx_word' id='word_1_543' title='bbox 2291 5211 2392 5284; x_wconf 89' lang='lat' dir='ltr'><strong>qui</strong></span> <span class='ocrx_word' id='word_1_544' title='bbox 2419 5216 2474 5267; x_wconf 91' lang='lat' dir='ltr'><strong>et</strong></span> <span class='ocrx_word' id='word_1_545' title='bbox 2527 5207 2747 5265; x_wconf 88' lang='lat' dir='ltr'><strong>indicat</strong></span> <span class='ocrx_word' id='word_1_546' title='bbox 2790 5204 2979 5261; x_wconf 77' lang='lat' dir='ltr'><strong>Romae</strong></span> <span class='ocrx_word' id='word_1_547' title='bbox 3029 5200 3369 5258; x_wconf 74' lang='lat' dir='ltr'><strong>celebratam</strong></span> 
     </span>
    </p>
   </div>
   <div class='ocr_carea' id='block_1_70' title="bbox 529 5276 3369 5372">
    <p class='ocr_par' dir='ltr' id='par_1_70' title="bbox 529 5276 3369 5372">
     <span class='ocr_line' id='line_1_82' title="bbox 529 5276 3369 5372; baseline -0.002 -32"><span class='ocrx_word' id='word_1_548' title='bbox 529 5285 664 5341; x_wconf 88' lang='lat' dir='ltr'><strong>inde</strong></span> <span class='ocrx_word' id='word_1_549' title='bbox 692 5284 894 5355; x_wconf 86' lang='lat' dir='ltr'><strong>colligi</strong></span> <span class='ocrx_word' id='word_1_550' title='bbox 919 5283 1225 5372; x_wconf 82' lang='lat' dir='ltr'><strong>Claudium</strong></span> <span class='ocrx_word' id='word_1_551' title='bbox 1245 5280 1463 5372; x_wconf 58' lang='lat' dir='ltr'><strong>vniisse</strong></span> <span class='ocrx_word' id='word_1_552' title='bbox 1491 5276 1618 5334; x_wconf 88' lang='lat' dir='ltr'><strong>sal-</strong></span> <span class='ocrx_word' id='word_1_553' title='bbox 2293 5276 2466 5372; x_wconf 59' lang='lat' dir='ltr'><strong>s&#39;upe,</strong></span> <span class='ocrx_word' id='word_1_554' title='bbox 2507 5312 2570 5356; x_wconf 70' lang='lat' dir='ltr'><strong>ea</strong></span> <span class='ocrx_word' id='word_1_555' title='bbox 2597 5310 2658 5353; x_wconf 59' lang='lat' dir='ltr'><strong>re</strong></span> <span class='ocrx_word' id='word_1_556' title='bbox 2695 5294 2985 5368; x_wconf 69' lang='lat' dir='ltr'><strong>synodum</strong></span> <span class='ocrx_word' id='word_1_557' title='bbox 3013 5306 3048 5351; x_wconf 68' lang='grc' dir='ltr'>ει</span> <span class='ocrx_word' id='word_1_558' title='bbox 3091 5289 3369 5361; x_wconf 75' lang='lat' dir='ltr'><strong>Dionysio</strong></span> 
     </span>
    </p>
   </div>
   <div class='ocr_carea' id='block_1_71' title="bbox 527 5369 2770 5460">
    <p class='ocr_par' dir='ltr' id='par_1_71' title="bbox 527 5369 2770 5460">
     <span class='ocr_line' id='line_1_83' title="bbox 527 5369 2770 5460; baseline -0.001 -30"><span class='ocrx_word' id='word_1_559' title='bbox 527 5380 641 5430; x_wconf 89' lang='lat' dir='ltr'><strong>tem</strong></span> <span class='ocrx_word' id='word_1_560' title='bbox 682 5387 867 5444; x_wconf 89' lang='lat' dir='ltr'><strong>usque</strong></span> <span class='ocrx_word' id='word_1_561' title='bbox 896 5374 966 5429; x_wconf 91' lang='lat' dir='ltr'><strong>ad</strong></span> <span class='ocrx_word' id='word_1_562' title='bbox 1005 5370 1078 5429; x_wconf 80' lang='grc'>25</span> <span class='ocrx_word' id='word_1_563' title='bbox 1101 5370 1371 5460; x_wconf 78' lang='lat' dir='ltr'><strong>Octobris</strong></span> <span class='ocrx_word' id='word_1_564' title='bbox 1401 5369 1457 5423; x_wconf 88' lang='lat' dir='ltr'><strong>h.</strong></span> <span class='ocrx_word' id='word_1_565' title='bbox 1491 5381 1544 5423; x_wconf 90' lang='lat' dir='ltr'><strong>a.</strong></span> <span class='ocrx_word' id='word_1_566' title='bbox 2294 5369 2464 5460; x_wconf 51' lang='lat' dir='ltr'><strong>Faba.</strong></span> <span class='ocrx_word' id='word_1_567' title='bbox 2505 5387 2770 5444; x_wconf 64' lang='grc' dir='ltr'>Ρθιεινίιιε</span> 
     </span>
    </p>
   </div>
   <div class='ocr_carea' id='block_1_72' title="bbox 599 5458 1621 5526">
    <p class='ocr_par' dir='ltr' id='par_1_72' title="bbox 599 5458 1621 5526">
     <span class='ocr_line' id='line_1_84' title="bbox 599 5458 1621 5526; baseline -0.009 -7"><span class='ocrx_word' id='word_1_568' title='bbox 599 5461 838 5519; x_wconf 90' lang='lat' dir='ltr'><strong>Octobri</strong></span> <span class='ocrx_word' id='word_1_569' title='bbox 889 5466 1130 5518; x_wconf 79' lang='lat' dir='ltr'><strong>exeunte</strong></span> <span class='ocrx_word' id='word_1_570' title='bbox 1159 5458 1438 5516; x_wconf 90' lang='lat' dir='ltr'><strong>Claudius</strong></span> <span class='ocrx_word' id='word_1_571' title='bbox 1468 5461 1621 5526; x_wconf 90' lang='lat' dir='ltr'><strong>peste</strong></span> 
     </span>
    </p>
   </div>
   <div class='ocr_carea' id='block_1_73' title="bbox 535 5542 1623 5618">
    <p class='ocr_par' dir='ltr' id='par_1_73' title="bbox 535 5542 1623 5618">
     <span class='ocr_line' id='line_1_85' title="bbox 535 5542 1623 5618; baseline -0.01 -10"><span class='ocrx_word' id='word_1_572' title='bbox 535 5551 803 5608; x_wconf 88' lang='lat' dir='ltr'><strong>moritur.</strong></span> <span class='ocrx_word' id='word_1_573' title='bbox 865 5548 1207 5618; x_wconf 80' lang='lat' dir='ltr'><strong>QUINTILLUS</strong></span> <span class='ocrx_word' id='word_1_574' title='bbox 1264 5547 1391 5615; x_wconf 86' lang='lat' dir='ltr'><strong>ejus</strong></span> <span class='ocrx_word' id='word_1_575' title='bbox 1446 5542 1623 5599; x_wconf 83' lang='lat' dir='ltr'><strong>frater</strong></span> 
     </span>
    </p>
   </div>
   <div class='ocr_carea' id='block_1_74' title="bbox 537 5633 1624 5711">
    <p class='ocr_par' dir='ltr' id='par_1_74' title="bbox 537 5633 1624 5711">
     <span class='ocr_line' id='line_1_86' title="bbox 537 5633 1624 5711; baseline -0.01 -13"><span class='ocrx_word' id='word_1_576' title='bbox 537 5646 704 5698; x_wconf 87' lang='lat' dir='ltr'><strong>antea</strong></span> <span class='ocrx_word' id='word_1_577' title='bbox 729 5651 958 5711; x_wconf 89' lang='lat' dir='ltr'><strong>quoque</strong></span> <span class='ocrx_word' id='word_1_578' title='bbox 975 5652 1081 5694; x_wconf 61' lang='lat' dir='ltr'><strong>auc</strong></span> <span class='ocrx_word' id='word_1_579' title='bbox 1126 5634 1418 5704; x_wconf 84' lang='lat' dir='ltr'><strong>succedit;</strong></span> <span class='ocrx_word' id='word_1_580' title='bbox 1443 5638 1501 5689; x_wconf 90' lang='lat' dir='ltr'><strong>et</strong></span> <span class='ocrx_word' id='word_1_581' title='bbox 1527 5633 1624 5688; x_wconf 91' lang='lat' dir='ltr'><strong>die</strong></span> 
     </span>
    </p>
   </div>
  </div>
