3982 6166
351 227 462 289 s79
1132 232 1225 290 AD
1262 233 1694 294 ANASTASIUM
1731 189 2246 296 PROLEGOMENA
2295 239 2474 297 sorr.
2513 239 2941 298 ROM.-VATIC.
3647 236 3749 296 580

422 356 582 439 Anni
638 355 1018 426 Imperatores,
1051 357 1307 439 Consules
1327 364 1712 432 Romanorum,
1773 361 1930 439 Auni
2015 361 2077 422 A
2121 363 2260 439 41m
2333 366 2785 437 Christianorum,
2836 368 3143 424 Iudaeorum
3194 371 3246 423 et
3286 369 3423 439 ﬁni—
3571 366 3720 439 A_nm‘

423 427 546 481 Per.
843 444 928 484 res
958 434 1121 500 gestae
1151 436 1201 486 et
1241 433 1577 489 documenta.
1699 427 1710 432 ⁷
1818 434 1929 490 U.C
2135 437 2346 508 Olymp.
2455 442 2746 520 _timorum
2775 427 3120 520 populorum.
3179 427 3482 520 Pontiﬁces,
3525 437 3719 520 ME]?

418 514 583 570 Jul-
1727 525 1856 576 ante
1910 523 1961 575 et
2285 507 2302 508 ί
2452 512 2635 583 Reges,
2678 527 2764 566 res
2776 507 2945 580 pesta:
2979 516 3030 567 et
3070 507 3407 566 documenta.
3470 507 3474 508 ⁷
3519 507 3724 564 Christi

374 587 619 730 (ξεῶιί
1057 652 1061 657 _
1700 597 1822 664 post
1853 591 2002 648 Palil
2126 647 2128 649 .

424 743 556 801 4994
705 749 828 819 Imp
873 749 992 807 Caes
1038 750 1257 808 Probus
1292 752 1422 825 Aug
1445 756 1518 809 tr.
1566 750 1723 824 pot?
1785 749 1924 808 4030

2254 766 2275 805 ι
2468 753 2820 824 Eutychiani
2847 751 2900 809 4.
3568 746 3679 808 278

424 829 555 904 7,43
635 841 692 894 et
728 837 781 906 3,
811 854 939 898 coss
970 838 1026 897 2.
1793 839 1923 898 4034

1902 839 1923 896 4
2245 855 2288 895 u
2396 839 2700 898 Anatolius
2743 841 3098 899 Laodicenus
3155 840 3473 912 Episcopus

684 963 820 1022 coss
858 932 978 1002 Imp
997 931 1217 1022 ξ’ΐοδυε
1246 931 1372 1005 ΑΗΕ
1402 933 1469 990 ii.
2397 929 2649 1002 insignis
2701 929 2963 988 habetur.
3019 930 3224 1008 Euseb.

705 1072 809 1130 His
827 1032 955 1130 eo;
989 1004 1403 1146 iupus.
1430 1077 1522 1132 Pr.
1552 1075 1714 1131 Urbi.

707 1161 921 1219 Reland
954 1176 1023 1220 ex
1065 1163 1104 1219 Ι.
1134 1165 1193 1220 C.
1229 1171 1294 1221 ut
1332 1178 1457 1222 nem
1489 1165 1569 1222 lic
1591 1165 1719 1221 sine

638 1248 742 1318 jud
769 1257 990 1308 auctor.
1021 1259 1126 1309 etc.

705 1339 770 1394 In
800 1340 1100 1397 Thraciam
1127 1343 1391 1400 concedit
1416 1343 1636 1400 Probus
1664 1347 1722 1399 et

634 1424 866 1484 Geticos
905 1429 1147 1499 populos
1182 1431 1244 1486 in
1270 1432 1588 1488 amicitiam
1620 1445 1725 1487 re-

637 1514 803 1585 cipit.
834 1517 1001 1574 Petav
1033 1523 1090 1574 et
1107 1519 1334 1576 Mediob
1365 1535 1433 1577 ex
1453 1520 1716 1591 Vopisco.

710 1661 832 1772 [Imp
882 1661 1002 1772 Caus
1049 1663 1269 1719 Probus
1310 1663 1436 1736 Aug
1462 1669 1534 1720 tr.
1570 1661 1722 1735 pot3
2028 1710 2082 1772 Β
2254 1685 2297 1725 n
2475 1666 2932 1772 Eutychiani
3015 1760 3028 1772 ι
3287 1756 3312 1772 ﬂ
3375 1760 3392 1772 Δ
3549 1664 3654 1725 279

365 1823 372 1826 _
421 1745 553 1818 8,44
634 1752 691 1804 et
721 1746 772 1821 4,
806 1763 934 1806 coss
953 1749 1008 1806 3.
1791 1748 1932 1810 4032
2028 1745 2082 1772 ³³
2252 1773 2316 1813 m
2461 1757 2679 1816 Probus
2713 1758 2771 1812 in
2836 1757 3124 1814 Orientem
3177 1756 3470 1827 profectus

457 1839 508 1892 E
677 1873 814 1930 COSS
855 1839 973 1909 imp
997 1838 1217 1923 Probus
1234 1839 1363 1910 Aug
1386 1854 1471 1896 Ili.
2391 1847 2670 1903 Isauriam
2701 1846 2928 1916 liberat,
2947 1847 3204 1917 Blemyas
3225 1846 3467 1920 subigit,

868 1939 942 1951 -·
990 1912 1214 1968 Nonius
1268 1914 1541 1968 Ρθῐθνηυδ
1583 1915 1605 1936 ”
1647 1925 1712 1968 Π·
2389 1935 2605 1993 Conton
2653 1941 2711 1992 et
2767 1936 3173 1993 Ptolema—idem
3203 1941 3464 1993 occupat.

709 2000 878 2072 Lapis
898 1949 1073 2074 antit;
1093 1949 1412 2057 manu;
1433 1949 1593 2058 μέζω
1625 2001 1718 2057 Al-

2389 1949 2605 2007 u0pton
2653 1949 2711 1992 et
2768 1949 3173 1993 Ptolemaiuem
3203 1949 3464 2006 occupat,

2391 2039 2521 2082 cum
2565 2025 2757 2082 Persis
2785 2038 2978 2096 pacem
3010 2022 3167 2082 facit.
3204 2024 3468 2082 Petavius

637 2089 795 2192 batti-
1016 2183 1086 2192 ψ
1129 2183 1140 2192 _
1232 2183 1258 2192 _
1432 2180 1472 2192 _
1553 2180 1598 2192 ﬂ
1631 2179 1685 2192 Η
2392 2118 2448 2170 et
2472 2113 2698 2171 Mediob
2727 2089 3081 2184 et'Vopisco.

711 2180 812 2234 His
841 2194 970 2237 coss
1016 2183 1204 2236 Virtus
1223 2183 1413 2252 Lupus
1432 2180 1524 2236 Pr.
1553 2179 1709 2236 Urbi.

425 2281 566 2340 4993
708 2286 850 2357 Imp.
876 2288 996 2346 Caes
1020 2289 1238 2346 Probus
1280 2287 1409 2360 Aug
1432 2293 1505 2345 tr.
1557 2293 1655 2360 pot
1683 2284 1717 2345 4
1791 2283 1931 2343 4032

2248 2291 2314 2331 III
2465 2276 2811 2348 Eutychiani
2843 2275 2896 2335 6.
3566 2273 3671 2333 280

424 2369 554 2442 9,45
641 2377 698 2430 et
724 2372 778 2446 5,
812 2389 938 2433 coss
956 2375 1011 2434 3.
1793 2371 1932 2432 4033

2247 2379 2305 2421 ιν
2388 2371 2400 2382 ⁵
2464 2366 2684 2424 Probus
2709 2365 3466 2426 SaturninumAlexandria:
3561 2368 3678 2424 Biss

449 2462 498 2515 D
514 2460 554 2517 C
890 2506 903 2522 ,
935 2507 947 2521 ,
977 2507 990 2521 ,
1033 2469 1273 2526 Messala
2390 2453 2519 2526 Aug
2536 2455 2758 2512 dictum
2786 2470 2885 2526 per
2903 2457 3088 2516 Duces
3107 2470 3245 2514 suos
3265 2457 3465 2526 vincit,

677 2499 814 2558 coss
878 2578 893 2592 ο
924 2579 938 2593 ο
965 2578 978 2593 ο
1018 2539 1231 2596 Gratus
2389 2545 2597 2602 etlicet
2630 2546 2868 2605 invitus.
2894 2547 3131 2605 occidit.
3158 2546 3385 2605 Mediob
3400 2561 3472 2604 ex

878 2578 893 2592 .
924 2579 938 2593 .
965 2578 978 2593 .
1019 2578 1231 2596 νηηυο
2389 2578 2597 2602 eum.
2630 2578 2850 2604 Iuvuua
2894 2578 3131 2605 υυυιυιιο

708 2627 883 2683 Marm
932 2628 1190 2685 Felsinea
1239 2643 1348 2700 pag
1392 2627 1571 2686 353et
1601 2627 1638 2684 I.
1681 2624 1716 2682 4
2390 2635 2656 2706 Vopisco.
2855 2587 2868 2617 ’

636 2712 697 2766 C.
738 2714 809 2769 de
837 2714 1184 2774 donationib
1214 2717 1449 2774 Reland.
2459 2725 2711 2784 Annales
2741 2727 2922 2785 Baron
2955 2726 3013 2783 h.
3045 2740 3096 2784 a.
3126 2726 3468 2786 consulatus

706 2799 811 2857 His
839 2817 967 2860 coss
1007 2807 1196 2862 Virtus
1212 2809 1399 2878 Lupus
1425 2808 1513 2862 Pr.
1548 2803 1710 2860 Urbi.
2391 2815 2710 2873 restituunt
2738 2830 2845 2875 suo
2870 2817 2996 2875 loco
3012 2817 3073 2874 in
3096 2817 3229 2875 1Era
3263 2831 3462 2876 comm.
3505 2901 3510 2903 _

2386 2905 2762 2977 Dionysiana.

707 3017 826 3087 Imp
855 3016 975 3074 Caes
1012 3018 1232 3076 Probus
1273 3019 1401 3092 Aug
1438 3025 1510 3076 tr.
1556 3017 1710 3090 ροιὸ
1783 3016 1924 3076 4033

2198 3024 2307 3088 264
2447 3031 2794 3103 Eutychianl
2849 3029 2905 3090 7.
3571 3029 3671 3090 284

425 3101 588 3176 40,46
639 3109 696 3162 et
722 3105 776 3162 6.
1791 3106 1928 3166 4034

1898 3107 1928 3166 4
2051 3101 2060 3102 ί
2200 3133 2256 3175 Iv
2462 3121 2525 3176 In
2559 3101 2860 3180 Thraciam
2888 3121 3115 3180 rediens
3141 3123 3361 3180 Probus
3401 3136 3470 3180 ex

671 3231 809 3289 COSS
849 3199 971 3269 ῙωΡ
997 3195 1217 3284 Ρΐοδιξε
1249 3198 1375 3272 Aug
1402 3211 1480 3256 Iv.
2198 3210 2252 3262 et
2394 3206 2627 3266 Oriente
2658 3216 2886 3268 centum
2931 3211 3119 3270 millia
3165 3213 3475 3270 Basterna-

706 3358 714 3359 ,
792 3357 802 3359 _
875 3299 946 3310 ““
990 3271 1353 3327 Τὼθῃδηυδο
2171 3296 2214 3354 O
2239 3292 2348 3354 265
2399 3312 2527 3355 rum
2561 3297 2644 3356 ibi
2670 3299 2741 3356 ad
2770 3299 3008 3358 tutelam
3039 3301 3278 3359 tutelam
3302 3302 3474 3359 impe-

875 3306 946 3310 —
999 3306 1353 3327 ιιυωιαιιιωο
2171 3306 2214 3354 U
2239 3306 2348 3354 265
2399 3312 2527 3355 rum
2561 3306 2644 3356 ibi
2670 3306 2741 3356 ad
2770 3306 3008 3358 tutelam
3039 3306 3278 3360 tutelam
3302 3306 3474 3374 impe-

703 3357 921 3418 Reland
957 3367 1012 3416 et
1053 3360 1630 3434 InscriptGudianis,
1657 3367 1716 3420 et
2231 3398 2251 3445 ι
2391 3386 2467 3443 τίί
2510 3385 2776 3445 collocat,
2827 3389 3014 3448 Petav,

630 3461 704 3519 ap
733 3449 951 3508 Rubert
989 3451 1110 3508 hist
1159 3452 1393 3509 univers
1456 3465 1563 3525 pag
1607 3450 1714 3509 388

625 3537 739 3595 ubi
771 3540 991 3599 Probus
1018 3540 1147 3614 Aug
1185 3541 1407 3600 dicitur
1436 3546 1507 3598 tr.
1544 3557 1599 3613 p.
1632 3556 1709 3599 tv.

700 3627 802 3685 His
830 3643 960 3687 coss
988 3630 1219 3686 Ovim'us
1242 3631 1514 3688 Putemus
1545 3633 1606 3686 P.
1636 3632 1702 3688 U.

701 3717 921 3774 Probus
986 3716 1276 3774 Proculum
1317 3726 1375 3776 et
1423 3723 1703 3777 Bonosum

629 3801 832 3860 Galliae
888 3807 1182 3874 Tyrannos
1235 3809 1438 3864 vineit.
1470 3811 1706 3866 Romam

630 3893 809 3962 venit,
839 3891 939 3949 ubi
959 3893 1029 3948 de
1045 3894 1367 3966 Germanis,
1389 3901 1444 3952 et
1464 3896 1709 3967 Blemyis

632 3980 972 4050 triumphat.
992 3981 1363 4054 Congiarium
1376 3983 1708 4040 dividitetc.

629 4067 854 4125 Mediob
880 4083 950 4125 ex
980 4083 1116 4127 num
1147 4078 1202 4128 et
1227 4072 1367 4128 hist.

278 4274 294 4286 ‘
417 4275 562 4336 4995
703 4281 824 4351 Imp
863 4281 983 4338 Caes
1009 4279 1229 4338 Probus
1268 4283 1396 4356 Aug
1425 4288 1497 4339 tr.
1541 4287 1640 4353 pot
1674 4281 1709 4339 6
1787 4282 1925 4341 4034
2229 4293 2251 4334 ι
2458 4276 2801 4348 Eutychiani
2821 4275 2877 4335 8.
3571 4277 3684 4337 $2

420 4363 583 4437 44,47
632 4371 690 4425 et
725 4365 780 4441 7,
828 4384 956 4427 coss
1007 4385 1058 4428 ν,
1783 4371 1923 4432 4035
2017 4396 2074 4460 D
2232 4380 2275 4421 ιι
2455 4367 2635 4460 Carus
2658 4367 3150 4460 Imperatorﬂlios
3183 4369 3458 4427 Carinum

471 4460 524 4515 Α
703 4459 842 4517 Coss
869 4461 990 4532 Imp
1012 4460 1230 4520 Probus
1257 4462 1386 4536 Aug
1409 4477 1463 4520 ν,
2021 4459 2048 4460 "
2383 4460 2440 4512 et
2511 4459 2924 4516 Numerianum
2969 4459 3215 4518 Caesares
3285 4464 3458 4525 creat,

875 4582 945 4592 -
974 4551 1328 4612 Victorinus.
2386 4544 2553 4604 illum
2603 4547 2661 4603 in
2711 4548 2920 4605 Galliis
2969 4548 3269 4622 relinquit,
3305 4548 3460 4606 hunc

695 4639 851 4697 Fasti
877 4641 1040 4699 Anon
1068 4655 1123 4698 ιν
1142 4657 1270 4700 saec.
2381 4649 2573 4694 secum
2598 4636 2766 4694 ducit
2793 4637 2864 4695 ad
2896 4636 3111 4698 bellum
3140 4639 3457 4697 Persicum.

698 4729 802 4785 His
828 4743 957 4788 coss
990 4733 1317 4803 Pomponius
1344 4733 1697 4791 Victon'anus

625 4815 714 4873 Pr.
746 4817 887 4875 Urbi

697 4907 918 4967 Probus
985 4911 1042 4967 h.
1110 4925 1163 4968 a.
1251 4912 1416 4982 juxta
1463 4911 1702 4986 Pagium

626 4996 950 5071 triumphat
1015 5001 1086 5059 de
1146 5002 1314 5060 Germ
1391 5009 1448 5060 et
1521 5003 1695 5061 Blem.

622 5088 842 5147 Deinde
883 5090 1099 5148 bellum
1166 5107 1375 5163 parans
1425 5093 1700 5151 adversus

623 5176 844 5245 Persas,
869 5180 1126 5236 tumultu
1149 5182 1391 5237 militari
1411 5183 1561 5251 apud
1584 5183 1700 5237 Sir-

623 5263 805 5321 mium
853 5264 1204 5324 interﬁcitur
1230 5282 1421 5324 mense
1443 5271 1690 5325 Novem-

623 5353 734 5410 bri.
799 5355 1069 5412 Succedit
1119 5356 1193 5410 M.
1263 5355 1442 5412 Aurel
1503 5369 1692 5414 canus.

621 5443 970 5515 Chronologi
1025 5458 1222 5501 omnes
1270 5459 1338 5500 ex
1368 5446 1611 5517 Vopisco
1640 5452 1697 5504 et

620 5531 758 5589 Aur.
794 5534 1037 5591 Victore.
