  <div class='ocr_page' id='page_1' title='image "/cluster/home/n/w/nwhite01/storage/ocr_20150623/127/hvd.32044054759881/297.png"; bbox 0 0 3982 6166; ppageno 0'>
   <div class='ocr_carea' id='block_1_1' title="bbox 383 263 491 322">
    <p class='ocr_par' dir='ltr' id='par_1_1' title="bbox 383 263 491 322">
     <span class='ocr_line' id='line_1_1' title="bbox 383 263 491 322; baseline 0 0"><span class='ocrx_word' id='word_1_1' title='bbox 383 263 491 322; x_wconf 84' lang='grc'><strong>583</strong></span> 
     </span>
    </p>
   </div>
   <div class='ocr_carea' id='block_1_2' title="bbox 1165 270 2737 342">
    <p class='ocr_par' dir='ltr' id='par_1_2' title="bbox 1165 270 2737 340">
     <span class='ocr_line' id='line_1_2' title="bbox 1165 270 2737 340; baseline 0.01 -17"><span class='ocrx_word' id='word_1_2' title='bbox 1165 270 1256 324; x_wconf 88' lang='lat' dir='ltr'><strong>AD</strong></span> <span class='ocrx_word' id='word_1_3' title='bbox 1292 272 1724 330; x_wconf 74' lang='lat' dir='ltr'><strong>ANASTASIUM</strong></span> <span class='ocrx_word' id='word_1_4' title='bbox 1763 275 2274 338; x_wconf 79' lang='lat' dir='ltr'><strong>PROLEGOMENA</strong></span> <span class='ocrx_word' id='word_1_5' title='bbox 2311 283 2487 339; x_wconf 87' lang='lat' dir='ltr'><strong>EDIT.</strong></span> <span class='ocrx_word' id='word_1_6' title='bbox 2533 283 2737 340; x_wconf 75' lang='grc' dir='ltr'><strong>ΗΘΜ.-</strong></span> 
     </span>
    </p>
   </div>
   <div class='ocr_carea' id='block_1_3' title="bbox 1386 270 2958 342">
    <p class='ocr_par' dir='ltr' id='par_1_3' title="bbox 1389 272 2958 342">
     <span class='ocr_line' id='line_1_3' title="bbox 1389 272 2958 342; baseline 0.01 -17"><span class='ocrx_word' id='word_1_7' title='bbox 1389 272 1724 330; x_wconf 80' lang='lat' dir='ltr'><strong>ASTASIUM</strong></span> <span class='ocrx_word' id='word_1_8' title='bbox 1763 275 2274 338; x_wconf 79' lang='lat' dir='ltr'><strong>PROLEGOMENA</strong></span> <span class='ocrx_word' id='word_1_9' title='bbox 2311 283 2487 339; x_wconf 88' lang='lat' dir='ltr'><strong>EDIT.</strong></span> <span class='ocrx_word' id='word_1_10' title='bbox 2533 283 2958 342; x_wconf 81' lang='lat' dir='ltr'><strong>ROM.-VATIC.</strong></span> 
     </span>
    </p>
   </div>
   <div class='ocr_carea' id='block_1_4' title="bbox 3689 289 3791 350">
    <p class='ocr_par' dir='ltr' id='par_1_4' title="bbox 3689 289 3791 350">
     <span class='ocr_line' id='line_1_4' title="bbox 3689 289 3791 350; baseline 0.02 -2"><span class='ocrx_word' id='word_1_11' title='bbox 3689 289 3791 350; x_wconf 86' lang='grc'><strong>584</strong></span> 
     </span>
    </p>
   </div>
   <div class='ocr_carea' id='block_1_5' title="bbox 455 385 3763 483">
    <p class='ocr_par' dir='ltr' id='par_1_5' title="bbox 455 385 3763 483">
     <span class='ocr_line' id='line_1_5' title="bbox 455 385 3763 483; baseline 0.01 -45"><span class='ocrx_word' id='word_1_12' title='bbox 455 385 624 483; x_wconf 44' lang='lat' dir='ltr'><strong>{iuni</strong></span> <span class='ocrx_word' id='word_1_13' title='bbox 682 391 1060 457; x_wconf 82' lang='lat' dir='ltr'><strong>Imperatores,</strong></span> <span class='ocrx_word' id='word_1_14' title='bbox 1137 391 1415 483; x_wconf 55' lang='lat' dir='ltr'><strong>Consules,</strong></span> <span class='ocrx_word' id='word_1_15' title='bbox 1488 397 1764 483; x_wconf 67' lang='lat' dir='ltr'><strong>Romano-</strong></span> <span class='ocrx_word' id='word_1_16' title='bbox 1815 400 1984 483; x_wconf 41' lang='grc' dir='ltr'><strong>ἐπεὶ</strong></span> <span class='ocrx_word' id='word_1_17' title='bbox 2075 405 2132 464; x_wconf 92' lang='grc' dir='ltr'><strong>Α</strong></span> <span class='ocrx_word' id='word_1_18' title='bbox 2194 408 2384 483; x_wconf 44' lang='grc' dir='ltr'><strong>Αᾼηηί</strong></span> <span class='ocrx_word' id='word_1_19' title='bbox 2446 407 2901 474; x_wconf 76' lang='lat' dir='ltr'><strong>Christianorum,</strong></span> <span class='ocrx_word' id='word_1_20' title='bbox 2949 412 3258 467; x_wconf 72' lang='lat' dir='ltr'><strong>Iudaeorum</strong></span> <span class='ocrx_word' id='word_1_21' title='bbox 3308 418 3357 467; x_wconf 83' lang='lat' dir='ltr'><strong>et</strong></span> <span class='ocrx_word' id='word_1_22' title='bbox 3397 417 3538 483; x_wconf 84' lang='lat' dir='ltr'><strong>ﬁni—</strong></span> <span class='ocrx_word' id='word_1_23' title='bbox 3591 412 3763 468; x_wconf 56' lang='lat' dir='ltr'><strong>Anni&#39;</strong></span> 
     </span>
    </p>
   </div>
   <div class='ocr_carea' id='block_1_6' title="bbox 428 457 624 512">
    <p class='ocr_par' dir='ltr' id='par_1_6' title="bbox 428 457 624 512">
     <span class='ocr_line' id='line_1_6' title="bbox 428 457 624 512; baseline 0 0"><span class='ocrx_word' id='word_1_24' title='bbox 428 457 624 512; x_wconf 80' lang='lat' dir='ltr'><strong>Pm’od</strong></span> 
     </span>
    </p>
   </div>
   <div class='ocr_carea' id='block_1_7' title="bbox 427 527 647 583">
    <p class='ocr_par' dir='ltr' id='par_1_7' title="bbox 427 527 647 583">
     <span class='ocr_line' id='line_1_7' title="bbox 427 527 647 583; baseline 0.009 -2"><span class='ocrx_word' id='word_1_25' title='bbox 427 548 432 554; x_wconf 95' lang='grc'><strong>·</strong></span> <span class='ocrx_word' id='word_1_26' title='bbox 459 527 566 582; x_wconf 87' lang='lat' dir='ltr'><strong>Jul.</strong></span> <span class='ocrx_word' id='word_1_27' title='bbox 596 532 647 583; x_wconf 88' lang='lat' dir='ltr'><strong>et</strong></span> 
     </span>
    </p>
   </div>
   <div class='ocr_carea' id='block_1_8' title="bbox 477 599 633 665">
    <p class='ocr_par' dir='ltr' id='par_1_8' title="bbox 477 599 633 665">
     <span class='ocr_line' id='line_1_8' title="bbox 477 599 633 665; baseline 0.013 -14"><span class='ocrx_word' id='word_1_28' title='bbox 477 599 633 665; x_wconf 78' lang='lat' dir='ltr'><strong>cycli.</strong></span> 
     </span>
    </p>
   </div>
   <div class='ocr_carea' id='block_1_9' title="bbox 455 665 594 740">
    <p class='ocr_par' dir='ltr' id='par_1_9' title="bbox 455 665 594 740">
     <span class='ocr_line' id='line_1_9' title="bbox 455 665 594 740; baseline -0.014 0"><span class='ocrx_word' id='word_1_29' title='bbox 455 665 594 740; x_wconf 59' lang='lat' dir='ltr'><strong>CBD</strong></span> 
     </span>
    </p>
   </div>
   <div class='ocr_carea' id='block_1_10' title="bbox 751 465 1678 528">
    <p class='ocr_par' dir='ltr' id='par_1_10' title="bbox 751 465 1678 528">
     <span class='ocr_line' id='line_1_10' title="bbox 751 465 1678 528; baseline 0.011 -15"><span class='ocrx_word' id='word_1_30' title='bbox 751 475 894 523; x_wconf 82' lang='lat' dir='ltr'><strong>rum,</strong></span> <span class='ocrx_word' id='word_1_31' title='bbox 927 476 1012 514; x_wconf 88' lang='lat' dir='ltr'><strong>res</strong></span> <span class='ocrx_word' id='word_1_32' title='bbox 1041 467 1219 528; x_wconf 55' lang='lat' dir='ltr'><strong>gestae,</strong></span> <span class='ocrx_word' id='word_1_33' title='bbox 1249 475 1298 518; x_wconf 86' lang='lat' dir='ltr'><strong>et</strong></span> <span class='ocrx_word' id='word_1_34' title='bbox 1342 465 1678 523; x_wconf 85' lang='lat' dir='ltr'><strong>documenta.</strong></span> 
     </span>
    </p>
   </div>
   <div class='ocr_carea' id='block_1_11' title="bbox 737 853 1755 916">
    <p class='ocr_par' dir='ltr' id='par_1_11' title="bbox 737 853 1755 916">
     <span class='ocr_line' id='line_1_11' title="bbox 737 853 1755 916; baseline 0.01 -10"><span class='ocrx_word' id='word_1_35' title='bbox 737 853 1112 910; x_wconf 65' lang='lat' dir='ltr'><strong>Maximianus</strong></span> <span class='ocrx_word' id='word_1_36' title='bbox 1167 868 1236 910; x_wconf 87' lang='lat' dir='ltr'><strong>ex</strong></span> <span class='ocrx_word' id='word_1_37' title='bbox 1283 856 1500 913; x_wconf 65' lang='lat' dir='ltr'><strong>Casare</strong></span> <span class='ocrx_word' id='word_1_38' title='bbox 1525 862 1755 916; x_wconf 87' lang='lat' dir='ltr'><strong>creatus</strong></span> 
     </span>
    </p>
   </div>
   <div class='ocr_carea' id='block_1_12' title="bbox 665 939 1752 1010">
    <p class='ocr_par' dir='ltr' id='par_1_12' title="bbox 665 939 1752 1010">
     <span class='ocr_line' id='line_1_12' title="bbox 665 939 1752 1010; baseline 0.009 -16"><span class='ocrx_word' id='word_1_39' title='bbox 665 939 961 1010; x_wconf 86' lang='lat' dir='ltr'><strong>Augustus</strong></span> <span class='ocrx_word' id='word_1_40' title='bbox 1034 956 1064 998; x_wconf 92' lang='lat' dir='ltr'><strong>a</strong></span> <span class='ocrx_word' id='word_1_41' title='bbox 1138 944 1494 1003; x_wconf 78' lang='lat' dir='ltr'><strong>Diocletiano</strong></span> <span class='ocrx_word' id='word_1_42' title='bbox 1569 948 1752 1003; x_wconf 89' lang='lat' dir='ltr'><strong>vincit</strong></span> 
     </span>
    </p>
   </div>
   <div class='ocr_carea' id='block_1_13' title="bbox 666 1011 1754 1092">
    <p class='ocr_par' dir='ltr' id='par_1_13' title="bbox 666 1011 1754 1092">
     <span class='ocr_line' id='line_1_13' title="bbox 666 1011 1754 1092; baseline 0.009 -10"><span class='ocrx_word' id='word_1_43' title='bbox 666 1011 986 1086; x_wconf 76' lang='lat' dir='ltr'><strong>Amandum</strong></span> <span class='ocrx_word' id='word_1_44' title='bbox 1013 1037 1068 1086; x_wconf 91' lang='lat' dir='ltr'><strong>et</strong></span> <span class='ocrx_word' id='word_1_45' title='bbox 1095 1033 1409 1091; x_wconf 73' lang='lat' dir='ltr'><strong>Elianum.</strong></span> <span class='ocrx_word' id='word_1_46' title='bbox 1436 1036 1582 1092; x_wconf 86' lang='lat' dir='ltr'><strong>Hinc</strong></span> <span class='ocrx_word' id='word_1_47' title='bbox 1607 1037 1754 1092; x_wconf 91' lang='lat' dir='ltr'><strong>Dio-</strong></span> 
     </span>
    </p>
   </div>
   <div class='ocr_carea' id='block_1_14' title="bbox 589 1114 1747 1196">
    <p class='ocr_par' dir='ltr' id='par_1_14' title="bbox 589 1114 1747 1196">
     <span class='ocr_line' id='line_1_14' title="bbox 589 1114 1747 1196; baseline 0.011 -27"><span class='ocrx_word' id='word_1_48' title='bbox 589 1133 594 1136; x_wconf 94' lang='grc'>·</span> <span class='ocrx_word' id='word_1_49' title='bbox 663 1114 1219 1193; x_wconf 65' lang='lat' dir='ltr'><strong>cletianusdicitur</strong></span> <span class='ocrx_word' id='word_1_50' title='bbox 1247 1124 1368 1194; x_wconf 91' lang='lat' dir='ltr'><strong>Imp</strong></span> <span class='ocrx_word' id='word_1_51' title='bbox 1414 1122 1448 1178; x_wconf 99' lang='lat'><strong>4</strong></span> <span class='ocrx_word' id='word_1_52' title='bbox 1474 1131 1529 1180; x_wconf 90' lang='lat' dir='ltr'><strong>et</strong></span> <span class='ocrx_word' id='word_1_53' title='bbox 1555 1124 1610 1195; x_wconf 90' lang='grc'><strong>5,</strong></span> <span class='ocrx_word' id='word_1_54' title='bbox 1645 1127 1747 1196; x_wconf 89' lang='lat' dir='ltr'><strong>qui</strong></span> 
     </span>
    </p>
   </div>
   <div class='ocr_carea' id='block_1_15' title="bbox 667 1205 1755 1269">
    <p class='ocr_par' dir='ltr' id='par_1_15' title="bbox 667 1205 1755 1269">
     <span class='ocr_line' id='line_1_15' title="bbox 667 1205 1755 1269; baseline 0.009 -10"><span class='ocrx_word' id='word_1_55' title='bbox 667 1205 840 1260; x_wconf 88' lang='lat' dir='ltr'><strong>etiam</strong></span> <span class='ocrx_word' id='word_1_56' title='bbox 871 1207 1093 1264; x_wconf 89' lang='lat' dir='ltr'><strong>dicitur</strong></span> <span class='ocrx_word' id='word_1_57' title='bbox 1121 1212 1474 1267; x_wconf 82' lang='lat' dir='ltr'><strong>Britannicus</strong></span> <span class='ocrx_word' id='word_1_58' title='bbox 1504 1215 1638 1268; x_wconf 68' lang='lat' dir='ltr'><strong>Mam</strong></span> <span class='ocrx_word' id='word_1_59' title='bbox 1682 1214 1755 1269; x_wconf 91' lang='lat' dir='ltr'><strong>ob</strong></span> 
     </span>
    </p>
   </div>
   <div class='ocr_carea' id='block_1_16' title="bbox 667 1296 1754 1367">
    <p class='ocr_par' dir='ltr' id='par_1_16' title="bbox 667 1296 1754 1367">
     <span class='ocr_line' id='line_1_16' title="bbox 667 1296 1754 1367; baseline 0.01 -19"><span class='ocrx_word' id='word_1_60' title='bbox 667 1306 783 1349; x_wconf 82' lang='lat' dir='ltr'><strong>rem</strong></span> <span class='ocrx_word' id='word_1_61' title='bbox 814 1310 911 1365; x_wconf 90' lang='lat' dir='ltr'><strong>per</strong></span> <span class='ocrx_word' id='word_1_62' title='bbox 943 1296 1157 1367; x_wconf 76' lang='lat' dir='ltr'><strong>legatos</strong></span> <span class='ocrx_word' id='word_1_63' title='bbox 1183 1313 1287 1354; x_wconf 92' lang='lat' dir='ltr'><strong>con</strong></span> <span class='ocrx_word' id='word_1_64' title='bbox 1312 1300 1651 1359; x_wconf 88' lang='lat' dir='ltr'><strong>Carausium</strong></span> <span class='ocrx_word' id='word_1_65' title='bbox 1694 1304 1754 1358; x_wconf 90' lang='lat' dir='ltr'><strong>in</strong></span> 
     </span>
    </p>
   </div>
   <div class='ocr_carea' id='block_1_17' title="bbox 659 1381 1756 1461">
    <p class='ocr_par' dir='ltr' id='par_1_17' title="bbox 659 1381 1756 1461">
     <span class='ocr_line' id='line_1_17' title="bbox 659 1381 1756 1461; baseline 0.012 -26"><span class='ocrx_word' id='word_1_66' title='bbox 659 1381 960 1438; x_wconf 76' lang='lat' dir='ltr'><strong>Britannia</strong></span> <span class='ocrx_word' id='word_1_67' title='bbox 1010 1384 1144 1442; x_wconf 84' lang='lat' dir='ltr'><strong>felic</strong></span> <span class='ocrx_word' id='word_1_68' title='bbox 1187 1395 1400 1459; x_wconf 88' lang='lat' dir='ltr'><strong>gestam</strong></span> <span class='ocrx_word' id='word_1_69' title='bbox 1453 1391 1511 1445; x_wconf 91' lang='lat' dir='ltr'><strong>in</strong></span> <span class='ocrx_word' id='word_1_70' title='bbox 1543 1390 1636 1461; x_wconf 89' lang='lat' dir='ltr'><strong>lap</strong></span> <span class='ocrx_word' id='word_1_71' title='bbox 1683 1405 1756 1461; x_wconf 90' lang='lat' dir='ltr'><strong>ap</strong></span> 
     </span>
    </p>
   </div>
   <div class='ocr_carea' id='block_1_18' title="bbox 664 1469 1431 1549">
    <p class='ocr_par' dir='ltr' id='par_1_18' title="bbox 664 1469 1431 1549">
     <span class='ocr_line' id='line_1_18' title="bbox 664 1469 1431 1549; baseline 0.013 -26"><span class='ocrx_word' id='word_1_72' title='bbox 664 1469 846 1526; x_wconf 88' lang='lat' dir='ltr'><strong>Baron</strong></span> <span class='ocrx_word' id='word_1_73' title='bbox 877 1473 1070 1542; x_wconf 91' lang='lat' dir='ltr'><strong>Noris,</strong></span> <span class='ocrx_word' id='word_1_74' title='bbox 1094 1482 1151 1531; x_wconf 90' lang='lat' dir='ltr'><strong>et</strong></span> <span class='ocrx_word' id='word_1_75' title='bbox 1177 1477 1431 1549; x_wconf 91' lang='lat' dir='ltr'><strong>Pagium.</strong></span> 
     </span>
    </p>
   </div>
   <div class='ocr_carea' id='block_1_19' title="bbox 444 1569 1745 1657">
    <p class='ocr_par' dir='ltr' id='par_1_19' title="bbox 444 1569 1745 1657">
     <span class='ocr_line' id='line_1_19' title="bbox 444 1569 1745 1657; baseline 0.012 -30"><span class='ocrx_word' id='word_1_76' title='bbox 444 1569 587 1629; x_wconf 90' lang='grc'>5000</span> <span class='ocrx_word' id='word_1_77' title='bbox 729 1577 850 1646; x_wconf 91' lang='lat' dir='ltr'><strong>Imp</strong></span> <span class='ocrx_word' id='word_1_78' title='bbox 875 1579 1271 1638; x_wconf 79' lang='lat' dir='ltr'><strong>Diocletianus</strong></span> <span class='ocrx_word' id='word_1_79' title='bbox 1294 1584 1421 1655; x_wconf 89' lang='lat' dir='ltr'><strong>Aug</strong></span> <span class='ocrx_word' id='word_1_80' title='bbox 1459 1590 1530 1640; x_wconf 91' lang='lat' dir='ltr'><strong>tr.</strong></span> <span class='ocrx_word' id='word_1_81' title='bbox 1570 1591 1668 1655; x_wconf 93' lang='lat' dir='ltr'><strong>pot</strong></span> <span class='ocrx_word' id='word_1_82' title='bbox 1691 1584 1745 1657; x_wconf 88' lang='lat'><strong>3,</strong></span> 
     </span>
    </p>
   </div>
   <div class='ocr_carea' id='block_1_20' title="bbox 448 1658 1216 1740">
    <p class='ocr_par' dir='ltr' id='par_1_20' title="bbox 448 1658 1216 1740">
     <span class='ocr_line' id='line_1_20' title="bbox 448 1658 1216 1740; baseline 0.01 -24"><span class='ocrx_word' id='word_1_83' title='bbox 448 1658 589 1729; x_wconf 89' lang='lat'><strong>46,3</strong></span> <span class='ocrx_word' id='word_1_84' title='bbox 657 1669 718 1720; x_wconf 91' lang='lat' dir='ltr'><strong>et</strong></span> <span class='ocrx_word' id='word_1_85' title='bbox 742 1661 794 1734; x_wconf 87' lang='lat'><strong>4,</strong></span> <span class='ocrx_word' id='word_1_86' title='bbox 833 1680 930 1722; x_wconf 93' lang='lat' dir='ltr'><strong>cos</strong></span> <span class='ocrx_word' id='word_1_87' title='bbox 957 1666 992 1724; x_wconf 92' lang='lat'>3</span> <span class='ocrx_word' id='word_1_88' title='bbox 1017 1671 1137 1740; x_wconf 91' lang='lat' dir='ltr'><strong>Imp</strong></span> <span class='ocrx_word' id='word_1_89' title='bbox 1162 1669 1216 1726; x_wconf 83' lang='lat'><strong>5.</strong></span> 
     </span>
    </p>
   </div>
   <div class='ocr_carea' id='block_1_21' title="bbox 505 1752 1744 1834">
    <p class='ocr_par' dir='ltr' id='par_1_21' title="bbox 505 1752 1744 1834">
     <span class='ocr_line' id='line_1_21' title="bbox 505 1752 1744 1834; baseline 0.01 -28"><span class='ocrx_word' id='word_1_90' title='bbox 505 1752 550 1806; x_wconf 87' lang='grc' dir='ltr'><strong><em>Β</em></strong></span> <span class='ocrx_word' id='word_1_91' title='bbox 727 1755 797 1809; x_wconf 90' lang='lat' dir='ltr'><strong>Et</strong></span> <span class='ocrx_word' id='word_1_92' title='bbox 840 1757 960 1826; x_wconf 85' lang='lat' dir='ltr'><strong>Imp</strong></span> <span class='ocrx_word' id='word_1_93' title='bbox 1011 1759 1398 1818; x_wconf 85' lang='lat' dir='ltr'><strong>Maximianus</strong></span> <span class='ocrx_word' id='word_1_94' title='bbox 1428 1761 1554 1832; x_wconf 87' lang='lat' dir='ltr'><strong>Aug</strong></span> <span class='ocrx_word' id='word_1_95' title='bbox 1583 1768 1654 1818; x_wconf 89' lang='lat' dir='ltr'><strong>tr.</strong></span> <span class='ocrx_word' id='word_1_96' title='bbox 1691 1777 1744 1834; x_wconf 89' lang='lat' dir='ltr'><strong>p.</strong></span> 
     </span>
    </p>
   </div>
   <div class='ocr_carea' id='block_1_22' title="bbox 667 1836 1007 1914">
    <p class='ocr_par' dir='ltr' id='par_1_22' title="bbox 667 1836 1007 1914">
     <span class='ocr_line' id='line_1_22' title="bbox 667 1836 1007 1914; baseline 0.009 -18"><span class='ocrx_word' id='word_1_97' title='bbox 667 1836 691 1896; x_wconf 91' lang='lat'><strong>4</strong></span> <span class='ocrx_word' id='word_1_98' title='bbox 722 1847 778 1899; x_wconf 90' lang='lat' dir='ltr'><strong>et</strong></span> <span class='ocrx_word' id='word_1_99' title='bbox 799 1840 854 1914; x_wconf 93' lang='lat'><strong>2,</strong></span> <span class='ocrx_word' id='word_1_100' title='bbox 889 1858 1007 1901; x_wconf 91' lang='lat' dir='ltr'><strong>cos.</strong></span> 
     </span>
    </p>
   </div>
   <div class='ocr_carea' id='block_1_23' title="bbox 660 1936 1746 2027">
    <p class='ocr_par' dir='ltr' id='par_1_23' title="bbox 660 1936 1746 2027">
     <span class='ocr_line' id='line_1_23' title="bbox 660 1936 1746 2027; baseline -0.016 -2"><span class='ocrx_word' id='word_1_101' title='bbox 660 1967 799 2027; x_wconf 89' lang='lat' dir='ltr'><strong>Coss</strong></span> <span class='ocrx_word' id='word_1_102' title='bbox 873 1936 995 2027; x_wconf 59' lang='grc' dir='ltr'><strong>ξἮὲ</strong></span> <span class='ocrx_word' id='word_1_103' title='bbox 1024 1937 1607 2027; x_wconf 38' lang='grc' dir='ltr'><strong>ΒΨΫῘῨΈΨΡΠΣΑΙΙΕ</strong></span> <span class='ocrx_word' id='word_1_104' title='bbox 1659 1954 1746 1997; x_wconf 79' lang='lat' dir='ltr'><strong>III-</strong></span> 
     </span>
    </p>
   </div>
   <div class='ocr_carea' id='block_1_24' title="bbox 873 2007 1568 2083">
    <p class='ocr_par' dir='ltr' id='par_1_24' title="bbox 873 2007 1568 2083">
     <span class='ocr_line' id='line_1_24' title="bbox 873 2007 1568 2083; baseline 0.012 -23"><span class='ocrx_word' id='word_1_105' title='bbox 873 2007 993 2077; x_wconf 88' lang='lat' dir='ltr'><strong>Imp</strong></span> <span class='ocrx_word' id='word_1_106' title='bbox 1023 2008 1410 2067; x_wconf 83' lang='lat' dir='ltr'><strong>Maximianus</strong></span> <span class='ocrx_word' id='word_1_107' title='bbox 1439 2011 1568 2083; x_wconf 81' lang='lat' dir='ltr'><strong>Aug</strong></span> 
     </span>
    </p>
   </div>
   <div class='ocr_carea' id='block_1_25' title="bbox 731 2093 1746 2170">
    <p class='ocr_par' dir='ltr' id='par_1_25' title="bbox 731 2093 1746 2170">
     <span class='ocr_line' id='line_1_25' title="bbox 731 2093 1746 2170; baseline 0.006 -20"><span class='ocrx_word' id='word_1_108' title='bbox 731 2095 879 2152; x_wconf 87' lang='lat' dir='ltr'><strong>Grut</strong></span> <span class='ocrx_word' id='word_1_109' title='bbox 901 2093 1028 2166; x_wconf 90' lang='lat'><strong>283,</strong></span> <span class='ocrx_word' id='word_1_110' title='bbox 1056 2095 1111 2166; x_wconf 89' lang='lat'><strong>2,</strong></span> <span class='ocrx_word' id='word_1_111' title='bbox 1167 2115 1294 2170; x_wconf 84' lang='lat' dir='ltr'><strong>quae</strong></span> <span class='ocrx_word' id='word_1_112' title='bbox 1341 2100 1512 2156; x_wconf 93' lang='lat' dir='ltr'><strong>hodie</strong></span> <span class='ocrx_word' id='word_1_113' title='bbox 1539 2101 1597 2155; x_wconf 92' lang='lat' dir='ltr'><strong>in</strong></span> <span class='ocrx_word' id='word_1_114' title='bbox 1621 2102 1746 2156; x_wconf 87' lang='lat' dir='ltr'><strong>Mus</strong></span> 
     </span>
    </p>
   </div>
   <div class='ocr_carea' id='block_1_26' title="bbox 655 2180 1749 2245">
    <p class='ocr_par' dir='ltr' id='par_1_26' title="bbox 655 2180 1749 2245">
     <span class='ocr_line' id='line_1_26' title="bbox 655 2180 1749 2245; baseline 0.007 -9"><span class='ocrx_word' id='word_1_115' title='bbox 655 2180 899 2240; x_wconf 86' lang='lat' dir='ltr'><strong>Albano:</strong></span> <span class='ocrx_word' id='word_1_116' title='bbox 930 2185 1029 2241; x_wconf 90' lang='lat' dir='ltr'><strong>ubi</strong></span> <span class='ocrx_word' id='word_1_117' title='bbox 1058 2187 1363 2245; x_wconf 89' lang='lat' dir='ltr'><strong>solvuntur</strong></span> <span class='ocrx_word' id='word_1_118' title='bbox 1381 2187 1749 2244; x_wconf 76' lang='lat' dir='ltr'><strong>diﬂicultates</strong></span> 
     </span>
    </p>
   </div>
   <div class='ocr_carea' id='block_1_27' title="bbox 661 2275 1752 2349">
    <p class='ocr_par' dir='ltr' id='par_1_27' title="bbox 661 2275 1752 2349">
     <span class='ocr_line' id='line_1_27' title="bbox 661 2275 1752 2349; baseline 0.008 -25"><span class='ocrx_word' id='word_1_119' title='bbox 661 2277 932 2338; x_wconf 60' lang='lat' dir='ltr'><strong>promota</strong></span> <span class='ocrx_word' id='word_1_120' title='bbox 957 2287 990 2329; x_wconf 93' lang='lat' dir='ltr'><strong>a</strong></span> <span class='ocrx_word' id='word_1_121' title='bbox 1012 2275 1257 2346; x_wconf 88' lang='lat' dir='ltr'><strong>Petavio,</strong></span> <span class='ocrx_word' id='word_1_122' title='bbox 1285 2283 1343 2332; x_wconf 92' lang='lat' dir='ltr'><strong>et</strong></span> <span class='ocrx_word' id='word_1_123' title='bbox 1369 2279 1540 2349; x_wconf 84' lang='lat' dir='ltr'><strong>Pagio</strong></span> <span class='ocrx_word' id='word_1_124' title='bbox 1567 2277 1638 2333; x_wconf 89' lang='lat' dir='ltr'><strong>ob</strong></span> <span class='ocrx_word' id='word_1_125' title='bbox 1667 2278 1752 2333; x_wconf 83' lang='lat' dir='ltr'><strong>In-</strong></span> 
     </span>
    </p>
   </div>
   <div class='ocr_carea' id='block_1_28' title="bbox 659 2358 1750 2428">
    <p class='ocr_par' dir='ltr' id='par_1_28' title="bbox 659 2358 1750 2428">
     <span class='ocr_line' id='line_1_28' title="bbox 659 2358 1750 2428; baseline 0.009 -16"><span class='ocrx_word' id='word_1_126' title='bbox 659 2358 1032 2428; x_wconf 87' lang='lat' dir='ltr'><strong>scriptionem</strong></span> <span class='ocrx_word' id='word_1_127' title='bbox 1108 2364 1473 2420; x_wconf 88' lang='lat' dir='ltr'><strong>Constantini</strong></span> <span class='ocrx_word' id='word_1_128' title='bbox 1564 2366 1750 2421; x_wconf 88' lang='lat' dir='ltr'><strong>eidem</strong></span> 
     </span>
    </p>
   </div>
   <div class='ocr_carea' id='block_1_29' title="bbox 659 2448 1746 2523">
    <p class='ocr_par' dir='ltr' id='par_1_29' title="bbox 659 2448 1746 2523">
     <span class='ocr_line' id='line_1_29' title="bbox 659 2448 1746 2523; baseline 0.006 -23"><span class='ocrx_word' id='word_1_129' title='bbox 659 2448 929 2504; x_wconf 88' lang='lat' dir='ltr'><strong>marmori</strong></span> <span class='ocrx_word' id='word_1_130' title='bbox 1011 2450 1359 2522; x_wconf 88' lang='lat' dir='ltr'><strong>insculptam</strong></span> <span class='ocrx_word' id='word_1_131' title='bbox 1434 2455 1746 2523; x_wconf 81' lang='lat' dir='ltr'><strong>posterius.</strong></span> 
     </span>
    </p>
   </div>
   <div class='ocr_carea' id='block_1_30' title="bbox 659 2533 1751 2613">
    <p class='ocr_par' dir='ltr' id='par_1_30' title="bbox 659 2533 1751 2613">
     <span class='ocr_line' id='line_1_30' title="bbox 659 2533 1751 2613; baseline 0.005 -23"><span class='ocrx_word' id='word_1_132' title='bbox 659 2533 830 2591; x_wconf 86' lang='lat' dir='ltr'><strong>Noris</strong></span> <span class='ocrx_word' id='word_1_133' title='bbox 853 2540 910 2592; x_wconf 90' lang='lat' dir='ltr'><strong>et</strong></span> <span class='ocrx_word' id='word_1_134' title='bbox 938 2535 1150 2593; x_wconf 86' lang='lat' dir='ltr'><strong>Reland</strong></span> <span class='ocrx_word' id='word_1_135' title='bbox 1179 2553 1246 2596; x_wconf 84' lang='lat' dir='ltr'><strong>ex</strong></span> <span class='ocrx_word' id='word_1_136' title='bbox 1272 2541 1310 2594; x_wconf 90' lang='lat' dir='ltr'><strong>l.</strong></span> <span class='ocrx_word' id='word_1_137' title='bbox 1345 2537 1411 2595; x_wconf 91' lang='lat'>48</span> <span class='ocrx_word' id='word_1_138' title='bbox 1443 2555 1493 2596; x_wconf 95' lang='lat' dir='ltr'><strong>c.</strong></span> <span class='ocrx_word' id='word_1_139' title='bbox 1545 2542 1616 2598; x_wconf 90' lang='lat' dir='ltr'><strong>de</strong></span> <span class='ocrx_word' id='word_1_140' title='bbox 1643 2553 1751 2613; x_wconf 87' lang='lat' dir='ltr'><strong>pa-</strong></span> 
     </span>
    </p>
   </div>
   <div class='ocr_carea' id='block_1_31' title="bbox 662 2623 1674 2694">
    <p class='ocr_par' dir='ltr' id='par_1_31' title="bbox 662 2623 1674 2694">
     <span class='ocr_line' id='line_1_31' title="bbox 662 2623 1674 2694; baseline 0.005 -17"><span class='ocrx_word' id='word_1_141' title='bbox 662 2623 793 2694; x_wconf 86' lang='lat' dir='ltr'><strong>ctis,</strong></span> <span class='ocrx_word' id='word_1_142' title='bbox 827 2627 933 2682; x_wconf 86' lang='lat' dir='ltr'><strong>etc.</strong></span> <span class='ocrx_word' id='word_1_143' title='bbox 967 2628 1164 2682; x_wconf 81' lang='lat' dir='ltr'><strong>Junius</strong></span> <span class='ocrx_word' id='word_1_144' title='bbox 1214 2630 1491 2682; x_wconf 68' lang='lat' dir='ltr'><strong>Maximus</strong></span> <span class='ocrx_word' id='word_1_145' title='bbox 1522 2630 1580 2682; x_wconf 91' lang='lat' dir='ltr'><strong>P.</strong></span> <span class='ocrx_word' id='word_1_146' title='bbox 1608 2629 1674 2684; x_wconf 86' lang='lat' dir='ltr'><strong>U.</strong></span> 
     </span>
    </p>
   </div>
   <div class='ocr_carea' id='block_1_32' title="bbox 729 2706 1744 2772">
    <p class='ocr_par' dir='ltr' id='par_1_32' title="bbox 729 2706 1744 2772">
     <span class='ocr_line' id='line_1_32' title="bbox 729 2706 1744 2772; baseline 0.006 -6"><span class='ocrx_word' id='word_1_147' title='bbox 729 2706 930 2768; x_wconf 69' lang='lat' dir='ltr'><strong>Franci</strong></span> <span class='ocrx_word' id='word_1_148' title='bbox 974 2714 1250 2771; x_wconf 90' lang='lat' dir='ltr'><strong>Carausio</strong></span> <span class='ocrx_word' id='word_1_149' title='bbox 1275 2715 1646 2772; x_wconf 75' lang='lat' dir='ltr'><strong>confmderati</strong></span> <span class='ocrx_word' id='word_1_150' title='bbox 1675 2716 1744 2772; x_wconf 92' lang='lat' dir='ltr'><strong>ad</strong></span> 
     </span>
    </p>
   </div>
   <div class='ocr_carea' id='block_1_33' title="bbox 657 2800 1733 2876">
    <p class='ocr_par' dir='ltr' id='par_1_33' title="bbox 657 2800 1733 2876">
     <span class='ocr_line' id='line_1_33' title="bbox 657 2800 1733 2876; baseline 0.004 -22"><span class='ocrx_word' id='word_1_151' title='bbox 657 2800 955 2866; x_wconf 86' lang='lat' dir='ltr'><strong>petendam</strong></span> <span class='ocrx_word' id='word_1_152' title='bbox 990 2815 1181 2872; x_wconf 91' lang='lat' dir='ltr'><strong>pacem</strong></span> <span class='ocrx_word' id='word_1_153' title='bbox 1213 2804 1554 2876; x_wconf 80' lang='lat' dir='ltr'><strong>adiguntur.</strong></span> <span class='ocrx_word' id='word_1_154' title='bbox 1597 2805 1733 2875; x_wconf 88' lang='lat' dir='ltr'><strong>Lyd.</strong></span> 
     </span>
    </p>
   </div>
   <div class='ocr_carea' id='block_1_34' title="bbox 441 2913 1743 3000">
    <p class='ocr_par' dir='ltr' id='par_1_34' title="bbox 441 2913 1743 3000">
     <span class='ocr_line' id='line_1_34' title="bbox 441 2913 1743 3000; baseline 0.006 -27"><span class='ocrx_word' id='word_1_155' title='bbox 441 2913 577 2974; x_wconf 82' lang='lat'>5004</span> <span class='ocrx_word' id='word_1_156' title='bbox 731 2923 849 2993; x_wconf 90' lang='lat' dir='ltr'><strong>Imp</strong></span> <span class='ocrx_word' id='word_1_157' title='bbox 887 2925 1281 2984; x_wconf 86' lang='lat' dir='ltr'><strong>Diocletianus</strong></span> <span class='ocrx_word' id='word_1_158' title='bbox 1322 2929 1449 3000; x_wconf 90' lang='lat' dir='ltr'><strong>Aug</strong></span> <span class='ocrx_word' id='word_1_159' title='bbox 1479 2932 1548 2984; x_wconf 91' lang='lat' dir='ltr'><strong>tr.</strong></span> <span class='ocrx_word' id='word_1_160' title='bbox 1609 2943 1662 2998; x_wconf 94' lang='lat' dir='ltr'><strong>p.</strong></span> <span class='ocrx_word' id='word_1_161' title='bbox 1709 2925 1743 2982; x_wconf 90' lang='lat'><strong>4</strong></span> 
     </span>
    </p>
   </div>
   <div class='ocr_carea' id='block_1_35' title="bbox 443 3001 1272 3084">
    <p class='ocr_par' dir='ltr' id='par_1_35' title="bbox 443 3001 1272 3084">
     <span class='ocr_line' id='line_1_35' title="bbox 443 3001 1272 3084; baseline 0.011 -25"><span class='ocrx_word' id='word_1_162' title='bbox 443 3001 538 3074; x_wconf 86' lang='lat'><strong>47,‘</strong></span> <span class='ocrx_word' id='word_1_163' title='bbox 559 3003 593 3061; x_wconf 88' lang='lat'><strong>4</strong></span> <span class='ocrx_word' id='word_1_164' title='bbox 664 3013 725 3064; x_wconf 89' lang='lat' dir='ltr'><strong>et</strong></span> <span class='ocrx_word' id='word_1_165' title='bbox 746 3009 800 3067; x_wconf 87' lang='grc'><strong>5.</strong></span> <span class='ocrx_word' id='word_1_166' title='bbox 828 3012 936 3069; x_wconf 90' lang='lat' dir='ltr'><strong>Cos</strong></span> <span class='ocrx_word' id='word_1_167' title='bbox 963 3012 1016 3084; x_wconf 93' lang='lat'><strong>3,</strong></span> <span class='ocrx_word' id='word_1_168' title='bbox 1049 3015 1166 3084; x_wconf 89' lang='lat' dir='ltr'><strong>imp</strong></span> <span class='ocrx_word' id='word_1_169' title='bbox 1195 3030 1272 3070; x_wconf 81' lang='lat' dir='ltr'><strong>v1.</strong></span> 
     </span>
    </p>
   </div>
   <div class='ocr_carea' id='block_1_36' title="bbox 449 3093 1742 3177">
    <p class='ocr_par' dir='ltr' id='par_1_36' title="bbox 449 3093 1742 3177">
     <span class='ocr_line' id='line_1_36' title="bbox 449 3093 1742 3177; baseline 0.01 -28"><span class='ocrx_word' id='word_1_170' title='bbox 449 3093 576 3151; x_wconf 76' lang='lat' dir='ltr'><strong>AG</strong></span> <span class='ocrx_word' id='word_1_171' title='bbox 718 3101 786 3155; x_wconf 90' lang='lat' dir='ltr'><strong>Et</strong></span> <span class='ocrx_word' id='word_1_172' title='bbox 823 3103 1212 3160; x_wconf 78' lang='lat' dir='ltr'><strong>Maximianus</strong></span> <span class='ocrx_word' id='word_1_173' title='bbox 1262 3106 1388 3177; x_wconf 85' lang='lat' dir='ltr'><strong>Aug</strong></span> <span class='ocrx_word' id='word_1_174' title='bbox 1415 3111 1487 3162; x_wconf 93' lang='lat' dir='ltr'><strong>tr.</strong></span> <span class='ocrx_word' id='word_1_175' title='bbox 1541 3103 1742 3176; x_wconf 90' lang='lat' dir='ltr'><strong>p.2et</strong></span> 
     </span>
    </p>
   </div>
   <div class='ocr_carea' id='block_1_37' title="bbox 646 3183 910 3246">
    <p class='ocr_par' dir='ltr' id='par_1_37' title="bbox 646 3183 910 3246">
     <span class='ocr_line' id='line_1_37' title="bbox 646 3183 910 3246; baseline 0.008 -4"><span class='ocrx_word' id='word_1_176' title='bbox 646 3183 702 3242; x_wconf 90' lang='lat'><strong>3.</strong></span> <span class='ocrx_word' id='word_1_177' title='bbox 729 3187 835 3246; x_wconf 91' lang='lat' dir='ltr'><strong>Cos</strong></span> <span class='ocrx_word' id='word_1_178' title='bbox 855 3187 910 3245; x_wconf 95' lang='lat'><strong>2.</strong></span> 
     </span>
    </p>
   </div>
   <div class='ocr_carea' id='block_1_38' title="bbox 897 3297 1735 3367">
    <p class='ocr_par' dir='ltr' id='par_1_38' title="bbox 897 3297 1735 3367">
     <span class='ocr_line' id='line_1_38' title="bbox 897 3297 1735 3367; baseline 0.006 -16"><span class='ocrx_word' id='word_1_179' title='bbox 897 3298 1018 3367; x_wconf 89' lang='lat' dir='ltr'><strong>Imp</strong></span> <span class='ocrx_word' id='word_1_180' title='bbox 1070 3299 1142 3353; x_wconf 90' lang='lat' dir='ltr'><strong>M.</strong></span> <span class='ocrx_word' id='word_1_181' title='bbox 1199 3297 1321 3355; x_wconf 91' lang='lat' dir='ltr'><strong>Aur</strong></span> <span class='ocrx_word' id='word_1_182' title='bbox 1372 3299 1473 3355; x_wconf 89' lang='lat' dir='ltr'><strong>Val</strong></span> <span class='ocrx_word' id='word_1_183' title='bbox 1524 3300 1735 3356; x_wconf 83' lang='lat' dir='ltr'><strong>Maxim</strong></span> 
     </span>
    </p>
   </div>
   <div class='ocr_carea' id='block_1_39' title="bbox 645 3363 1227 3440">
    <p class='ocr_par' dir='ltr' id='par_1_39' title="bbox 645 3363 1227 3440">
     <span class='ocr_line' id='line_1_39' title="bbox 645 3363 1227 3440; baseline 0.005 -20"><span class='ocrx_word' id='word_1_184' title='bbox 645 3363 804 3422; x_wconf 90' lang='lat' dir='ltr'><strong>Coss.</strong></span> <span class='ocrx_word' id='word_1_185' title='bbox 985 3363 1115 3440; x_wconf 78' lang='lat' dir='ltr'><strong>Aug</strong></span> <span class='ocrx_word' id='word_1_186' title='bbox 1163 3383 1227 3423; x_wconf 83' lang='grc' dir='ltr'><strong><em>ιι.</em></strong></span> 
     </span>
    </p>
   </div>
   <div class='ocr_carea' id='block_1_40' title="bbox 894 3441 1733 3511">
    <p class='ocr_par' dir='ltr' id='par_1_40' title="bbox 894 3441 1733 3511">
     <span class='ocr_line' id='line_1_40' title="bbox 894 3441 1733 3511; baseline 0.005 -17"><span class='ocrx_word' id='word_1_187' title='bbox 894 3441 1733 3511; x_wconf 84' lang='lat' dir='ltr'><strong>——PomponiusJanuarius</strong></span> 
     </span>
    </p>
   </div>
   <div class='ocr_carea' id='block_1_41' title="bbox 712 3546 1730 3619">
    <p class='ocr_par' dir='ltr' id='par_1_41' title="bbox 712 3546 1730 3619">
     <span class='ocr_line' id='line_1_41' title="bbox 712 3546 1730 3619; baseline 0.004 -18"><span class='ocrx_word' id='word_1_188' title='bbox 712 3546 865 3603; x_wconf 89' lang='lat' dir='ltr'><strong>Idem</strong></span> <span class='ocrx_word' id='word_1_189' title='bbox 882 3553 1117 3618; x_wconf 86' lang='lat' dir='ltr'><strong>putatur</strong></span> <span class='ocrx_word' id='word_1_190' title='bbox 1143 3548 1242 3619; x_wconf 90' lang='lat' dir='ltr'><strong>qui</strong></span> <span class='ocrx_word' id='word_1_191' title='bbox 1263 3549 1318 3605; x_wconf 88' lang='lat' dir='ltr'><strong>h.</strong></span> <span class='ocrx_word' id='word_1_192' title='bbox 1346 3563 1399 3606; x_wconf 93' lang='lat' dir='ltr'><strong>a.</strong></span> <span class='ocrx_word' id='word_1_193' title='bbox 1425 3548 1574 3606; x_wconf 69' lang='lat' dir='ltr'><strong>Praef</strong></span> <span class='ocrx_word' id='word_1_194' title='bbox 1593 3549 1730 3606; x_wconf 87' lang='lat' dir='ltr'><strong>Urbi</strong></span> 
     </span>
    </p>
   </div>
   <div class='ocr_carea' id='block_1_42' title="bbox 642 3636 1734 3708">
    <p class='ocr_par' dir='ltr' id='par_1_42' title="bbox 642 3636 1734 3708">
     <span class='ocr_line' id='line_1_42' title="bbox 642 3636 1734 3708; baseline 0.005 -18"><span class='ocrx_word' id='word_1_195' title='bbox 642 3648 675 3690; x_wconf 94' lang='lat' dir='ltr'><strong>a</strong></span> <span class='ocrx_word' id='word_1_196' title='bbox 705 3636 837 3692; x_wconf 87' lang='lat' dir='ltr'><strong>card</strong></span> <span class='ocrx_word' id='word_1_197' title='bbox 870 3638 1060 3708; x_wconf 91' lang='lat' dir='ltr'><strong>Noris,</strong></span> <span class='ocrx_word' id='word_1_198' title='bbox 1089 3643 1147 3693; x_wconf 89' lang='lat' dir='ltr'><strong>et</strong></span> <span class='ocrx_word' id='word_1_199' title='bbox 1174 3639 1390 3696; x_wconf 84' lang='lat' dir='ltr'><strong>Reland</strong></span> <span class='ocrx_word' id='word_1_200' title='bbox 1419 3639 1460 3695; x_wconf 88' lang='grc' dir='ltr'><strong>Ι.</strong></span> <span class='ocrx_word' id='word_1_201' title='bbox 1489 3638 1542 3696; x_wconf 92' lang='grc'><strong>6.</strong></span> <span class='ocrx_word' id='word_1_202' title='bbox 1569 3640 1631 3695; x_wconf 94' lang='lat' dir='ltr'><strong>C.</strong></span> <span class='ocrx_word' id='word_1_203' title='bbox 1661 3639 1734 3696; x_wconf 91' lang='lat' dir='ltr'><strong>de</strong></span> 
     </span>
    </p>
   </div>
   <div class='ocr_carea' id='block_1_43' title="bbox 644 3725 1187 3793">
    <p class='ocr_par' dir='ltr' id='par_1_43' title="bbox 644 3725 1187 3793">
     <span class='ocr_line' id='line_1_43' title="bbox 644 3725 1187 3793; baseline 0.007 -18"><span class='ocrx_word' id='word_1_204' title='bbox 644 3725 832 3792; x_wconf 89' lang='lat' dir='ltr'><strong>patria</strong></span> <span class='ocrx_word' id='word_1_205' title='bbox 860 3730 1045 3793; x_wconf 87' lang='lat' dir='ltr'><strong>potest</strong></span> <span class='ocrx_word' id='word_1_206' title='bbox 1077 3731 1187 3781; x_wconf 91' lang='lat' dir='ltr'><strong>etc.</strong></span> 
     </span>
    </p>
   </div>
   <div class='ocr_carea' id='block_1_44' title="bbox 712 3812 1730 3884">
    <p class='ocr_par' dir='ltr' id='par_1_44' title="bbox 712 3812 1730 3884">
     <span class='ocr_line' id='line_1_44' title="bbox 712 3812 1730 3884; baseline 0.007 -20"><span class='ocrx_word' id='word_1_207' title='bbox 712 3812 1037 3866; x_wconf 84' lang='lat' dir='ltr'><strong>Mamertini</strong></span> <span class='ocrx_word' id='word_1_208' title='bbox 1086 3813 1496 3884; x_wconf 81' lang='lat' dir='ltr'><strong>Panegyricum</strong></span> <span class='ocrx_word' id='word_1_209' title='bbox 1539 3817 1730 3871; x_wconf 85' lang='lat' dir='ltr'><strong>Maxi-</strong></span> 
     </span>
    </p>
   </div>
   <div class='ocr_carea' id='block_1_45' title="bbox 643 3895 1731 3956">
    <p class='ocr_par' dir='ltr' id='par_1_45' title="bbox 643 3895 1731 3956">
     <span class='ocr_line' id='line_1_45' title="bbox 643 3895 1731 3956; baseline 0.006 -6"><span class='ocrx_word' id='word_1_210' title='bbox 643 3895 834 3952; x_wconf 92' lang='lat' dir='ltr'><strong>miano</strong></span> <span class='ocrx_word' id='word_1_211' title='bbox 863 3897 1087 3952; x_wconf 89' lang='lat' dir='ltr'><strong>dictum</strong></span> <span class='ocrx_word' id='word_1_212' title='bbox 1135 3899 1205 3954; x_wconf 89' lang='lat' dir='ltr'><strong>ad</strong></span> <span class='ocrx_word' id='word_1_213' title='bbox 1241 3900 1297 3954; x_wconf 92' lang='lat' dir='ltr'><strong>h.</strong></span> <span class='ocrx_word' id='word_1_214' title='bbox 1331 3913 1384 3955; x_wconf 91' lang='lat' dir='ltr'><strong>a.</strong></span> <span class='ocrx_word' id='word_1_215' title='bbox 1417 3900 1591 3956; x_wconf 85' lang='lat' dir='ltr'><strong>refert</strong></span> <span class='ocrx_word' id='word_1_216' title='bbox 1619 3905 1731 3956; x_wconf 91' lang='lat' dir='ltr'><strong>Pa—</strong></span> 
     </span>
    </p>
   </div>
   <div class='ocr_carea' id='block_1_46' title="bbox 642 3984 1728 4060">
    <p class='ocr_par' dir='ltr' id='par_1_46' title="bbox 642 3984 1728 4060">
     <span class='ocr_line' id='line_1_46' title="bbox 642 3984 1728 4060; baseline 0.007 -22"><span class='ocrx_word' id='word_1_217' title='bbox 642 3984 796 4055; x_wconf 88' lang='lat' dir='ltr'><strong>gius.</strong></span> <span class='ocrx_word' id='word_1_218' title='bbox 859 3985 1002 4040; x_wconf 88' lang='lat' dir='ltr'><strong>Card</strong></span> <span class='ocrx_word' id='word_1_219' title='bbox 1052 3987 1326 4044; x_wconf 90' lang='lat' dir='ltr'><strong>Norisius</strong></span> <span class='ocrx_word' id='word_1_220' title='bbox 1390 3989 1460 4045; x_wconf 93' lang='lat' dir='ltr'><strong>ad</strong></span> <span class='ocrx_word' id='word_1_221' title='bbox 1511 4002 1728 4060; x_wconf 67' lang='lat' dir='ltr'><strong>praece—</strong></span> 
     </span>
    </p>
   </div>
   <div class='ocr_carea' id='block_1_47' title="bbox 641 4072 889 4130">
    <p class='ocr_par' dir='ltr' id='par_1_47' title="bbox 641 4072 889 4130">
     <span class='ocr_line' id='line_1_47' title="bbox 641 4072 889 4130; baseline 0 -2"><span class='ocrx_word' id='word_1_222' title='bbox 641 4072 889 4130; x_wconf 90' lang='lat' dir='ltr'><strong>dentem.</strong></span> 
     </span>
    </p>
   </div>
   <div class='ocr_carea' id='block_1_48' title="bbox 427 4194 576 4254">
    <p class='ocr_par' dir='ltr' id='par_1_48' title="bbox 427 4194 576 4254">
     <span class='ocr_line' id='line_1_48' title="bbox 427 4194 576 4254; baseline -0.013 0"><span class='ocrx_word' id='word_1_223' title='bbox 427 4194 576 4254; x_wconf 78' lang='lat'>5002</span> 
     </span>
    </p>
   </div>
   <div class='ocr_carea' id='block_1_49' title="bbox 1815 471 1987 526">
    <p class='ocr_par' dir='ltr' id='par_1_49' title="bbox 1815 471 1987 526">
     <span class='ocr_line' id='line_1_49' title="bbox 1815 471 1987 526; baseline -0.006 -1"><span class='ocrx_word' id='word_1_224' title='bbox 1815 472 1876 525; x_wconf 94' lang='lat' dir='ltr'><strong>U.</strong></span> <span class='ocrx_word' id='word_1_225' title='bbox 1929 471 1987 526; x_wconf 83' lang='lat' dir='ltr'><strong>C.</strong></span> 
     </span>
    </p>
   </div>
   <div class='ocr_carea' id='block_1_50' title="bbox 1806 547 2005 596">
    <p class='ocr_par' dir='ltr' id='par_1_50' title="bbox 1806 547 2005 596">
     <span class='ocr_line' id='line_1_50' title="bbox 1806 547 2005 596; baseline 0.01 -2"><span class='ocrx_word' id='word_1_226' title='bbox 1806 547 1934 596; x_wconf 84' lang='lat' dir='ltr'><strong>ante</strong></span> <span class='ocrx_word' id='word_1_227' title='bbox 1953 547 2005 596; x_wconf 83' lang='lat' dir='ltr'><strong>et</strong></span> 
     </span>
    </p>
   </div>
   <div class='ocr_carea' id='block_1_51' title="bbox 1724 614 2035 682">
    <p class='ocr_par' dir='ltr' id='par_1_51' title="bbox 1724 614 2035 682">
     <span class='ocr_line' id='line_1_51' title="bbox 1724 614 2035 682; baseline 0.01 -15"><span class='ocrx_word' id='word_1_228' title='bbox 1724 617 1853 682; x_wconf 86' lang='lat' dir='ltr'><strong>post</strong></span> <span class='ocrx_word' id='word_1_229' title='bbox 1870 614 2035 670; x_wconf 80' lang='lat' dir='ltr'><strong>Palil.</strong></span> 
     </span>
    </p>
   </div>
   <div class='ocr_carea' id='block_1_52' title="bbox 1827 1583 1966 1644">
    <p class='ocr_par' dir='ltr' id='par_1_52' title="bbox 1827 1583 1966 1644">
     <span class='ocr_line' id='line_1_52' title="bbox 1827 1583 1966 1644; baseline 0.022 -2"><span class='ocrx_word' id='word_1_230' title='bbox 1827 1583 1966 1644; x_wconf 90' lang='lat'>4039</span> 
     </span>
    </p>
   </div>
   <div class='ocr_carea' id='block_1_53' title="bbox 1821 1673 1960 1734">
    <p class='ocr_par' dir='ltr' id='par_1_53' title="bbox 1821 1673 1960 1734">
     <span class='ocr_line' id='line_1_53' title="bbox 1821 1673 1960 1734; baseline 0.036 -4"><span class='ocrx_word' id='word_1_231' title='bbox 1821 1673 1845 1730; x_wconf 85' lang='lat'><strong>4</strong></span> <span class='ocrx_word' id='word_1_232' title='bbox 1854 1673 1960 1734; x_wconf 79' lang='grc'><strong>040</strong></span> 
     </span>
    </p>
   </div>
   <div class='ocr_carea' id='block_1_54' title="bbox 2061 1728 2115 1789">
    <p class='ocr_par' dir='ltr' id='par_1_54' title="bbox 2061 1728 2115 1789">
     <span class='ocr_line' id='line_1_54' title="bbox 2061 1728 2115 1789; baseline 0 0"><span class='ocrx_word' id='word_1_233' title='bbox 2061 1728 2115 1789; x_wconf 91' lang='grc' dir='ltr'>Β</span> 
     </span>
    </p>
   </div>
   <div class='ocr_carea' id='block_1_55' title="bbox 1815 2925 1956 2986">
    <p class='ocr_par' dir='ltr' id='par_1_55' title="bbox 1815 2925 1956 2986">
     <span class='ocr_line' id='line_1_55' title="bbox 1815 2925 1956 2986; baseline 0.014 -2"><span class='ocrx_word' id='word_1_234' title='bbox 1815 2925 1956 2986; x_wconf 90' lang='grc'><strong>4040</strong></span> 
     </span>
    </p>
   </div>
   <div class='ocr_carea' id='block_1_56' title="bbox 1814 3013 2102 3109">
    <p class='ocr_par' dir='ltr' id='par_1_56' title="bbox 1814 3013 2102 3109">
     <span class='ocr_line' id='line_1_56' title="bbox 1814 3013 2102 3109; baseline 0.007 -37"><span class='ocrx_word' id='word_1_235' title='bbox 1814 3013 1946 3074; x_wconf 79' lang='lat'>4044</span> <span class='ocrx_word' id='word_1_236' title='bbox 2053 3044 2102 3109; x_wconf 70' lang='grc' dir='ltr'>ο</span> 
     </span>
    </p>
   </div>
   <div class='ocr_carea' id='block_1_57' title="bbox 719 4198 1932 4274">
    <p class='ocr_par' dir='ltr' id='par_1_57' title="bbox 719 4198 1932 4274">
     <span class='ocr_line' id='line_1_57' title="bbox 719 4198 1932 4274; baseline 0.005 -22"><span class='ocrx_word' id='word_1_237' title='bbox 719 4199 840 4268; x_wconf 91' lang='lat' dir='ltr'><strong>Imp</strong></span> <span class='ocrx_word' id='word_1_238' title='bbox 888 4199 1285 4258; x_wconf 88' lang='lat' dir='ltr'><strong>Diocletianus</strong></span> <span class='ocrx_word' id='word_1_239' title='bbox 1332 4203 1459 4274; x_wconf 88' lang='lat' dir='ltr'><strong>Aug</strong></span> <span class='ocrx_word' id='word_1_240' title='bbox 1507 4206 1582 4256; x_wconf 93' lang='lat' dir='ltr'><strong>tr.</strong></span> <span class='ocrx_word' id='word_1_241' title='bbox 1612 4198 1727 4270; x_wconf 84' lang='lat' dir='ltr'><strong>p.5</strong></span> <span class='ocrx_word' id='word_1_242' title='bbox 1801 4200 1932 4260; x_wconf 92' lang='grc'><strong>4044</strong></span> 
     </span>
    </p>
   </div>
   <div class='ocr_carea' id='block_1_58' title="bbox 430 4281 1939 4359">
    <p class='ocr_par' dir='ltr' id='par_1_58' title="bbox 430 4281 1939 4359">
     <span class='ocr_line' id='line_1_58' title="bbox 430 4281 1939 4359; baseline 0.005 -19"><span class='ocrx_word' id='word_1_243' title='bbox 430 4281 518 4356; x_wconf 92' lang='grc'><strong>48,</strong></span> <span class='ocrx_word' id='word_1_244' title='bbox 544 4281 581 4340; x_wconf 88' lang='grc'><strong>5</strong></span> <span class='ocrx_word' id='word_1_245' title='bbox 653 4289 709 4340; x_wconf 89' lang='lat' dir='ltr'><strong>et</strong></span> <span class='ocrx_word' id='word_1_246' title='bbox 737 4284 789 4341; x_wconf 90' lang='lat'><strong>6.</strong></span> <span class='ocrx_word' id='word_1_247' title='bbox 821 4286 928 4342; x_wconf 93' lang='lat' dir='ltr'><strong>Cos</strong></span> <span class='ocrx_word' id='word_1_248' title='bbox 953 4285 1008 4356; x_wconf 92' lang='lat'><strong>3,</strong></span> <span class='ocrx_word' id='word_1_249' title='bbox 1043 4287 1163 4358; x_wconf 92' lang='lat' dir='ltr'><strong>imp</strong></span> <span class='ocrx_word' id='word_1_250' title='bbox 1187 4287 1240 4345; x_wconf 92' lang='lat'><strong>6.</strong></span> <span class='ocrx_word' id='word_1_251' title='bbox 1270 4291 1390 4359; x_wconf 88' lang='lat' dir='ltr'><strong>Imp</strong></span> <span class='ocrx_word' id='word_1_252' title='bbox 1415 4289 1722 4345; x_wconf 80' lang='lat' dir='ltr'><strong>Maximia—</strong></span> <span class='ocrx_word' id='word_1_253' title='bbox 1798 4288 1939 4348; x_wconf 83' lang='lat'>4042</span> 
     </span>
    </p>
   </div>
   <div class='ocr_carea' id='block_1_59' title="bbox 476 4373 1576 4448">
    <p class='ocr_par' dir='ltr' id='par_1_59' title="bbox 476 4373 1576 4448">
     <span class='ocr_line' id='line_1_59' title="bbox 476 4373 1576 4448; baseline 0.002 -18"><span class='ocrx_word' id='word_1_254' title='bbox 476 4375 524 4430; x_wconf 86' lang='lat' dir='ltr'><strong><em>F</em></strong></span> <span class='ocrx_word' id='word_1_255' title='bbox 644 4386 754 4429; x_wconf 91' lang='lat' dir='ltr'><strong>nus</strong></span> <span class='ocrx_word' id='word_1_256' title='bbox 778 4373 904 4446; x_wconf 84' lang='lat' dir='ltr'><strong>Aug</strong></span> <span class='ocrx_word' id='word_1_257' title='bbox 934 4380 1006 4430; x_wconf 88' lang='lat' dir='ltr'><strong>tr.</strong></span> <span class='ocrx_word' id='word_1_258' title='bbox 1043 4383 1138 4446; x_wconf 92' lang='lat' dir='ltr'><strong>pot</strong></span> <span class='ocrx_word' id='word_1_259' title='bbox 1157 4375 1192 4433; x_wconf 91' lang='lat'><strong>3</strong></span> <span class='ocrx_word' id='word_1_260' title='bbox 1216 4385 1273 4432; x_wconf 93' lang='lat' dir='ltr'><strong>et</strong></span> <span class='ocrx_word' id='word_1_261' title='bbox 1300 4374 1354 4448; x_wconf 84' lang='lat'><strong>4,</strong></span> <span class='ocrx_word' id='word_1_262' title='bbox 1385 4378 1494 4435; x_wconf 93' lang='lat' dir='ltr'><strong>Cos</strong></span> <span class='ocrx_word' id='word_1_263' title='bbox 1521 4376 1576 4434; x_wconf 91' lang='lat'><strong>2.</strong></span> 
     </span>
    </p>
   </div>
   <div class='ocr_carea' id='block_1_60' title="bbox 639 4459 1126 4520">
    <p class='ocr_par' dir='ltr' id='par_1_60' title="bbox 639 4459 1126 4520">
     <span class='ocr_line' id='line_1_60' title="bbox 639 4459 1126 4520; baseline 0.004 -4"><span class='ocrx_word' id='word_1_264' title='bbox 639 4459 800 4520; x_wconf 92' lang='lat' dir='ltr'><strong>Coss.</strong></span> <span class='ocrx_word' id='word_1_265' title='bbox 829 4463 1036 4520; x_wconf 91' lang='lat' dir='ltr'><strong>Bassus</strong></span> <span class='ocrx_word' id='word_1_266' title='bbox 1061 4479 1126 4520; x_wconf 87' lang='grc' dir='ltr'><strong><em>ιι.</em></strong></span> 
     </span>
    </p>
   </div>
   <div class='ocr_carea' id='block_1_61' title="bbox 813 4550 1220 4619">
    <p class='ocr_par' dir='ltr' id='par_1_61' title="bbox 813 4550 1220 4619">
     <span class='ocr_line' id='line_1_61' title="bbox 813 4550 1220 4619; baseline 0 -11"><span class='ocrx_word' id='word_1_267' title='bbox 813 4550 1220 4619; x_wconf 87' lang='lat' dir='ltr'><strong>Quinctianus.</strong></span> 
     </span>
    </p>
   </div>
   <div class='ocr_carea' id='block_1_62' title="bbox 714 4638 1520 4702">
    <p class='ocr_par' dir='ltr' id='par_1_62' title="bbox 714 4638 1520 4702">
     <span class='ocr_line' id='line_1_62' title="bbox 714 4638 1520 4702; baseline 0.002 -6"><span class='ocrx_word' id='word_1_268' title='bbox 714 4641 776 4696; x_wconf 93' lang='lat' dir='ltr'><strong>L.</strong></span> <span class='ocrx_word' id='word_1_269' title='bbox 802 4638 857 4696; x_wconf 89' lang='lat'><strong>9.</strong></span> <span class='ocrx_word' id='word_1_270' title='bbox 878 4641 936 4698; x_wconf 94' lang='lat' dir='ltr'><strong>C.</strong></span> <span class='ocrx_word' id='word_1_271' title='bbox 967 4643 1036 4699; x_wconf 89' lang='lat' dir='ltr'><strong>de</strong></span> <span class='ocrx_word' id='word_1_272' title='bbox 1065 4657 1237 4701; x_wconf 88' lang='lat' dir='ltr'><strong>accus</strong></span> <span class='ocrx_word' id='word_1_273' title='bbox 1266 4651 1322 4701; x_wconf 92' lang='lat' dir='ltr'><strong>et</strong></span> <span class='ocrx_word' id='word_1_274' title='bbox 1351 4645 1520 4702; x_wconf 90' lang='lat' dir='ltr'><strong>inter.</strong></span> 
     </span>
    </p>
   </div>
   <div class='ocr_carea' id='block_1_63' title="bbox 715 4731 1720 4804">
    <p class='ocr_par' dir='ltr' id='par_1_63' title="bbox 715 4731 1720 4804">
     <span class='ocr_line' id='line_1_63' title="bbox 715 4731 1720 4804; baseline 0.005 -19"><span class='ocrx_word' id='word_1_275' title='bbox 715 4731 820 4785; x_wconf 85' lang='lat' dir='ltr'><strong>His</strong></span> <span class='ocrx_word' id='word_1_276' title='bbox 869 4745 997 4788; x_wconf 89' lang='lat' dir='ltr'><strong>coss</strong></span> <span class='ocrx_word' id='word_1_277' title='bbox 1044 4735 1373 4804; x_wconf 82' lang='lat' dir='ltr'><strong>Pomponius</strong></span> <span class='ocrx_word' id='word_1_278' title='bbox 1417 4737 1720 4791; x_wconf 78' lang='lat' dir='ltr'><strong>Januarius</strong></span> 
     </span>
    </p>
   </div>
   <div class='ocr_carea' id='block_1_64' title="bbox 703 4909 1722 4983">
    <p class='ocr_par' dir='ltr' id='par_1_64' title="bbox 703 4909 1722 4983">
     <span class='ocr_line' id='line_1_64' title="bbox 703 4909 1722 4983; baseline 0.006 -19"><span class='ocrx_word' id='word_1_279' title='bbox 703 4909 1017 4965; x_wconf 85' lang='lat' dir='ltr'><strong>Victoriam</strong></span> <span class='ocrx_word' id='word_1_280' title='bbox 1067 4911 1138 4967; x_wconf 91' lang='lat' dir='ltr'><strong>de</strong></span> <span class='ocrx_word' id='word_1_281' title='bbox 1185 4911 1482 4983; x_wconf 89' lang='lat' dir='ltr'><strong>Sarmatis,</strong></span> <span class='ocrx_word' id='word_1_282' title='bbox 1523 4919 1579 4970; x_wconf 91' lang='lat' dir='ltr'><strong>et</strong></span> <span class='ocrx_word' id='word_1_283' title='bbox 1605 4916 1722 4969; x_wconf 86' lang='lat' dir='ltr'><strong>Da—</strong></span> 
     </span>
    </p>
   </div>
   <div class='ocr_carea' id='block_1_65' title="bbox 2039 4395 2095 4458">
    <p class='ocr_par' dir='ltr' id='par_1_65' title="bbox 2039 4395 2095 4458">
     <span class='ocr_line' id='line_1_65' title="bbox 2039 4395 2095 4458; baseline 0 -2"><span class='ocrx_word' id='word_1_284' title='bbox 2039 4395 2095 4458; x_wconf 94' lang='lat' dir='ltr'><strong>D</strong></span> 
     </span>
    </p>
   </div>
   <div class='ocr_carea' id='block_1_66' title="bbox 631 4997 1839 5069">
    <p class='ocr_par' dir='ltr' id='par_1_66' title="bbox 631 4997 1839 5069">
     <span class='ocr_line' id='line_1_66' title="bbox 631 4997 1839 5069; baseline 0.006 -17"><span class='ocrx_word' id='word_1_285' title='bbox 631 4997 778 5053; x_wconf 90' lang='lat' dir='ltr'><strong>ciam</strong></span> <span class='ocrx_word' id='word_1_286' title='bbox 849 5004 1130 5069; x_wconf 90' lang='lat' dir='ltr'><strong>receptam</strong></span> <span class='ocrx_word' id='word_1_287' title='bbox 1174 5001 1244 5056; x_wconf 89' lang='lat' dir='ltr'><strong>ad</strong></span> <span class='ocrx_word' id='word_1_288' title='bbox 1300 5001 1362 5056; x_wconf 88' lang='lat' dir='ltr'><strong>h.</strong></span> <span class='ocrx_word' id='word_1_289' title='bbox 1407 5017 1460 5058; x_wconf 88' lang='lat' dir='ltr'><strong>a.</strong></span> <span class='ocrx_word' id='word_1_290' title='bbox 1517 5003 1718 5058; x_wconf 88' lang='lat' dir='ltr'><strong>retulit</strong></span> <span class='ocrx_word' id='word_1_291' title='bbox 1832 5025 1839 5032; x_wconf 54' lang='grc' dir='ltr'><strong><em>κ</em></strong></span> 
     </span>
    </p>
   </div>
   <div class='ocr_carea' id='block_1_67' title="bbox 630 5085 979 5143">
    <p class='ocr_par' dir='ltr' id='par_1_67' title="bbox 630 5085 979 5143">
     <span class='ocr_line' id='line_1_67' title="bbox 630 5085 979 5143; baseline 0.011 -4"><span class='ocrx_word' id='word_1_292' title='bbox 630 5085 979 5143; x_wconf 90' lang='lat' dir='ltr'><strong>Mediobarb.</strong></span> 
     </span>
    </p>
   </div>
   <div class='ocr_carea' id='block_1_68' title="bbox 414 5189 559 5248">
    <p class='ocr_par' dir='ltr' id='par_1_68' title="bbox 414 5189 559 5248">
     <span class='ocr_line' id='line_1_68' title="bbox 414 5189 559 5248; baseline -0.007 0"><span class='ocrx_word' id='word_1_293' title='bbox 414 5189 559 5248; x_wconf 80' lang='lat'><strong>5003</strong></span> 
     </span>
    </p>
   </div>
   <div class='ocr_carea' id='block_1_69' title="bbox 701 5192 1924 5267">
    <p class='ocr_par' dir='ltr' id='par_1_69' title="bbox 701 5192 1924 5267">
     <span class='ocr_line' id='line_1_69' title="bbox 701 5192 1924 5267; baseline 0.009 -23"><span class='ocrx_word' id='word_1_294' title='bbox 701 5192 840 5260; x_wconf 89' lang='lat' dir='ltr'><strong>Imp.</strong></span> <span class='ocrx_word' id='word_1_295' title='bbox 860 5193 1255 5252; x_wconf 90' lang='lat' dir='ltr'><strong>Diocletianus</strong></span> <span class='ocrx_word' id='word_1_296' title='bbox 1274 5196 1491 5266; x_wconf 85' lang='lat' dir='ltr'><strong>Augtr.</strong></span> <span class='ocrx_word' id='word_1_297' title='bbox 1522 5213 1575 5267; x_wconf 92' lang='lat' dir='ltr'><strong>p.</strong></span> <span class='ocrx_word' id='word_1_298' title='bbox 1605 5197 1711 5253; x_wconf 90' lang='lat' dir='ltr'><strong>6et</strong></span> <span class='ocrx_word' id='word_1_299' title='bbox 1785 5195 1924 5256; x_wconf 90' lang='lat'>4042</span> 
     </span>
    </p>
   </div>
   <div class='ocr_carea' id='block_1_70' title="bbox 417 5273 1923 5353">
    <p class='ocr_par' dir='ltr' id='par_1_70' title="bbox 417 5273 1923 5353">
     <span class='ocr_line' id='line_1_70' title="bbox 417 5273 1923 5353; baseline 0.009 -20"><span class='ocrx_word' id='word_1_300' title='bbox 417 5275 504 5348; x_wconf 89' lang='lat'>49,</span> <span class='ocrx_word' id='word_1_301' title='bbox 537 5277 571 5336; x_wconf 90' lang='lat'><strong><em>6</em></strong></span> <span class='ocrx_word' id='word_1_302' title='bbox 641 5273 697 5333; x_wconf 89' lang='grc'><strong>7.</strong></span> <span class='ocrx_word' id='word_1_303' title='bbox 723 5277 830 5333; x_wconf 90' lang='lat' dir='ltr'><strong>Cos</strong></span> <span class='ocrx_word' id='word_1_304' title='bbox 856 5279 908 5349; x_wconf 84' lang='lat'><strong>4,</strong></span> <span class='ocrx_word' id='word_1_305' title='bbox 944 5281 1063 5352; x_wconf 90' lang='lat' dir='ltr'><strong>imp</strong></span> <span class='ocrx_word' id='word_1_306' title='bbox 1085 5281 1141 5337; x_wconf 90' lang='lat'><strong>8.</strong></span> <span class='ocrx_word' id='word_1_307' title='bbox 1172 5286 1291 5353; x_wconf 87' lang='lat' dir='ltr'><strong>Imp</strong></span> <span class='ocrx_word' id='word_1_308' title='bbox 1317 5285 1707 5343; x_wconf 86' lang='lat' dir='ltr'><strong>Maximianus</strong></span> <span class='ocrx_word' id='word_1_309' title='bbox 1783 5285 1923 5346; x_wconf 85' lang='lat'>4043</span> 
     </span>
    </p>
   </div>
   <div class='ocr_carea' id='block_1_71' title="bbox 462 5366 1383 5439">
    <p class='ocr_par' dir='ltr' id='par_1_71' title="bbox 462 5366 1383 5439">
     <span class='ocr_line' id='line_1_71' title="bbox 462 5366 1383 5439; baseline 0.004 -18"><span class='ocrx_word' id='word_1_310' title='bbox 462 5368 512 5421; x_wconf 87' lang='lat' dir='ltr'><strong><em>E</em></strong></span> <span class='ocrx_word' id='word_1_311' title='bbox 625 5366 754 5439; x_wconf 85' lang='lat' dir='ltr'><strong>Aug</strong></span> <span class='ocrx_word' id='word_1_312' title='bbox 781 5371 850 5423; x_wconf 91' lang='lat' dir='ltr'><strong>tr.</strong></span> <span class='ocrx_word' id='word_1_313' title='bbox 877 5373 974 5437; x_wconf 87' lang='lat' dir='ltr'><strong>pot</strong></span> <span class='ocrx_word' id='word_1_314' title='bbox 999 5366 1032 5424; x_wconf 92' lang='grc'><strong>4</strong></span> <span class='ocrx_word' id='word_1_315' title='bbox 1061 5378 1118 5425; x_wconf 92' lang='lat' dir='ltr'><strong>et</strong></span> <span class='ocrx_word' id='word_1_316' title='bbox 1143 5369 1180 5426; x_wconf 93' lang='grc'><strong>5</strong></span> <span class='ocrx_word' id='word_1_317' title='bbox 1202 5375 1310 5428; x_wconf 85' lang='lat' dir='ltr'><strong>Cos</strong></span> <span class='ocrx_word' id='word_1_318' title='bbox 1330 5371 1383 5426; x_wconf 90' lang='lat'><strong>2.</strong></span> 
     </span>
    </p>
   </div>
   <div class='ocr_carea' id='block_1_72' title="bbox 626 5475 1523 5570">
    <p class='ocr_par' dir='ltr' id='par_1_72' title="bbox 626 5475 1523 5570">
     <span class='ocr_line' id='line_1_72' title="bbox 626 5475 1523 5570; baseline 0 0"><span class='ocrx_word' id='word_1_319' title='bbox 626 5511 784 5570; x_wconf 86' lang='lat' dir='ltr'><strong>Coss.</strong></span> <span class='ocrx_word' id='word_1_320' title='bbox 838 5475 1238 5570; x_wconf 50' lang='grc' dir='ltr'><strong>θίξῖῗξιξίείξΨΞΨ</strong></span> <span class='ocrx_word' id='word_1_321' title='bbox 1287 5477 1413 5570; x_wconf 51' lang='grc' dir='ltr'><strong>θΡὲ</strong></span> <span class='ocrx_word' id='word_1_322' title='bbox 1454 5493 1523 5570; x_wconf 58' lang='grc' dir='ltr'><strong>ἷῩῖ</strong></span> 
     </span>
    </p>
   </div>
   <div class='ocr_carea' id='block_1_73' title="bbox 840 5549 1542 5623">
    <p class='ocr_par' dir='ltr' id='par_1_73' title="bbox 840 5549 1542 5623">
     <span class='ocr_line' id='line_1_73' title="bbox 840 5549 1542 5623; baseline 0 -17"><span class='ocrx_word' id='word_1_323' title='bbox 840 5549 1229 5606; x_wconf 84' lang='lat' dir='ltr'><strong>Maximianus</strong></span> <span class='ocrx_word' id='word_1_324' title='bbox 1280 5549 1406 5623; x_wconf 83' lang='lat' dir='ltr'><strong>Aug</strong></span> <span class='ocrx_word' id='word_1_325' title='bbox 1458 5565 1542 5608; x_wconf 87' lang='lat' dir='ltr'><strong>III.</strong></span> 
     </span>
    </p>
   </div>
   <div class='ocr_carea' id='block_1_74' title="bbox 2182 475 2395 549">
    <p class='ocr_par' dir='ltr' id='par_1_74' title="bbox 2182 475 2395 549">
     <span class='ocr_line' id='line_1_74' title="bbox 2182 475 2395 549; baseline 0.014 -20"><span class='ocrx_word' id='word_1_326' title='bbox 2182 475 2395 549; x_wconf 81' lang='lat' dir='ltr'><strong>Olymp.</strong></span> 
     </span>
    </p>
   </div>
   <div class='ocr_carea' id='block_1_75' title="bbox 2156 4206 2367 4279">
    <p class='ocr_par' dir='ltr' id='par_1_75' title="bbox 2156 4206 2367 4279">
     <span class='ocr_line' id='line_1_75' title="bbox 2156 4206 2367 4279; baseline 0 -17"><span class='ocrx_word' id='word_1_327' title='bbox 2156 4206 2367 4279; x_wconf 83' lang='lat' dir='ltr'><strong>Olymp.</strong></span> 
     </span>
    </p>
   </div>
   <div class='ocr_carea' id='block_1_76' title="bbox 2201 4293 2307 4353">
    <p class='ocr_par' dir='ltr' id='par_1_76' title="bbox 2201 4293 2307 4353">
     <span class='ocr_line' id='line_1_76' title="bbox 2201 4293 2307 4353; baseline 0.019 -2"><span class='ocrx_word' id='word_1_328' title='bbox 2201 4293 2307 4353; x_wconf 74' lang='lat'><strong>266</strong></span> 
     </span>
    </p>
   </div>
   <div class='ocr_carea' id='block_1_77' title="bbox 2508 483 3742 553">
    <p class='ocr_par' dir='ltr' id='par_1_77' title="bbox 2508 483 3742 553">
     <span class='ocr_line' id='line_1_77' title="bbox 2508 483 3742 553; baseline 0.006 -20"><span class='ocrx_word' id='word_1_329' title='bbox 2508 483 2761 534; x_wconf 79' lang='lat' dir='ltr'><strong>timorum</strong></span> <span class='ocrx_word' id='word_1_330' title='bbox 2807 485 3151 551; x_wconf 81' lang='lat' dir='ltr'><strong>populorum,</strong></span> <span class='ocrx_word' id='word_1_331' title='bbox 3215 487 3521 553; x_wconf 81' lang='lat' dir='ltr'><strong>Pontiﬁces,</strong></span> <span class='ocrx_word' id='word_1_332' title='bbox 3603 489 3742 541; x_wconf 67' lang='lat' dir='ltr'><strong>Erae</strong></span> 
     </span>
    </p>
   </div>
   <div class='ocr_carea' id='block_1_78' title="bbox 2504 554 3765 622">
    <p class='ocr_par' dir='ltr' id='par_1_78' title="bbox 2504 554 3765 622">
     <span class='ocr_line' id='line_1_78' title="bbox 2504 554 3765 622; baseline 0 -14"><span class='ocrx_word' id='word_1_333' title='bbox 2504 554 2690 619; x_wconf 79' lang='lat' dir='ltr'><strong>Reges,</strong></span> <span class='ocrx_word' id='word_1_334' title='bbox 2738 568 2823 608; x_wconf 75' lang='lat' dir='ltr'><strong>res</strong></span> <span class='ocrx_word' id='word_1_335' title='bbox 2860 559 3022 622; x_wconf 75' lang='lat' dir='ltr'><strong>gesta:</strong></span> <span class='ocrx_word' id='word_1_336' title='bbox 3073 561 3123 610; x_wconf 86' lang='lat' dir='ltr'><strong>et</strong></span> <span class='ocrx_word' id='word_1_337' title='bbox 3167 555 3505 612; x_wconf 84' lang='lat' dir='ltr'><strong>documenta.</strong></span> <span class='ocrx_word' id='word_1_338' title='bbox 3547 556 3765 614; x_wconf 81' lang='lat' dir='ltr'><strong>Christi.</strong></span> 
     </span>
    </p>
   </div>
   <div class='ocr_carea' id='block_1_79' title="bbox 2435 866 3519 944">
    <p class='ocr_par' dir='ltr' id='par_1_79' title="bbox 2435 866 3519 944">
     <span class='ocr_line' id='line_1_79' title="bbox 2435 866 3519 944; baseline 0.008 -24"><span class='ocrx_word' id='word_1_339' title='bbox 2435 880 2588 937; x_wconf 90' lang='lat' dir='ltr'><strong>vens,</strong></span> <span class='ocrx_word' id='word_1_340' title='bbox 2622 866 2893 924; x_wconf 90' lang='lat' dir='ltr'><strong>decedere</strong></span> <span class='ocrx_word' id='word_1_341' title='bbox 2937 870 3093 942; x_wconf 90' lang='lat' dir='ltr'><strong>cogit</strong></span> <span class='ocrx_word' id='word_1_342' title='bbox 3120 870 3304 942; x_wconf 89' lang='lat' dir='ltr'><strong>Syria,</strong></span> <span class='ocrx_word' id='word_1_343' title='bbox 3351 886 3519 944; x_wconf 90' lang='lat' dir='ltr'><strong>quam</strong></span> 
     </span>
    </p>
   </div>
   <div class='ocr_carea' id='block_1_80' title="bbox 2434 957 3516 1033">
    <p class='ocr_par' dir='ltr' id='par_1_80' title="bbox 2434 957 3516 1033">
     <span class='ocr_line' id='line_1_80' title="bbox 2434 957 3516 1033; baseline 0.007 -23"><span class='ocrx_word' id='word_1_344' title='bbox 2434 963 2811 1025; x_wconf 87' lang='lat' dir='ltr'><strong>occupaverat</strong></span> <span class='ocrx_word' id='word_1_345' title='bbox 2861 957 3225 1016; x_wconf 88' lang='lat' dir='ltr'><strong>Antiochiam</strong></span> <span class='ocrx_word' id='word_1_346' title='bbox 3294 962 3516 1033; x_wconf 89' lang='lat' dir='ltr'><strong>recipit,</strong></span> 
     </span>
    </p>
   </div>
   <div class='ocr_carea' id='block_1_81' title="bbox 2431 1043 3512 1122">
    <p class='ocr_par' dir='ltr' id='par_1_81' title="bbox 2431 1043 3512 1122">
     <span class='ocr_line' id='line_1_81' title="bbox 2431 1043 3512 1122; baseline 0.005 -23"><span class='ocrx_word' id='word_1_347' title='bbox 2431 1047 2489 1099; x_wconf 92' lang='lat' dir='ltr'><strong>et</strong></span> <span class='ocrx_word' id='word_1_348' title='bbox 2519 1043 2711 1102; x_wconf 85' lang='lat' dir='ltr'><strong>hostes</strong></span> <span class='ocrx_word' id='word_1_349' title='bbox 2751 1045 3048 1104; x_wconf 90' lang='lat' dir='ltr'><strong>submovet</strong></span> <span class='ocrx_word' id='word_1_350' title='bbox 3074 1048 3227 1106; x_wconf 92' lang='lat' dir='ltr'><strong>ultra</strong></span> <span class='ocrx_word' id='word_1_351' title='bbox 3277 1050 3512 1122; x_wconf 81' lang='lat' dir='ltr'><strong>Tigrim.</strong></span> 
     </span>
    </p>
   </div>
   <div class='ocr_carea' id='block_1_82' title="bbox 2257 1591 2832 1651">
    <p class='ocr_par' dir='ltr' id='par_1_82' title="bbox 2257 1591 2832 1651">
     <span class='ocr_line' id='line_1_82' title="bbox 2257 1591 2832 1651; baseline 0.01 -9"><span class='ocrx_word' id='word_1_352' title='bbox 2257 1602 2295 1643; x_wconf 91' lang='grc' dir='ltr'><strong>ιι</strong></span> <span class='ocrx_word' id='word_1_353' title='bbox 2494 1592 2618 1648; x_wconf 89' lang='lat' dir='ltr'><strong>Caii</strong></span> <span class='ocrx_word' id='word_1_354' title='bbox 2650 1591 2683 1648; x_wconf 90' lang='lat'><strong>4</strong></span> <span class='ocrx_word' id='word_1_355' title='bbox 2703 1598 2758 1650; x_wconf 87' lang='lat' dir='ltr'><strong>et</strong></span> <span class='ocrx_word' id='word_1_356' title='bbox 2777 1593 2832 1651; x_wconf 83' lang='lat'><strong>5.</strong></span> 
     </span>
    </p>
   </div>
   <div class='ocr_carea' id='block_1_83' title="bbox 2254 1682 3511 1743">
    <p class='ocr_par' dir='ltr' id='par_1_83' title="bbox 2254 1682 3511 1743">
     <span class='ocr_line' id='line_1_83' title="bbox 2254 1682 3511 1743; baseline 0.008 -10"><span class='ocrx_word' id='word_1_357' title='bbox 2254 1691 2318 1734; x_wconf 86' lang='grc' dir='ltr'><strong>ιιι</strong></span> <span class='ocrx_word' id='word_1_358' title='bbox 2498 1682 2772 1739; x_wconf 88' lang='lat' dir='ltr'><strong>Kalendis</strong></span> <span class='ocrx_word' id='word_1_359' title='bbox 2816 1685 3076 1742; x_wconf 89' lang='lat' dir='ltr'><strong>Januarii</strong></span> <span class='ocrx_word' id='word_1_360' title='bbox 3126 1687 3511 1743; x_wconf 85' lang='lat' dir='ltr'><strong>Maximianus</strong></span> 
     </span>
    </p>
   </div>
   <div class='ocr_carea' id='block_1_84' title="bbox 2433 1770 3511 1846">
    <p class='ocr_par' dir='ltr' id='par_1_84' title="bbox 2433 1770 3511 1846">
     <span class='ocr_line' id='line_1_84' title="bbox 2433 1770 3511 1846; baseline 0.007 -21"><span class='ocrx_word' id='word_1_361' title='bbox 2433 1770 2716 1843; x_wconf 87' lang='lat' dir='ltr'><strong>insignem</strong></span> <span class='ocrx_word' id='word_1_362' title='bbox 2780 1774 3079 1831; x_wconf 88' lang='lat' dir='ltr'><strong>victoriam</strong></span> <span class='ocrx_word' id='word_1_363' title='bbox 3140 1782 3395 1846; x_wconf 86' lang='lat' dir='ltr'><strong>reportat</strong></span> <span class='ocrx_word' id='word_1_364' title='bbox 3442 1778 3511 1832; x_wconf 90' lang='lat' dir='ltr'><strong>de</strong></span> 
     </span>
    </p>
   </div>
   <div class='ocr_carea' id='block_1_85' title="bbox 2425 1859 3510 1935">
    <p class='ocr_par' dir='ltr' id='par_1_85' title="bbox 2425 1859 3510 1935">
     <span class='ocr_line' id='line_1_85' title="bbox 2425 1859 3510 1935; baseline 0.006 -21"><span class='ocrx_word' id='word_1_365' title='bbox 2425 1859 2746 1928; x_wconf 87' lang='lat' dir='ltr'><strong>Germanis,</strong></span> <span class='ocrx_word' id='word_1_366' title='bbox 2795 1863 2932 1917; x_wconf 92' lang='lat' dir='ltr'><strong>dum</strong></span> <span class='ocrx_word' id='word_1_367' title='bbox 2973 1878 3107 1920; x_wconf 89' lang='lat' dir='ltr'><strong>suas</strong></span> <span class='ocrx_word' id='word_1_368' title='bbox 3138 1866 3510 1935; x_wconf 87' lang='lat' dir='ltr'><strong>prosequitur</strong></span> 
     </span>
    </p>
   </div>
   <div class='ocr_carea' id='block_1_86' title="bbox 2429 1947 3506 2025">
    <p class='ocr_par' dir='ltr' id='par_1_86' title="bbox 2429 1947 3506 2025">
     <span class='ocr_line' id='line_1_86' title="bbox 2429 1947 3506 2025; baseline 0.008 -23"><span class='ocrx_word' id='word_1_369' title='bbox 2429 1947 2488 2002; x_wconf 93' lang='lat' dir='ltr'><strong>in</strong></span> <span class='ocrx_word' id='word_1_370' title='bbox 2541 1948 2774 2005; x_wconf 86' lang='lat' dir='ltr'><strong>Oriente</strong></span> <span class='ocrx_word' id='word_1_371' title='bbox 2805 1951 3238 2009; x_wconf 88' lang='lat' dir='ltr'><strong>Diocletianus:</strong></span> <span class='ocrx_word' id='word_1_372' title='bbox 3293 1954 3506 2025; x_wconf 88' lang='lat' dir='ltr'><strong>quibus</strong></span> 
     </span>
    </p>
   </div>
   <div class='ocr_carea' id='block_1_87' title="bbox 2425 2036 3510 2113">
    <p class='ocr_par' dir='ltr' id='par_1_87' title="bbox 2425 2036 3510 2113">
     <span class='ocr_line' id='line_1_87' title="bbox 2425 2036 3510 2113; baseline 0.009 -23"><span class='ocrx_word' id='word_1_373' title='bbox 2425 2036 2662 2092; x_wconf 90' lang='lat' dir='ltr'><strong>cuditur</strong></span> <span class='ocrx_word' id='word_1_374' title='bbox 2703 2038 3080 2108; x_wconf 87' lang='lat' dir='ltr'><strong>triumphalis</strong></span> <span class='ocrx_word' id='word_1_375' title='bbox 3105 2054 3393 2113; x_wconf 86' lang='lat' dir='ltr'><strong>nummus,</strong></span> <span class='ocrx_word' id='word_1_376' title='bbox 3421 2057 3510 2100; x_wconf 84' lang='lat' dir='ltr'><strong>ex-</strong></span> 
     </span>
    </p>
   </div>
   <div class='ocr_carea' id='block_1_88' title="bbox 2423 2123 3512 2194">
    <p class='ocr_par' dir='ltr' id='par_1_88' title="bbox 2423 2123 3512 2194">
     <span class='ocr_line' id='line_1_88' title="bbox 2423 2123 3512 2194; baseline 0.01 -16"><span class='ocrx_word' id='word_1_377' title='bbox 2423 2123 2674 2194; x_wconf 90' lang='lat' dir='ltr'><strong>plicatus</strong></span> <span class='ocrx_word' id='word_1_378' title='bbox 2702 2126 3100 2186; x_wconf 87' lang='lat' dir='ltr'><strong>eruditissime</strong></span> <span class='ocrx_word' id='word_1_379' title='bbox 3127 2141 3162 2186; x_wconf 89' lang='lat' dir='ltr'><strong>a</strong></span> <span class='ocrx_word' id='word_1_380' title='bbox 3204 2130 3359 2188; x_wconf 89' lang='lat' dir='ltr'><strong>card.</strong></span> <span class='ocrx_word' id='word_1_381' title='bbox 3389 2132 3512 2188; x_wconf 91' lang='lat' dir='ltr'><strong>No-</strong></span> 
     </span>
    </p>
   </div>
   <div class='ocr_carea' id='block_1_89' title="bbox 2423 2209 3044 2284">
    <p class='ocr_par' dir='ltr' id='par_1_89' title="bbox 2423 2209 3044 2284">
     <span class='ocr_line' id='line_1_89' title="bbox 2423 2209 3044 2284; baseline 0.005 -16"><span class='ocrx_word' id='word_1_382' title='bbox 2423 2209 2527 2284; x_wconf 83' lang='lat' dir='ltr'><strong>ris,</strong></span> <span class='ocrx_word' id='word_1_383' title='bbox 2560 2226 2629 2269; x_wconf 82' lang='lat' dir='ltr'><strong>ex</strong></span> <span class='ocrx_word' id='word_1_384' title='bbox 2669 2212 2818 2273; x_wconf 87' lang='lat' dir='ltr'><strong>Gaza</strong></span> <span class='ocrx_word' id='word_1_385' title='bbox 2841 2215 3044 2274; x_wconf 85' lang='lat' dir='ltr'><strong>Medic.</strong></span> 
     </span>
    </p>
   </div>
   <div class='ocr_carea' id='block_1_90' title="bbox 3600 1596 3710 1655">
    <p class='ocr_par' dir='ltr' id='par_1_90' title="bbox 3600 1596 3710 1655">
     <span class='ocr_line' id='line_1_90' title="bbox 3600 1596 3710 1655; baseline 0 0"><span class='ocrx_word' id='word_1_386' title='bbox 3600 1596 3710 1655; x_wconf 82' lang='lat'><strong>287</strong></span> 
     </span>
    </p>
   </div>
   <div class='ocr_carea' id='block_1_91' title="bbox 2242 2919 3704 2984">
    <p class='ocr_par' dir='ltr' id='par_1_91' title="bbox 2242 2919 3704 2984">
     <span class='ocr_line' id='line_1_91' title="bbox 2242 2919 3704 2984; baseline 0.013 -15"><span class='ocrx_word' id='word_1_387' title='bbox 2242 2931 2306 2971; x_wconf 83' lang='lat' dir='ltr'><strong>1n</strong></span> <span class='ocrx_word' id='word_1_388' title='bbox 2492 2919 2612 2975; x_wconf 91' lang='lat' dir='ltr'><strong>Caii</strong></span> <span class='ocrx_word' id='word_1_389' title='bbox 2640 2919 2676 2978; x_wconf 91' lang='grc'><strong>5</strong></span> <span class='ocrx_word' id='word_1_390' title='bbox 2703 2925 2759 2977; x_wconf 89' lang='lat' dir='ltr'><strong>et</strong></span> <span class='ocrx_word' id='word_1_391' title='bbox 2786 2921 2840 2978; x_wconf 90' lang='lat'><strong>6.</strong></span> <span class='ocrx_word' id='word_1_392' title='bbox 3590 2925 3704 2984; x_wconf 80' lang='lat'><strong>288</strong></span> 
     </span>
    </p>
   </div>
   <div class='ocr_carea' id='block_1_92' title="bbox 2242 3009 3716 3086">
    <p class='ocr_par' dir='ltr' id='par_1_92' title="bbox 2242 3009 3716 3086">
     <span class='ocr_line' id='line_1_92' title="bbox 2242 3009 3716 3086; baseline 0.009 -27"><span class='ocrx_word' id='word_1_393' title='bbox 2242 3019 2316 3060; x_wconf 84' lang='lat' dir='ltr'><strong>IV.</strong></span> <span class='ocrx_word' id='word_1_394' title='bbox 2500 3009 2776 3081; x_wconf 68' lang='lat' dir='ltr'><strong>Egyptus</strong></span> <span class='ocrx_word' id='word_1_395' title='bbox 2799 3013 2869 3068; x_wconf 90' lang='lat' dir='ltr'><strong>ad</strong></span> <span class='ocrx_word' id='word_1_396' title='bbox 2907 3011 3228 3069; x_wconf 86' lang='lat' dir='ltr'><strong>Achilleum</strong></span> <span class='ocrx_word' id='word_1_397' title='bbox 3276 3014 3489 3086; x_wconf 80' lang='lat' dir='ltr'><strong>deﬁcit,</strong></span> <span class='ocrx_word' id='word_1_398' title='bbox 3568 3017 3716 3072; x_wconf 86' lang='lat' dir='ltr'><strong>Biss.</strong></span> 
     </span>
    </p>
   </div>
   <div class='ocr_carea' id='block_1_93' title="bbox 2415 3097 3496 3173">
    <p class='ocr_par' dir='ltr' id='par_1_93' title="bbox 2415 3097 3496 3173">
     <span class='ocr_line' id='line_1_93' title="bbox 2415 3097 3496 3173; baseline 0.007 -22"><span class='ocrx_word' id='word_1_399' title='bbox 2415 3097 2516 3166; x_wconf 92' lang='lat' dir='ltr'><strong>qui</strong></span> <span class='ocrx_word' id='word_1_400' title='bbox 2551 3113 2862 3169; x_wconf 86' lang='lat' dir='ltr'><strong>purpuram</strong></span> <span class='ocrx_word' id='word_1_401' title='bbox 2892 3100 2972 3156; x_wconf 91' lang='lat' dir='ltr'><strong>ibi</strong></span> <span class='ocrx_word' id='word_1_402' title='bbox 3003 3103 3268 3173; x_wconf 84' lang='lat' dir='ltr'><strong>assumit,</strong></span> <span class='ocrx_word' id='word_1_403' title='bbox 3303 3103 3496 3159; x_wconf 86' lang='lat' dir='ltr'><strong>rabel-</strong></span> 
     </span>
    </p>
   </div>
   <div class='ocr_carea' id='block_1_94' title="bbox 2413 3185 3498 3263">
    <p class='ocr_par' dir='ltr' id='par_1_94' title="bbox 2413 3185 3498 3263">
     <span class='ocr_line' id='line_1_94' title="bbox 2413 3185 3498 3263; baseline 0.006 -22"><span class='ocrx_word' id='word_1_404' title='bbox 2413 3185 2671 3244; x_wconf 90' lang='lat' dir='ltr'><strong>lantibus</strong></span> <span class='ocrx_word' id='word_1_405' title='bbox 2715 3191 2886 3245; x_wconf 88' lang='lat' dir='ltr'><strong>etiam</strong></span> <span class='ocrx_word' id='word_1_406' title='bbox 2939 3191 3498 3263; x_wconf 74' lang='lat' dir='ltr'><strong>Quinquegentianis</strong></span> 
     </span>
    </p>
   </div>
   <div class='ocr_carea' id='block_1_95' title="bbox 2413 3275 3492 3348">
    <p class='ocr_par' dir='ltr' id='par_1_95' title="bbox 2413 3275 3492 3348">
     <span class='ocr_line' id='line_1_95' title="bbox 2413 3275 3492 3348; baseline 0.008 -19"><span class='ocrx_word' id='word_1_407' title='bbox 2413 3275 2471 3330; x_wconf 91' lang='lat' dir='ltr'><strong>in</strong></span> <span class='ocrx_word' id='word_1_408' title='bbox 2522 3276 2716 3333; x_wconf 84' lang='lat' dir='ltr'><strong>Africa</strong></span> <span class='ocrx_word' id='word_1_409' title='bbox 2759 3293 2931 3348; x_wconf 89' lang='lat' dir='ltr'><strong>prope</strong></span> <span class='ocrx_word' id='word_1_410' title='bbox 2959 3283 3229 3347; x_wconf 91' lang='lat' dir='ltr'><strong>Cyrenen.</strong></span> <span class='ocrx_word' id='word_1_411' title='bbox 3261 3283 3342 3337; x_wconf 79' lang='lat' dir='ltr'><strong>Ex</strong></span> <span class='ocrx_word' id='word_1_412' title='bbox 3371 3282 3492 3338; x_wconf 80' lang='lat' dir='ltr'><strong>Eu-</strong></span> 
     </span>
    </p>
   </div>
   <div class='ocr_carea' id='block_1_96' title="bbox 2409 3363 3490 3427">
    <p class='ocr_par' dir='ltr' id='par_1_96' title="bbox 2409 3363 3490 3427">
     <span class='ocr_line' id='line_1_96' title="bbox 2409 3363 3490 3427; baseline 0.006 -9"><span class='ocrx_word' id='word_1_413' title='bbox 2409 3363 2572 3420; x_wconf 89' lang='lat' dir='ltr'><strong>sebio</strong></span> <span class='ocrx_word' id='word_1_414' title='bbox 2619 3367 2689 3421; x_wconf 89' lang='lat' dir='ltr'><strong>ad</strong></span> <span class='ocrx_word' id='word_1_415' title='bbox 2721 3365 2873 3423; x_wconf 89' lang='lat' dir='ltr'><strong>hunc</strong></span> <span class='ocrx_word' id='word_1_416' title='bbox 2892 3380 3106 3425; x_wconf 91' lang='lat' dir='ltr'><strong>annum</strong></span> <span class='ocrx_word' id='word_1_417' title='bbox 3136 3370 3406 3427; x_wconf 87' lang='lat' dir='ltr'><strong>retulisse</strong></span> <span class='ocrx_word' id='word_1_418' title='bbox 3427 3384 3490 3426; x_wconf 90' lang='lat' dir='ltr'><strong>se</strong></span> 
     </span>
    </p>
   </div>
   <div class='ocr_carea' id='block_1_97' title="bbox 2410 3453 3492 3515">
    <p class='ocr_par' dir='ltr' id='par_1_97' title="bbox 2410 3453 3492 3515">
     <span class='ocr_line' id='line_1_97' title="bbox 2410 3453 3492 3515; baseline 0.008 -9"><span class='ocrx_word' id='word_1_419' title='bbox 2410 3453 2620 3510; x_wconf 88' lang='lat' dir='ltr'><strong>scribit</strong></span> <span class='ocrx_word' id='word_1_420' title='bbox 2645 3454 2950 3513; x_wconf 88' lang='lat' dir='ltr'><strong>Calvisius.</strong></span> <span class='ocrx_word' id='word_1_421' title='bbox 2976 3458 3082 3514; x_wconf 90' lang='lat' dir='ltr'><strong>Sed</strong></span> <span class='ocrx_word' id='word_1_422' title='bbox 3111 3459 3396 3515; x_wconf 85' lang='lat' dir='ltr'><strong>Eusebius</strong></span> <span class='ocrx_word' id='word_1_423' title='bbox 3421 3460 3492 3514; x_wconf 88' lang='lat' dir='ltr'><strong>ad</strong></span> 
     </span>
    </p>
   </div>
   <div class='ocr_carea' id='block_1_98' title="bbox 2408 3543 3496 3616">
    <p class='ocr_par' dir='ltr' id='par_1_98' title="bbox 2408 3543 3496 3616">
     <span class='ocr_line' id='line_1_98' title="bbox 2408 3543 3496 3616; baseline 0.007 -20"><span class='ocrx_word' id='word_1_424' title='bbox 2408 3553 2623 3598; x_wconf 90' lang='lat' dir='ltr'><strong>annum</strong></span> <span class='ocrx_word' id='word_1_425' title='bbox 2666 3543 2888 3616; x_wconf 86' lang='lat' dir='ltr'><strong>Olymp.</strong></span> <span class='ocrx_word' id='word_1_426' title='bbox 2919 3544 3042 3616; x_wconf 87' lang='grc'><strong>459,</strong></span> <span class='ocrx_word' id='word_1_427' title='bbox 3073 3554 3131 3603; x_wconf 91' lang='lat' dir='ltr'><strong>et</strong></span> <span class='ocrx_word' id='word_1_428' title='bbox 3167 3549 3236 3604; x_wconf 89' lang='lat' dir='ltr'><strong>ad</strong></span> <span class='ocrx_word' id='word_1_429' title='bbox 3261 3548 3496 3604; x_wconf 75' lang='lat' dir='ltr'><strong>Diocle—</strong></span> 
     </span>
    </p>
   </div>
   <div class='ocr_carea' id='block_1_99' title="bbox 2411 3630 3494 3710">
    <p class='ocr_par' dir='ltr' id='par_1_99' title="bbox 2411 3630 3494 3710">
     <span class='ocr_line' id='line_1_99' title="bbox 2411 3630 3494 3710; baseline 0.01 -26"><span class='ocrx_word' id='word_1_430' title='bbox 2411 3630 2555 3686; x_wconf 91' lang='lat' dir='ltr'><strong>tiani</strong></span> <span class='ocrx_word' id='word_1_431' title='bbox 2590 3630 2674 3701; x_wconf 91' lang='lat'><strong>43,</strong></span> <span class='ocrx_word' id='word_1_432' title='bbox 2712 3633 2817 3690; x_wconf 91' lang='lat' dir='ltr'><strong>hoc</strong></span> <span class='ocrx_word' id='word_1_433' title='bbox 2850 3636 3086 3692; x_wconf 89' lang='lat' dir='ltr'><strong>retulit:</strong></span> <span class='ocrx_word' id='word_1_434' title='bbox 3125 3651 3369 3710; x_wconf 90' lang='lat' dir='ltr'><strong>eumque</strong></span> <span class='ocrx_word' id='word_1_435' title='bbox 3396 3651 3494 3694; x_wconf 88' lang='lat' dir='ltr'><strong>se-</strong></span> 
     </span>
    </p>
   </div>
   <div class='ocr_carea' id='block_1_100' title="bbox 2408 3720 3490 3797">
    <p class='ocr_par' dir='ltr' id='par_1_100' title="bbox 2408 3720 3490 3797">
     <span class='ocr_line' id='line_1_100' title="bbox 2408 3720 3490 3797; baseline 0.01 -23"><span class='ocrx_word' id='word_1_436' title='bbox 2408 3720 2529 3775; x_wconf 91' lang='lat' dir='ltr'><strong>cuti</strong></span> <span class='ocrx_word' id='word_1_437' title='bbox 2558 3722 2822 3779; x_wconf 89' lang='lat' dir='ltr'><strong>Petavius</strong></span> <span class='ocrx_word' id='word_1_438' title='bbox 2840 3728 2897 3779; x_wconf 89' lang='lat' dir='ltr'><strong>et</strong></span> <span class='ocrx_word' id='word_1_439' title='bbox 2922 3724 3133 3797; x_wconf 87' lang='lat' dir='ltr'><strong>Pagius</strong></span> <span class='ocrx_word' id='word_1_440' title='bbox 3161 3727 3230 3783; x_wconf 90' lang='lat' dir='ltr'><strong>ad</strong></span> <span class='ocrx_word' id='word_1_441' title='bbox 3259 3740 3350 3784; x_wconf 91' lang='lat' dir='ltr'><strong>an.</strong></span> <span class='ocrx_word' id='word_1_442' title='bbox 3382 3724 3490 3784; x_wconf 91' lang='lat'><strong>290</strong></span> 
     </span>
    </p>
   </div>
   <div class='ocr_carea' id='block_1_101' title="bbox 2407 3806 2987 3870">
    <p class='ocr_par' dir='ltr' id='par_1_101' title="bbox 2407 3806 2987 3870">
     <span class='ocr_line' id='line_1_101' title="bbox 2407 3806 2987 3870; baseline 0.009 -6"><span class='ocrx_word' id='word_1_443' title='bbox 2407 3814 2464 3864; x_wconf 90' lang='lat' dir='ltr'><strong>et</strong></span> <span class='ocrx_word' id='word_1_444' title='bbox 2489 3806 2614 3867; x_wconf 90' lang='lat'><strong>296.</strong></span> <span class='ocrx_word' id='word_1_445' title='bbox 2645 3811 2786 3868; x_wconf 88' lang='lat' dir='ltr'><strong>Vide</strong></span> <span class='ocrx_word' id='word_1_446' title='bbox 2817 3811 2987 3870; x_wconf 78' lang='lat' dir='ltr'><strong>intra.</strong></span> 
     </span>
    </p>
   </div>
   <div class='ocr_carea' id='block_1_102' title="bbox 2478 4209 2824 4270">
    <p class='ocr_par' dir='ltr' id='par_1_102' title="bbox 2478 4209 2824 4270">
     <span class='ocr_line' id='line_1_102' title="bbox 2478 4209 2824 4270; baseline 0.012 -6"><span class='ocrx_word' id='word_1_447' title='bbox 2478 4210 2600 4266; x_wconf 91' lang='lat' dir='ltr'><strong>Caii</strong></span> <span class='ocrx_word' id='word_1_448' title='bbox 2629 4209 2664 4266; x_wconf 91' lang='lat'><strong>6</strong></span> <span class='ocrx_word' id='word_1_449' title='bbox 2687 4217 2743 4269; x_wconf 92' lang='lat' dir='ltr'><strong>et</strong></span> <span class='ocrx_word' id='word_1_450' title='bbox 2769 4210 2824 4270; x_wconf 87' lang='grc'><strong>7.</strong></span> 
     </span>
    </p>
   </div>
   <div class='ocr_carea' id='block_1_103' title="bbox 2477 4299 3485 4365">
    <p class='ocr_par' dir='ltr' id='par_1_103' title="bbox 2477 4299 3485 4365">
     <span class='ocr_line' id='line_1_103' title="bbox 2477 4299 3485 4365; baseline 0.008 -11"><span class='ocrx_word' id='word_1_451' title='bbox 2477 4299 2854 4360; x_wconf 88' lang='lat' dir='ltr'><strong>Cassiodorus</strong></span> <span class='ocrx_word' id='word_1_452' title='bbox 2879 4306 2989 4362; x_wconf 91' lang='lat' dir='ltr'><strong>sub</strong></span> <span class='ocrx_word' id='word_1_453' title='bbox 3026 4307 3117 4364; x_wconf 91' lang='lat' dir='ltr'><strong>his</strong></span> <span class='ocrx_word' id='word_1_454' title='bbox 3141 4308 3298 4365; x_wconf 91' lang='lat' dir='ltr'><strong>Coss.</strong></span> <span class='ocrx_word' id='word_1_455' title='bbox 3331 4308 3485 4364; x_wconf 89' lang='lat' dir='ltr'><strong>scri-</strong></span> 
     </span>
    </p>
   </div>
   <div class='ocr_carea' id='block_1_104' title="bbox 3568 4216 3681 4276">
    <p class='ocr_par' dir='ltr' id='par_1_104' title="bbox 3568 4216 3681 4276">
     <span class='ocr_line' id='line_1_104' title="bbox 3568 4216 3681 4276; baseline 0.018 -2"><span class='ocrx_word' id='word_1_456' title='bbox 3568 4216 3681 4276; x_wconf 79' lang='lat'><strong>289</strong></span> 
     </span>
    </p>
   </div>
   <div class='ocr_carea' id='block_1_105' title="bbox 2239 4387 3485 4469">
    <p class='ocr_par' dir='ltr' id='par_1_105' title="bbox 2239 4387 3485 4469">
     <span class='ocr_line' id='line_1_105' title="bbox 2239 4387 3485 4469; baseline 0.012 -30"><span class='ocrx_word' id='word_1_457' title='bbox 2239 4399 2292 4440; x_wconf 76' lang='grc' dir='ltr'><strong><em>ιν</em></strong></span> <span class='ocrx_word' id='word_1_458' title='bbox 2397 4387 2506 4459; x_wconf 91' lang='lat' dir='ltr'><strong>bit,</strong></span> <span class='ocrx_word' id='word_1_459' title='bbox 2565 4389 2624 4445; x_wconf 90' lang='lat' dir='ltr'><strong>in</strong></span> <span class='ocrx_word' id='word_1_460' title='bbox 2655 4397 3010 4450; x_wconf 89' lang='lat' dir='ltr'><strong>consortium</strong></span> <span class='ocrx_word' id='word_1_461' title='bbox 3062 4398 3221 4469; x_wconf 89' lang='lat' dir='ltr'><strong>regni</strong></span> <span class='ocrx_word' id='word_1_462' title='bbox 3252 4411 3485 4453; x_wconf 89' lang='lat' dir='ltr'><strong>assum—</strong></span> 
     </span>
    </p>
   </div>
   <div class='ocr_carea' id='block_1_106' title="bbox 2150 4471 3484 4547">
    <p class='ocr_par' dir='ltr' id='par_1_106' title="bbox 2150 4471 3484 4547">
     <span class='ocr_line' id='line_1_106' title="bbox 2150 4471 3484 4547; baseline 0.007 -18"><span class='ocrx_word' id='word_1_463' title='bbox 2150 4479 2202 4529; x_wconf 85' lang='lat' dir='ltr'><strong>et</strong></span> <span class='ocrx_word' id='word_1_464' title='bbox 2248 4471 2355 4531; x_wconf 88' lang='lat'><strong>267</strong></span> <span class='ocrx_word' id='word_1_465' title='bbox 2394 4483 2553 4547; x_wconf 91' lang='lat' dir='ltr'><strong>ptum</strong></span> <span class='ocrx_word' id='word_1_466' title='bbox 2597 4479 2782 4539; x_wconf 87' lang='lat' dir='ltr'><strong>fuisse</strong></span> <span class='ocrx_word' id='word_1_467' title='bbox 2837 4497 2869 4540; x_wconf 93' lang='lat' dir='ltr'><strong>a</strong></span> <span class='ocrx_word' id='word_1_468' title='bbox 2908 4485 3265 4542; x_wconf 89' lang='lat' dir='ltr'><strong>Diocletiano</strong></span> <span class='ocrx_word' id='word_1_469' title='bbox 3294 4485 3484 4542; x_wconf 83' lang='lat' dir='ltr'><strong>Maxi-</strong></span> 
     </span>
    </p>
   </div>
   <div class='ocr_carea' id='block_1_107' title="bbox 2247 4567 3480 4647">
    <p class='ocr_par' dir='ltr' id='par_1_107' title="bbox 2247 4567 3480 4647">
     <span class='ocr_line' id='line_1_107' title="bbox 2247 4567 3480 4647; baseline 0.011 -30"><span class='ocrx_word' id='word_1_470' title='bbox 2247 4576 2264 4617; x_wconf 92' lang='grc' dir='ltr'><strong>ι</strong></span> <span class='ocrx_word' id='word_1_471' title='bbox 2399 4567 2674 4625; x_wconf 90' lang='lat' dir='ltr'><strong>mianum.</strong></span> <span class='ocrx_word' id='word_1_472' title='bbox 2703 4573 2809 4628; x_wconf 91' lang='lat' dir='ltr'><strong>Sed</strong></span> <span class='ocrx_word' id='word_1_473' title='bbox 2835 4581 3197 4630; x_wconf 89' lang='lat' dir='ltr'><strong>monumenta</strong></span> <span class='ocrx_word' id='word_1_474' title='bbox 3229 4575 3480 4647; x_wconf 85' lang='lat' dir='ltr'><strong>genuina</strong></span> 
     </span>
    </p>
   </div>
   <div class='ocr_carea' id='block_1_108' title="bbox 2403 4655 3484 4728">
    <p class='ocr_par' dir='ltr' id='par_1_108' title="bbox 2403 4655 3484 4728">
     <span class='ocr_line' id='line_1_108' title="bbox 2403 4655 3484 4728; baseline 0.009 -19"><span class='ocrx_word' id='word_1_475' title='bbox 2403 4655 2671 4728; x_wconf 90' lang='lat' dir='ltr'><strong>inscripti</strong></span> <span class='ocrx_word' id='word_1_476' title='bbox 2715 4674 2850 4717; x_wconf 91' lang='lat' dir='ltr'><strong>num</strong></span> <span class='ocrx_word' id='word_1_477' title='bbox 2885 4667 2941 4717; x_wconf 92' lang='lat' dir='ltr'><strong>et</strong></span> <span class='ocrx_word' id='word_1_478' title='bbox 2987 4675 3352 4720; x_wconf 90' lang='lat' dir='ltr'><strong>nummorum</strong></span> <span class='ocrx_word' id='word_1_479' title='bbox 3379 4677 3484 4719; x_wconf 89' lang='lat' dir='ltr'><strong>os-</strong></span> 
     </span>
    </p>
   </div>
   <div class='ocr_carea' id='block_1_109' title="bbox 2401 4746 3484 4809">
    <p class='ocr_par' dir='ltr' id='par_1_109' title="bbox 2401 4746 3484 4809">
     <span class='ocr_line' id='line_1_109' title="bbox 2401 4746 3484 4809; baseline 0.007 -11"><span class='ocrx_word' id='word_1_480' title='bbox 2401 4746 2641 4802; x_wconf 89' lang='lat' dir='ltr'><strong>tendunt</strong></span> <span class='ocrx_word' id='word_1_481' title='bbox 2691 4749 2942 4806; x_wconf 90' lang='lat' dir='ltr'><strong>triennio</strong></span> <span class='ocrx_word' id='word_1_482' title='bbox 2999 4757 3130 4808; x_wconf 90' lang='lat' dir='ltr'><strong>ante</strong></span> <span class='ocrx_word' id='word_1_483' title='bbox 3187 4752 3244 4808; x_wconf 90' lang='lat' dir='ltr'><strong>id</strong></span> <span class='ocrx_word' id='word_1_484' title='bbox 3287 4752 3484 4809; x_wconf 90' lang='lat' dir='ltr'><strong>conti-</strong></span> 
     </span>
    </p>
   </div>
   <div class='ocr_carea' id='block_1_110' title="bbox 2374 4833 2958 4909">
    <p class='ocr_par' dir='ltr' id='par_1_110' title="bbox 2374 4833 2958 4909">
     <span class='ocr_line' id='line_1_110' title="bbox 2374 4833 2958 4909; baseline 0.009 -20"><span class='ocrx_word' id='word_1_485' title='bbox 2374 4833 2548 4903; x_wconf 79' lang='lat' dir='ltr'><strong>gisse</strong></span> <span class='ocrx_word' id='word_1_486' title='bbox 2595 4836 2737 4891; x_wconf 83' lang='lat' dir='ltr'><strong>Vide</strong></span> <span class='ocrx_word' id='word_1_487' title='bbox 2762 4853 2958 4909; x_wconf 85' lang='lat' dir='ltr'><strong>supra.</strong></span> 
     </span>
    </p>
   </div>
   <div class='ocr_carea' id='block_1_111' title="bbox 2241 4921 2796 4980">
    <p class='ocr_par' dir='ltr' id='par_1_111' title="bbox 2241 4921 2796 4980">
     <span class='ocr_line' id='line_1_111' title="bbox 2241 4921 2796 4980; baseline 0.016 -9"><span class='ocrx_word' id='word_1_488' title='bbox 2241 4933 2262 4971; x_wconf 86' lang='lat'>1</span> <span class='ocrx_word' id='word_1_489' title='bbox 2461 4923 2580 4978; x_wconf 91' lang='lat' dir='ltr'><strong>Caii</strong></span> <span class='ocrx_word' id='word_1_490' title='bbox 2614 4921 2648 4978; x_wconf 86' lang='lat'>7</span> <span class='ocrx_word' id='word_1_491' title='bbox 2672 4931 2727 4980; x_wconf 89' lang='lat' dir='ltr'><strong>et</strong></span> <span class='ocrx_word' id='word_1_492' title='bbox 2745 4924 2796 4980; x_wconf 90' lang='lat'><strong>8.</strong></span> 
     </span>
    </p>
   </div>
   <div class='ocr_carea' id='block_1_112' title="bbox 2247 5012 3480 5100">
    <p class='ocr_par' dir='ltr' id='par_1_112' title="bbox 2247 5012 3480 5100">
     <span class='ocr_line' id='line_1_112' title="bbox 2247 5012 3480 5100; baseline 0.014 -38"><span class='ocrx_word' id='word_1_493' title='bbox 2247 5019 2286 5064; x_wconf 85' lang='grc' dir='ltr'><strong>ιι</strong></span> <span class='ocrx_word' id='word_1_494' title='bbox 2465 5012 2812 5072; x_wconf 84' lang='lat' dir='ltr'><strong>Alexandria</strong></span> <span class='ocrx_word' id='word_1_495' title='bbox 2857 5018 2913 5072; x_wconf 94' lang='lat' dir='ltr'><strong>h.</strong></span> <span class='ocrx_word' id='word_1_496' title='bbox 2962 5033 3015 5075; x_wconf 91' lang='lat' dir='ltr'><strong>a.</strong></span> <span class='ocrx_word' id='word_1_497' title='bbox 3086 5021 3171 5077; x_wconf 91' lang='lat' dir='ltr'><strong>vel</strong></span> <span class='ocrx_word' id='word_1_498' title='bbox 3223 5022 3480 5100; x_wconf 84' lang='lat' dir='ltr'><strong>proxime</strong></span> 
     </span>
    </p>
   </div>
   <div class='ocr_carea' id='block_1_113' title="bbox 2389 5105 3478 5173">
    <p class='ocr_par' dir='ltr' id='par_1_113' title="bbox 2389 5105 3478 5173">
     <span class='ocr_line' id='line_1_113' title="bbox 2389 5105 3478 5173; baseline 0.015 -19"><span class='ocrx_word' id='word_1_499' title='bbox 2389 5105 2758 5173; x_wconf 89' lang='lat' dir='ltr'><strong>consequenti</strong></span> <span class='ocrx_word' id='word_1_500' title='bbox 2807 5107 2876 5162; x_wconf 89' lang='lat' dir='ltr'><strong>ad</strong></span> <span class='ocrx_word' id='word_1_501' title='bbox 2926 5107 3250 5167; x_wconf 89' lang='lat' dir='ltr'><strong>Achilleum</strong></span> <span class='ocrx_word' id='word_1_502' title='bbox 3280 5113 3478 5170; x_wconf 88' lang='lat' dir='ltr'><strong>desci—</strong></span> 
     </span>
    </p>
   </div>
   <div class='ocr_carea' id='block_1_114' title="bbox 2387 5189 3471 5269">
    <p class='ocr_par' dir='ltr' id='par_1_114' title="bbox 2387 5189 3471 5269">
     <span class='ocr_line' id='line_1_114' title="bbox 2387 5189 3471 5269; baseline 0.014 -26"><span class='ocrx_word' id='word_1_503' title='bbox 2387 5189 2486 5243; x_wconf 91' lang='lat' dir='ltr'><strong>vit.</strong></span> <span class='ocrx_word' id='word_1_504' title='bbox 2514 5190 2593 5244; x_wconf 80' lang='lat' dir='ltr'><strong>Ex</strong></span> <span class='ocrx_word' id='word_1_505' title='bbox 2620 5193 2868 5252; x_wconf 90' lang='lat' dir='ltr'><strong>Eusebio</strong></span> <span class='ocrx_word' id='word_1_506' title='bbox 2894 5196 3103 5269; x_wconf 86' lang='lat' dir='ltr'><strong>Pagius</strong></span> <span class='ocrx_word' id='word_1_507' title='bbox 3135 5200 3204 5256; x_wconf 89' lang='lat' dir='ltr'><strong>ad</strong></span> <span class='ocrx_word' id='word_1_508' title='bbox 3227 5214 3318 5256; x_wconf 91' lang='lat' dir='ltr'><strong>an.</strong></span> <span class='ocrx_word' id='word_1_509' title='bbox 3343 5199 3471 5268; x_wconf 81' lang='lat'><strong>296,</strong></span> 
     </span>
    </p>
   </div>
   <div class='ocr_carea' id='block_1_115' title="bbox 2385 5279 3472 5354">
    <p class='ocr_par' dir='ltr' id='par_1_115' title="bbox 2385 5279 3472 5354">
     <span class='ocr_line' id='line_1_115' title="bbox 2385 5279 3472 5354; baseline 0.014 -21"><span class='ocrx_word' id='word_1_510' title='bbox 2385 5290 2541 5336; x_wconf 88' lang='lat' dir='ltr'><strong>num.</strong></span> <span class='ocrx_word' id='word_1_511' title='bbox 2596 5279 2648 5351; x_wconf 91' lang='lat'><strong>6,</strong></span> <span class='ocrx_word' id='word_1_512' title='bbox 2680 5282 2736 5338; x_wconf 92' lang='lat' dir='ltr'><strong>id</strong></span> <span class='ocrx_word' id='word_1_513' title='bbox 2791 5284 2990 5354; x_wconf 87' lang='lat' dir='ltr'><strong>probat</strong></span> <span class='ocrx_word' id='word_1_514' title='bbox 3037 5300 3106 5344; x_wconf 85' lang='lat' dir='ltr'><strong>ex</strong></span> <span class='ocrx_word' id='word_1_515' title='bbox 3136 5291 3393 5347; x_wconf 88' lang='lat' dir='ltr'><strong>nummis</strong></span> <span class='ocrx_word' id='word_1_516' title='bbox 3414 5297 3472 5347; x_wconf 90' lang='lat' dir='ltr'><strong>et</strong></span> 
     </span>
    </p>
   </div>
   <div class='ocr_carea' id='block_1_116' title="bbox 3549 4930 3665 4992">
    <p class='ocr_par' dir='ltr' id='par_1_116' title="bbox 3549 4930 3665 4992">
     <span class='ocr_line' id='line_1_116' title="bbox 3549 4930 3665 4992; baseline 0 0"><span class='ocrx_word' id='word_1_517' title='bbox 3549 4930 3665 4992; x_wconf 87' lang='lat'><strong>290</strong></span> 
     </span>
    </p>
   </div>
  </div>
