3946 6146
389 273 494 332 587

461 475 564 528 Pe-r

461 543 572 598 Jul.

395 618 444 670 et
473 614 629 682 cycli.

465 699 603 778 ΘΒ

471 1426 614 1486 5008

469 1514 626 1589 24,44

481 3032 623 3092 5009

471 3121 639 3194 25,42

448 3213 613 3298 .FD

503 4751 645 4812 5040

541 4935 580 4992 ϐ

1175 269 1268 325 AD
1319 263 1749 325 ANASTASIUM
1796 259 2305 320 PROLEGOMENA
2352 259 2525 318 EDIT.
2572 253 3000 314 ROM.—VATIC.

455 401 609 455 Anni
658 399 1035 470 Imperatores,
1080 393 1355 470 Consules,
1399 394 1781 460 Romanorum,
1831 385 1984 470 Anni
2070 387 2126 446 A
2162 385 2345 470 Λᾼηηί
2451 377 3248 470 Clirtstianorum.,1udzorzrt‘m
3272 373 3497 470 ﬁni—
3606 367 3755 470 Λέιυί

812 484 896 524 res
943 472 1103 537 gesta
1140 472 1191 522 et
1235 466 1572 521 documenta.

682 791 742 847 in
773 788 924 845 Villa
964 785 1298 857 Burghesia.
1347 782 1582 840 Reland.
1627 780 1668 836 l.
1705 777 1760 836 6.

679 879 738 934 C.
787 878 858 934 de
922 877 1038 947 jur.
1090 880 1148 931 et
1203 873 1339 930 facti
1390 873 1600 944 ignor.,
1653 874 1760 926 etc.

749 967 1077 1035 Acyndinus
1097 966 1159 1020 P.
1199 966 1262 1020 U.

751 1055 1144 1141 Diocletianus
1205 1052 1478 1108 adversus
1533 1050 1766 1105 Bastar—

683 1157 808 1206 nas,
839 1137 1072 1214 Carpos,
1119 1147 1175 1198 et
1210 1143 1498 1197 Sarmatas
1529 1137 1769 1194 rebelles

682 1234 976 1290 Galerium
1001 1231 1415 1287 Maximianum
1440 1229 1638 1283 mittit.
1671 1227 1768 1280 Pa-

687 1323 820 1394 gius
843 1322 912 1377 ad
940 1321 995 1376 [ι.
1029 1335 1086 1376 a.
1141 1333 1193 1375 ιι.
1227 1316 1278 1389 4,
1311 1332 1379 1373 ex
1421 1317 1624 1373 Ida‘tio.

757 1431 896 1497 Imp.
930 1426 1324 1481 Diocletianus
1352 1423 1496 1494 Aug.
1531 1428 1603 1477 tr.
1653 1425 1765 1490 pot.
1847 1412 1983 1473 4047

757 1513 760 1562 |
792 1522 848 1562 et
876 1513 961 1562 42.
986 1516 1112 1562 Cos-
1142 1528 1196 1562 ν.
1224 1516 1362 1562 Imn.
1388 1527 1441 1562 x.
1472 1512 1612 1562 lmu.
1646 1512 1772 1562 Ma—
1847 1502 1987 1562 4048

703 1513 760 1570 44
792 1522 848 1570 et
876 1513 961 1570 42.
986 1516 1112 1570 Cos.
1142 1528 1196 1567 v.
1221 1516 1362 1582 Imp.
1388 1527 1441 1567 χ.
1472 1512 1612 1579 Imp.
1646 1512 1772 1565 Ma—

688 1605 984 1660 ximianus
1025 1604 1171 1674 Aug.
1216 1609 1288 1658 tr.
1334 1609 1445 1670 pot.
1498 1598 1533 1653 9
1572 1605 1629 1654 et
1685 1595 1766 1653 40.

689 1694 814 1748 Cos.
850 1706 902 1748 IV

908 1821 920 1834 .
945 1821 957 1833 .
986 1821 998 1834 .
1025 1820 1038 1833 .
1069 1780 1307 1835 Tuscus.

906 1893 919 1906 .
947 1893 959 1906 .
988 1892 1036 1906 ..
1065 1850 1379 1906 Anulinus.

760 1941 1003 1998 Boldett.
1025 1941 1094 1996 ad
1117 1942 1346 1995 Coemet.
1371 1952 1421 2008 p.
1438 1933 1528 1992 82.
1543 1934 1774 1991 Gruter.

690 2028 781 2102 27,
807 2031 841 2088 3
869 2039 927 2088 et
949 2029 1040 2101 58,
1083 2028 1133 2085 4.
1170 2028 1406 2085 Reland.
1440 2041 1508 2083 ex
1534 2026 1574 2082 l.
1601 2023 1690 2082 25.
1714 2024 1773 2080 C.

693 2120 873 2176 famil.
909 2119 1259 2188 erciscund.,
1293 2122 1402 2173 etc.

763 2209 1116 2263 Aristobulus
1146 2209 1208 2262 P.
1247 2208 1310 2262 U.

690 1819 849 1874 Coss.

767 2297 1062 2352 Fleetvood
1091 2297 1354 2365 inscript.
1383 2293 1556 2351 refert
1579 2292 1638 2348 in
1664 2290 1780 2362 Syl-

699 2387 824 2457 loge
856 2399 980 2457 pag.
1026 2382 1148 2454 447,
1183 2385 1249 2439 ad
1281 2387 1466 2441 lacum
1497 2387 1783 2439 Constan—

699 2475 813 2547 tite,
846 2475 942 2530 ubi
972 2473 1366 2528 Diocletianus
1389 2469 1532 2544 Aug.
1564 2471 1784 2526 dicitur

697 2568 770 2619 tr.
803 2569 917 2633 pot.
946 2576 1027 2616 ιιι.
1064 2563 1202 2630 lmp.
1238 2575 1272 2615 x
1314 2563 1439 2615 Cos.
1473 2575 1526 2629 v,
1561 2565 1618 2614 et
1660 2559 1784 2611 Ma—

647 2685 649 2688 ‹
694 2654 991 2708 ximianus
1021 2657 1094 2704 tr.
1140 2665 1192 2719 p.
1240 2663 1296 2703 x.
1339 2651 1457 2718 Imp
1495 2661 1620 2702 VIII.
1652 2647 1778 2702 Cos.

693 2754 769 2810 tv,
833 2747 1073 2809 uterque
1122 2741 1283 2794 Pont.
1335 2741 1484 2794 Max.
1537 2737 1778 2792 Sarmat.

695 2831 840 2886 Max.
876 2828 1085 2884 Persio.
1120 2830 1267 2884 Max.

768 3038 906 3105 Imp.
938 3033 1335 3090 Diocletianus
1363 3033 1508 3104 Aug.
1539 3035 1614 3100 tr,
1660 3033 1776 3100 pot.
1858 3021 1996 3083 4048
2095 3040 2145 3105 ρ

705 3121 774 3179 42
819 3129 874 3178 et
923 3121 1009 3178 43.
1054 3123 1178 3178 Cos.
1230 3136 1302 3191 IV,
1355 3135 1392 3176 x
1444 3123 1585 3191 Imp.
1639 3121 1779 3188 Imp.
1859 3113 1996 3173 4049

700 3211 1086 3268 Maximianus
1123 3209 1268 3282 Aug.
1314 3216 1385 3265 tr.
1428 3223 1480 3280 p.
1515 3206 1578 3264 40
1603 3213 1660 3264 et
1692 3205 1778 3262 44.

694 3300 821 3356 Cos.
853 3314 926 3355 1v.

909 3391 1049 3458 Imp.
1081 3387 1482 3443 Diocletianus
1511 3385 1655 3455 Au.
1688 3399 1773 3439 νι.

692 3425 849 3481 COSS'
909 3460 993 3515 Η.
1026 3460 1126 3515 Val
1157 3459 1528 3518 Constantius
1556 3402 1804 3512 Cﬁlorus

696 3567 834 3623 Caes.
863 3580 924 3621 ιι.

768 3654 1062 3710 Fleetvood
1105 3668 1173 3710 ex
1211 3654 1325 3724 lap.
1375 3653 1684 3725 Tingitano
1726 3652 1786 3707 in

699 3742 895 3798 Africa
945 3742 1148 3796 retulit
1199 3743 1304 3797 hos
1345 3742 1501 3797 Coss.
1556 3743 1614 3796 in
1657 3740 1791 3811 Syl—

703 3831 829 3899 loge
876 3844 929 3897 p.
969 3828 1026 3892 8,
1071 3842 1128 3882 ιι.
1169 3826 1222 3881 3.
1256 3829 1494 3883 Reland.
1522 3843 1590 3883 ex
1618 3829 1656 3882 I.
1701 3825 1788 3882 44.

702 3919 769 3972 C.
817 3917 1057 3988 Gregor.
1098 3916 1191 3971 tit.
1232 3916 1437 3972 incert.
1484 3917 1619 3972 add.
1663 3915 1703 3970 l.
1736 3913 1788 3971 3.

704 4009 764 4061 C.
791 4019 995 4062 comm.
1034 4012 1147 4062 utr.
1178 4006 1360 4076 judic.

780 4093 1000 4148 Cassius
1031 4097 1194 4148 Dion.
1232 4097 1294 4148 P.
1335 4096 1395 4149 U.

779 4183 1035 4238 Allectus
1061 4199 1091 4238 a
1119 4183 1457 4239 Constantio
1502 4187 1556 4236 et
1593 4182 1796 4238 Ascle-

711 4270 944 4343 piodoto
969 4272 1110 4327 mari
1133 4278 1398 4342 terraque
1415 4271 1602 4327 victus
1623 4271 1794 4327 inter-

709 4360 1010 4430 fectusque
1051 4365 1155 4417 est.
1201 4362 1280 4416 Ita
1320 4359 1617 4417 Britannia
1666 4365 1793 4431 post

709 4449 1051 4506 decennium
1093 4464 1127 4505 a
1175 4450 1487 4507 rebellione
1530 4449 1795 4506 Carausii

713 4547 956 4610 recepta.
992 4540 1055 4594 V.
1097 4541 1332 4614 Pagium
1374 4540 1444 4596 ad
1489 4554 1622 4596 ann.
1668 4537 1794 4610 296,

714 4642 872 4686 num.
903 4629 956 4686 6.

784 4755 924 4823 Imp.
949 4752 1342 4810 Diocletianus
1360 4752 1506 4824 Aug.
1527 4757 1600 4809 tr.
1626 4768 1680 4824 p.
1708 4749 1794 4824 43,
1872 4747 2010 4807 4049

502 4841 667 4916 26,43
727 4840 811 4900 44.
842 4844 967 4899 Cos.
997 4841 1050 4898 4.
1083 4844 1220 4913 Imp.
1251 4857 1307 4898 x.
1341 4845 1479 4913 Imp.
1507 4841 1798 4898 Maximia-
1872 4837 2010 4896 4050

723 4947 832 4990 nus
879 4936 1023 5004 Aug.
1074 4938 1147 4988 tr.
1196 4947 1250 5003 p.
1304 4929 1388 5004 44,
1435 4930 1522 4988 42.
1565 4932 1693 4987 Cos.
1743 4945 1796 4988 v.

715 5025 855 5093 Imp.
894 5037 948 5078 1x
978 5028 1034 5077 et
1064 5037 1118 5076 ιι.

926 5133 1068 5199 Imp.
1115 5129 1500 5199 Maximianus
1545 5128 1689 5199 Aug.
1743 5143 1794 5183 v.

928 5198 1054 5255 Gal.
1108 5201 1229 5257 Val.
1283 5198 1513 5253 Maxim.
1563 5198 1701 5252 Caes.
1759 5213 1799 5254 II

789 5289 849 5343 L.
878 5285 931 5342 3.
969 5287 1028 5342 C.
1067 5287 1177 5343 sia
1221 5299 1334 5342 non
1382 5289 1624 5356 compet.
1669 5286 1794 5356 jud.

715 5376 929 5434 Reland
945 5415 958 5429 .

783 5467 1044 5524 Eranius
1123 5461 1422 5539 [Panvinio
1496 5463 1796 5541 Afranius]

711 5556 1049 5612 Annibalius
1069 5557 1134 5613 P.
1177 5555 1246 5612 U.

711 5166 868 5221 Coss.

1835 460 1900 513 U.
1931 457 1988 511 C.

1820 533 1946 584 ante
1967 530 2016 581 et

1852 604 1975 669 post

1843 687 2008 744 Palil.

2156 457 2346 527 Olymp

2235 1501 2298 1545 ιιι

2282 3037 2345 3080 ΙΙΙ

2293 3126 2347 3170 IV

2249 4752 2405 4822 Olym

2265 4841 2373 4899 268

2307 4944 2361 4986 IV
2471 4935 2676 4987 etcum
2705 4945 2771 4987 eo
2801 4931 3083 5000 Petavius,
3116 4937 3172 4987 et
3193 4931 3426 5002 Pagius,
3459 4927 3562 5000 qui

2296 5024 2346 5074 et
2463 5025 2519 5076 et
2553 5020 2827 5076 Chronici
2866 5020 3243 5078 Alexandrini
3287 5020 3560 5076 testimo—

2272 5105 2380 5168 269
2466 5109 2626 5165 nium
2657 5110 2838 5166 addit.

2542 5198 2624 5254 Jo.
2679 5200 2882 5258 Malala
2927 5201 2988 5256 in
3038 5214 3143 5258 sua
3189 5201 3562 5270 Chronogra-

2479 5287 2614 5358 phia
2671 5296 2944 5347 memorat
2998 5291 3175 5348 moles
3240 5289 3564 5362 ingentium

2468 5377 3182 5438 aadiﬂciorumAntiochite
3202 5384 3574 5438 constructas

2474 5481 2508 5523 a
2538 5468 2894 5527 Diocletiano
2925 5472 3192 5529 tendente
3246 5471 3314 5527 ad
3338 5469 3563 5526 bellum

2474 5559 2810 5618 Persicum:
2865 5565 2922 5620 et
2973 5577 3040 5620 eo
3096 5562 3247 5621 bello
3277 5560 3568 5633 confecto,

2493 458 2744 508 timorum
2764 450 3135 524 populorum,_
3154 447 3454 524 Pontiﬁces,

2506 529 2691 594 Reges,
2720 519 2806 580 res
2829 519 2990 593 pesta
3021 526 3071 576 et
3098 519 3417 574 documenta

2438 775 2858 833 Diocletianum
2888 784 2949 828 se
2987 766 3216 826 adorari
3249 770 3316 822 ut
3335 765 3518 821 Deum

2433 865 2700 936 iussisse,
2757 866 2812 918 et
2858 872 3107 932 gemmas
3157 857 3218 912 in
3265 853 3519 910 vestibus

2438 951 2952 1021 calceamentisque
2976 945 3336 1012 adhibuisse,
3366 941 3518 1014 quod

2441 1041 2649 1114 Pagius
2714 1039 3015 1097 conﬁrmat
3073 1035 3143 1092 ad
3207 1047 3345 1091 ann.
3391 1029 3516 1104 304,

2442 1146 2542 1188 nu.
2575 1128 2631 1187 3.

2511 1398 2635 1454 Caii
2683 1395 2775 1451 42.
2827 1391 3148 1451 Marcellini
3182 1390 3233 1446 4.

2514 1487 2687 1542 Caius
2714 1483 3049 1554 martyrium
3075 1478 3323 1549 complet
3347 1477 3442 1533 die
3465 1489 3524 1532 χ.

2445 1575 2547 1632 Kal
2592 1576 2752 1646 Maii,
2798 1588 2928 1631 cum
2991 1573 3234 1628 sedisset
3289 1583 3401 1624 ann
3452 1580 3526 1634 vt,

2450 1680 2609 1722 mens
2673 1680 2744 1736 tv,
2817 1664 2943 1719 dies
3002 1675 3124 1717 vm.
3176 1659 3316 1716 Vide
3370 1662 3532 1712 notas

2451 1769 2557 1828 pag
2603 1751 2731 1810 252.
2796 1752 2967 1807 Sedes
3026 1754 3188 1805 vacat
3232 1759 3413 1818 usque
3460 1744 3528 1801 ad

2449 1845 2600 1900 diem
2623 1857 2700 1897 xx
2721 1839 3068 1897 Decembris.

2520 1935 2622 1987 His
2667 1947 2780 1985 coss
2812 1931 3108 1999 Carporum
3137 1940 3268 1997 gens
3307 1928 3364 1980 in
3418 1927 3531 1980 Ro-

2450 2024 2638 2077 mania
2669 2037 2723 2076 se
2754 2020 3006 2075 tradidit.
3043 2018 3187 2073 ldat.
3217 2017 3393 2072 Erant
3427 2028 3533 2085 po-

2455 2111 2578 2182 puli
2625 2109 2792 2179 Carpi
2836 2110 2894 2164 in
2937 2107 3219 2163 Sarmatia
3259 2105 3536 2172 Europam

2455 2199 2606 2255 inter
2644 2200 2940 2268 Carpatem
2989 2202 3255 2263 montem,
3303 2199 3360 2250 et
3405 2193 3539 2248 Vis-

2456 2288 2635 2344 tulam
2703 2287 2963 2344 ﬂuvium.
3023 2285 3164 2341 Vide
3222 2283 3426 2338 Cluver
3484 2285 3541 2336 et

2456 2379 2568 2448 Pag
2596 2379 2665 2433 ad
2711 2377 2768 2444 h.
2811 2390 2862 2431 a.
2909 2385 3285 2431 MARCELLINUS
3323 2371 3542 2427 electus

2457 2479 2754 2523 successor
2791 2465 2915 2520 Caii
2963 2464 3269 2520 ordinatur
3310 2460 3543 2530 episco-

2460 2571 2566 2626 pus
2594 2556 2688 2612 die
2727 2553 3024 2612 Dominica
3059 2551 3129 2608 22
3172 2550 3538 2607 Decembris:

2456 2660 2525 2703 ex
2577 2661 2692 2717 quo
2733 2653 2986 2715 tempore
3030 2643 3188 2699 sedet
3247 2654 3358 2696 ann
3410 2654 3538 2709 vm,

2460 2751 2617 2792 mens
2663 2750 2723 2806 ιι,
2763 2736 2889 2791 dies
2929 2747 3061 2803 xxv,
3108 2746 3288 2802 usque
3324 2731 3393 2786 ad
3445 2742 3541 2784 xvi

2455 2825 2650 2881 Martii
2695 2825 2834 2879 anni
2879 2821 3003 2879 304.
3064 2822 3203 2878 Vide
3252 2825 3418 2877 notas
3470 2818 3540 2874 ad

2454 2916 2675 2971 Caium.

2455 3021 2774 3078 Marcellini
2801 3018 2824 3074 4
2851 3024 2908 3076 et
2930 3016 2966 3074 2

2529 3109 2875 3167 Alexandria
2923 3122 3052 3164 cum
3102 3105 3255 3164 omni
3309 3105 3547 3178 Egypto

2458 3202 2514 3257 h.
2537 3214 2587 3256 a.
2612 3208 2838 3269 recepta
2852 3199 3017 3268 juxta
3036 3196 3367 3265 Eusebium,
3389 3201 3549 3251 sexto

2457 3305 2605 3348 anno
2651 3296 2954 3360 postquam
2993 3287 3317 3344 desciverat
3353 3285 3421 3341 ad
3466 3283 3552 3340 A—

2459 3380 2755 3438 chilleum.
2797 3381 2858 3435 V.
2888 3378 3122 3450 Pagium
3150 3377 3217 3432 ad
3247 3377 3299 3432 h.
3321 3389 3372 3447 a,
3405 3389 3465 3430 n.
3494 3374 3548 3445 6,

2463 3471 2563 3542 qui
2624 3476 2678 3526 et
2748 3470 2961 3526 bellum
3016 3467 3310 3524 Persicum
3373 3464 3432 3520 b.
3494 3479 3547 3518 a.

2466 3565 2796 3618 renovatum
2834 3557 3027 3629 refert,
3064 3557 3406 3613 transmisso
3452 3555 3552 3610 in—

2465 3651 2537 3707 de
2573 3650 2806 3706 Galerio
2849 3650 3085 3704 Caesare.
3139 3647 3280 3704 Vide
3322 3647 3437 3716 Pag
3483 3643 3552 3700 ad

2465 3753 2578 3797 ann
2604 3735 2732 3812 297,
2761 3751 2817 3794 ιι.
2853 3735 2904 3794 4.

2533 4751 2849 4809 Marcellini
2878 4750 2914 4808 2
2943 4756 2998 4809 et
3018 4750 3071 4808 3.

2531 4843 2630 4898 llis
2655 4856 2781 4898 coss
2810 4843 2947 4898 victi
2973 4844 3175 4912 Persae,
3199 4842 3285 4897 ait
3310 4840 3555 4912 Idatius,

3685 238 3784 299 588

3625 440 3758 493 Era

3568 510 3782 566 Christi.

3611 1383 3716 1443 295

3631 3007 3730 3070 296

3622 3102 3740 3158 'Biss

3652 4740 3752 4805 297
