3946 6146
94 273 100 279 .
179 223 266 286 59⁸1

237 412 348 465 Per.

243 480 344 538 Jul.

197 559 238 610 et
258 550 403 621 cycli.

231 621 352 699 ®§

1121 219 1458 279 CHRONOL.
1513 221 1791 282 CONSUL.
1845 223 1932 282 ET
1982 224 2140 281 (ΗΕΒ.
2198 225 2364 283 ROM.
2416 227 2559 282 ETC.

220 337 359 417 A_nni
427 334 800 403 Imperatores,
887 334 1141 417 Consules
1179 409 1195 417 _
1218 339 1490 417 Romano—
1563 339 1717 417 Anni
1804 341 1863 403 A
1936 341 2114 417 ‘Anni
2185 342 2990 415 Christianorum,1udzeorum
3035 355 3083 402 et
3120 351 3238 417 ﬁni-
3315 350 3471 405 Anni

491 421 636 469 rum,
693 421 778 460 res
820 411 998 474 gestae,
1041 413 1093 463 et
1158 409 1494 464 documenta.
1563 411 1625 465 U.
1661 411 1716 465 C.

495 723 537 766 ιι
611 713 740 780 post
809 709 1172 770 consulatum
1225 727 1264 770 x
1323 718 1380 770 et
1423 726 1505 769 vn

420 802 564 856 Herc
591 803 648 856 et
671 798 798 856 Gal.

492 890 630 946 Coss
663 891 722 945 in
751 889 919 947 Italia
944 889 1053 947 sub
1098 893 1341 950 Maxent.
1384 895 1510 950 Ma-

421 980 657 1036 xentius
689 994 754 1034 ιιι
777 980 957 1036 solus.

492 1069 722 1136 Ruﬁnus
753 1067 1085 1123 Volusianus
1100 1069 1164 1138 P,
1189 1071 1253 1125 U.
1285 1083 1352 1126 ex
1381 1070 1438 1126 d.
1465 1070 1512 1127 V

423 1157 528 1213 Kal
553 1158 691 1212 Nov.

494 1247 880 1303 Maximianus
910 1246 1284 1305 Constantino
1305 1262 1510 1321 genero

425 1337 766 1406 insidiatur,
784 1351 883 1407 per
904 1339 1166 1394 Faustam
1185 1339 1510 1410 deprehen—

421 1428 608 1497 ditur,
631 1431 687 1482 et
712 1427 984 1490 Massiliae
1019 1435 1273 1486 necatur.
1323 1429 1509 1485 Euseb

419 1525 480 1575 et
506 1517 697 1575 caeteri
727 1517 866 1574 hist.

494 2145 613 2212 Imp
633 2141 1049 2198 Constantinus
1068 2140 1194 2215 Aug
1211 2145 1283 2197 tr.
1306 2157 1358 2211 p.
1386 2139 1422 2198 5
1450 2146 1506 2198 et

419 2237 479 2290 et
506 2232 540 2289 6
569 2246 637 2288 ex
688 2232 786 2288 die
811 2229 884 2287 25
924 2231 1064 2288 Julii
1116 2245 1210 2288 cos
1244 2231 1363 2304 imp
1392 2231 1425 2288 6
1454 2236 1510 2288 et

423 2324 546 2393 imp
583 2321 686 2377 Gal
719 2321 1134 2378 Maximianus
1170 2320 1298 2394 Aug
1344 2325 1416 2377 tr.
1451 2337 1506 2394 p.

429 2411 517 2484 49,
543 2410 614 2468 20
643 2425 709 2467 ex
732 2411 785 2466 d.
819 2407 883 2466 24
912 2424 1015 2481 apr
1044 2424 1140 2466 cos
1171 2425 1292 2466 vm.

495 2503 633 2558 Coss
660 2507 820 2556 extra
856 2494 1078 2556 Italiam
1121 2500 1181 2555 in
1219 2500 1356 2557 orbe
1388 2501 1512 2558 Ro-

420 2605 609 2648 mano.

491 2681 660 2739 Galer
688 2679 1076 2736 Maximianus
1117 2677 1244 2752 Aug
1283 2693 1404 2735 vm.
1428 2681 1509 2736 Ex

417 2771 760 2828 Cassiodoro
817 2769 980 2825 addit
1027 2768 1300 2839 collegam
1359 2768 1508 2824 Lici-

421 2863 583 2918 nium
611 2861 753 2917 Card
779 2859 966 2914 Noris.

492 2953 680 3006 Romae
729 2963 885 3004 mens
919 2947 1051 3018 Sept
1102 2947 1209 3003 sub
1257 2950 1501 3004 Maxent.

414 3040 661 3098 Ruﬁnus
719 3038 1070 3094 Volusianus
1119 3042 1173 3092 et
1219 3037 1505 3095 Eusebius

416 3132 530 3202 Pag
557 3130 610 3184 h.
635 3142 688 3184 a.
719 3141 775 3182 ιι.
813 3124 863 3181 4.

490 3221 552 3275 V.
587 3218 693 3274 Kal
739 3215 1008 3273 Novemb.
1051 3217 1251 3271 Junius
1278 3217 1509 3272 Flavia-

417 3325 522 3364 nus
553 3309 615 3362 P.
655 3309 718 3364 U.

415 3399 738 3456 Alexander
811 3394 1020 3452 Africa:
1120 3399 1400 3468 tyrannus
1473 3412 1504 3455 a

419 3491 584 3547 Ruﬁo
613 3487 928 3545 Volusiano
959 3485 1103 3558 praef
1122 3487 1374 3556 praetorii
1407 3501 1508 3558 per

416 3578 765 3636 Maxentium
819 3590 951 3634 cum
1013 3578 1271 3634 exercitu
1328 3578 1506 3636 misso

413 3669 629 3736 victus,
661 3671 880 3737 captus,
911 3671 968 3722 et
1012 3664 1349 3723 interfectus
1395 3672 1501 3724 est.

413 3755 642 3814 Mediob
672 3760 728 3810 et
762 3755 968 3826 Pagius
997 3755 1066 3811 ad
1092 3755 1148 3811 b.
1179 3769 1230 3810 a.
1268 3769 1367 3810 nu.
1407 3753 1502 3811 22.

419 3845 834 3904 Constantinus
882 3851 1042 3916 parat
1065 3844 1279 3901 bellum
1305 3850 1504 3902 contra

420 3937 789 3994 Maxentium.

488 4027 608 4099 Imp
654 4026 1070 4084 Constantinus
1098 4026 1224 4099 Aug
1248 4031 1321 4081 tr.
1373 4040 1428 4093 p.
1467 4023 1502 4082 6

416 4113 522 4174 et?
552 4131 620 4172 ex
663 4118 720 4173 d.
752 4113 988 4172 25Julii
1020 4129 1150 4171 coss
1190 4130 1230 4171 ιι
1263 4115 1382 4185 imp
1421 4129 1497 4186 v1,

417 4221 518 4277 vn,
555 4220 678 4274 vm,
724 4219 803 4273 ix,
836 4219 893 4260 x.
927 4205 1152 4262 Mediob
1177 4210 1234 4262 et
1276 4205 1497 4276 Lydiat.

487 4298 604 4366 Imp
644 4295 907 4352 Licinius
930 4295 1056 4366 Aug
1101 4290 1266 4366 tr.'p.
1315 4291 1339 4350 4
1384 4292 1502 4352 et2

418 4399 485 4442 ex
507 4383 569 4442 24
593 4385 758 4457 April
776 4398 876 4441 cos
898 4398 962 4441 ιι.

627 4494 1044 4550 Constantinus
1066 4492 1193 4564 Aug
1220 4505 1284 4548 ιι.

629 4565 891 4622 Licinius
921 4566 1047 4638 Aug
1077 4578 1139 4620 ιι.

419 4657 479 4712 In
507 4654 570 4712 Ο.
608 4656 672 4710 Β.
704 4669 799 4710 cos
851 4656 1042 4711 Romae
1071 4653 1395 4711 Maxentius
1448 4667 1502 4710 ιν

425 4745 582 4802 solus
621 4745 1010 4801 Maximianus
1043 4758 1106 4815 ιι,
1137 4744 1434 4801 Picentius
1463 4757 1504 4801 ιι

419 4834 479 4890 in
503 4833 754 4891 Oriente.

488 4925 652 4982 Vales
681 4931 736 4982 et
762 4924 975 4982 Reland
999 4937 1066 4981 ex
1113 4924 1360 4998 legibus.

487 5014 577 5071 Pr.
635 5014 734 5072 Ur.
810 5016 1060 5072 Aradius
1123 5018 1372 5086 Rufinus.
1449 5028 1505 5071 vx

420 5101 518 5159 Kal
577 5103 916 5161 Novembris
959 5105 1176 5161 Annius
1226 5105 1507 5160 Anulinus

424 5205 487 5249 ιιι
512 5193 635 5250 Kal.
689 5194 1038 5251 Decembris.
1069 5194 1315 5251 Aradius
1363 5195 1508 5264 rufi-

415 5298 518 5340 nus
542 5285 752 5342 iterum
778 5286 838 5340 P.
876 5287 939 5342 U.

486 5373 676 5431 Victis
730 5374 1007 5433 Maxentii
1054 5373 1307 5432 ducibus
1353 5372 1504 5443 apud

417 5461 743 5536 Segusium,
767 5465 1082 5536 Augustam
1100 5463 1504 5531 Taurinorum,

419 5563 484 5609 ac
535 5553 629 5612 bis
656 5553 729 5611 ad
774 5554 1075 5626 Veronam,
1129 5567 1196 5611 ac
1230 5551 1457 5610 tandem
1478 5566 1512 5609 v

417 4531 554 4588 Coss

1536 486 1662 536 ante
1699 484 1750 535 et

1491 557 1617 622 post
1635 552 1759 608 Pal.

1581 2140 1605 2198 4
1615 2139 1722 2200 063

1585 2230 1609 2287 4
1619 2230 1724 2290 064

1576 4023 1600 4080 4
1609 4023 1714 4082 064

1576 4111 1600 4170 4
1609 4113 1716 4172 065

1925 410 2136 484 Olymp.

2023 2132 2065 2175 ιι

2013 2221 2077 2264 III

2000 4031 2066 4074 Ill

2009 4121 2065 4164 IV

3433 230 3541 290 598

2241 417 2496 470 timorum
2554 418 2898 487 papulorum,
2951 421 3253 488 Pontiﬁces,
3330 423 3471 475 Erae

2248 488 2436 553 Reges,
2478 504 2564 544 res
2601 494 2765 558 gestat
2802 495 2853 544 et
2914 490 3252 546 documenta.
3286 490 3490 546 Christi

2251 701 2546 773 Eussnms,
2580 702 2680 774 qui
2737 701 2924 759 fuerat
2985 703 3260 773 vicarius,

2183 803 2481 846 successor
2508 789 2749 862 eligitur
2777 791 2837 847 in
2868 793 3142 849 Paschate
3170 793 3266 849 die

2180 876 2215 935 3
2240 879 2462 948 Aprilis
2492 899 2506 936 :
2534 886 2590 936 et
2614 882 2784 950 paulo
2816 888 2961 954 post,
2999 884 3093 939 die
3145 885 3270 939 sci-

2183 969 2318 1025 licet
2345 967 2411 1025 47
2465 972 2608 1043 Aug.
2654 971 2777 1027 obit
2801 973 2967 1042 juxta
3011 973 3263 1046 Catalog.

2175 1058 2364 1114 Liber.
2396 1073 2525 1116 cum
2559 1061 2802 1116 sedisset
2829 1075 2903 1117 m.
2957 1077 3016 1119 ιιι
3043 1063 3166 1119 dies
3203 1061 3268 1120 46

2186 1161 2252 1204 ex
2284 1150 2476 1205 eodem
2517 1150 2784 1222 Catalogo
2826 1157 2884 1208 et
2934 1152 3004 1208 ab
3028 1153 3272 1209 ordina—

2191 1238 2346 1293 tione
2392 1240 2649 1310 episcopi
2702 1240 2840 1295 anni
2893 1255 2932 1296 ιι
2988 1256 3165 1297 mens.
3227 1256 3267 1298 ιι

2186 1327 2310 1384 dies
2330 1341 2462 1383 xxv.
2487 1328 2627 1384 Vide
2651 1337 2813 1384 notas
2839 1331 2908 1385 ad
2939 1330 3264 1387 Eusebium.

2249 1419 2602 1474 MELCHIADES
2657 1417 2728 1474 ab
2817 1419 3063 1476 Eusebio
3109 1420 3277 1476 ordi-

2187 1513 2358 1564 natus
2387 1509 2690 1579 episcOpus
2716 1506 2749 1564 4
2775 1509 2934 1564 Junii
2967 1510 3063 1565 die
3089 1511 3277 1567 Domi-

2189 1599 2339 1662 nica,
2373 1603 2428 1652 et
2457 1598 2715 1654 vicarius
2745 1599 3116 1663 constitutus,
3151 1606 3277 1668 post

2186 1688 2312 1756 ejus
2344 1685 2568 1743 obitum
2602 1707 2628 1735 o-
2659 1686 2843 1758 igitur
2875 1686 3128 1756 pontifex
3158 1688 3279 1744 Ro-

2186 1789 2410 1833 manus.
2449 1776 2589 1833 Vide
2611 1781 2776 1832 notas
2804 1777 2873 1832 ad
2903 1776 3273 1834 Melchiadem

2257 2116 2598 2176 Melchiadis
2649 2113 2671 2172 4
2707 2118 2764 2174 et
2805 2114 2860 2174 2.
2907 2116 3275 2174 Persecutio-

2189 2209 2284 2265 nis
2304 2206 2358 2263 9.

2261 2298 2529 2355 Galerius
2563 2295 2948 2352 Maximianus
3000 2308 3280 2352 consum—

2196 2388 2314 2458 ptis
2337 2386 2690 2460 genitalibus
2713 2385 3007 2455 pestilenti
3040 2385 3277 2444 vulnere

2185 2482 2274 2534 est
2327 2477 2668 2542 exstinctus,
2735 2489 2865 2531 cum
2922 2475 3094 2544 paulo
3149 2481 3282 2533 ante

2190 2582 2360 2638 quam
2423 2571 2741 2622 moreretur
2822 2567 3277 2636 persecutionem

2185 2656 2374 2713 edicto
2390 2670 2510 2714 com
2521 2655 2825 2726 pressisset
2848 2672 2860 2709 :
2889 2654 2946 2710 in
2980 2669 3095 2726 quo
3116 2655 3277 2712 Trib.

2189 2752 2307 2819 pot.
2368 2761 2445 2803 xx
2499 2745 2841 2817 appellatur,
2901 2750 2957 2801 et
2983 2744 3107 2800 Cos.
3151 2759 3275 2802 vm.

2187 2837 2395 2893 Euseb.
2417 2851 2520 2892 VIII
2550 2836 2685 2891 bist.
2718 2850 2840 2905 cap.
2873 2831 2959 2890 47.
2989 2835 3271 2892 Petavius.

2183 2927 2432 2983 Sardicaa
2459 2926 2515 2981 id
2541 2926 2827 2982 evenisset
2853 2924 3018 2981 docet
3037 2925 3270 2998 Pagius.

2185 3017 2255 3074 ad
2308 3016 2363 3071 h.
2396 3030 2429 3074 a
2457 3030 2595 3073 num
2643 3030 2745 3071 xu.
2781 3015 3166 3072 Maximianus
3207 3029 3273 3072 ac

2185 3109 2457 3164 Licinius
2472 3106 2797 3176 provincias
2816 3105 3034 3160 Galerii
3057 3106 3275 3161 demor-

2187 3198 2271 3252 tui
2308 3197 2458 3250 inter
2488 3208 2548 3249 se
2597 3193 2954 3263 partiuntur.
2987 3193 3072 3246 lbi
3104 3207 3261 3249 num.

2183 3299 2278 3343 xiv
2320 3288 2377 3341 et
2405 3296 2522 3354 seq.

2253 3374 2418 3430 Circa
2459 3373 2612 3428 hunc
2654 3382 2868 3428 annum
2946 3368 3268 3439 persecutio

2181 3465 2351 3521 tinem
2381 3462 2603 3532 accepit
2648 3460 2704 3516 in
2731 3457 2949 3516 Africa.
2980 3457 3122 3516 Vide
3151 3469 3264 3514 no-

2180 3560 2269 3611 tas
2298 3551 2398 3609 ubi
2425 3563 2621 3622 supra.

2246 4012 2585 4072 Melchiadis
2632 4009 2669 4068 2
2697 4014 2754 4068 et
2789 4009 2844 4069 3.
2905 4009 3258 4068 Persecutio-

2177 4106 2270 4162 nis
2297 4103 2384 4162 40.

2249 4194 2510 4252 Salutare
2531 4191 2723 4249 crucis
2772 4191 3006 4264 signum
3037 4189 3269 4247 caelitus

2176 4290 2469 4343 ostensum
2483 4281 2862 4340 Constantino
2876 4280 3265 4352 praenuntium

2175 4376 2455 4445 victoriae,
2511 4387 2678 4444 quam
2737 4372 2808 4428 de
2862 4371 3152 4427 Maxentio
3207 4369 3268 4425 in

2174 4467 2426 4522 Tiberim
2477 4463 2781 4519 deturbato
2822 4468 3093 4531 reportat.
3141 4462 3266 4518 Eu-

2181 4555 2298 4613 seb.
2331 4556 2557 4609 Lactan.
2581 4557 2637 4606 et
2665 4550 2854 4605 Baluz.
2886 4550 2947 4604 in
2980 4551 3152 4604 notis
3192 4550 3264 4605 ad

2180 4644 2460 4711 eumdem,
2516 4654 2646 4697 cum
2713 4638 2885 4711 Pagio
2954 4639 3022 4693 ad
3095 4638 3150 4692 b.
3207 4650 3262 4692 a.

2180 4749 2236 4792 Ῑὶ.
2264 4747 2340 4790 ιν.

2180 4838 2286 4881 PAX
2334 4833 2562 4879 NOSTRIS
2607 4833 2643 4877 Α
2699 4831 3068 4876 CONSTANTINO
3116 4830 3262 4874 RED-

2664 4922 2808 4965 DITA.

2247 4997 2532 5058 Eusebius
2559 4996 2618 5053 in
2640 4997 2848 5053 Chron.
2872 4995 3016 5051 Ante

2182 5093 2330 5149 hanc
2375 5095 2561 5146 tamen
2613 5086 2748 5144 dum
2821 5087 3011 5142 Romae
3076 5083 3266 5145 adhuc

2183 5182 2410 5240 saeviret
2466 5176 2792 5252 persecutio
2826 5175 2934 5234 sub
2979 5175 3267 5234 Maxentio

2182 5274 2280 5331 die
2303 5271 2604 5330 Dominica
2632 5267 2698 5326 40
2719 5266 3019 5326 Februarii
3043 5281 3075 5324 a
3118 5266 3262 5323 Mel-

2193 5364 2399 5422 cbiade
2421 5375 2564 5434 papa
2601 5360 2908 5419 ordinatur
2959 5359 3265 5432 episc0pus

2182 5455 2484 5512 Slmsua
2517 5451 2775 5508 vicarius
2816 5449 3071 5508 futurus.
3125 5444 3266 5504 Vide

2174 5536 2341 5602 nctas
2360 5541 2667 5612 ubisupra.
2690 5541 2772 5597 Ex
2791 5553 2903 5611 qua
2914 5535 3088 5594 diead
3106 5535 3258 5594 diem

3365 2115 3465 2176 344

3349 4007 3458 4067 342

3333 4101 3455 4156 Biss
