3982 6166
213 275 297 335 604
661 320 686 334 ς
1174 271 1510 329 CHRONOL.
1558 269 1839 328 CONSUL.
1889 269 1976 326 ET
2027 268 2187 326 CES.
2253 268 2418 325 ROM.
2471 267 2616 322 ETC.
3493 265 3600 326 602

248 393 391 453 Anni
466 395 842 463 Imperatores,
926 391 1204 456 Consules,
1286 396 1562 450 Romano—
1623 393 1780 448 Anni
1865 395 1926 457 A
2019 394 2176 448 Anni
2241 395 2673 452 Christianorum
2735 392 3048 447 Iudaeorum
3101 397 3150 447 et
3206 395 3340 462 ﬁni—
3399 391 3559 447 Anni

261 470 371 523 Per.
525 480 669 527 rum,
722 478 808 518 res
866 469 1047 532 gestae,
1111 470 1162 520 et
1211 464 1542 522 documenta.
1619 467 1682 520 U.
1717 465 1774 520 C.
1993 467 2204 537 Olymp.
2282 470 2534 521 timorum
2597 466 2926 534 populorum
2975 466 3278 533 Pontiﬁces,
3357 467 3530 537 “{Erae

268 538 430 619 Jul."
1575 541 1702 619 ante
1720 541 1816 619 et‘
2060 533 2076 536 Ὗ
2142 533 2165 537 ”
2270 540 2458 606 Reges,
2499 533 2790 605 res’gesta:
2831 541 2882 591 et
2929 537 3266 591 documenta.
3345 533 3546 590 Christi

225 608 450 756 etéyéli.
1575 613 1696 679 post
1714 609 1834 665 Pal.

468 823 593 875 ctor
615 814 880 872 chronici
906 814 1300 884 Alexandrini,
1325 817 1460 875 dum
1483 821 1554 878 de
2227 804 2459 860 ηεηίοηθ
2509 803 2821 874 episcopali
2881 806 3145 859 numerat
3199 815 3313 859 81m

467 906 795 966 Constantii
836 905 1079 977 Augusti
1119 906 1441 964 Constantii
1477 912 1549 965 M.
1723 909 1728 916 '
2227 907 2394 963 XXIII.
2431 905 2589 949 mens
2629 907 2688 962 Χ,
2715 893 2841 947 dies
2877 906 2953 946 xx
2983 893 3040 946 in
3071 892 3317 961 picturis

471 999 580 1056 ﬁlii
613 1001 790 1054 morte
820 996 1101 1066 loquitur.
1133 997 1416 1054 Dedicatte
1449 1013 1556 1069 po-
2227 983 2282 1038 S.
2327 982 2490 1038 Pauli
2533 985 2921 1052 praeservatos.
2966 982 3106 1037 Vide
3152 984 3316 1037 notas

471 1097 588 1147 stea
621 1087 889 1143 Ecclesiae
930 1099 1027 1156 per
1056 1085 1320 1158 singulas
1361 1089 1550 1161 urbes,
2228 1073 2298 1129 ad
2338 1072 2704 1128 Silvestrum.

469 1183 523 1235 et
550 1179 864 1234 conventus
902 1177 1300 1246 episc0porum
1347 1177 1552 1250 habiti,

2297 1162 2558 1232 Synodus
2609 1160 2961 1216 Arelatensis
3008 1160 3311 1230 celebrata,

472 1275 534 1326 ut
560 1266 729 1323 habet
755 1263 1165 1321 Eusebiuslib.
1192 1281 1249 1330 x,
1281 1279 1404 1336 cap.
1437 1266 1490 1323 3.
1526 1286 1552 1318 ››
2230 1265 2331 1308 nec
2385 1265 2495 1307 non
2551 1250 2867 1321 Ancyrana,
2914 1255 2970 1306 et
3016 1253 3313 1307 Neoczesa-

469 1357 764 1415 Videndus
793 1368 1022 1426 quoque
1049 1355 1368 1412 cardinalis
1394 1358 1555 1414 nam.
2227 1340 2457 1396 riensis.
2490 1341 2754 1395 Petavius
2778 1339 2847 1395 ad
2880 1339 3032 1396 hunc
3053 1353 3266 1396 annum
3293 1357 3308 1395 :

472 1449 607 1504 nius
625 1447 694 1502 ad
725 1445 877 1501 hunc
901 1459 1116 1501 annum
1141 1459 1298 1501 num.
1325 1460 1427 1516 vn,
1451 1446 1552 1504 ubi
2227 1433 2285 1486 et
2347 1428 2482 1486 ϐειτά
2539 1429 2824 1486 Batonius
2884 1429 2954 1486 ad
3026 1430 3306 1487 eumdem.

470 1552 537 1595 ex
582 1534 827 1592 Eusebio
869 1535 1096 1591 decreta
1137 1542 1412 1592 memorat
1451 1551 1552 1607 pro

470 1624 820 1683 Christianis
857 1625 1014 1682 edita
1047 1629 1178 1682 ante
1210 1625 1432 1684 exitum
1457 1626 1553 1682 vi-

474 1722 544 1774 tae
571 1730 604 1772 a
633 1716 968 1774 Maximino.
1867 1708 1921 1768 B

1188 1929 2587 2170 CHRONOLOGIA

1366 2284 1453 2327 AD
1492 2283 1653 2328 TOM.
1698 2283 1742 2327 ΙΙ
1789 2282 1960 2326 EDIT.
1998 2282 2391 2328 ROM-VATIC.

827 2408 885 2472 Δ
946 2412 1178 2475 saneto
1231 2407 1588 2490 Syloestro
1653 2407 1746 2474 ad
1785 2409 2100 2473 sanctum
2157 2408 2559 2490 Gregorium
2598 2411 2954 2489 Magnum.

257 2691 396 2766 Anni
474 2695 851 2766 Imperatores,
923 2695 1206 2766 Consules,
1289 2695 1566 2749 Romano—
1626 2693 1788 2766 Anni
2009 2691 2174 2766 Anni
2237 2693 2695 2757 Christianorum,
2728 2693 3044 2748 Iudaeorum
3083 2696 3133 2746 et
3174 2691 3310 2761 ﬁni—
3375 2687 3535 2766 A_nni

270 2764 382 2818 Per.
543 2763 686 2832 rum,
731 2783 816 2822 res
857 2774 1042 2836 gestae,
1081 2771 1132 2822 et
1165 2765 1504 2820 documenta.
1622 2765 1686 2818 U.
1714 2768 1772 2822 ϐ.
1992 2763 2204 2835 Olymp.
2315 2767 2571 2820 timorum
2617 2766 2967 2836 populorum,
3017 2766 3320 2833 Pontiﬁces,
3349 2764 3532 2836 ΑΒΜ

277 2837 378 2890 Jul.
861 2832 878 2836 ⁷
1596 2841 1721 2889 ante
1745 2839 1797 2889 et
2063 2832 2073 2833 ί
2149 2832 2164 2835 ⁷
2297 2839 2486 2904 Reges,
2517 2832 2812 2905 res—gostae
2862 2843 2914 2890 et
2969 2832 3306 2891 documenta.
3336 2832 3554 2889 Christi.

239 2910 280 2961 et
297 2907 414 2962 Ind.
1503 2919 1509 2925 ‘
1543 2912 1670 2976 post
1693 2906 1812 2960 Pal.

264 3046 392 3105 5027
546 3051 665 3118 Imp
705 3045 1119 3104 Constantinus
1162 3043 1288 3117 Aug
1318 3052 1390 3102 tr.
1435 3063 1489 3118 p.
1519 3045 1556 3103 8
1632 3044 1770 3104 4066
1875 3001 1924 3063 C
1999 3049 2172 3118 Olym.
2298 3049 2636 3107 Melchiadis
2666 3049 2719 3104 4.
2753 3049 3044 3107 SILVESTRI
3079 3048 3322 3118 primus.
3412 3041 3517 3102 3M

276 3138 391 3206 (ἔῃσι
465 3144 522 3195 et
546 3135 583 3194 9
609 3152 677 3194 ex
705 3137 802 3193 die
837 3134 909 3193 25
935 3135 1075 3192 Julii
1108 3149 1204 3193 cos
1235 3149 1300 3192 ιιι
1341 3139 1459 3208 Imp
1490 3150 1549 3192 xx
1636 3141 1762 3193 ante
2029 3134 2136 3194 273
2222 3138 2565 3196 Melchiades
2603 3138 2727 3195 obit
2768 3139 3067 3209 depositus
3103 3137 3199 3192 die
3240 3148 3316 3190 IV.

243 3230 304 3302 Θ
339 3226 404 3286 45
464 3234 521 3285 et
552 3243 659 3284 xu.
1622 3228 1772 3282 Palil
2079 3240 2097 3282 ι
2235 3227 2316 3280 Id.
2346 3229 2578 3282 Januar.

249 3314 313 3387 θ
341 3313 395 3372 44
537 3321 656 3387 Imp
687 3317 948 3374 Licinius
986 3316 1112 3388 Aug
1149 3320 1223 3373 tr.
1262 3331 1315 3388 p.
1361 3312 1397 3372 7
1427 3321 1484 3373 et
1521 3313 1558 3372 8
1633 3312 1770 3372 4067

1744 3312 1770 3370 ⁷
2020 3336 2072 3386 et
2099 3347 2168 3387 ea:
2308 3331 2626 3386 SYLVES’I‘ER
2712 3329 2930 3385 electus
3018 3339 3316 3385 81100688οΓ

292 3408 373 3462 Lit
471 3421 539 3464 ex
567 3407 664 3464 die
691 3405 754 3464 24
791 3407 1012 3478 Aprilis
1041 3420 1250 3464 οοδιιιο
1633 3409 1761 3476 Post
1993 3420 2184 3475 diebus
2239 3425 2367 3491 post
2449 3419 2800 3476 vacationem
2891 3416 3046 3472 sedis
3133 3419 3315 3484 apost.

267 3499 391 3552 Dom
691 3498 748 3553 C.
804 3497 1076 3566 Cejonius
1131 3494 1316 3552 Rufus
1374 3494 1556 3551 Volu-
1627 3493 1792 3550 Ραιει.

1747 3493 1792 3548 ῖιο
1985 3512 2188 3565 asticis
2233 3511 2462 3566 dierum
2531 3506 2598 3564 46
2665 3507 2750 3577 (ut
2814 3508 2871 3561 in
2933 3503 3213 3576 catalogis
3263 3509 3319 3560 et

317 3587 354 3642 C
473 3585 613 3642 Coss
795 3586 1016 3641 sianus.

2060 3613 2120 3655 ιι.
2233 3597 2532 3669 Biblioth.)
2575 3597 2672 3652 die
2708 3595 2770 3652 34
2809 3595 3070 3651 Januarii
3119 3593 3321 3649 Domi-

254 3675 420 3731 Indict
665 3714 680 3728 .
729 3714 744 3729 .
797 3714 811 3728 .
849 3673 1128 3730 Anianus.

2235 3689 2365 3744 nica
2412 3688 2473 3742 in
2512 3687 2782 3743 cathedra
2819 3687 3072 3742 Romana
3106 3683 3333 3739 consti—

314 3777 352 3820 ιι
545 3765 756 3821 Gruter
814 3762 904 3833 28,
967 3761 1004 3820 5
1059 3767 1114 3818 et
1161 3756 1266 3817 387
1312 3759 1348 3818 5
1409 3761 1559 3830 Spon

2235 3777 2444 3848 tuitur,
2531 3790 2701 3847 quam
2775 3780 2928 3831 tenet
2993 3773 3164 3828 annis
3228 3768 3318 3842 24,

271 3859 316 3909 et
341 3871 406 3910 ea:
479 3855 672 3910 Miscel
721 3852 792 3910 99
834 3858 890 3909 et
932 3853 1084 3925 leges
1141 3851 1292 3922 apud
1344 3848 1557 3905 Reland
2237 3879 2416 3922 mens,
2463 3861 2549 3934 44,
2605 3865 2664 3920 in
2713 3863 2970 3935 catalogo
3019 3860 3324 3917 Liberiano

287 3945 390 3999 Kal
480 3951 543 4001 ut
572 3944 611 4000 Ι.
642 3942 700 4013 8,
731 3944 792 3999 C.
822 3943 892 3998 de
918 3941 1180 4012 judiciis.
1215 3945 1322 3996 etc.
1757 3937 1760 3940 ’

1757 3937 1760 3940 ’
2235 3955 2526 4026 expressis
2574 3968 2759 4025 usque
2801 3953 2873 4008 ad
2910 3951 3064 4007 diem
3098 3947 3160 4006 34
3210 3951 3325 4004 De—

267 4031 387 4104 θερί
540 4033 696 4090 Idem
745 4030 950 4102 Rufus,
996 4045 1101 4088 seu
1142 4032 1332 4101 Ruﬁus
1383 4029 1561 4084 νοια-
1758 4111 1766 4116 _
2234 4046 2446 4102 cembr.
2485 4042 2608 4101 335.
2662 4044 2974 4099 Constantio
3014 4046 3071 4098 et
3113 4039 3324 4096 Albino

303 4135 360 4177 ιιι
471 4125 666 4178 sianus
736 4119 880 4193 praef
941 4119 1080 4176 Urbi
1141 4133 1208 4175 ex
1281 4132 1387 4174 xui
1454 4117 1557 4173 Kal
2236 4151 2382 4194 coss,

474 4213 607 4282 Sept
670 4211 730 4266 in
796 4209 1093 4267 Laterculo
1153 4208 1555 4265 Bucheriano:

2307 4243 2571 4316 Synodus
2632 4239 2986 4299 Arelatensis
3035 4239 3129 4295 his
3177 4251 3324 4294 coss.

2239 4334 2521 4390 celebrata
2570 4337 2676 4403 est,
2727 4343 2946 4388 necnon
3004 4329 3323 4400 Ancyrana,

2239 4429 2296 4479 et
2355 4421 2854 4479 Neocaesariensis.
2918 4419 3220 4488 Baronius,
3272 4422 3330 4472 et

2240 4512 2504 4567 Petavius
2535 4510 2603 4566 ad
2638 4509 2791 4564 hunc
2820 4520 3056 4562 annum.

473 4313 642 4372 quem
683 4314 784 4356 cos
826 4299 1034 4356 iterum
1082 4298 1292 4371 Pagius
1342 4295 1562 4367 putavit

563 4354 740 4444 male
761 4354 1128 4458 transcripta
1160 4354 1361 4457 lapide
1403 4384 1552 4455 apud
1875 4354 1930 4416 D

472 4479 622 4550 Spon
661 4476 698 4533 2
737 4474 811 4534 76
854 4478 914 4534 in
960 4477 1146 4534 hortis
1191 4474 1558 4544 Justinianis,

478 4568 577 4624 ubi
621 4581 735 4624 non
765 4567 981 4639 legitur
1012 4577 1238 4635 usuum,
1281 4561 1378 4618 sed
1410 4562 1562 4634 legi-

479 4664 576 4714 tur
604 4672 670 4714 ET
700 4627 870 4714 ιτιινιῖ.
1227 4627 1237 4635 ’
1469 4627 1496 4634 ’
2308 4633 2622 4690 Donatistae
2684 4631 2744 4687 in
2795 4629 2992 4685 Africa
3045 4627 3326 4683 damnati.

550 4749 875 4806 Chronicon
909 4746 1176 4804 Paschale
1204 4743 1442 4800 deducit
1463 4745 1566 4799 In-

1363 4743 1442 4799 cit
1463 4745 1566 4799 In-
2241 4724 2298 4780 S.
2329 4725 2474 4796 Aug.
2507 4736 2594 4794 ep.
2628 4719 2698 4778 68
2727 4726 2784 4778 et
2815 4717 2935 4776 462.

483 4838 787 4892 dictionum
836 4839 1063 4892 initium
1113 4849 1180 4892 ex
1232 4835 1365 4904 Sept
1413 4847 1566 4904 prie—
2310 4832 2660 4889 Maximinus
2714 4833 2884 4900 rupto
2943 4826 3154 4884 foedere
3201 4824 3332 4880 bel-

483 4927 705 4982 cedenti
749 4926 1126 4982 Constantino
1159 4937 1222 4980 ιιι
1259 4928 1316 4979 et
1341 4921 1566 4978 Licinio
2245 4921 2364 4976 lum
2399 4921 2620 4976 Licinio
2662 4918 2913 4975 inferens
2952 4915 3190 4972 exuitur
3228 4925 3331 4968 ca-

490 5028 551 5070 ιιι
592 5015 956 5085 consulibus,
1002 5028 1168 5086 quem
1208 5025 1420 5070 annum
1461 5024 1568 5066 vo-
2244 5009 2402 5078 stris,
2451 5021 2516 5062 ac
2558 5008 2654 5062 vix
2697 5021 2728 5062 e
2763 5004 3030 5060 manibus
3074 5001 3330 5058 hostium

486 5112 576 5160 cat
620 5119 726 5160 vui
775 5104 1165 5174 Constantini,
1211 5104 1306 5159 sed
1353 5101 1566 5170 caeteri,
2243 5099 2472 5170 elapsus
2503 5097 2561 5152 in
2591 5096 2788 5153 Asiam
2819 5107 2880 5150 se
2907 5107 3038 5149 cum
3073 5092 3332 5162 recepis-

485 5200 664 5250 etnos
688 5205 839 5250 anno
861 5193 1052 5250 solido
1079 5197 1228 5248 aute.
1263 5191 1362 5248 His
1390 5191 1573 5263 igitur
2245 5195 2332 5246 set
2389 5189 2621 5244 ineunte
2677 5197 2805 5242 vere
2869 5184 3020 5254 apud
3089 5183 3330 5238 Tarsum

489 5296 613 5340 coss
651 5284 966 5341 Volusiano
1003 5288 1061 5341 et
1085 5281 1310 5338 Aniano
1339 5281 1440 5336 Kal
1475 5282 1576 5336 Ja—
2245 5279 2389 5336 obit.
2440 5277 2574 5334 Inde
2627 5274 2934 5346 imperium
2994 5272 3206 5329 Licinii
3272 5272 3332 5326 in

489 5373 683 5430 nuarii
739 5373 957 5430 labitur
1008 5371 1176 5430 nobis
1228 5371 1475 5428 lndictio
1532 5383 1570 5424 ιι
2247 5368 2381 5423 Asia
2413 5371 2539 5437 post
2559 5365 2828 5422 Martium
2853 5376 3099 5419 mensem
3124 5373 3330 5417 nume-

492 5476 673 5534 usque
735 5463 804 5519 ad
872 5462 975 5519 Kal
1037 5462 1170 5534 Sept
1229 5466 1285 5518 et
1339 5474 1408 5516 ex
1469 5458 1573 5515 Kal
2251 5455 2491 5512 randum
2547 5455 2749 5526 probat
2795 5453 3063 5510 Norisius
3113 5449 3333 5506 contir-

491 5552 594 5624 Sep
635 5551 941 5622 exordium
985 5552 1151 5610 ducit
1193 5550 1439 5616 lndictio
1483 5562 1568 5604 ιιι.
2250 5557 2412 5600 mans
2471 5544 2810 5601 sententiam
2879 5539 3109 5598 Baronii
3180 5538 3325 5594 diss.
