3946 6146
194 270 282 329 605
1159 260 1491 318 CHBONOL.
1545 258 1828 317 CONSUL.
1873 257 1959 313 ET
2001 252 2161 313 CES.
2211 253 2377 310 ROM.
2428 254 2570 309 ETC.

248 390 395 448 Anni
453 388 827 459 Imperatores,
903 389 1175 451 Consules,

251 464 364 516 Per.
508 451 632 516 num
678 475 763 513 res
817 466 997 528 gestae,
1066 467 1116 516 et
1172 460 1506 515 documenta.
1576 454 1641 507 U.
1691 451 1748 505 C.

270 533 374 587 Jul.
821 526 835 528 “
1558 527 1685 577 ante
1715 526 1765 576 et

223 610 266 659 et
289 602 406 658 Ind.
1498 600 1622 664 post
1646 593 1810 649 Palil.

1961 447 2172 518 Olymp.

2209 731 2315 786 pus
2341 732 2470 772 eum
2502 717 2746 774 sedisset
2774 731 2956 774 annos
2976 723 3113 786 tres,
3146 716 3292 773 sub—

2209 805 2566 862 stituendum
2609 807 2720 862 sibi
2772 809 2997 863 curavit
3035 806 3287 861 Alexan—

2213 903 2402 957 drum.
2457 899 2558 953 I-lic
2587 898 2739 952 enim
2781 896 2931 952 sedit
2961 909 3073 950 ann
3104 893 3174 950 523
3228 899 3292 951 ut

2208 994 2410 1044 auctor
2456 991 2543 1043 est
2571 987 2828 1041 Socrates
2875 985 2955 1039 lib
2990 998 3049 1054 ιι,
3094 997 3197 1053 cap
3235 981 3288 1053 4,

2210 1079 2428 1145 Sozom,
2466 1091 2551 1143 In,
2581 1091 2630 1130 e.
2662 1075 2716 1131 3.
2746 1075 3031 1130 Petavius.

2280 1167 2557 1236 Eelipsim
2585 1166 2727 1221 solis
2755 1170 2826 1220 tr.
2870 1178 2919 1218 a.
2957 1163 3128 1219 refert
3152 1162 3286 1217 Ida-

519 743 576 796 L.
626 736 678 793 9.
727 737 786 792 C.
842 737 911 792 de
959 734 1222 805 judieiis,
1297 738 1353 790 et
1395 734 1531 792 aliis

453 829 723 902 pluribus
767 827 916 896 apud
943 826 1172 880 Beland.

521 917 682 974 Prmf.
737 917 876 972 Urbi
912 917 1088 970 Julius
1139 915 1354 970 Cassius
1402 915 1536 970 Vice

451 1024 564 1066 sae.
644 1007 915 1076 judicans
983 1005 1274 1074 Septimius
1332 1005 1534 1058 Bassus

461 1095 623 1153 Praef.
669 1094 808 1150 Urbi
859 1107 1152 1163 repressus
1201 1097 1287 1148 est
1324 1094 1539 1148 Latere.

450 1188 690 1244 Bucher.

2208 1257 2347 1312 tius.
2405 1256 2546 1310 Vide
2591 1255 2879 1310 Valesium
2933 1255 2990 1308 in
3038 1253 3193 1307 notis
3221 1251 3291 1307 ad

2205 1343 2391 1400 Euseb
2439 1345 2508 1398 de
2551 1344 2668 1397 vita
2714 1343 2889 1397 Const
2923 1340 3004 1396 lib
3049 1355 3112 1408 Il,
3155 1354 3204 1394 e.
3237 1339 3288 1394 6.

2207 1433 2445 1502 Crispus
2463 1445 2494 1486 a
2513 1431 2808 1485 Lactantio
2841 1431 2900 1484 in
2929 1429 3164 1485 Divinis
3185 1428 3294 1484 lit—

2209 1523 2352 1577 teris
2391 1519 2660 1576 eruditur
2686 1519 2893 1575 Euseb.

2273 1631 2535 1685 Silvestri
2572 1643 2684 1684 ann
2710 1627 2745 1684 5
2764 1636 2818 1684 et
2847 1628 2899 1683 6.

2282 1719 2624 1790 Philogonio
2649 1716 3006 1772 Antiocheno
3027 1714 3296 1784 episcopo

2214 1813 2440 1863 mortuo
2495 1807 2753 1862 succedit
2801 1805 3081 1861 Paulinus
3131 1804 3296 1858 Petav

2217 1909 2285 1952 ex
2311 1896 2528 1965 Nieeph
2555 1895 2755 1951 chron.

2286 1985 2549 2040 Licinius
2606 1984 3057 2053 persecutionem
3089 1981 3297 2037 adver-

2053 1644 2093 1686 ΙΙ

2035 1732 2100 1774 III

255 1650 378 1710 5032
527 1652 666 1719 Imp.
720 1644 1129 1702 Constantinus
1177 1641 1319 1712 Aug.
1355 1644 1429 1695 tr.
1477 1654 1530 1709 p.
1609 1634 1738 1693 4074

240 1701 409 1818 530
457 1701 734 1807 «3—534,
774 1701 889 1791 eos.
927 1747 1002 1803 1v,
1037 1733 1175 1802 imp.
1210 1701 1408 1800 43:44,
1445 1701 1529 1783 43.
1609 1723 1747 1784 4072
1845 1701 1899 1763 Β

241 1837 302 1910 ο
347 1833 410 1890 46
457 1831 558 1902 46,·
584 1823 667 1883 47.

307 1929 348 1980 D
534 1920 671 1989 lmp.
706 1913 970 1971 Licinius
1002 1912 1146 1982 Aug.
1187 1914 1258 1964 tr.
1305 1923 1358 1978 p.
1393 1903 1458 1961 42
1482 1911 1537 1962 et

248 2014 403 2070 Ind-iet
453 2007 540 2080 43,
574 2023 690 2078 cos,
722 2022 774 2062 v.

284 2119 355 2160 v11
461 2138 596 2192 COSS
675 2093 1260 2192 lmp.‘Ccnns‘tapttinus
1305 2087 1449 2159 Aug.
1479 2098 1534 2139 v.

277 2190 368 2232 vm
461 2167 596 2192 W”
677 2168 938 2224 Licinius
967 2167 1170 2219 Cmsar.

529 2263 587 2316 L.
620 2258 674 2328 2,
713 2273 763 2314 c.
807 2256 1018 2311 Theod.
1068 2254 1138 2308 de
1191 2251 1401 2305 divers.
1443 2259 1542 2302 re—

465 2351 663 2420 script.
694 2353 750 2403 et
779 2346 908 2401 aliae
938 2343 1087 2412 apud
1121 2339 1356 2395 Reland.

537 2437 698 2496 Prmf.
780 2435 917 2490 Urbi
987 2432 1111 2488 Kal.
1188 2431 1340 2497 Sept.
1417 2425 1549 2482 Val.

461 2532 732 2588 Maximus
775 2525 1018 2580 Basilius
1063 2523 1256 2576 Latere
1299 2518 1538 2574 Bucher.

534 2620 772 2688 Crispus
813 2618 997 2669 Caesar
1032 2619 1229 2667 contra
1268 2608 1542 2662 Aleman-

463 2725 568 2767 nos
590 2702 1062 2764 feliciterbellum
1085 2701 1252 2772 gerit.
1283 2696 1546 2753 Petavius

469 2815 533 2858 ex
566 2802 839 2870 Panegyr.
872 2795 1070 2849 Nazar.
1126 2790 1194 2846 ad
1217 2801 1351 2844 ann.
1384 2800 1542 2856 seqq.

473 2893 514 2946 Ε
559 2894 759 2946 contra
800 2881 1208 2941 Mediobardus
1237 2879 1304 2934 ad
1334 2888 1546 2932 annum

475 2979 879 3054 praecedentem
969 2972 1138 3029 habet
1217 2987 1230 3024 :
1312 2967 1550 3036 Crispus

467 3073 653 3127 Caesar
683 3065 1023 3123 rebellantes
1051 3060 1298 3117 Francos
1325 3055 1539 3126 insigni

473 3157 716 3216 victoria
737 3157 933 3213 domat

2216 2087 2316 2128 sus
2364 2074 2728 2129 Christianos
2762 2073 3044 2140 instituit,
3099 2072 3156 2126 in
3189 2082 3304 2140 qua

2214 2162 2548 2218 Theodorus
2604 2164 2722 2219 dux
2778 2162 3029 2233 insignis
3080 2165 3301 2227 marty-

2216 2252 2367 2306 rium
2410 2252 2587 2307 subit.
2619 2254 2698 2306 Ex
2728 2252 2855 2320 ejus
2877 2251 3025 2305 actis
3050 2262 3140 2317 ap.
3167 2246 3294 2301 Sur.

2217 2341 2388 2396 Noris
2410 2343 2480 2397 de
2503 2339 2539 2396 2
2571 2354 2706 2396 num
2734 2339 2965 2407 Licinii,
2994 2343 3102 2392 etc.
3135 2333 3300 2404 p.90.

2212 2430 2575 2485 Christianos
2615 2429 2685 2484 de
2719 2429 2930 2497 palatio
2982 2439 3088 2481 suo
3119 2423 3302 2494 pellit,

2219 2522 2276 2572 et
2343 2518 2593 2574 concilia
2663 2516 2950 2572 celebrare
3010 2512 3296 2584 prohibet.

2220 2607 2486 2662 Petavius
2559 2620 2626 2661 ex
2707 2604 2954 2660 Eusebio
3028 2602 3098 2658 de
3182 2601 3301 2656 vita

2219 2694 2393 2750 Const
2419 2694 2502 2750 lib
2535 2709 2573 2764 ι,
2607 2710 2657 2750 c.
2691 2691 2780 2762 44,
2810 2691 2897 2749 45.

2293 2784 2709 2840 Constantinus
2747 2784 3034 2838 Sarmatas
3087 2779 3312 2836 Maeoti-

2223 2871 2317 2926 dis
2367 2872 2590 2927 accolas
2650 2875 2857 2926 Istrum
2924 2877 3312 2940 transgressos

2226 2961 2415 3029 cadit,
2448 2974 2577 3016 mox
2609 2960 2835 3015 eosdem
2870 2959 2928 3013 in
2959 2958 3191 3028 regione
3208 2969 3313 3011 sua

2229 3047 2497 3105 funditus
2527 3049 2922 3105 vincitocciso
2954 3060 3151 3103 eorum
3184 3058 3313 3115 rege

2230 3137 2600 3194 Rausimodo.
2637 3139 2719 3192 Ibi
2751 3151 2819 3192 ex
2847 3137 3081 3203 Zozimi,
3127 3134 3209 3188 lib
3243 3147 3303 3187 ιι.

2302 3227 2454 3280 Idem
2477 3232 2674 3278 contra
2703 3225 2999 3292 aruspices
3019 3221 3308 3287 rescribit,

2228 3313 2269 3369 l.
2301 3311 2322 3368 4
2356 3318 2412 3367 et
2434 3311 2489 3378 2,
2508 3311 2646 3367 Cod.
2669 3310 2738 3364 de
2766 3309 2939 3364 malet“
2948 3315 3004 3364 et
3027 3309 3097 3364 de
3121 3307 3308 3362 Cleric

2233 3400 2525 3471 immunit,
2553 3399 2594 3454 ι.
2627 3397 2682 3470 2,
2721 3398 2852 3454 Cod.
2884 3398 2954 3452 de
2981 3396 3170 3467 Episc.

2301 3509 2562 3565 Silvestri
2589 3519 2700 3562 ann
2728 3504 2762 3561 6
2790 3511 2847 3560 et
2871 3500 2926 3558 7.

2305 3617 2492 3672 Chron
2549 3613 2817 3670 Paschale
2851 3611 2943 3667 his
2965 3624 3092 3667 coss
3137 3609 3316 3664 factas

2232 3706 2446 3777 passim
2508 3704 2899 3760 dedicationes
2951 3699 3320 3755 Christiana-

2234 3809 2360 3852 rum
2387 3794 2758 3850 ecclesiarum
2791 3789 3032 3845 indicat.

2304 3883 2718 3939 Constantinus
2764 3891 2957 3949 ptenas
2981 3882 3180 3933 contra
3222 3889 3326 3931 or-

2237 3973 2338 4029 bos
2386 3978 2443 4026 et
2471 3969 2700 4026 caelibes
2744 3969 2887 4023 latas
2935 3966 3178 4022 sustulit
3227 3962 3318 4019 L4

2235 4063 2294 4119 C.
2314 4062 2384 4118 de
2405 4060 2618 4116 inﬁrm.
2647 4073 2791 4131 paen.
2820 4056 3004 4114 carlib.
3039 4053 3321 4111 Petavius.

2057 3525 2119 3566 Ill

2067 3632 2123 3672 IV

271 3534 397 3593 5033
545 3535 686 3604 Imp.
731 3523 1146 3586 Constantinus
1193 3521 1338 3592 Aug.
1378 3523 1448 3574 tr.
1496 3532 1548 3588 p.

243 3629 303 3701 Θ
345 3625 402 3681 24
479 3622 551 3680 44
577 3600 742 3684 et‘45,
767 3633 883 3674 eos.
918 3629 992 3681 vx,
1026 3615 1163 3683 imp.
1192 3624 1336 3666 xvu.
1475 3693 1527 3701 ,Α
1629 3600 1768 3661 4073

265 3693 417 3789 δη
571 3715 707 3779 Imp.
751 3707 1010 3763 Licinius
1039 3702 1183 3774 Aug.
1208 3706 1281 3756 tr.
1338 3713 1414 3769 p,.
1465 3693 1550 3767 43,

483 3797 572 3868 44,
607 3813 719 3854 cos.
750 3810 805 3850 v.

477 3926 617 3982 Coss
690 3873 1448 3982 l’i‘l’...§99§f39‘l‘3ﬁli."“3
1475 3886 1551 3927 VL

255 3965 422 4018 Indiet
477 3952 617 3982 W”
689 3952 1102 4014 Constantinus
1130 3952 1332 4006 Caesar.

288 4066 384 4107 vm
554 4052 609 4106 L.
645 4047 699 4121 2,
729 4048 789 4103 C.
823 4047 893 4102 de
923 4040 1334 4107 ass+ssoribus,
1373 4033 1561 4106 et’do-

310 4155 366 4198 1x
476 4147 622 4196 mest
650 4145 706 4194 et
734 4136 865 4191 aliae
886 4133 1037 4204 apud
1060 4129 1274 4186 Reland

557 4227 702 4285 Praef
766 4226 905 4282 Urbi
960 4224 1216 4280 Vale-rius
1285 4218 1562 4274 Maximus

484 4321 678 4376 Latere
704 4316 926 4373 Bucher

2311 4385 2575 4444 Silvestri
2607 4397 2718 4442 ann
2747 4380 2803 4453 7,
2826 4380 2878 4437 8.

279 4423 413 4484 5034
556 4427 679 4496 Imp
724 4420 1138 4479 Constantinus
1168 4417 1292 4488 Aug
1321 4417 1376 4470 tr
1419 4427 1454 4483 p
1501 4406 1567 4466 45

1419 4427 1454 4483 ι)
1501 4406 1567 4466 45
1642 4401 1780 4462 4073
1879 4376 1934 4437 D
2011 4391 2167 4496 οἴῳ
2311 4385 2575 4444 Silvestri
2607 4397 2718 4442 ann
2747 4380 2878 4453 7,8.
2954 4471 2964 4482 .

252 4465 433 4589 5E2
487 4465 1291 4586 attigg'xml'ar'“
1327 4465 1366 4470 ”
1421 4465 1447 4483 τ
1490 4585 1536 4589 η
1644 4491 1782 4552 um

1779 4528 1782 4535 .
2047 4477 2156 4536 274
2315 4479 2481 4533 Circa
2511 4476 2617 4531 hoc
2656 4481 2882 4541 tempus
2914 4471 3144 4528 videtur
3183 4465 3337 4524 refe-

2070 4583 2124 4589 ---
2252 4568 2460 4589 _.-..-l-...
2503 4563 2823 4589 ι-.Α..οζη.ηηο
2859 4573 2967 4589 uno
3002 4572 3127 4589 num
3159 4562 3337 4589 mc:er

258 4559 323 4677 ὃ
487 4559 1201 4676 ν-ἑῶιρννίἱνὲἱὸῖᾶΒξ-Ᾰῦἕ
1273 4597 1326 4649 tr
1390 4607 1426 4663 ρ
1480 4585 1566 4659 η’
2070 4583 2124 4624 1v
2252 4568 2464 4624 rendus
2502 4563 2827 4632 baptismus
2859 4573 2972 4616 una
3001 4572 3130 4613 cum
3159 4562 3338 4611 matre

2099 4663 2138 4677 AA
2247 4657 2278 4677 ο
2335 4653 2538 4677 unum...
2573 4659 2622 4677 η.
2656 4649 2853 4677 ιιιπη-ςο
2907 4661 2969 4677 nn
3002 4643 3336 4677 anmnctinic

493 4643 689 4752 ιδῖδξ
717 4643 1024 4747 vuum.“
1074 4643 1200 4670 Ma
1278 4643 1316 4649 ”
1392 4643 1419 4663 τ
2056 4663 2138 4752 κει
2247 4657 2300 4711 s.
2334 4653 2543 4708 Helena
2571 4659 2627 4706 et
2655 4649 2856 4705 liberis
2906 4661 2972 4745 ac
3001 4643 3338 4752 domesticis

338 4787 390 4840 A
502 4731 687 4840 ο
714 4731 1155 4840 CrisnusCtesar
1187 4790 1247 4830 ιι.
2055 4742 2162 4801 275
2251 4741 2518 4814 pluribus
2566 4753 2598 4794 a
2647 4735 3037 4840 Constantino.
3078 4731 3337 4840 Augusto

267 4797 443 4911 Indiict
500 4820 639 4876 COSS
713 4797 1384 4915 ἓὲλδεξίἓῗιδῗξάἑέὲξιιιι,
2103 4845 2118 4886 ι
2245 4797 2435 4886 Poma:
2459 4833 2776 4915 perceptus,
2805 4823 2952 4893 ipsis
2972 4820 3340 4915 administra-

2249 4924 2344 4974 tus
2362 4930 2459 4986 per
2489 4917 2547 4968 Β.
2571 4914 2912 4968 Silvestrum
2936 4921 3136 4978 papam
3159 4919 3227 4960 ex
3247 4903 3340 4958 his

2252 5020 2376 5076 quat
2409 5002 2756 5073 protulimus
2784 5000 2844 5054 in
2876 4998 3031 5054 notis
3054 4995 3123 5050 ad
3156 4993 3340 5064 Sylve-

2253 5101 2455 5152 strum.
2480 5103 2547 5146 ex
2566 5090 2647 5144 Jo.
2677 5087 2902 5157 Malala,
2929 5093 2987 5144 et
3015 5099 3082 5141 ex
3105 5084 3342 5140 chrono-

2256 5183 2472 5259 grapho
2503 5179 2804 5238 vetustiori
2833 5179 2980 5249 apud
3022 5176 3304 5232 eumdem.

2327 5275 2428 5331 llis
2468 5287 2596 5330 coss
2632 5268 3045 5328 Constantinus
3099 5266 3226 5336 Aug
3271 5262 3342 5317 de

2259 5365 2474 5423 observ.
2513 5364 2629 5420 diei
2675 5345 2991 5419 Dominicaz
3041 5356 3181 5426 edit,
3216 5354 3254 5409 1.
3289 5349 3344 5422 3,

2259 5453 2371 5511 Cod
2397 5453 2467 5509 de
2495 5453 2698 5509 Feriis.

2332 5542 2592 5614 Synodus
2630 5556 2674 5600 ιι
2725 5538 3110 5601 Alexandrina
3142 5540 3343 5592 contra

257 4958 312 5000 ιχ
339 4952 455 5003 etx
493 4947 534 5002 L
578 4942 632 5017 3,
683 4945 796 5000 Cod
837 4943 909 4999 de
959 4942 1064 4997 Fer
1106 4943 1163 4995 et
1220 4935 1350 4994 alia:
1419 4929 1570 5002 apud

3462 256 3568 316 606

1273 391 1544 443 Romano—
1607 381 1761 434 Anni
1842 380 1899 438 A
1978 376 2134 448 Anni
2190 377 2643 441 Christianorum,
2701 379 3014 433 Judmorum
3039 385 3089 433 et
3141 381 3275 448 ﬁni-
3340 380 3497 434 Anni

2276 453 2528 504 timorum
2577 452 2922 519 populorum,
2981 453 3282 520 Pontiﬁces,
3358 455 3498 506 Era:

2289 523 2474 593 Reges,
2512 539 2597 577 res
2626 527 2788 590 gesta:
2831 529 2882 577 et
2930 522 3268 576 documenta.
3310 521 3530 576 Christi.

3368 1619 3474 1680 349

3408 3496 3516 3557 320

3423 4370 3520 4430 324
