3982 6166
402 257 521 318 645
1197 255 1290 309 ΑΙ)
1334 249 1770 308 ANASTASIUM
1831 243 2348 305 PROLEGOMENA
2384 245 2560 304 EDIT.
2605 245 3032 306 ROM.-VATIC.
3714 239 3810 300 646

473 381 634 436 Anni
701 381 1078 452 Imperatores,
1119 375 1374 452 Consnles
1398 376 1765 430 Romanorum
1829 368 1986 452 {inn}
2089 369 2142 431 Α
2210 367 2382 452 Anni
2450 369 2900 452 Christianorum,
2947 367 3250 452 {admoram
3293 366 3526 452 etjtni-
3591 362 3746 452 ,4ρηὶ

484 456 605 508 Per.
775 437 798 452 ⁵
873 467 958 506 res
976 437 1138 520 gesta
1165 453 1216 502 et
1240 447 1582 510 documenta,
1833 443 1899 520 U._
1943 440 2003 520 C._
2203 440 2416 512 Olymp.
2525 446 2774 520 timorum
2813 442 3156 520 populorum,
3195 441 3509 520 Pontiﬁces.
3547 437 3741 520 ME'rae.

477 506 603 578 ιῖιὶιξ
976 506 1003 520 ν
1565 506 1575 510 ⁷
1803 517 1930 567 ante
1955 516 2006 566 et
2269 506 2286 510 ⁷
2354 506 2375 512 ’
2521 515 2705 583 Reges,
2749 506 2836 570 res
2879 506 3040 583 geste
3081 506 3509 568 et'docum'enta.
3541 506 3758 565 Christi.

413 598 416 600 ’
429 599 479 653 et
502 593 610 652 1ηά
1757 591 1880 656 post
1895 583 2044 640 Pali!

2456 835 2798 892 reoticorum
2838 837 2990 892 tomo
3025 847 3066 891 ιι
3095 831 3293 890 Concil
3329 831 3447 888 Gen
3480 845 3535 901 p.

2453 921 2576 990 458,
2620 941 2804 995 nempe
2857 925 3001 979 Iulio
3049 923 3360 978 Constantio
3401 923 3542 976 ξηα-

2457 1017 2724 1070 strissimo
2760 1017 2990 1086 patricio
3034 1016 3208 1082 fratre
3245 1014 3539 1082 religiosu-

2453 1107 2582 1160 simi
2626 1106 2968 1160 Constantini
3022 1105 3170 1174 Aug.
3230 1108 3282 1159 et
3325 1105 3536 1172 Ruﬁno.

2447 1193 2651 1248 Albino
2699 1194 3018 1250 clarissimis
3099 1195 3186 1249 die
3233 1195 3283 1248 X
3346 1192 3543 1249 mensis

2455 1282 2607 1338 Thot.
2642 1283 2877 1339 Reland.

2517 1372 2620 1428 His
2661 1386 2788 1428 coss
2810 1372 2964 1429 Julio
2992 1372 3327 1430 Constantio
3356 1378 3412 1428 et
3431 1371 3539 1426 Αι-

2450 1459 2588 1517 bino
2621 1460 2787 1532 (quos
2813 1462 2957 1518 male
2976 1461 3348 1532 transcripsit
3365 1460 3543 1515 Ama-

2450 1551 2687 1606 nuensis
2740 1551 2957 1607 Malalze
2981 1553 3080 1608 Illo
3111 1557 3160 1606 et
3207 1551 3413 1605 Albino
3444 1563 3546 1619 pro

2444 1640 2586 1695 Julia
2633 1645 2682 1694 et
2737 1640 2939 1695 Albino
2985 1642 3312 1710 exprimens
3354 1652 3458 1710 pag
3494 1636 3547 1710 4)

2447 1742 2572 1784 term
2627 1729 2991 1784 Antiochenze
3041 1728 3146 1785 583
3195 1728 3544 1800 dignitatem

2450 1817 2757 1873 comitatus
2777 1819 3014 1874 secundi
3050 1817 3375 1873 Antiochiae
3400 1830 3551 1872 con-

689 1922 854 1970 notas
905 1911 973 1967 ad
1055 1908 1425 1979 Sylvestrum.
1475 1905 1576 1959 His
1640 1904 1778 1959 Coss
2451 1906 3094 1963 cessitConstantinus:
3150 1906 3250 1963 ubi
3277 1905 3552 1961 Ruﬁnum

688 2003 994 2073 signantur
1043 1998 1081 2052 l.
1124 1993 1208 2066 45,
1259 1994 1368 2051 Cod
1400 1993 1470 2048 de
1500 1991 1770 2049 delatori~
2249 1991 2268 2000 '
2453 1995 2692 2066 reliquit
2723 1996 2948 2066 praefect
2993 2011 3026 2052 a
3071 2009 3183 2068 quo
3213 1999 3548 2051 constructa

687 2091 816 2161 bus,
850 2090 1095 2158 ali-eque
1123 2086 1274 2156 apud
1307 2083 1647 2138 Relandum.
2453 2085 2717 2141 basilica.

755 2178 904 2233 Praef
927 2177 1057 2232 urbi
1088 2177 1276 2244 Ruﬁus
1316 2173 1544 2226 Albinus
1575 2185 1636 2226 III
1670 2168 1773 2225 Kal
2523 2175 2623 2229 His
2675 2189 2801 2231 coss
2845 2175 2881 2229 S
2926 2174 3207 2244 Sylvester
3260 2186 3401 2243 papa
3452 2173 3551 2229 die

689 2268 902 2322 Januar
922 2265 1090 2334 cujus
1117 2261 1426 2330 inscriptio
1458 2259 1672 2332 legitur
1714 2259 1775 2314 in
2452 2261 2515 2319 34
2551 2262 2875 2319 Decembris
2907 2269 3103 2319 sancto
3154 2262 3264 2318 ﬁne
3301 2261 3549 2331 complet

688 2355 958 2425 pluribus
1009 2350 1380 2421 ponderibus,
1446 2361 1663 2405 necnon
1716 2348 1776 2403 in
2453 2352 2817 2423 pontiﬁcatus
2848 2353 2941 2408 sui
2973 2366 3154 2408 annos
3187 2366 3278 2408 XXI
3309 2357 3364 2407 et
3396 2364 3545 2406 men-

686 2456 865 2498 marm
890 2439 1040 2509 apud
1072 2439 1282 2494 Gruter
1304 2450 1413 2508 pag
1440 2433 1568 2506 387,
1599 2443 1664 2493 ut
1685 2449 1776 2492 su-
2451 2455 2540 2497 ses
2588 2456 2644 2497 XI
2698 2442 2770 2496 ab
2821 2456 2934 2498 aera
2973 2442 3368 2498 Enthronismi
3419 2445 3548 2511 post

686 2546 808 2604 pra.
2442 2529 2775 2586 electionem
2805 2530 2902 2586 die
2930 2528 2991 2586 34
3033 2533 3247 2586 Januar
3276 2543 3552 2586 numera-

756 2616 1117 2678 Constantini
1175 2614 1542 2670 Tricennalia
1617 2613 1773 2670 edita
2453 2622 2541 2674 tos
2565 2619 2622 2673 in
2650 2619 2907 2692 catalogo
2931 2619 3340 2677 Liberiano.et
3363 2632 3545 2675 annos

687 2725 790 2768 VIII
822 2709 924 2764 Kal
950 2709 1077 2777 Aug
1104 2702 1639 2771 ConstantinOpoli:
1668 2701 1770 2773 qui
2453 2721 2620 2778 XXIII,
2673 2722 2893 2764 menses
2919 2722 2976 2778 X,
3013 2709 3140 2765 dies
3168 2723 3244 2764 χχ
3274 2709 3344 2764 ab
3379 2709 3548 2765 ordi-

686 2803 1048 2858 Constantem
1083 2795 1268 2851 ﬁlium
1316 2793 1642 2862 Augustum
1667 2793 1772 2848 dI—
2449 2797 2682 2853 natione
2713 2797 3027 2868 episcopali
3053 2802 3320 2869 suscepta
3357 2811 3550 2869 quan-

683 2892 784 2961 cit,
814 2894 871 2946 et
908 2887 1260 2944 Dalmatium
1309 2882 1509 2939 fratris
1541 2883 1634 2939 sui
1693 2882 1769 2938 0-
2449 2885 2521 2941 do
2546 2886 2866 2958 eligebatur
2891 2888 3146 2944 vicarius
3171 2901 3202 2957 a
3233 2887 3549 2943 Melchiade

687 2981 831 3038 lium
861 2980 1135 3035 Caesarem
1161 2980 1317 3032 creat
1346 2988 1443 3030 VIII
1494 2973 1598 3030 Kal
1640 2973 1767 3030 Oct.
2090 3037 2132 3049 κ
2451 2974 2547 3031 die
2574 2976 2875 3032 Dominica
2920 2991 2959 3032 X
2999 2977 3110 3033 Feb
3151 2974 3258 3034 342
3287 2978 3545 3049 signatos

903 901 916 914 .
951 899 963 912 .
1000 898 1013 911 .
1038 854 1230 912 Julius
1266 851 1659 908 Constantius.

683 899 823 955 Coss
899 899 1690 999 casara'sung"xl'n'ns..

755 1023 932 1078 Vetus
993 1015 1300 1085 inscriptio
1362 1011 1686 1081 Capitolina
1739 1023 1774 1066 a

687 1114 899 1170 Gruter
946 1121 1052 1178 pag
1076 1101 1200 1173 387,
1228 1109 1284 1159 et
1309 1115 1342 1158 a
1365 1099 1772 1157 Schelestratio

686 1201 842 1258 edita
866 1198 1042 1267 Antiq
1076 1193 1205 1250 Eccl
1233 1196 1384 1248 tomo
1416 1192 1457 1259 Ι,
1487 1192 1782 1259 computat

690 1290 760 1344 ad
811 1289 965 1344 hunc
993 1282 1284 1340 consulem
1314 1279 1612 1348 Cejonium
1644 1279 1770 1332 Ru-

690 1377 826 1432 ﬁum
843 1375 1118 1431 Albinum
1147 1375 1275 1441 post
1295 1368 1618 1425 Caesariana
1639 1373 1771 1422 tem-

689 1480 827 1537 pora
877 1477 1059 1520 annos
1107 1473 1398 1529 CCCLXXXI,
1456 1470 1658 1527 nempe
1701 1455 1771 1512 ab

684 1568 834 1611 anno
860 1551 946 1622 46,
1003 1556 1134 1608 ante
1164 1562 1333 1606 teram
1363 1546 1582 1604 Christi
1627 1558 1776 1600 com-

688 1657 948 1701 munem:
998 1642 1151 1697 unde
1181 1640 1410 1710 colligit
1435 1641 1586 1692 recte
1629 1648 1775 1691 con-

689 1735 961 1790 stitutum
1004 1732 1062 1786 in
1095 1742 1199 1786 sua
1237 1726 1310 1798 (et
1356 1724 1572 1797 nostra)
1595 1725 1775 1780 chro-
2090 1711 2141 1772 Β

689 1824 917 1894 nologia
975 1821 1126 1875 hunc
1178 1816 1575 1872 Consulatum.
1632 1814 1772 1870 Vide

683 3037 1178 3127 Hannabalianum
1235 3079 1367 3122 vero
1398 3077 1586 3134 regem
1628 3076 1776 3118 con-
2084 3037 2134 3101 α
2453 3065 2509 3120 in
2554 3066 2780 3135 pictura
2828 3067 3084 3122 basilicae
3112 3068 3149 3122 S
3192 3037 3376 3124 Pauli.
3409 3067 3550 3124 Vide

683 3162 881 3219 stituit
906 3173 997 3230 ap.
1019 3158 1294 3214 Caesarem
1336 3154 1534 3226 Syria.
1585 3152 1774 3211 Chron

2457 3161 2683 3212 nostras
2712 3160 2877 3212 notas
2905 3156 2974 3212 ad
2997 3155 3368 3228 Sylvestrum.

687 3251 888 3308 Pasch.

465 3357 608 3418 5049
751 3361 873 3430 Imp
916 3355 1331 3413 Constantinus
1393 3352 1521 3424 Aug
1579 3355 1650 3408 tr.
1712 3364 1766 3422 p.
1847 3345 1986 3406 4088

2273 3347 2338 3390 ιιι
2509 3334 2567 3390 S.
2619 3336 2846 3391 Mancus
2892 3335 3044 3392 sedit
3093 3348 3162 3390 ex
3190 3335 3287 3392 die
3319 3332 3404 3390 48.
3455 3335 3546 3390 Ja-
3637 3331 3740 3392 336

460 3455 527 3525 fi)
555 3457 591 3515 9
671 3457 741 3516 30
765 3464 823 3515 et
840 3423 939 3528 .31,
969 3471 1096 3514 coss
1117 3469 1240 3525 VIII,
1281 3453 1398 3522 imp
1433 3423 1599 3506 χχιιι.
1831 3444 1970 3504 4089

1964 3450 1970 3492 μ
2289 3437 2344 3480 Iv
2450 3437 2618 3494 nuar,
2671 3423 2822 3481 obiit
2869 3424 3048 3480 Nonis
3095 3423 3307 3481 Octobr
3355 3425 3408 3480 h.
3481 3437 3536 3480 a.

2451 3527 2610 3569 mens
2633 3527 2734 3569 VIII
2766 3514 2823 3570 d.
2867 3527 2964 3569 XX.
2999 3514 3095 3569 die
3118 3513 3416 3570 Dominica
3445 3510 3533 3568 48.

2444 3603 2703 3659 Januarii
2759 3602 2924 3674 (festo
2955 3603 3246 3660 Cathedrae
3291 3605 3347 3659 S.
3386 3602 3538 3658 Petri

2447 3694 2709 3749 Romanae
2733 3706 2802 3749 eX
2829 3693 3006 3750 dictis
3028 3707 3126 3764 per
3147 3707 3253 3751 nos
3279 3705 3452 3764 supra
3479 3693 3543 3749 in

2445 3782 2594 3838 serie
2616 3783 2776 3839 Rom.
2809 3785 2969 3848 Pont.
3002 3788 3059 3840 et
3088 3784 3149 3839 in
3180 3785 3335 3841 notis
3377 3782 3445 3838 ad
3471 3782 3530 3838 S.

2446 3872 2673 3928 Petrum
2713 3873 3030 3929 collocatur
3055 3876 3283 3930 Marcus
3314 3873 3372 3928 in
3401 3870 3537 3927 sede

2443 3960 2694 4018 Romana
2711 3976 3008 4020 successor
3035 3963 3319 4033 Silvestri,
3352 3963 3522 4032 cujus

2447 4051 2633 4108 fuerat
2661 4052 2936 4110 vicarius.
2974 4054 3128 4109 Unde
3160 4055 3217 4109 in
3245 4053 3391 4110 catal
3423 4053 3530 4108 Li-

450 3541 526 3669 ?)
553 3539 621 3670 ἐξ
679 3579 818 3636 Cass
900 3539 1408 3670 εῖῑίέἒὲῗιῗὲῗιὲῗ·

440 3704 620 3763 Indict
763 3708 825 3761 L.
851 3702 906 3774 5,
943 3718 994 3758 c.
1043 3702 1233 3757 Theod
1285 3701 1355 3757 de
1381 3693 1677 3767 sponsalib
1715 3697 1771 3750 et

511 3809 571 3851 ιχ
685 3793 817 3849 alia:
845 3791 998 3860 apud
1028 3789 1267 3844 Reland.

476 3888 578 3939 etX
759 3881 842 3935 Fl.
919 3875 1207 3946 Popillius
1280 3872 1637 3942 Nepotianus
1704 3872 1764 3927 in

679 3966 936 4025 nummis
977 3963 1128 4034 apud
1175 3963 1405 4018 Tristan
1459 3962 1516 4015 et
1544 3959 1770 4014 Medio-

677 4056 816 4113 bard
851 4051 1195 4110 inscribitur
1238 4053 1308 4122 is,
1343 4048 1444 4121 qui
1496 4051 1624 4118 post
1651 4059 1768 4103 cae—

673 4147 801 4202 dem
819 4141 1150 4200 Constantis
1177 4141 1488 4210 imperator
1512 4150 1545 4192 a
1572 4136 1771 4192 factio-

678 4235 764 4289 sis
787 4233 983 4288 dictus
1007 4242 1157 4285 anno
1186 4225 1313 4300 350,
1341 4228 1438 4283 die
1476 4223 1568 4296 28,
1601 4225 1766 4280 occi-

673 4336 776 4378 sus
807 4319 938 4376 fuit.

746 4406 897 4464 Praef
920 4405 1046 4464 urbi
1073 4407 1262 4476 Ruﬁus
1287 4404 1548 4459 Albinus.

739 4497 1106 4555 Constantini
1133 4510 1247 4552 χχχ
1268 4496 1456 4551 Romae
1482 4488 1762 4547 celebrari

2443 4139 2543 4196 ber
2565 4140 2787 4196 dicitur
2815 4141 3033 4199 sedisse
3065 4155 3286 4199 menses
3312 4140 3366 4197 8.
3398 4141 3529 4197 dies

2445 4243 2541 4284 χχ.
2588 4225 2680 4302 [ex
2714 4227 2782 4285 48
2829 4233 3090 4289 Januarii
3130 4233 3198 4289 ad
3229 4231 3283 4289 6.
3314 4231 3527 4289 Octobr

2445 4319 2501 4374 h.
2535 4316 2611 4392 a.]
2643 4323 2699 4375 et
2726 4321 2785 4376 in
2814 4321 3060 4392 picturis
3092 4322 3240 4379 Basil
3271 4323 3326 4379 S.
3361 4321 3524 4378 Pauli

2442 4409 2655 4480 legitur
2693 4411 2912 4468 sedisse
2945 4409 3078 4486 [qua
3111 4413 3380 4483 vicarius,
3412 4412 3527 4468 sci-

2440 4497 2576 4555 licet
2624 4515 2737 4572 qua
2781 4499 3058 4576 pontifex]
3095 4515 3208 4558 ann
3241 4517 3304 4559 ιι.
3364 4515 3522 4558 mens

673 4587 990 4644 debuerant
1033 4600 1101 4643 ex
1129 4585 1306 4642 dictis
1349 4597 1447 4654 per
1475 4581 1610 4637 card
1641 4580 1760 4635 Νο-
2439 4601 2542 4644 Vill
2567 4589 2694 4646 dies
2708 4604 2829 4646 XXI.
2858 4591 2998 4648 Vide
3019 4598 3183 4649 notas
3199 4592 3268 4650 ad
3291 4593 3348 4648 S.
3377 4593 3522 4648 Mar-

686 4678 770 4733 ris
796 4677 867 4732 de
885 4675 922 4732 2
943 4690 1138 4733 ιιιιιιιιιι
1168 4675 1330 4730 Licin
1355 4680 1443 4729 etc
1465 4687 1518 4743 p.
1541 4667 1631 4740 73,
1661 4667 1758 4724 sed

1016 4690 1138 4732 .mrn
1168 4675 1330 4730 Licin
1355 4680 1443 4729 etc
1465 4687 1518 4743 p.
1541 4667 1631 4740 73,
1661 4667 1758 4724 sed
2435 4689 2588 4733 cum.

677 4779 779 4836 per
829 4766 953 4835 ejus
997 4764 1316 4821 absentiam
1373 4763 1531 4819 edita
1589 4760 1644 4814 h.
1699 4772 1754 4815 a.
2506 4768 2569 4820 In
2637 4768 2852 4837 synodo
2916 4769 3191 4826 Constant
3265 4769 3518 4840 deponi-

676 4867 786 4911 non
811 4854 1082 4926 leguntur
1109 4854 1169 4909 in
1206 4852 1404 4909 Occid.
2436 4859 2532 4911 tur
2555 4856 2857 4913 Marcellus
2875 4857 3230 4930 Ancyranus,
3259 4864 3314 4915 et
3336 4872 3514 4914 exsu-

2433 4943 2810 5014 larejubetur
2857 4950 2912 5002 S.
2945 4946 3321 5005 Athanasius.
3369 4947 3507 5002 Vide

455 5138 600 5199 5050
2207 5132 2362 5202 Olym
2427 5135 2590 5188 notas
2623 5133 2693 5189 ad
2723 5135 2779 5190 S.
2811 5135 3064 5191 Marcum

453 5235 524 5306 {ea
561 5235 628 5294 40
739 5237 858 5305 Imp
899 5234 1312 5290 Constantinus
1345 5233 1642 5301 Augustus
1669 5235 1742 5286 tr.
1819 5229 1958 5288 4089

2238 5219 2345 5280 278
2484 5223 2677 5277 JULIus
2727 5224 3030 5281 ordinatus
3053 5225 3358 5296 episcopus
3407 5225 3499 5279 his
3607 5221 3726 5282 337

441 5316 612 5390 045
676 5332 728 5389 p.
763 5313 854 5385 3|,
913 5329 1042 5370 coss
1089 5329 1211 5381 VIII,
1265 5314 1385 5382 imp
1439 5324 1607 5382 χχιιι,
1658 5311 1754 5368 die
1821 5311 1959 5370 4090

1930 5311 1959 5369 0
2247 5325 2304 5368 Iv
2413 5310 2548 5367 Coss
2591 5307 2678 5385 [ex
2721 5313 2866 5368 catal
2917 5311 3104 5388 Liber]
3154 5315 3250 5370 die
3300 5313 3502 5369 Domi-

491 5412 535 5465 B
666 5421 727 5464 XI
770 5403 873 5460 Kal
901 5403 1060 5459 Junii
1105 5403 1227 5459 obit
1276 5414 1450 5472 pr0pe
1478 5401 1750 5458 Nicome—
2250 5407 2307 5458 et
2424 5401 2550 5458 nica
2591 5400 2643 5457 6.
2679 5401 2819 5458 Febr
2849 5405 3000 5459 sedit
3028 5418 3142 5460 ann
3197 5417 3291 5460 xv.
3329 5416 3486 5459 mens

432 5495 612 5552 Indict
669 5497 846 5554 diam.
878 5493 1069 5552 Chron
1115 5489 1292 5549 Pasch
1343 5495 1399 5549 et
1438 5491 1637 5549 Socrat
1665 5490 1747 5548 lib
2227 5486 2336 5550 279
2421 5506 2484 5564 ιι,
2516 5492 2641 5548 dies
2659 5507 2732 5563 γι,
2763 5507 2944 5564 usque
2974 5495 3044 5551 ad
3072 5496 3209 5552 Coss
3225 5494 3360 5551 anni
3391 5489 3502 5549 352

428 5601 467 5643 χ
491 5590 542 5642 et
566 5597 626 5642 XI
675 5600 741 5659 II,
769 5592 876 5643 etc.
2269 5595 2291 5635 ι
2423 5582 2820 5641 Constantium
2875 5598 2928 5657 v,
2959 5589 3018 5641 et
3057 5584 3229 5643 Const
3265 5583 3498 5640 Gallum
