3946 6146
155 235 255 293 647
1075 253 1413 317 CHRONOL.
1454 261 1501 316 A
1537 263 1592 318 S.
1633 263 2002 325 SILVESTRO
2040 271 2134 327 AD
2170 275 2226 330 S.
2275 275 2485 337 GREG.
2527 284 2600 337 M.
2634 343 2638 350 ,

208 375 353 456 Anni
399 381 774 449 Imperatores,
843 387 1098 448 Consules
1192 401 1467 456 Romano-

225 454 320 532 ξεῖ
503 467 650 521 rum,
680 471 765 511 res
793 464 977 525 gesta,
1005 469 1057 520 et
1093 454 1434 528 documento.
1544 454 1698 532 HC.

219 525 341 602 {ab
1505 525 1708 602 anteet

173 601 220 651 et
239 595 355 650 1nd.
1463 595 1766 688 post'i’dtil.
1872 627 1877 632 '

477 899 739 958 Divisum
789 905 1092 976 imperium
1140 914 1290 972 inter
1335 918 1488 974 Con-

402 989 649 1045 stantini
703 991 935 1052 liberos.
983 1001 1334 1060 Constantino
1381 1011 1488 1063 Jun

408 1083 548 1134 natu
582 1081 831 1139 maximo
857 1086 1069 1159 obtigit
1097 1092 1307 1161 Gallia,
1341 1099 1486 1154 Con-

403 1169 578 1222 stanti
648 1171 835 1243 Italia,
903 1174 1098 1233 Africa
1164 1182 1482 1254 Illyricum,

399 1261 454 1310 et
482 1257 926 1319 Ponte—Euxino
949 1265 1215 1340 ﬁnitima,
1237 1279 1292 1328 et
1320 1271 1484 1330 Afri-

398 1358 476 1400 ca:
497 1347 786 1418 quidquid
808 1352 876 1407 ad
919 1354 1320 1430 Carthaginem
1348 1376 1485 1433 per-

407 1433 550 1489 tinet
586 1442 913 1497 communia
943 1457 1072 1500 cum
1102 1449 1478 1507 Constantino.

407 1521 722 1579 Constantio
797 1537 985 1587 autem
1052 1533 1188 1591 Asia
1261 1540 1475 1611 oriens,

399 1610 687 1682 Egyptus.
750 1619 1014 1677 Zosimus
1059 1623 1141 1680 lib
1169 1623 1207 1681 2
1245 1640 1348 1698 cap
1408 1610 1480 1686 39

581 1761 595 1774 .
633 1763 645 1775 .
684 1764 695 1776 .
735 1725 1081 1784 Felicianus.

400 1751 534 1810 COSS
581 1761 595 1774 .
633 1763 645 1775 .
684 1751 1081 1810 ..ι’ῠιιιξιξιιιυδ.

571 1795 1104 1857 'FablusTitianus.

466 1883 642 1938 Vetus
691 1884 936 1956 inscript
968 1890 1028 1945 in
1071 1905 1212 1948 coam
1243 1894 1280 1949 S
1331 1896 1477 1952 Her—

401 1973 567 2027 metis
593 1973 650 2027 in
680 1974 992 2047 Prolegom.

471 2061 528 2114 L.
564 2058 616 2128 2,
649 2075 702 2117 c.
729 2064 917 2122 Theod
936 2067 1006 2122 de
1035 2071 1272 2127 contrah
1299 2078 1469 2144 empt.

395 2153 451 2202 et
473 2148 602 2204 aliae
627 2153 776 2220 apud
810 2154 1045 2211 Reland.

462 2238 698 2294 'Fabius
747 2241 1015 2299 Titianus
1057 2259 1184 2302 coss
1233 2248 1477 2307 ordina—

403 2326 528 2382 rius
556 2326 776 2384 dicitur
815 2330 874 2385 in
905 2339 995 2387 vet
1019 2332 1112 2404 lap
1140 2335 1268 2394 Mus
1294 2339 1476 2395 Alba-

393 2414 476 2483 ni,
518 2421 574 2469 et
613 2415 756 2485 praef
798 2418 934 2474 Urbi
991 2422 1198 2480 iterum
1253 2421 1477 2499 [nempe

391 2515 503 2582 any
534 2501 640 2582 35.0
669 2511 723 2582 et
750 2503 898 2582 351]:

461 2573 610 2629 Praef
677 2576 812 2633 Urbi
856 2573 1141 2639 'Valerius
1212 2587 1473 2644 Proculus

393 2662 496 2732 qui
527 2663 865 2722 L.Aradius.
888 2668 986 2724 Val
1019 2670 1293 2731 Proculus
1319 2677 1469 2745 apud

388 2750 773 2894 ϐνιέἓ8364Λ
822 2759 878 2812 et
913 2755 1038 2830 362,
1085 2757 1124 2817 2
1164 2770 1222 2818 et
1268 2764 1473 2821 Reines

391 2851 450 2894 ι).
589 2879 603 2894 .

391 2851 450 2907 p,
480 2851 603 2894 ωδ.

198 3061 316 3121 5054
469 3064 492 3122 4
521 3068 716 3140 imppp
754 3072 935 3129 Caasss
971 3075 1031 3130 F1
1061 3077 1470 3136 Constantinus

168 3151 228 3222 θ
276 3151 331 3208 44
408 3156 514 3211 Jun
546 3159 672 3231 Aug
711 3165 779 3216 tr.
826 3177 877 3232 p.
915 3162 937 3217 4
973 3170 1029 3219 et
1077 3179 1144 3221 ex
1169 3182 1200 3223 v
1238 3169 1320 3224 Id.
1349 3169 1484 3240 Sept

170 3245 229 3315 θ
281 3241 344 3299 46
419 3249 488 3299 tr.
524 3261 663 3316 p.11,
694 3263 820 3306 coss
847 3265 922 3306 ιν.

256 3331 302 3385 Α
497 3332 533 3389 2
555 3341 612 3390 et
641 3337 700 3391 F1
730 3339 821 3394 Jul
847 3339 1218 3400 Constantius
1243 3344 1370 3426 Aug
1397 3353 1469 3407 tr.

182 3419 342 3476 lndict
407 3437 459 3491 p.
487 3430 578 3478 iet
607 3438 675 3480 ex
709 3439 736 3478 ν
767 3428 822 3483 ld
844 3428 977 3498 Sept
1006 3445 1044 3485 ιι
1078 3447 1225 3489 coss.

234 3521 286 3562 xx
470 3508 504 3566 3
532 3518 586 3568 et
616 3513 788 3570 FlJul
809 3517 1090 3574 Constans
1119 3520 1244 3593 Aug
1274 3529 1347 3578 tr.
1373 3538 1428 3594 p.
1455 3540 1475 3578 1

197 3601 320 3653 etxu
392 3607 449 3656 et
472 3615 540 3657 ex
568 3617 597 3656 v
627 3603 709 3659 1d.
758 3605 892 3676 Sept
936 3622 975 3662 ιι
1016 3622 1144 3666 coss
1172 3611 1398 3685 design.

597 3730 610 3743 .
649 3729 662 3743 .
695 3733 706 3744 .
736 3693 936 3750 Ursus.

602 3799 614 3814 .
653 3801 667 3814 .
699 3803 710 3815 .
745 3765 1048 3824 Polemius.

459 3847 754 3919 Antiquus
794 3851 941 3922 lapis
974 3859 1099 3911 Mus
1129 3859 1336 3929 nostri,
1370 3862 1470 3932 qui

389 3939 540 4006 apud
584 3939 899 3997 Boldettum
935 3945 1004 4000 de
1033 3955 1234 4002 cmmet
1274 3964 1379 4022 pag
1405 3948 1476 4006 85

385 4032 441 4080 et
467 4027 663 4083 Mabill
695 4029 765 4084 de
798 4045 855 4086 re
901 4033 1117 4103 diplom
1155 4043 1196 4090 t.
1228 4035 1261 4092 2
1283 4038 1339 4092 in
1366 4039 1476 4094 line

394 4119 452 4168 et
476 4123 638 4170 senat
686 4116 901 4174 Bonarr
955 4121 1025 4176 de
1075 4125 1244 4180 vitris
1273 4135 1476 4183 coemet

387 4215 442 4270 p.
472 4207 528 4258 et
556 4217 622 4259 ex
653 4205 692 4260 l.
722 4205 775 4276 2,
800 4222 850 4262 c.
875 4210 1061 4265 Theod
1109 4214 1178 4268 de
1229 4217 1470 4272 contrah

384 4298 539 4361 empt
568 4294 820 4365 aliisque
845 4299 994 4368 apud
1028 4301 1359 4360 Relandum.

458 4381 603 4437 Praef
639 4383 776 4440 Urbi
817 4387 1078 4444 Maecilius
1111 4391 1464 4449 Hilarianus.

389 3724 536 3780 Coss

174 4935 304 4998 5052
450 4949 646 5021 Imppp
685 4951 866 5010 Caesss
913 4955 996 5010 F1.
1049 4955 1462 5016 Constantinus

151 5025 213 5096 θ
269 5028 336 5089 42
391 5035 498 5092 Jun
526 5041 650 5112 Aug
671 5046 740 5097 tr.
774 5059 828 5112 p.
860 5041 974 5100 2et
1001 5043 1056 5117 3,
1091 5061 1264 5102 cosxv

151 5118 210 5186 ξ)
254 5117 336 5208 47
465 5125 840 5186 Constantius
885 5133 1011 5205 Aug
1050 5139 1120 5189 tr.
1156 5150 1209 5204 p.
1259 5133 1376 5192 2et
1403 5133 1456 5208 3,

237 5206 280 5262 G
399 5226 498 5268 cos
530 5229 592 5270 ιι.
636 5218 920 5276 Constans
967 5223 1095 5295 Aug
1124 5229 1196 5278 tr.
1242 5240 1293 5294 p.
1335 5223 1370 5282 2
1401 5206 1459 5283 et

155 5291 318 5351 Indict
373 5298 426 5367 3,
455 5316 573 5359 cos.

369 5426 475 5484 Cos
543 5395 663 5484 imp
816 5400 1189 5484 Constantius
1216 5403 1342 5476 Aug
1393 5419 1454 5460 ιι.

175 5459 326 5512 emn
370 5459 475 5484 W°
546 5459 670 5537 Imp
700 5470 780 5525 F1.
811 5470 1090 5530 Constans
1120 5478 1264 5546 Aug.

443 5552 505 5609 L.
567 5551 621 5626 4,
667 5571 718 5612 c.
781 5559 969 5616 Theod
1018 5562 1090 5618 de
1143 5563 1355 5620 Praetor
1397 5569 1456 5620 et

340 5656 574 5716 PATROL.
634 5662 904 5722 CXXVII.

1545 3077 1684 3138 4090
1779 3049 1829 3109 ο

1548 3167 1678 3226 4094

1785 4394 1840 4456 D

1538 4957 1668 5017 4094

1537 5049 1560 5106 4
1569 5049 1676 5106 092

1999 4955 2038 4997 ll

1977 5043 2041 5086 III

1550 403 1705 459 Anni
1805 390 1866 452 A
1960 393 2116 451 Anni
2177 400 2631 468 Christianorum,
2671 409 2980 469 Iudaeorum
3019 420 3073 470 et
3117 421 3254 486 ﬁni—
3309 424 3466 482 Anni

1550 477 1606 520 Π-
1643 479 1698 520 Π-
1925 464 2135 520 01mm).
2249 477 2502 520 timorum
2548 482 2870 520 nnnulmmm
2941 487 3216 520 Βηκιςθηηη
3336 498 3455 520 ιπημ

1990 484 2135 540 ymp.

2249 477 2502 558 timorum
2541 482 2892 550 populorum,
2933 477 3236 558 Pontiﬁces,
3311 477 3457 553 Εἱἕῷ

2239 546 2425 619 Reges,
2474 564 2560 604 res
2598 546 2761 618 gesta
2815 546 2889 610 et'
2912 546 3248 618 documenta:
3297 546 3500 625 ἀῆἠξεί

2162 887 2280 944 Ctes
2311 890 2452 948 Vide
2479 898 2642 952 notas
2665 896 2814 956 infra
2840 901 2907 957 ad
2928 903 3148 963 Julium

2225 979 2369 1034 Dum
2441 976 2500 1036 in
2560 985 2756 1043 Persas
2819 994 3242 1061 expeditionem

2163 1067 2402 1125 molitur
2441 1071 2852 1135 Constantinus
2894 1083 3046 1138 diem
3097 1085 3238 1144 obit.

2228 1157 2406 1228 Sapor
2448 1161 2745 1222 Persarum
2797 1182 2894 1224 rex
2921 1173 3246 1244 Mesopota-

2161 1245 2334 1301 miam
2368 1247 2651 1308 invaserat
2680 1255 2911 1313 Nisibin
2947 1263 3245 1331 populatu-

2165 1348 2283 1397 rus,
2314 1351 2482 1406 quam
2513 1354 2644 1398 cum
2697 1357 2796 1413 per
2825 1347 2951 1405 dies
2974 1348 3046 1406 63
3089 1351 3246 1411 obse-

2157 1423 2356 1494 disset,
2381 1427 2669 1499 disperata
2696 1441 3121 1510 oppugnatione
3143 1458 3241 1501 re-

2157 1514 2349 1569 cessit.
2377 1516 2562 1574 Chron
2589 1521 2786 1579 Pasch.

2226 1604 2548 1664 Dalmatius
2573 1610 2758 1667 Caesar
2778 1621 2831 1670 et
2849 1617 3239 1679 Hannabalia—

2156 1703 2265 1746 nus
2314 1694 2662 1754 nobilissimi
2711 1701 2885 1761 titulo
2913 1708 3160 1767 donatus
3183 1719 3239 1769 et

2154 1779 2325 1852 Regis
2341 1796 2372 1837 a
2397 1783 2773 1846 Constantino
2799 1797 3030 1864 propter
3051 1812 3237 1869 agna—

2154 1868 2333 1926 tionis
2376 1877 2767 1934 reverentiam.
2824 1882 3009 1940 Zosim
3064 1868 3148 1943 lib
3175 1887 3232 1961 2,

2152 1971 2255 2027 cap
2277 1958 2370 2015 29.
2417 1963 2520 2018 Sed
2571 1964 2726 2022 brevi
2781 1973 2957 2030 occisi
3018 1984 3153 2033 sunt
3198 1958 3232 2036 ά

2151 2047 2506 2108 Constantio.
2583 2056 2772 2114 Roma:
2835 2063 3158 2124 Concilium
3197 2085 3230 2127 a

2149 2136 2304 2194 Julio
2338 2140 2478 2211 Papa
2497 2144 2865 2216 celebratum,
2900 2153 2958 2208 in
2981 2170 3094 2225 quo
3120 2159 3232 2212 Ni—

2149 2231 2290 2282 caeni
2335 2229 2579 2288 Concilii
2627 2237 2765 2293 Acta
2810 2242 3043 2310 probata
3091 2256 3229 2305 sunt

2149 2321 2204 2371 et
2240 2316 2474 2377 haeresis
2503 2325 2715 2384 Ariana
2740 2331 3026 2389 damnata.
3077 2337 3233 2393 Peta-

2149 2405 2280 2464 vius
2322 2422 2390 2464 ex
2435 2412 2679 2472 Baronio
2719 2431 2775 2472 n.
2808 2433 2982 2490 vau,
3033 2429 3088 2479 et
3120 2426 3228 2482 Isi-

2149 2494 2326 2552 dorus
2355 2500 2632 2558 Mercator
2664 2511 2732 2560 ex
2763 2507 2884 2563 hist
2913 2510 3229 2581 Tripartita

2147 2581 2252 2639 Sed
2287 2585 2416 2642 vide
2461 2590 2696 2661 Pagium
2731 2607 2786 2648 η.
2819 2600 3034 2667 vm,ad
3071 2600 3126 2656 h.
3167 2617 3222 2660 a.

2217 2671 2480 2742 Synodus
2506 2680 2950 2742 Mediolanensis
2983 2688 3040 2744 in
3070 2690 3228 2746 Cau-

2147 2773 2210 2816 sa
2277 2763 2530 2835 Photini,
2604 2773 2930 2838 praesentib.
3001 2779 3230 2852 Legatis

2146 2850 2202 2904 S.
2231 2851 2413 2919 Sedis,
2446 2856 2549 2912 hoc
2570 2871 2722 2916 anno
2755 2863 3057 2922 celebrata.
3087 2850 3233 2925 'Vide

2148 2945 2312 2996 notas
2333 2943 2491 3015 Pagii
2517 2947 2585 3001 ad
2609 2949 2851 3007 Julium.

2212 3063 2354 3120 Julii
2381 3081 2517 3123 anni
2542 3074 2597 3126 et
2623 3068 2678 3126 2.

2211 3151 2567 3214 Athanasius
2623 3175 2656 3216 a
2701 3162 3078 3223 Constantino
3117 3171 3228 3226 Jun

2150 3252 2279 3293 cum
2313 3241 2527 3298 litteris
2559 3247 2962 3307 Alexandriam
3018 3257 3234 3309 remis-

2152 3339 2253 3380 sus
2307 3341 2510 3399 magno
2566 3346 2695 3388 cum
2752 3335 2966 3394 honore
3016 3340 3228 3398 ibidem

2151 3420 2423 3483 exceptus
2453 3425 2557 3475 est.
2607 3422 2775 3477 Petav
2816 3429 2873 3482 et
2915 3429 3235 3486 Theodoret

2155 3501 2238 3559 lib
2263 3501 2316 3575 2,
2351 3520 2400 3561 c.
2452 3505 2501 3577 4,
2547 3516 2603 3564 et
2632 3512 2817 3568 Athan
2847 3516 2989 3584 Apol
3018 3515 3054 3572 2

2220 3593 2514 3651 Constanti
2527 3601 2774 3668 usexped
2786 3601 3021 3660 itionem
3040 3607 3097 3662 in
3112 3607 3236 3663 Per-

2155 3693 2247 3736 sas
2272 3684 2522 3754 suscipit
2539 3693 2596 3741 et
2617 3686 2940 3748 Antiochia:
2967 3707 3000 3749 a
3029 3697 3085 3751 S.
3111 3696 3232 3767 Spi-

2153 3769 2379 3843 ridione
2407 3786 2440 3827 a
2477 3774 2669 3832 morbo
2713 3787 2972 3840 curatur.
3026 3785 3107 3841 lbi
3163 3799 3233 3843 ex

2153 3841 2429 3911 Metaphr.

2221 3931 2400 4000 Sapor
2451 3935 2748 3994 Persarum
2815 3942 2931 3998 Rex
2995 3945 3226 4002 Nisibin

3317 3081 3428 3140 333

2150 4019 2268 4074 acri
2297 4019 2599 4081 obsidione
2616 4030 2822 4096 premit
2843 4029 2878 4085 2
2900 4034 3228 4104 mensibus;

2149 4109 2245 4164 sed
2275 4123 2306 4164 a
2325 4111 2381 4165 S.
2425 4112 2631 4170 Jacobo
2661 4117 2941 4190 Episcopo
2991 4123 3234 4193 propul-

2149 4203 2328 4254 satur.
2381 4199 2461 4255 lbi
2519 4217 2586 4258 ex
2650 4205 2978 4279 Hieronymi
3053 4211 3233 4268 chron

2147 4285 2500 4347 Theodoreto
2528 4317 2541 4349 ι
2560 4298 2583 4348 t
2605 4293 2855 4353 Juliano.

2203 4377 2367 4435 Anno
2401 4380 2630 4451 imperii
2674 4385 3004 4445 Constantis
3046 4391 3232 4461 primo

2145 4465 2419 4524 Lidorius
2447 4471 2751 4529 ordinatur
2791 4475 3110 4548 Episcopus
3134 4494 3234 4537 se-

2141 4557 2368 4612 cundus
2410 4558 2853 4617 Turonensium.
2899 4565 3003 4622 Hic
3040 4569 3233 4624 aedili-

2142 4644 2295 4699 cavit
2317 4644 2624 4702 Ecclesiam
2657 4650 2900 4720 primam
2935 4653 3088 4710 intra
3115 4655 3231 4710 Ur-

2142 4729 2265 4786 bem
2293 4733 2635 4792 Turonicam
2669 4737 2725 4793 S.
2769 4739 2986 4810 Gregor
3031 4743 3226 4800 Turon

2140 4817 2224 4875 lib
2250 4837 2286 4876 χ
2313 4822 2429 4878 hist
2461 4825 2657 4882 Franc.

2219 4946 2360 5001 Julii
2387 4948 2629 5006 ann2et
2656 4950 2709 5007 3.
3311 4955 3419 5014 339

2216 5031 2500 5092 Eusebius
2530 5039 3004 5112 Nicomediensis,
3051 5044 3218 5114 ejus-

2141 5137 2251 5192 que
2294 5122 2546 5183 fautores
2590 5129 2823 5199 Legatos
2867 5131 3107 5190 mittunt
3144 5135 3212 5191 ad

2137 5213 2374 5284 Julium,
2406 5221 2461 5272 et
2489 5217 2948 5291 Constantinum,
2975 5229 3032 5280 et
3059 5219 3215 5281 Con-

2133 5309 2375 5361 stantem
2419 5321 2547 5363 cum
2600 5311 3059 5379 expostulatione
3100 5316 3211 5371 ad-

2105 5398 2330 5449 versus
2371 5395 2748 5454 Athanasium
2779 5417 2792 5454 :
2828 5402 2926 5471 qui
2958 5402 3030 5459 ab
3079 5405 3204 5473 ejus
3290 5433 3301 5442 ·

2133 5482 2356 5553 Legatis
2384 5485 2664 5544 confutati
2695 5491 2956 5561 generale
2991 5493 3204 5549 Conci-

2133 5568 2277 5628 lium
2323 5575 2635 5644 postulant.
2682 5578 2936 5638 Athanas
2977 5580 3113 5651 Apol
3160 5595 3203 5638 ιι

3065 5686 3138 5744 20
