3946 6146
139 331 231 393 029
1052 327 1397 386 CHRONOL.
1437 327 1484 385 A
1519 327 1577 384 S.
1611 325 2002 384 SYLVESTRO
2035 325 2129 383 AD
2164 325 2218 382 S.
2261 324 2470 384 GREG.
2511 325 2586 380 M.
3405 317 3512 378 630

181 477 322 534 Anni
413 476 790 543 Imperatores,
842 471 1094 528 Consules
1150 476 1425 529 Romano-
1521 475 1676 529 Anm‘

1905 455 2091 543 “Anni
2149 455 2610 543 Christianorum,
2642 450 3039 543 Iudaeorum?
3082 451 3220 543 ﬁni-
3294 450 3450 543 Λιξιηὶ

182 554 289 607 Per.
465 521 610 610 fil-1m,
638 561 722 601 res
743 521 904 614 g’estw
950 549 1001 600 et
1056 545 1394 600 documenta.
1521 521 1601 599 'U.

1901 524 2111 596 Olymp.
2145 532 2397 614 tirno-rum
2439 524 2771 614 pppufocum
2816 523 3117 614 Pontiﬁces,
3149 524 3245 578 Re-
3261 521 3449 614 "Frag

465 590 477 600 ’
499 590 610 610 ’Μ’
639 590 720 601 ’π
743 590 900 614 am"
951 590 998 600 ﬂ
1057 590 1394 600 “nmmum
1515 590 1737 671 αξιὶενεε
1967 590 1984 595 ⁷
2050 590 2071 596 ’
2146 607 2238 667 ges
2263 613 2348 653 res
2373 590 2536 667 gestae
2563 600 2613 652 et
2643 590 2985 650 documenta.
3105 590 3113 593 ⁷
3259 590 3482 646 Christi.

169 699 211 750 et
229 691 330 747 Ind
1416 691 1549 757 post
1599 687 1746 742 Pam
3365 705 3370 708 »

2149 848 2609 905 continuatorem
2643 845 2860 901 vixisse
2899 843 3010 900 sub
3048 843 3231 899 Hera-

2150 938 2265 994 clio
2290 939 2445 994 circa
2474 950 2686 993 annum
2718 936 2846 1006 ejus
2870 948 2968 990 xx.

194 1047 324 1108 5068
465 1048 607 1116 Imp.
651 1044 770 1100 Caes
817 1043 1190 1100 Constantius
1224 1043 1352 1115 Aug
1395 1048 1470 1100 tr.
1549 1040 1686 1098 4407

1982 1044 2026 1083 ιι
2224 1025 2437 1083 Liberii
2470 1027 2631 1096 Papae
2660 1023 2695 1081 3
2723 1035 2778 1080 et
2799 1022 2858 1079 4.
3313 1015 3421 1075 355

172 1145 230 1215 ξ)
299 1134 369 1194 28
398 1152 452 1207 p.
490 1109 568 1189 48'
587 1141 643 1189 et
672 1131 737 1188 49
767 1146 864 1188 cos
891 1146 992 1186 vn.
1320 1109 1346 1115 ⁷
1550 1129 1688 1188 4408
1974 1131 2036 1171 ιιι
2219 1115 2485 1171 Liberius
2534 1127 2805 1170 recusans
2861 1109 3227 1168 subscribere

167 1199 226 1310 ὅ
297 1234 362 1292 It
400 1199 414 1207 -
460 1233 542 1290 F1.
562 1230 1022 1288 ClaudJulian’us
1044 1231 1230 1286 Caesar
1252 1229 1500 1286 dicitur‘

2150 1205 2508 1262 damnationi
2531 1202 2836 1259 Athanasii
2869 1203 2928 1258 in
2952 1199 3223 1256 exsilium

255 1327 298 1382 A
342 1290 354 1292 ⁷
394 1324 494 1395 qui
573 1327 696 1377 erat
757 1319 909 1376 Galli
977 1320 1217 1376 Caesaris
1296 1318 1472 1375 frater
2152 1294 2391 1395 Pellil‘ulf‘
2420 1291 2836 1395 Ιιξίδηέὶιιξξιδῐὶ
2883 1290 3229 1395 νὶίξςηῐιοξὲιε

167 1379 346 1472 Iudaei.
386 1379 517 1469 illi“.
546 1411 629 1467 ω,
665 1409 932 1466 Novemb,
2151 1398 2259 1455 pag
2308 1382 2375 1439 46
2428 1390 2484 1438 et
2541 1380 2626 1437 48.
2680 1381 2912 1437 Necnon
2970 1379 3228 1434 Hilarius

178 1470 302 1559 sm
386 1539 531 1594 COSS
604 1498 684 1554 F1.
720 1539 732 1551 .
761 1539 774 1550 ,
796 1497 1081 1581 Arbeujo,
2147 1474 2340 1529 Pictav
2361 1472 2538 1574 Fpisc
2570 1477 2627 1527 et
2657 1470 2970 1572 Rhodanus
2997 1470 3230 1568 episco—

178 1583 218 1631 et
258 1589 350 1631 xxv
609 1612 622 1624 .
663 1611 675 1624 .
715 1611 727 1624 .
767 1611 779 1622 .
814 1609 828 1623 .
867 1569 1183 1625 Lollianus.
2148 1577 2255 1632 pus
2297 1562 2519 1632 aliique
2567 1561 2796 1617 exsules
2845 1565 3026 1615 totius
3065 1557 3226 1614 orbis

461 1664 674 1718 Gruter
715 1656 854 1714 4055
884 1656 918 1714 4
954 1659 1277 1730 Aringhius
1315 1658 1376 1712 T.
1410 1655 1464 1713 2.
2147 1628 2342 1708 studio
2385 1628 2680 1706 celebrati.
2724 1649 2884 1718 Sulp.
2927 1649 3050 1702 Sev.
3096 1662 3139 1699 ιι
3169 1651 3227 1700 et
3309 1628 3315 1633 “

390 1770 444 1825 p.
479 1749 585 1807 287
616 1749 718 1806 cod
756 1748 948 1807 Theod
979 1746 1110 1806 1.42
1137 1750 1207 1804 de
1244 1749 1471 1818 Episco-
1778 1786 1832 1825 η
2144 1744 2293 1812 apud
2331 1743 2539 1797 Hieron
2574 1742 2632 1795 in
2659 1740 2837 1794 chron
2883 1739 3159 1804 Donatus,
3190 1747 3225 1789 a

392 1786 503 1916 :is,
525 1843 803 1913 etc.apud
827 1841 1058 1897 Reland.
1089 1840 1167 1896 F1.
1201 1786 1470 1894 Jullianus
1778 1786 1833 1849 B
2148 1786 2262 1902 qiuo
2304 1829 2633 1897 Donatiani,
2678 1826 3023 1897 Carthagine
3067 1786 3226 1894 pelli-

387 1935 577 1990 Cazsar
595 1932 781 1989 factus
805 1930 1203 2000 Transalpinis
1236 1928 1470 1999 prarﬁci-
2147 1928 2266 1977 tur:
2296 1921 2464 1990 cujus
2485 1923 2797 1974 sectatores
2813 1917 3046 1986 quidam
3069 1916 3223 1970 Mon-

392 2033 509 2093 tur,
552 2023 723 2093 eique
762 2021 967 2076 Helena
1009 2017 1330 2074 Constantii
1362 2031 1465 2073 so-
2144 2018 2331 2066 tenses
2373 2010 2540 2075 dicti,
2589 2007 2738 2079 quod
2791 2005 2977 2061 Romae
3019 2003 3223 2059 Eccle—

390 2092 504 2170 ror
561 2092 749 2168 nubit.
806 2108 1069 2165 Ammian
1123 2108 1308 2162 Zosim
1375 2120 1462 2162 ιιι.
2143 2102 2289 2157 siam
2344 2100 2595 2170 primum
2650 2096 2711 2152 in
2768 2095 2958 2151 Monie
3013 2092 3221 2148 habere

388 2203 531 2259 Idati
545 2217 626 2257 us.
663 2203 895 2256 llieron.
2141 2197 2445 2260 coeperant.
2480 2188 2588 2243 lbi.

193 2291 318 2350 5069
463 2294 580 2361 Imp
630 2291 749 2346 Caes
792 2287 1164 2344 Constantius
1208 2286 1336 2358 Aug
1388 2290 1461 2342 tr.
1539 2283 1678 2342 4408

1965 2315 2031 2354 ιιι
2211 2298 2426 2355 Liberii
2454 2295 2486 2353 4
2507 2305 2563 2353 et
2583 2294 2637 2352 5.
3311 2282 3418 2342 556

174 2387 229 2457 ξ)
301 2381 324 2438 4
386 2398 443 2453 p.
472 2379 539 2436 49
566 2387 622 2437 et
647 2377 740 2451 20,
774 2393 872 2434 cos
900 2391 1024 2433 vm.
1539 2372 1680 2433 4409

1664 2375 1680 2430 4
1964 2403 2023 2444 1v
2211 2389 2587 2445 Constantius
2653 2387 2887 2440 Romam
2967 2394 3030 2436 ιιι
3093 2377 3222 2434 Kal.

164 2479 221 2550 θ
286 2478 351 2536 45
455 2479 722 2535 Julianus
754 2478 957 2532 Caasar.

2142 2479 2340 2549 Majas,
2395 2489 2568 2547 prope
2622 2471 2992 2541 triumphans
3038 2467 3223 2538 ingre-'

195 2569 232 2624 G
275 2573 316 2625 F
382 2569 519 2624 Coss
569 2570 690 2638 Imp
734 2567 1110 2623 Constantius
1161 2566 1287 2638 Aug
1335 2579 1456 2622 VIII.
2137 2570 2320 2624 ditur.
2346 2565 2430 2622 lbi
2462 2563 2796 2622 amatronis
2820 2557 3222 2630 interpellatus

182 2659 343 2713 Indict
390 2659 561 2714 iidem
592 2657 675 2712 Fl.
705 2657 973 2713 Julianus
1010 2655 1211 2712 Caesar.
2143 2657 2437 2713 Liberium
2504 2668 2566 2710 se
2637 2657 3032 2708 revocaturum
3097 2659 3221 2703 esse

209 2762 296 2804 xxv
461 2749 518 2803 C.
561 2749 767 2831 Theod
794 2747 832 2802 l.
863 2745 897 2802 6
926 2746 996 2802 de
1039 2747 1220 2818 Pagan
1285 2744 1468 2801 sacrif
2145 2746 2451 2816 promittit.
2492 2741 2778 2797 Ammian.
2855 2750 2964 2795 xvi.
3006 2735 3221 2792 Theod.

195 2843 315 2893 etxv
389 2843 444 2894 et
498 2844 649 2908 temp
703 2836 964 2907 (aliaeque
1018 2836 1170 2905 apud
1230 2833 1466 2906 Reland)
2147 2849 2208 2906 ιι,
2244 2853 2300 2890 ιτ.
2341 2831 2423 2890 47.

389 2927 949 2997 ubicapitalispcena
974 2925 1306 2981 decernitur
1324 2937 1467 2980 con-
2216 2923 2371 2979 Felix
2412 2922 2737 2977 intruditur
2772 2919 2832 2974 in
2871 2915 3058 2974 sedem
3101 2914 3223 2969 Ro-

390 3024 476 3074 tra
506 3017 896 3073 sacriﬁcantes
929 3015 1282 3072 simulacris.
2145 3027 2388 3070 manam.
2418 3012 2558 3068 Vide
2588 3017 2772 3068 notas.

456 3107 829 3163 Constantius
876 3119 934 3160 IV
989 3105 1091 3161 Kal
1139 3107 1270 3161 Jun.
1320 3103 1467 3160 Urbe
1779 3115 1829 3178 C
2212 3107 2276 3160 In
2327 3103 2514 3160 sedem
2570 3099 3010 3157 Alexandrinam
3052 3095 3222 3150 Geor-

388 3198 686 3269 digressus
730 3198 789 3252 in
839 3196 1131 3266 Illyricum
1166 3195 1370 3271 pergit,
1408 3200 1466 3250 et
2143 3195 2277 3265 gius
2348 3192 2692 3257 intruditur,
2763 3187 2958 3259 fugere
3021 3188 3218 3238 coacto

387 3287 584 3344 Osium
634 3301 701 3343 eo
747 3287 1081 3356 perductum
1131 3298 1227 3355 per
1250 3270 1465 3340 annum
2139 3279 2476 3337 Athanasio.
2553 3274 2784 3332 Lucifer
2856 3270 3219 3330 Caralitanus

391 3383 655 3446 macerat,
702 3383 768 3432 ut
802 3374 1102 3431 Athanasii
1133 3373 1468 3430 damnatio—
2141 3368 2366 3440 egregie
2398 3380 2498 3436 pro
2523 3363 2805 3422 catholica
2837 3363 2946 3418 ﬁde
2976 3357 3216 3416 restitit.

393 3479 515 3522 nem
549 3470 910 3537 extorqueat.
940 3465 1138 3522 Socrat
1162 3462 1202 3520 Ι.
1232 3460 1270 3520 2
2137 3457 2424 3516 Eusebius
2467 3454 2845 3513 Vercellensis
2884 3465 2985 3523 pro
3023 3447 3218 3504 eadem

2141 3549 2252 3605 ﬁde
2274 3546 2437 3604 exsul
2460 3549 2731 3602 vexatur:
2763 3556 2867 3612 pro
2905 3552 3017 3611 qua
3039 3551 3243 3594 terum-

2143 3639 2234 3694 nis
2259 3635 2502 3692 confecti
2537 3633 2866 3690 moriuntur
2902 3629 3215 3698 Dionysius

2140 3726 2447 3784 Mediolan.
2495 3731 2552 3780 et
2593 3722 2870 3779 Paulinus
2909 3719 3217 3775 Treviren-

2141 3816 2244 3872 sis.
2295 3815 2436 3871 Vide
2487 3814 2778 3868 Petavium
2821 3815 2876 3866 et
2931 3813 3092 3865 notas
3145 3805 3214 3862 ad

2141 3905 2457 3972 Liberium,
2494 3899 2664 3957 infra.

198 4014 323 4074 5070
463 4021 584 4090 Imp
611 4020 732 4076 Caes
760 4017 1135 4076 Constantius
1152 4015 1280 4089 Aug
1304 4019 1376 4072 tr.
1406 4031 1460 4088 p.
1541 4011 1681 4070 4409
1894 4018 2106 4087 Olymp.
2220 4011 2433 4069 Liberii
2465 4008 2500 4066 5
2527 4013 2584 4064 et
2606 4006 2662 4064 6.
3309 3996 3416 4058 357

169 4110 228 4180 Θ
295 4107 330 4163 2
385 4107 646 4180 208ιὲ4,
689 4124 783 4166 θος
824 4123 906 4164 1x.
1540 4101 1679 4162 4440

1662 4101 1679 4162 )
1940 4104 2048 4162 283
2209 4104 2314 4158 Die
2350 4116 2406 4155 ιν
2453 4101 2643 4155 Nonas
2697 4095 2946 4168 Augusti
3000 4094 3220 4151 redita

169 4203 229 4276 ο
294 4205 356 4264 46
458 4209 726 4266 Juliauns
749 4209 936 4265 Caesar
964 4222 1061 4264 ros
1088 4221 1152 4262 ιι.
1893 4213 2026 4254 αηη.
2045 4210 2099 4250 ιν
2143 4193 2335 4264 priore
2353 4187 2564 4246 exsilio
2590 4185 2869 4241 Liberius.
2893 4184 3036 4240 Vide
3060 4189 3224 4240 notas

230 4297 274 4350 Ε
389 4299 525 4356 Coss
561 4302 682 4368 Imp
704 4299 1077 4354 Constantius
1105 4298 1231 4368 Aug
1260 4310 1340 4351 ix.
1967 4292 2018 4341 et
2139 4299 2264 4356 pag.
2291 4280 2377 4336 46.
2416 4281 2556 4336 Cum
2589 4284 2804 4335 terrore
2828 4290 2856 4330 a
2889 4272 3224 4331 Constantio

187 4385 350 4441 Indict
411 4389 579 4444 iidem
617 4367 694 4444 Fl.
726 4388 994 4444 Julianus
1016 4367 1286 4442 Cmsarin.
1767 4431 1821 4460 (γ
1947 4372 2055 4431 284
2143 4375 2396 4441 incusso,
2421 4369 2689 4427 etfraude
2708 4367 3054 4424 Arianorum
3075 4376 3222 4420 com.

232 4486 301 4528 IV
470 4479 528 4534 C.
557 4478 747 4533 Theod
775 4479 845 4533 de
872 4492 1047 4533 cursu
1077 4475 1274 4546 public
1305 4474 1344 4528 l.
1377 4471 1464 4529 40.
1897 4481 2030 4520 αηη.
2080 4478 2097 4519 ι
2139 4464 2346 4533 pulsus
2385 4458 2830 4527 subscripsisset
2864 4452 3225 4549 damnationi

227 4568 311 4619 ett
380 4567 620 4639 aliaeque
656 4568 806 4636 apud
865 4540 1094 4622 Reland—
1130 4571 1185 4619 et
1213 4564 1316 4620 cod
1346 4564 1472 4618 Just
1781 4540 1828 4549 ”
2149 4549 2473 4639 Athanasii,
2539 4559 2767 4639 unaque
2820 4544 3036 4639 edisset
3089 4540 3223 4639 ﬁdei

397 4656 478 4711 lib
527 4628 597 4726 ’4,
667 4628 756 4712 tit.
805 4654 860 4727 3,
912 4656 1004 4727 leg
1054 4653 1113 4726 2,
1160 4661 1216 4710 et
1264 4653 1475 4709 Gruter

2149 4637 2578 4710 professionem,
2628 4633 2686 4687 in
2715 4645 2826 4701 qua
2855 4635 2943 4682 τοῦ
2994 4628 3227 4698 «Sponden

396 4742 517 4815 303,
563 4714 612 4800 4.
849 4714 859 4727 ’
971 4714 1002 4727 υ
1100 4714 1112 4726 ’
2152 4726 2494 4784 vocabulum
2527 4721 2848 4779 concordiae
2882 4718 3070 4791 gratia
3099 4714 3232 4771 sub—

465 4804 654 4892 Chron
713 4836 888 4892 Pasch
940 4835 1273 4891 Vicennalia
1321 4833 1478 4889 Con-
2153 4817 2459 4883 ticebatur,
2522 4814 2745 4868 tametsi
2803 4809 3015 4864 Filium
3075 4804 3230 4864 Patri

403 4926 604 4980 stantii
633 4924 916 4981 celebrata
952 4924 1045 4980 his
1071 4938 1198 4980 coss
1227 4921 1478 4978 exhibet.
2156 4920 2256 4978 per
2297 4904 2490 4960 omnia
2515 4902 2766 4956 similem
2791 4910 2915 4954 esse
2941 4894 3230 4952 deﬁniret.

466 5014 737 5070 Julianus
784 5018 985 5069 contra
1023 5014 1337 5069 Germanos
1363 5013 1482 5068 Lu-
2155 4995 2310 5051 Hanc
2338 4993 2520 5044 ἕκδεσιν
2551 4988 2722 5042 nacti.
2795 4985 3090 5052 Ursacius,
3176 4987 3236 5037 et

401 5103 654 5174 gdunum
706 5103 1039 5159 invadentes
1085 5100 1330 5157 feliciter
1372 5115 1487 5170 pu—
2160 5082 2364 5140 Valens
2385 5079 2620 5135 alteram
2648 5075 2775 5131 ﬁdei
2799 5072 3104 5174 formulam
3125 5070 3236 5128 sub

403 5161 558 5264 gnat.
608 5192 960 5248 Alamannos
1020 5192 1088 5247 ad
1135 5161 1489 5262 Argentora—
2171 5171 2385 5229 Liberii
2436 5167 2666 5264 nomine
2716 5163 2968 5234 perﬁdiae
3013 5161 3236 5232 plenam

405 5257 524 5337 tum
575 5290 816 5338 cruento
871 5281 1068 5350 praelio
1113 5257 1356 5348 superat.
1384 5291 1489 5334 eo—
2165 5264 2516 5320 ediderunt:
2562 5257 2641 5350 ob
2669 5269 2840 5350 quam
2887 5266 3100 5350 magna.
3134 5265 3241 5350 per

407 5385 652 5441 rumque
736 5342 922 5441 regem
989 5342 1486 5424 Chonodomarum
2157 5353 2444 5410 Orientem
2501 5356 2556 5405 et
2612 5347 2832 5418 Syriam
2889 5342 3246 5414 perturbatio

408 5436 662 5516 vinctum
696 5436 929 5514 Romam
970 5458 1040 5513 ad
1083 5456 1486 5512 Constantium
2166 5443 2410 5500 exstitit.
2441 5439 2725 5494 Petavius.
2754 5436 2894 5492 Vide
2922 5440 3086 5490 notas
3111 5444 3236 5501 P38-

409 5550 608 5605 mittit.
653 5551 889 5619 Hyemat
915 5547 1176 5602 Parisiis.
1204 5542 1485 5600 Ammiam
2173 5528 2239 5588 47
2284 5536 2342 5586 et
2381 5528 2540 5619 sed,
2571 5527 2854 5619 et_Sever.
2888 5522 3120 5619 _Su_lpic.
3172 5535 3236 5619 ιι.

477 5639 574 5713 v1,
589 5641 853 5696 Zosimus
889 5650 980 5692 ιιι.

2165 5619 2433 5678 Ecclesiae
2457 5615 2620 5674 urbis
2638 5617 2827 5671 Romae
2851 5609 3083 5668 clericis
3113 5610 3242 5680 pri—
