3982 6166
326 277 424 336 634
1123 285 1218 340 AD
1253 285 1688 344 ANASTASIUM
1725 289 2236 350 PROLEGOMENA
2267 297 2450 379 EDIT.
2500 299 2929 360 ROM.-VATIC.

400 438 558 517 Anni
609 440 986 510 Imperatores,
1069 447 1344 517 Consules,
1427 449 1705 502 Romano—
1761 447 1918 501 Anni

2126 417 2320 517 nAnni
2387 421 2844 517 Christianorum,
2871 429 3180 517 Iudaeorum
3211 431 3423 517 etnfini—
3493 428 3641 517 Alani

415 509 539 588 ΡεΤο
689 509 842 588 ἄνθη,
900 533 986 572 res
1036 524 1198 588 gestae
1243 525 1294 575 et
1333 509 1684 577 'documenta.
1754 519 1816 573 U.
1841 519 1902 573 C.

361 627 368 634 .
400 580 517 634 Jul.

357 655 410 705 et
453 649 580 706 Ind.

401 1077 538 1137 5074
692 1083 813 1151 Imp
841 1081 960 1137 Caes
978 1081 1353 1141 Constantius
1375 1085 1502 1158 Aug
1531 1091 1604 1143 tr.
1638 1103 1692 1158 p.

372 1172 445 1245 ﬁ
548 1167 583 1224 3
618 1166 681 1224 24
719 1167 884 1241 et22,
913 1184 1012 1226 cos
1043 1185 1100 1226 1x

375 1265 448 1338 θ
512 1263 617 1335 47,
685 1267 953 1325 Julianus
981 1269 1169 1325 Caesar
1198 1283 1386 1326 costi.

453 1357 504 1448 ρ
538 1434 556 1448 Δ
617 1392 756 1448 COSS
792 1396 865 1448 :1.
904 1357 1256 1448 .Patia‘nus.

367 1429 558 1485 Indict
612 1428 756 1498 _“"°°
791 1428 1059 1484 Neratius
1089 1430 1339 1486 Cerealis

461 1533 478 1575 ι
681 1518 892 1576 Gruter
929 1517 1057 1590 303,
1103 1517 1160 1588 2,
1191 1528 1249 1577 et
1293 1517 1448 1592 4087,
1493 1521 1526 1578 4
1554 1530 1611 1580 et
1637 1522 1692 1596 5,

400 1614 452 1664 et
491 1622 531 1664 li
605 1609 872 1666 Contelor
895 1610 965 1665 de
992 1611 1084 1666 Pr.
1111 1611 1249 1666 Urbi
1292 1625 1400 1683 pag
1431 1610 1519 1683 57,
1553 1615 1696 1669 Rei—

614 1711 715 1754 nes
755 1714 807 1769 p.
857 1697 983 1764 9'29,
1024 1705 1081 1754 et
1118 1700 1348 1756 Fabrett
1406 1715 1510 1772 pag
1563 1698 1690 1759 707.

612 1789 755 1844 Vide
775 1789 946 1844 etiam
971 1789 1122 1861 leges
1144 1791 1454 1862 utriusque
1474 1791 1695 1848 codicis

611 1879 761 1948 apud
791 1879 1025 1934 Relanul.

679 1969 1055 2025 Constantius
1093 1982 1164 2026 ex
1200 1970 1416 2026 Sirmio
1462 1973 1697 2028 Romam

609 2059 846 2115 veniens
892 2072 946 2113 tv
1005 2057 1106 2114 Kal
1161 2059 1296 2113 Maii
1358 2073 1462 2114 sua
1514 2073 1692 2132 xxxv,

607 2148 730 2202 edit
771 2148 1022 2203 ldacius.
1053 2145 1380 2204 Obeliscum
1427 2149 1603 2220 erigit
1634 2149 1694 2205 in

606 2236 773 2290 Circo
787 2237 1051 2292 Maximo.
1074 2235 1363 2292 Ammian.
1406 2237 1696 2295 Gladiato~

495 2376 502 2383 .
610 2337 701 2379 res
744 2324 982 2397 abrogat
1012 2324 1133 2396 lege
1170 2325 1207 2383 2
1254 2342 1304 2383 c.
1337 2327 1408 2384 de
1451 2328 1697 2384 Gladia-

609 2413 854 2471 toribus.

620 2503 622 2507 ’
674 2503 944 2560 Julianus
987 2503 1234 2561 Francos
1262 2506 1448 2564 Salios
1479 2522 1691 2578 percu-

615 2595 705 2668 iit,
747 2600 805 2650 et
835 2594 893 2649 in
924 2593 1274 2648 deditionem
1305 2598 1546 2666 accepit.

393 3471 540 3533 5072
684 3473 806 3544 Imp
833 3471 955 3529 Caes
981 3469 1352 3528 Constantius
1374 3468 1501 3542 Aug
1527 3475 1599 3528 tr.
1633 3485 1687 3543 p.

365 3571 439 3644 ξε)
553 3562 589 3621 4
615 3560 882 3633 22et23,
906 3576 1005 3620 cos
1037 3575 1114 3618 ix.

683 3660 952 3717 Julianus
982 3661 1168 3716 Casar
1197 3673 1326 3716 coss
1355 3672 1417 3716 ιι.

471 3753 514 3836 ρ
609 3785 750 3841 COSS
793 3790 806 3804 .
853 3789 865 3803 .
915 3789 928 3802 .
970 3748 1277 3830 Eusebius.

471 3825 567 3878 tict
789 3858 804 3872 .
852 3858 866 3872 .
911 3857 924 3871 .
965 3819 1266 3888 Hypatius.

450 3925 493 3968 ιι
683 3903 833 3961 Praef
877 3905 1016 3960 Urbi
1069 3907 1270 3959 Junius
1315 3907 1542 3975 Bassus,
1592 3909 1696 3978 qui

400 4008 452 4058 et
470 4013 532 4058 ill
607 4000 666 4051 in
710 3998 836 4066 ipsa
875 3997 1211 4065 prefectura
1258 3997 1418 4050 Urbis
1451 3996 1537 4050 his
1584 4012 1699 4052 coss

616 4089 686 4142 iit
733 4086 808 4142 ad
836 4087 1006 4139 Deum
1047 4084 1179 4139 VIII
1218 4086 1324 4140 Kal
1368 4087 1497 4155 Sept
1543 4095 1607 4143 ut
1639 4089 1698 4143 in

620 4176 747 4244 ejus
763 4172 1114 4243 sarcophago
1147 4174 1204 4226 in
1233 4173 1386 4228 Basil
1411 4176 1570 4230 Vatic
1592 4177 1700 4232 sub

618 4261 856 4318 Confess
914 4259 1007 4314 SS.
1052 4263 1497 4329 Apostolorum.
1562 4265 1701 4322 Vide

617 4349 839 4420 Aringh
861 4349 1073 4404 Gruter
1099 4347 1346 4416 Fabrett,
1377 4351 1520 4407 Aliae
1551 4366 1703 4424 quo-

621 4451 734 4509 que
783 4438 1028 4506 inscript
1077 4437 1289 4494 Gruter
1329 4437 1488 4508 4087,
1534 4439 1590 4511 5,
1645 4449 1703 4500 et

622 4529 776 4600 leges
807 4525 1117 4597 utriusque
1146 4529 1367 4586 codicis
1403 4531 1553 4600 apud
1587 4533 1700 4588 Re-

621 4617 779 4675 land.
811 4615 960 4672 Praef
980 4616 1116 4673 Urbi
1146 4618 1380 4674 Anicius
1405 4622 1697 4678 Tertullus.

689 4707 958 4764 Julianus
969 4706 1536 4766 Alamannositerum
1559 4725 1706 4767 com-

622 4797 846 4868 primit,
873 4797 1006 4852 etad
1033 4811 1222 4867 pacem
1247 4800 1543 4869 petendam
1569 4801 1706 4856 adi-

618 4887 724 4960 git.
761 4885 1122 4944 Constantius
1183 4887 1528 4960 Limigantes
1566 4891 1705 4947 Sar-

622 4983 804 5034 matas
861 4976 1063 5034 vincit.
1124 4978 1391 5034 Petavius
1438 4993 1506 5036 ex
1558 4980 1703 5035 Am-

619 5069 794 5124 mian.
848 5065 917 5122 48
951 5073 1009 5124 et
1041 5065 1126 5123 49.
1153 5068 1468 5125 Gratianus
1497 5071 1697 5125 nasci-

619 5161 735 5211 tur.
766 5157 998 5212 Hieron.
1026 5156 1238 5212 Chron.

688 5241 1305 5311 Sirmiensisformula
1333 5245 1502 5299 tertia
1543 5246 1696 5303 edita

621 5330 714 5386 his
737 5344 884 5386 coss.
932 5345 987 5387 xi
1040 5331 1158 5385 Kal.
1200 5331 1329 5385 Jun.
1361 5345 1429 5387 ex
1475 5334 1690 5391 Socrat.

616 5425 674 5478 et
699 5418 902 5490 Epiph.
937 5418 1077 5475 Vide
1103 5424 1288 5489 notas,
1317 5419 1460 5478 ibib.

1736 594 1864 643 ante
1883 593 1934 642 et

1673 659 1979 730 postPalil.

1771 1086 1910 1146 4440

1771 1175 1903 1234 4444

1772 3469 1904 3529 4444

1773 3558 1912 3621 4442

2125 489 2336 562 Olymp.

2223 1095 2240 1136 Ι

2215 3467 2256 3512 ιι

2199 3556 2264 3600 III

3616 299 3706 358 632

2451 497 2702 570 timorum
2754 501 3073 569 pepulorum
3130 504 3430 570 Pontiﬁces,
3506 502 3638 555 Δὲνω

2446 568 2633 638 Reges,
2665 568 2936 638 resgestw
2974 577 3025 626 et
3062 568 3401 627 documenta.
3459 571 3660 628 Christi.

2377 871 2585 944 vilegia
2611 874 2944 932 conﬁrmata
2972 890 3027 932 IV
3065 877 3191 932 Kal.
3221 878 3444 932 Novem.

2383 959 2505 1032 lege
2542 959 2608 1017 43
2631 964 2689 1017 C.
2721 964 2791 1019 de
2820 965 3126 1036 episcoms.

2375 1088 2383 1095 '
2447 1085 2663 1142 Liberii
2689 1087 2723 1143 6
2753 1093 2809 1143 et
2848 1086 2903 1151 7,
2935 1094 2991 1145 et
3015 1090 3221 1146 Felicis
3254 1087 3305 1144 4.

2445 1175 2712 1232 Liberius
2754 1186 2881 1247 post
2931 1163 3241 1235 mens.7et
3275 1175 3450 1234 dies9

2370 1275 2403 1317 a
2430 1277 2499 1318 su
2570 1266 2627 1320 in
2657 1265 2860 1322 Urbem
2891 1269 3079 1324 reditu
3113 1269 3317 1324 iterum
3347 1281 3450 1322 co-

2374 1350 2536 1421 gitur
2564 1354 2866 1410 exsulare:
2898 1362 3099 1426 sponte
3128 1357 3279 1412 cedit
3301 1369 3451 1426 pon-

2373 1439 2615 1496 tiﬁcatu.
2650 1444 2820 1498 Fs:th
2846 1451 3012 1500 antea
3042 1445 3304 1500 in‘rusus
3326 1451 3452 1515 post

2372 1529 2689 1586 cessionem
2727 1533 2943 1589 Liberii
2978 1521 3274 1605 Suﬁ‘ragiis
3311 1534 3449 1589 cleri

2372 1617 2614 1688 eligitur
2633 1619 2932 1689 legitimus
2955 1621 3212 1692 pontifex
3241 1623 3454 1676 Roma—

2372 1719 2482 1763 nus
2535 1708 2631 1763 die
2667 1708 2701 1764 9
2739 1713 3006 1782 Augusti.
3061 1712 3200 1766 Vide
3232 1715 3414 1766 notas.

2443 1797 2636 1868 Legati
2686 1799 2986 1855 Persarum
3035 1799 3103 1855 ad
3166 1801 3455 1855 Constan-

2373 1885 2518 1940 tium
2545 1888 2709 1942 missi
2729 1888 3290 1958 Constantinopolim
3318 1901 3452 1958 per-

2372 1975 2612 2031 veniunt
2643 1990 2719 2032 vn
2762 1977 2886 2032 Kal.
2934 1981 3097 2034 Mart.
3129 1978 3274 2034 ldac.
3307 1978 3450 2032 Ter—

2372 2070 2642 2120 raemotus
2672 2066 2942 2121 horrendi
2977 2081 3075 2136 per
3101 2066 3316 2134 Asiam,
3339 2067 3452 2121 Ni—

2369 2153 2630 2208 comedia
2679 2154 2972 2210 subversa.
3032 2155 3304 2210 Civitates
3350 2153 3453 2212 450

2367 2247 2600 2297 vexatae.
2673 2241 3048 2298 Constantius
3111 2243 3341 2312 Quados
3396 2251 3455 2299 et

2366 2329 2656 2386 Sarmatas
2698 2332 3025 2404 populatur,
3053 2339 3109 2388 et
3146 2332 3453 2388 Sarmatici

2369 2432 2574 2475 nomen
2615 2419 2859 2476 obtinet.

2437 2509 2701 2579 Synodus
2755 2508 3055 2581 Ancyrana
3119 2525 3151 2566 a
3207 2511 3450 2583 Basilio,

2364 2595 2619 2668 aliisque
2653 2599 2943 2668 episcopis
2972 2599 3274 2656 celebrata.
3307 2601 3456 2671 Agi—

2369 2691 2466 2741 tur
2515 2700 2743 2758 quoque
2793 2689 2863 2743 de
2916 2688 3166 2759 generali
3225 2691 3443 2760 synodo

2369 2776 2750 2832 convocanda.
2797 2777 2936 2832 Vide
2968 2779 3257 2833 Petavium
3303 2779 3359 2833 h.
3392 2794 3447 2834 a.

2369 2864 2624 2934 synodus
2675 2866 2846 2921 tertia
2897 2866 3234 2922 Sirmiensis
3284 2868 3452 2937 juxta

2372 2954 2633 3024 Pagium.
2666 2955 2808 3010 Vide
2835 2960 3020 3012 notas.

2441 3044 2496 3097 S.
2523 3042 2812 3099 Antonius
2846 3045 3160 3101 monachus
3184 3043 3287 3102 405
3305 3050 3448 3102 teta—

2376 3131 2453 3187 tis
2517 3144 2668 3189 anno
2738 3135 3007 3190 moritur.
3086 3134 3318 3190 Hieron.
3392 3135 3452 3191 in

2373 3221 2588 3277 Chron.

2448 3453 2658 3512 Felicis
2687 3453 2924 3512 secundi
2961 3453 2984 3511 4
3021 3460 3078 3513 et
3113 3453 3169 3527 2,
3202 3461 3260 3514 et
3285 3456 3455 3514 Libe-

2374 3542 2451 3599 rii
2468 3539 2526 3598 7.
2835 3551 2838 3554 ·

2445 3632 2786 3702 Felixjussu
2815 3632 3178 3691 Constantini
3205 3635 3290 3692 vel
3312 3636 3457 3692 occi-

2372 3719 2536 3776 ditur
2564 3721 2787 3777 occulte
2815 3722 2909 3778 die
2942 3736 3000 3777 x1
3032 3723 3332 3779 Novembr.
3366 3723 3450 3780 vel

2376 3809 2529 3866 cedit
2590 3809 2949 3879 pontificatu,
2992 3820 3046 3868 et
3091 3812 3252 3868 sedes
3299 3819 3459 3869 vacat

2376 3911 2561 3968 usque
2602 3898 2669 3953 ad
2713 3896 2776 3953 24
2814 3899 3160 3962 Decembris.
3205 3915 3317 3972 qua
3359 3901 3457 3957 die

2380 3987 2588 4043 iterum
2611 3986 2830 4044 electus
2857 4002 2888 4042 a
2915 3988 3068 4044 clero
3094 3989 3356 4046 Liberius
3377 4004 3458 4046 re-

2375 4076 2555 4132 sumit
2586 4076 3001 4145 pontitlcatum.
3035 4078 3174 4133 Vide
3198 4085 3381 4135 notas.

2445 4166 2864 4221 Exauctoratus
2892 4166 3259 4223 Macedonius
3300 4168 3459 4225 Con-

2376 4253 2932 4323 stantinopolitanus
2964 4269 3162 4311 novam
3187 4257 3455 4314 .hzeresim

2377 4343 2592 4398 condit.
2650 4341 2792 4399 Vide
2840 4349 3003 4400 notas
3049 4346 3115 4402 ad
3163 4345 3458 4403 Liberium

2378 4439 2436 4491 et
2458 4432 2700 4489 Felicem
2735 4435 2797 4488 II.

2447 4521 2768 4578 Constantii
2779 4523 2950 4592 jussu
2975 4524 3177 4594 synodi
3207 4524 3336 4580 dua}
3358 4539 3466 4582 ce-

2379 4609 2695 4668 lebrantur.
2782 4611 2970 4667 Prima
3032 4612 3306 4669 Seleucia:
3384 4611 3458 4670 27

2380 4702 2535 4771 Sept.
2600 4701 2699 4756 ubi
2766 4701 2972 4758 Acacio
3034 4715 3232 4758 novam
3274 4703 3456 4756 ἔχθεσιν

2378 4792 2623 4846 Νἰοεεηω
2660 4789 2826 4860 plane
2854 4792 3202 4846 contrariam
3237 4793 3461 4862 produ-

2380 4879 2530 4936 centi
2580 4878 2913 4934 semiariani
2965 4881 3346 4936 restiterunt:
3403 4886 3462 4936 et

2379 4968 2627 5024 secunda
2651 4968 2925 5036 Arimini,
2950 4983 3074 5038 quae
3096 4968 3308 5025 bonum
3335 4970 3461 5026 ini—

2377 5057 2521 5123 tium
2568 5056 2790 5129 habuit,
2848 5058 2943 5114 sed
2974 5056 3296 5116 infaustum
3347 5074 3454 5116 ex-

2385 5147 2553 5216 itum,
2601 5147 2786 5202 Tauro
2839 5145 3106 5205 Prtefecto
3157 5151 3459 5220 episcopos

2379 5241 2713 5304 macerante,
2747 5241 2810 5291 ut
2851 5235 3111 5291 subdolae
3158 5237 3288 5293 ﬁdei
3339 5251 3462 5307 pro-

2375 5322 2614 5379 fessioni
2660 5337 2759 5393 per
2789 5324 3112 5395 Ursacium,
3160 5332 3216 5381 et
3247 5325 3458 5381 Valen—

2377 5419 2486 5468 tem
2553 5410 2758 5466 oblatae
2828 5412 3280 5470 subscriberent.
3315 5413 3458 5469 Vide

2374 5506 2560 5560 notas.

2442 5591 2619 5647 Persa:
2663 5595 2858 5648 contra
2903 5591 3114 5648 Roman
3156 5606 3185 5646 s
3229 5590 3444 5647 bellum

3534 1087 3632 1146 358

3539 3451 3638 3512 359
