3946 6146
372 318 483 380 635
1173 327 1267 383 AD
1302 326 1736 385 ANASTASIUM
1774 324 2299 384 PROLEGOMENA
2336 299 2511 384 EDIT.
2555 326 2983 385 non—vam.
3678 333 3746 390 63

444 451 599 524 Anni
660 452 1035 521 Imperatores,
1102 453 1379 514 Consules,
1462 456 1738 508 Romano—
1802 454 1960 507 Anni
2051 453 2110 512 A
2192 453 2358 524 iAnm
2405 453 2858 517 Christianorum,
2897 456 3199 510 Jztdxorum
3257 460 3308 509 et
3349 458 3488 524 ﬁni—
3558 458 3714 512 Anni

371 574 381 586 ,
458 523 562 596 Per
721 539 864 586 rum,
909 540 993 578 res
1031 531 1191 592 gestae
1235 530 1285 578 et
1329 525 1665 578 documenta.
1803 527 1864 580 U.
1902 525 1958 578 C.
2168 523 2379 596 Olymp.
2467 529 2719 580 timorum
2757 529 3101 596 papulorum.
3163 523 3465 596 Pontiﬁces,
3552 530 3696 583 Era

459 595 590 666 Ιιιιη
1767 600 1893 650 ante
1923 600 1974 648 et
2495 599 2676 665 Reges,
2707 614 2792 653 res
2819 595 2981 666 gestae
3021 605 3070 653 et
3126 595 3466 653 documenta.
3504 598 3725 656 Chr-isti.

406 670 457 719 et
491 665 615 721 Ind.
1711 673 1839 737 post
1853 666 2018 720 Palil.

726 793 798 847 Et
835 791 926 846 lex
975 805 1014 845 ι.
1063 790 1122 844 C.
1166 791 1352 848 Theod
1401 793 1472 847 de
1517 792 1738 850 domest

656 889 713 937 et
735 886 952 951 protect
975 880 1218 950 aliaque
1247 884 1394 951 apud
1431 882 1661 938 Reland.

721 971 811 1024 Pr.
844 969 980 1024 Urbi
1024 970 1258 1023 Anicius
1295 973 1590 1024 Mamimus.

726 1060 993 1115 Julianus
1064 1060 1428 1115 Antiochiam
1505 1062 1739 1116 veniens

657 1149 1058 1220 grammaticos
1103 1155 1176 1223 et
1208 1149 1523 1205 rhetoricos
1566 1149 1746 1204 Chri-

658 1238 878 1292 stianos
907 1251 938 1292 a
979 1236 1196 1292 scholis
1235 1243 1408 1292 arcet.
1454 1238 1600 1293 ldem
1646 1252 1748 1294 au-

657 1332 781 1381 ctor
803 1326 1220 1394 persecutionis
1242 1325 1304 1380 ﬁt
1325 1325 1630 1382 blanditiis
1652 1341 1744 1396 po-

659 1417 777 1472 tius
807 1429 977 1486 quam
1009 1415 1263 1470 caedibus
1295 1416 1362 1470 ad
1394 1416 1744 1484 apostasiam

658 1505 1061 1576 pertrahentis.
1140 1505 1400 1560 Attamen
1468 1506 1744 1575 martyrio

657 1595 852 1666 plures
901 1593 1110 1662 aliecti,
1168 1607 1312 1662 quos
1368 1593 1518 1665 inter
1569 1592 1743 1648 Arte-

657 1684 832 1739 mius.
856 1683 1157 1750 Hieronym
1175 1681 1354 1735 chron
1377 1681 1637 1735 Ammian
1659 1681 1742 1736 lib

657 1785 803 1827 xxxi.
848 1770 1072 1839 Malala,
1113 1769 1212 1840 qui
1243 1769 1314 1824 ab
1343 1769 1435 1824 his
1466 1761 1595 1826 coss
1627 1770 1746 1824 im-
2053 1795 2106 1855 Β

657 1861 881 1933 perium
910 1830 1414 1915 Iuliani-inchoat.
2053 1830 2106 1855 ³³
2421 1830 2566 1933 abii?
2609 1830 2930 1933 SUbOf‘ilim-
2980 1831 3293 1933 Ponat-ista:
3336 1844 3368 1885 a
3416 1832 3509 1933 Ju-

2422 1920 2577 1975 liano
2655 1919 2849 1975 exsilii
2932 1919 3364 1985 relaxationem,
3446 1927 3502 1977 et

2419 2009 2797 2064 Basilicarum
2853 2010 3278 2065 restitutionem
3333 2010 3504 2080 impe-

2421 2105 2595 2168 trant,
2654 2105 2709 2153 et
2756 2100 2950 2154 omnia
3004 2098 3195 2154 turbis
3240 2099 3502 2156 miscent.

2419 2187 2663 2257 Optatus
2691 2186 2746 2243 2.

442 2371 586 2430 5076
729 2376 851 2442 Imp
890 2372 1010 2429 Caes
1035 2373 1302 2430 Julianus
1340 2372 1466 2446 Aug
1505 2378 1575 2429 tr.
1622 2389 1674 2445 p.
1713 2372 1748 2430 3
1821 2371 1960 2432 4445

2243 2364 2287 2406 ιι
2483 2351 2698 2406 Liberii
2735 2348 2800 2406 40
2829 2354 2884 2407 et
2915 2349 3003 2406 44.
3587 2347 3679 2407 363

407 2465 480 2540 ξ)
591 2461 628 2518 8
654 2468 710 2519 ει
739 2460 790 2531 41
820 2441 921 2518 ξοδ
953 2477 1026 2517 ιγ,
1435 2441 1460 2446 ⁷
1622 2441 1639 2445 ’
1821 2461 1958 2520 4446
2246 2453 2308 2494 ιιι
2414 2471 2416 2474 -
2487 2441 2754 2496 Julianus
2782 2441 3077 2540 Templum
3107 2441 3468 2540 Jerosolymi-

405 2505 480 2629 ὅ
591 2505 1146 2631 ἒνὲἰῖὀνῗυίίέηηδ
1174 2561 1400 2631 Αυςιν,
1831 2505 1958 2520 Ἠν
2422 2537 2617 2585 tanum
2706 2543 2803 2600 per
2874 2531 3098 2586 Iudaeos
3181 2531 3502 2587 instaurare

405 2597 658 2685 ῗΙηάὲε
685 2597 823 2653 COSS
876 2597 1457 2688 ιῖἒίῑίἰε.

2422 2597 2720 2675 incassum
2767 2626 2946 2675 tentat
2986 2638 2999 2674 :
3056 2629 3253 2675 contra
3304 2621 3499 2676 Persas

479 2732 535 2773 γι
719 2723 965 2788 Inscript
1025 2729 1188 2777 vetus
1250 2724 1307 2777 in
1370 2723 1423 2778 S.
1477 2725 1620 2777 Mart
1673 2723 1744 2777 de

2422 2708 2712 2800 profectus
2771 2711 3199 2780 Ctesiphontem
3247 2710 3491 2766 obsidet.

435 2811 587 2862 etvu
656 2808 967 2877 Montibus,
993 2813 1217 2879 etapud
1243 2812 1470 2866 Fabrett
1496 2811 1744 2879 Inscript
2419 2799 2503 2854 Ab
2561 2799 2624 2855 ea
2683 2802 2948 2857 recedens
3017 2801 3213 2857 lethali
3270 2801 3500 2858 vulnere

655 2911 707 2965 ι).
757 2893 859 2952 443
897 2904 950 2953 et
990 2899 1202 2955 Gruter
1241 2897 1364 2971 485,
1395 2898 1449 2965 2,
1493 2906 1548 2954 et
1595 2900 1744 2970 leges
2423 2889 2724 2960 [incertum
2767 2904 2836 2945 an
2876 2892 3106 2948 caelitus
3148 2892 3388 2960 inﬂicto,
3430 2905 3500 2948 an

654 2985 962 3055 utriusque
992 2988 1214 3042 codicis
1245 2991 1391 3056 apud
1431 2989 1641 3044 Reland
1679 2993 1740 3044 ut
2419 2991 2519 3034 ner
2547 2981 2803 3051 ignotum
2847 2979 3155 3054 hominem]
3187 2982 3340 3036 diem
3379 2981 3501 3036 obit

654 3071 744 3144 leg
768 3070 822 3144 2,
854 3089 902 3128 c.
937 3075 1122 3130 Theod
1152 3077 1222 3130 de
1251 3076 1504 3146 dotibus,
1538 3083 1645 3132 etc.
2049 3117 2100 3182 Ο
2418 3070 2786 3182 blasphemus
2832 3075 2888 3182 it
2929 3076 3206 3140 apostata.
3253 3071 3498 3128 Theodo-

729 3161 877 3216 Przef
912 3163 1043 3218 Urbi
1085 3165 1147 3218 L.
1184 3167 1412 3219 Turcius
1454 3167 1743 3236 Apronia—
2051 3158 2100 3182 υ
2302 3175 2308 3181 ‘
2418 3166 2521 3229 ret,
2589 3159 2641 3227 3,
2704 3175 2753 3216 c.
2835 3158 2890 3229 2,
2963 3175 3092 3216 cum
3169 3161 3500 3231 imperasset

654 3265 780 3303 nus.
840 3250 1106 3307 Comelor
1156 3267 1222 3308 ex
1285 3255 1495 3309 Panvin
1545 3262 1601 3310 et
1651 3261 1742 3310 vet
2420 3257 2548 3318 post
2615 3249 2838 3305 obitum
2905 3249 3225 3306 Constantii
3292 3265 3404 3306 ann
3466 3247 3488 3305 4

658 3339 906 3410 inscript
965 3342 1115 3397 Faue
1159 3344 1232 3414 si,
1293 3343 1544 3415 aliisque
1605 3345 1742 3415 plu-
2419 3338 2638 3394 mensib
2677 3334 2732 3408 7,
2777 3338 2908 3395 fere.
2950 3342 3219 3396 Jovumus
3261 3343 3500 3410 Impera-

653 3428 838 3486 ribus.
2418 3432 2508 3483 tor
2558 3429 2801 3500 eligitur
2841 3443 2874 3484 a
2921 3430 3228 3496 militibus,
3282 3431 3380 3500 qui
3440 3443 3499 3486 se

708 3520 939 3578 Iuliano
990 3537 1057 3578 ex
1105 3524 1339 3580 vulnere
1397 3525 1512 3581 vita
1569 3539 1742 3582 exce—
2418 3516 2780 3591 Christianos
2811 3533 2936 3574 esse
2969 3519 3271 3575 confestim
3317 3520 3496 3575 excla-

651 3609 820 3665 dente
845 3613 1015 3667 etiam
1037 3614 1201 3682 juxta
1227 3615 1403 3671 chron
1439 3615 1614 3670 Pasch
1642 3616 1676 3670 h
1704 3630 1737 3672 a
2417 3613 2592 3675 mam:
2626 3620 2753 3661 cum
2782 3606 3110 3663 Gentilibus
3135 3622 3195 3664 se
3221 3609 3496 3678 imperare

651 3698 720 3752 ad
751 3700 901 3754 diem
935 3715 989 3756 vr
1024 3703 1125 3756 Kal
1155 3704 1339 3759 Julaas
1375 3707 1644 3760 Jovmvus
1671 3720 1739 3761 ex
2420 3695 2571 3751 ΠΟΗΘ
2599 3696 2862 3752 dixisset-

653 3789 862 3842 comite
893 3790 1338 3845 domesticorum
1377 3793 1447 3846 ab
1481 3796 1738 3850 exercitu
2484 3786 2546 3840 In
2610 3785 2870 3842 CODCiliO
2926 3787 3282 3844 Antiooheno
3332 3788 3498 3844 Acca-

653 3873 894 3943 eligitur
933 3878 1263 3943 Imperator.
1299 3880 1354 3931 Is
1387 3893 1574 3947 pacem
1607 3897 1737 3936 cum
2414 3873 2568 3929 Ciani
2610 3889 2670 3930 se
2701 3876 2770 3930 ad
2817 3876 3107 3932 Melelium
3151 3878 3490 3947 adiungunt.

653 3961 844 4017 Persis
875 3963 1075 4018 fundat
1106 3966 1173 4020 ad
1212 3979 1394 4021 annos
1424 3981 1559 4022 xxx.
1598 3969 1733 4024 ldat.
2420 3969 2477 4019 et
2527 3965 2812 4020 Nicaenam
2859 3967 3020 4021 ﬁdem
3071 3967 3496 4036 amplecluntur

650 4050 936 4107 Ammian.
988 4053 1313 4125 Hieronym.
1371 4057 1520 4112 Idem
1574 4058 1737 4126 jubet
2409 4055 2572 4121 juxta
2621 4055 2817 4110 Socrat
2865 4055 2902 4110 Ι·
2945 4055 2999 4125 3,
3040 4071 3091 4112 0-
3130 4054 3220 4112 25-
3270 4058 3323 4111 3-
3375 4058 3499 4113 Ηίθ-

654 4139 938 4196 idolorum
972 4143 1181 4212 templa
1210 4145 1424 4206 claudi.
1468 4152 1523 4200 et
1552 4149 1742 4202 sacri-
2415 4157 2609 4212 ronym
2669 4145 2915 4200 medium
2971 4147 3292 4200 Homoeswn
3347 4146 3494 4202 inter

654 4229 785 4284 ﬁcia
813 4229 1051 4286 aboleri.
1085 4233 1297 4287 Socrat.
1327 4231 1381 4303 3,
1415 4249 1463 4289 c.
2411 4232 2740 4286 Homousion
2805 4239 2862 4288 et
2926 4234 3260 4291 Anomoeum
3321 4236 3496 4293 admi-

2411 4322 2557 4376 sisse
2591 4321 2814 4378 scribit.

437 4474 576 4534 5077
720 4483 841 4550 Imp
864 4481 982 4537 Czes
1010 4483 1282 4538 Iovianus
1321 4483 1447 4557 Aug
1471 4491 1540 4541 tr.
1580 4503 1634 4557 p.
1675 4486 1724 4543 4.
1807 4485 1944 4545 4446

2231 4487 2301 4528 ιιι
2482 4475 2697 4532 Liberii
2734 4473 2789 4532 44
2825 4482 2882 4533 et
2915 4475 2983 4533 42
3579 4473 3678 4534 364

400 4570 474 4644 ξ)
587 4566 622 4624 9
649 4584 745 4627 cos
773 4571 873 4640 qui
901 4571 1101 4626 obitxr
1134 4573 1235 4627 Kal
1268 4574 1481 4628 Martii.
1510 4578 1569 4630 In
1604 4578 1730 4646 ejus
1807 4575 1944 4635 4447

409 4655 483 4728 θ
590 4656 624 4714 4
652 4660 837 4715 locum
864 4660 1104 4731 eligitur
1133 4662 1580 4720 VALENTINIANUS
1603 4667 1672 4721 ad
1696 4680 1728 4720 ν

445 4749 560 4804 DC
644 4749 746 4803 Kal
818 4750 1008 4804 Martii
1078 4750 1174 4805 die
1233 4751 1358 4806 Biss
1419 4754 1726 4810 declinato.

409 4838 591 4894 Indici
645 4838 794 4893 Idem
859 4838 1354 4909 ConstantiHOpoli
1430 4843 1730 4900 VALENTEM

467 4941 547 4983 vn
657 4927 981 4998 Augustum
1030 4927 1281 4998 appellat
1321 4926 1354 4984 4
1394 4931 1516 4986 Kal.
1565 4933 1728 5003 April

413 5021 462 5071 et
490 5029 594 5071 vm
656 5016 874 5071 Idatius

644 5106 826 5193 'Coss
865 5106 984 5173 Imp
1047 5105 1168 5188 Cies
1229 5109 1504 5165 Jovianus
1577 5111 1723 5184 Aug.

886 5177 1274 5233 Varronianus
1319 5179 1438 5234 Caes
1486 5183 1610 5252 Aug
1666 5185 1723 5239 F.

716 5263 933 5317 'Veius
976 5263 1122 5333 lapis
1153 5266 1223 5317 M.
1269 5268 1331 5319 Ν.
1380 5225 1608 5322 relatuso
1632 5277 1726 5326 to—

646 5366 736 5408 ιιιο
782 5349 819 5406 2
878 5351 934 5404 in
984 5352 1296 5421 Prolegom,
1333 5352 1370 5407 f.
1425 5369 1626 5428 vam,
1669 5365 1725 5416 et

646 5441 795 5510 apud
854 5437 1076 5494 Boldett
1133 5447 1333 5495 coemet
1388 5458 1438 5512 p.
1495 5443 1566 5499 84
1623 5448 1721 5505 ubi

645 5537 782 5585 aetas
809 5531 980 5584 Luna:
1010 5534 1067 5584 et
1095 5526 1237 5584 feria
1271 5538 1416 5587 recte
1455 5538 1724 5604 exprimi-

648 5625 760 5672 tur.
802 5619 942 5674 Vide
974 5618 1126 5692 leges
1168 5620 1318 5690 apud
1362 5622 1575 5678 Reland
1630 5626 1722 5682 his

2233 4574 2289 4616 ιν

2419 764 2616 827 grante
2645 757 2777 815 fano
2801 766 2858 814 et
2882 759 3190 815 simulacro
3213 758 3503 830 Apollinis

2417 849 2747 918 Daphnitici
2825 851 3195 919 quaestionem
3276 849 3501 918 habuit,

2419 937 2749 1007 suspicatus
2774 953 2807 994 a
2835 939 3183 993 Christianis
3212 945 3500 994 exustum.

2431 1025 2692 1081 Ammian
2726 1026 2810 1081 lib
2837 1024 2927 1083 22.

2492 1115 2773 1185 Georgius
2894 1118 3104 1186 pseudo
3132 1145 3171 1156 —
3198 1119 3506 1187 episcopus

2418 1204 2841 1261 Alexandrinus
2866 1219 2897 1261 a
2919 1205 3204 1261 cuncitata
3234 1207 3393 1276 plebe
3418 1221 3508 1263 oc-

2423 1294 2676 1349 ciditur:
2710 1295 3033 1365 regreditur
3065 1295 3357 1365 legitimus
3386 1297 3504 1366 epi-

2423 1397 2631 1454 scopus
2687 1385 3038 1440 Athanasius
3091 1403 3104 1438 :
3159 1386 3258 1453 qui
3316 1391 3503 1442 tamen

2419 1473 2655 1529 Arianis
2685 1472 3039 1529 instantibus
3071 1473 3288 1528 Iuliani
3315 1474 3484 1542 jussu

2401 1565 2630 1632 iterum
2661 1563 2992 1632 expellitur.
3024 1563 3220 1618 Socrat
3249 1560 3302 1632 3,
3334 1563 3505 1620 Theo-

2420 1652 2582 1707 doret
2602 1650 2654 1720 3,
2688 1653 2882 1707 Sozom
2909 1651 2964 1708 5.

2489 1740 2983 1797 Luciferianorum
3027 1741 3279 1797 schisma
3309 1742 3502 1798 Antio-

2472 4564 2864 4621 Macedoniani
2915 4581 2946 4622 a
2997 4567 3228 4624 Valente
3281 4570 3516 4641 cogendi

2406 4653 2654 4710 Concilii
2696 4661 3027 4725 potestatem
3069 4657 3397 4728 impetrant.

2475 4744 2681 4800 Valens
2756 4746 3116 4802 Antiochiam
3204 4747 3492 4818 profectus

2407 4834 2697 4891 Meletium
2751 4835 2932 4903 ejicit,
2986 4842 3041 4892 et
3094 4852 3224 4893 cum
3287 4839 3523 4896 Euzosio

2406 4923 2833 4979 communicare
2914 4924 3242 4982 Catholicos
3313 4928 3486 4999 c0git.

2405 5013 2619 5069 Socrat.
2653 5026 2733 5066 IV.

2476 5101 2869 5158 Maredoniani
2963 5119 3028 5160 ac
3117 5105 3486 5162 semi-Ariani

2405 5191 2534 5246 Lam
2546 5193 2697 5260 psaci
2791 5195 3139 5250 conveniunt
3218 5198 3490 5252 adversus

2404 5279 2717 5337 horrendas
2788 5282 3172 5352 blasphemias
3229 5285 3286 5339 in
3352 5286 3486 5341 Con-

2402 5371 2918 5441 stantinopolitano
2970 5373 3369 5429 Conciliabqu
3416 5373 3484 5428 ab

2398 5459 2626 5528 Acacio,
2658 5463 2908 5532 aliisque
2947 5462 3240 5518 Anommis
3278 5463 3480 5532 editas,

2400 5555 2458 5603 et
2509 5548 2862 5607 Ariminensi
2917 5548 3271 5620 professione
3311 5553 3481 5609 dam—
