3946 6146
272 335 387 401 537

1244 352 1583 412 CHRONOL.
1629 356 1677 413 A
1711 355 1769 414 S.
1804 355 2196 414 SYLVESTRO
2229 355 2323 412 AD
2359 357 2416 413 S.
2457 356 2674 413 GREG.
2720 359 2802 413 M.

3594 367 3700 427 638

343 469 514 559 Agim.
578 477 958 552 Imperatores,
1032 488 1306 556 Consules,
1373 491 1646 544 Romano—
1710 482 1866 559 Anni
1959 478 2018 541 A
2091 479 2259 559 AAnni
2330 482 2775 559 Christianorum,
2829 487 3142 559 Iudaeorum
3193 495 3243 543 et
3279 494 3414 559 ﬁni—
3474 493 3631 546 Anni

368 543 495 598 Ρθνο
643 543 786 622 rum,
836 543 955 612 res'
979 567 1160 628 gestae,
1211 567 1261 615 et
1296 543 1644 615 Idocumenta.
1731 554 1858 609 U.C.

371 616 490 668 Jul.
1680 631 1806 668 nintp
1836 641 1858 668 io.

321 657 397 739 εἴ
410 657 533 744 ῖῖἱά
1626 657 1914 767 ρὲἔῗὲἆιέι

561 843 703 886 ~coss
741 831 906 887 datas
938 835 1001 888 ut
1030 831 1069 888 1.
1123 830 1177 895 2,
1210 847 1258 889 c.
1315 835 1384 891 de
1427 843 1657 894 consort

575 920 826 990 ejusdem
856 920 1002 998 litis,
1034 926 1139 976 etc.

643 1010 944 1065 Sallustius
993 1010 1140 1067 Prmf
1160 1013 1297 1068 Urbi
1333 1028 1364 1070 a
1395 1017 1657 1071 Valenti—

574 1101 748 1156 niano
794 1101 1122 1156 restitutus.
1175 1103 1363 1159 Chron
1422 1105 1655 1162 Paschal

576 1185 858 1264 [intellige
892 1189 1438 1268 Constantinopoli.]

642 1279 1082 1336 Valentinianus
1101 1280 1273 1336 Occid
1296 1283 1525 1350 Imperii
1559 1298 1658 1339 re—

572 1370 789 1441 gimine
833 1374 1073 1438 retento,
1099 1368 1413 1425 Orientalis
1456 1386 1655 1429 curam

570 1457 790 1514 Valenti
825 1457 1126 1527 permittit.
1161 1458 1424 1514 Ammian
1447 1460 1531 1515 lib
1559 1459 1650 1517 25.

569 1548 762 1603 Socrat
793 1559 871 1616 IV,
902 1561 952 1600 c.
989 1543 1038 1600 4.
1071 1547 1331 1602 Zosimus
1361 1562 1437 1603 IV.

637 1638 826 1692 Roma:
870 1634 1105 1692 Praefect
1145 1636 1276 1692 urbi
1338 1638 1654 1708 C.Cejonius

567 1729 744 1795 Rufus
807 1727 1138 1780 Volusianus
1185 1740 1252 1781 ex
1306 1729 1553 1798 Inscript
1601 1735 1658 1785 el.

565 1815 625 1884 Ο.
685 1815 950 1870 Aurelius
998 1811 1350 1883 Symmachus
1398 1831 1467 1872 ex
1520 1817 1654 1888 legi-

563 1907 671 1964 bus
704 1907 978 1962 indicatis
1026 1921 1058 1962 a
1089 1907 1438 1963 Contelorio.

361 2011 493 2073 5078
637 2016 757 2084 Imp
797 2013 915 2069 Caes
951 2015 1390 2070 Valentinianus
1422 2015 1545 2086 Aug
1576 2021 1647 2070 tr.
1726 2011 1865 2070 4447

332 2110 397 2180 θ
450 2103 514 2161 40
569 2119 624 2174 p.
660 2102 683 2156 4
726 2110 782 2159 et
816 2117 884 2159 ex
912 2104 1012 2159 Kal
1043 2105 1184 2159 Mart
1212 2111 1282 2159 tr.
1330 2119 1380 2172 p.
1426 2101 1480 2172 2,
1533 2118 1649 2159 eos.
1727 2100 1866 2159 4448

339 2194 406 2268 θ
489 2192 526 2250 5
634 2194 754 2262 Imp
793 2194 912 2248 Caes
943 2193 1146 2249 Valens
1193 2194 1319 2264 Aug
1353 2198 1424 2247 tr.
1491 2208 1544 2263 p.
1597 2189 1647 2262 4,

410 2285 453 2339 Β
558 2288 615 2338 et
638 2296 705 2338 ex
732 2298 792 2338 Ill
815 2282 916 2337 Kal
959 2282 1121 2352 April
1154 2289 1226 2338 tr.
1261 2298 1314 2353 p.
1342 2279 1396 2351 2,
1423 2295 1542 2338 cos.

335 2373 507 2429 Indict
630 2373 812 2428 'Coss
1018 2372 1456 2428 Valentinianus
1500 2371 1645 2442 Aug.

371 2459 463 2501 VIII
559 2445 728 2501 iidem
758 2446 922 2516 Augg
982 2443 1189 2499 Valens
1214 2445 1359 2514 Aug.

364 2539 409 2589 et
435 2549 492 2591 ix
634 2538 652 2556 '
693 2536 872 2605 Antiq
935 2533 1083 2603 lapis
1134 2539 1335 2588 coemet
1407 2531 1649 2588 effossus

562 2637 710 2680 anno
745 2620 884 2678 4720
923 2629 978 2678 et
1011 2623 1159 2693 leges
1206 2621 1467 2690 plurimae
1498 2621 1647 2690 apud

565 2712 774 2769 Reland
811 2712 848 2766 Ι.
905 2709 960 2767 5.
993 2725 1044 2766 c.
1099 2711 1287 2766 Theod
1335 2710 1406 2766 de
1456 2709 1653 2779 juris-

565 2803 706 2871 dict,
739 2809 844 2858 etc.

641 2892 786 2948 Praef
836 2892 972 2948 Urbi
1044 2896 1172 2962 post
1248 2888 1646 2961 Symmachum

566 2984 621 3039 C.
705 2983 958 3054 Cejonius
1028 2984 1219 3050 Ruﬁus
1295 2980 1645 3035 Volusianus.

566 3073 777 3130 Panvin
808 3081 862 3128 et
894 3073 1072 3143 lapid.

635 3164 834 3218 Festus
867 3161 1048 3218 Rufus
1090 3162 1158 3217 ad
1191 3161 1251 3215 h.
1299 3175 1352 3216 a.
1388 3163 1650 3215 numerat

567 3252 629 3307 U.
671 3251 731 3307 Ο.
765 3251 873 3308 sub
906 3250 1154 3322 Regibus
1201 3247 1322 3316 243,
1380 3263 1477 3304 cos
1523 3243 1648 3303 467.

566 3343 686 3411 lmp
710 3337 834 3399 407.
876 3340 967 3396 Fit
996 3353 1218 3396 summa
1242 3335 1400 3394 4447.

371 3425 499 3486 5079
634 3431 756 3500 Imp
797 3429 918 3485 Caes
980 3429 1344 3485 Valentinian
1382 3427 1510 3499 Aug
1567 3431 1640 3481 tr.
1721 3420 1860 3479 4448

1720 3525 1860 3586 4449

346 3539 407 3612 Θ
457 3534 512 3592 44
568 3554 623 3609 p.
648 3536 705 3606 2,
731 3535 784 3594 3.
818 3538 948 3593 Cos.

359 3624 422 3698 θ
495 3625 529 3683 6
579 3631 770 3772 3|mp.
798 3627 919 3683 C25
959 3627 1166 3683 Valens
1200 3625 1349 3699 Aug.
1403 3629 1477 3680 tr.
1511 3639 1564 3694 p.
1596 3619 1652 3693 2,

417 3717 464 3771 Α
621 3757 634 3768 .
664 3716 788 3772 Cos.

364 3804 523 3897 I’f‘i‘“
577 3837 754 3897 'Coss.
801 3846 816 3861 ο
853 3845 868 3858 ’
906 3846 920 3859 ·
956 3845 970 3858 ·
1006 3805 1344 3897 ,(Ξῖἓξῖἓξῗὲἕῖ

414 3890 463 3931 1x
603 3876 754 3897 ww“
799 3918 814 3932 .
853 3917 868 3930 .
905 3916 921 3932 .
955 3917 968 3930 .
1006 3876 1383 3947 Daglaiphus~

385 3969 483 4021 et:
642 3967 782 4024 'Vet.
843 3966 954 4036 lap.
1022 3979 1187 4021 coam.
1249 3964 1452 4018 Callist
1503 3962 1654 4032 apud

575 4056 834 4127 Boldett;
891 4069 999 4127 pag
1021 4052 1112 4109 80.
1166 4054 1377 4109 Gruter
1426 4049 1582 4119 M62,
1625 4050 1662 4106 5

576 4153 632 4204 et
681 4148 829 4219 leges
899 4145 1094 4216 plures
1139 4157 1231 4214 ap.
1286 4141 1552 4199 Gotofred
1608 4147 1665 4196 et

577 4235 783 4291 Reland
840 4247 1042 4304 nempe
1075 4233 1112 4288 Ι.
1163 4232 1216 4287 9.
1275 4232 1335 4287 C.
1391 4230 1658 4286 Theodod

577 4325 648 4380 de
677 4325 983 4392 veteranis,
1021 4329 1128 4378 etc.

646 4413 808 4470 Pref.
867 4415 1008 4470 Urbi
1071 4413 1355 4466 Viventius
1407 4424 1474 4464 ex
1525 4409 1669 4464 Am—

582 4503 791 4559 mian.
863 4501 1308 4558 Valentinianus
1387 4497 1665 4552 Alaman—

582 4605 686 4648 nos
801 4592 1036 4649 devicit.
1136 4587 1385 4644 Idacius.
1487 4587 1669 4656 Eique

582 4683 842 4738 nascitur
873 4681 1032 4736 ﬁlius
1059 4693 1132 4734 xv
1177 4676 1303 4733 Kal.
1337 4674 1496 4731 Febr.
1549 4677 1671 4729 Va—

584 4772 923 4826 lentim'anus
989 4771 1188 4823 Iunior
1273 4780 1341 4822 ex
1422 4765 1668 4830 Justina,

576 4876 702 4932 qua:
724 4860 911 4917 fuerat
939 4861 1092 4916 Uxor
1122 4855 1459 4927 Magnentii.
1487 4853 1672 4909 Zosim

587 4952 627 5008 1.
687 4949 740 5022 4,
773 4952 912 5008 edit.
979 4950 1245 5005 Francos.
1304 4945 1450 5001 Vide
1507 4945 1676 4998 Peta—

586 5041 746 5098 vium

376 5147 512 5206 5080
658 5151 779 5219 Imp
824 5149 1014 5204 Caesar
1055 5144 1493 5200 Valentinianus
1530 5141 1674 5211 Aug.
1753 5133 1894 5192 4449

355 5243 419 5313 θ
465 5237 534 5295 42
590 5245 664 5295 tr.
700 5255 751 5308 p.
782 5235 819 5294 3
868 5245 925 5293 et
974 5234 1026 5307 4,
1079 5249 1198 5290 cos.
1248 5234 1317 5288 Et
1367 5229 1684 5287 Gratianus
1757 5222 1895 5281 H20

367 5328 433 5401 θ
480 5326 517 5385 7
588 5329 798 5384 Caesar.

433 5419 477 5475 G
661 5420 803 5488 Imp.
856 5417 997 5472 Caes.
1055 5413 1262 5470 Valens
1288 5410 1432 5481 Aug.
1459 5415 1529 5464 tr.
1565 5421 1619 5476 p.
1647 5403 1683 5460 3

353 5508 522 5563 Indici
582 5519 640 5563 et
662 5503 715 5576 4,
748 5520 865 5561 cos.

395 5612 533 5724 εἴ..
599 5632 746 5689 eoas
816 5589 1386 5722 Ei::::i‘.t‘.‘i§f.i§“s'

2081 550 2290 622 Olymp.

1680 631 1806 679 ante
1836 629 1886 678 et

2105 2014 2260 2082 Olym

2127 2101 2235 2159 285

2152 2205 2208 2247 IV

2149 2286 2199 2335 et

2128 2367 2237 2426 286
2328 2371 2460 2441 gius
2492 2370 2748 2439 ponenda
2802 2383 2924 2424 esse
2971 2367 3251 2423 decernit.

2317 2462 2606 2529 Procopius
2657 2472 2859 2530 genere
2907 2457 3056 2511 Cilix
3101 2462 3156 2510 et
3189 2455 3409 2511 Iuliani

2180 5229 2241 5270 ιιι

2401 556 2651 633 timorum
2706 557 3051 627 populorum,
3089 556 3406 633 Pontiﬁces,
3487 567 3628 618 ΑἶΓῶ

2401 627 2589 693 Reges,
2631 643 2716 681 res
2759 636 2922 695 gesta
2962 637 3012 684 et
3065 627 3403 688 documenta.
3462 633 3665 689 Christi

2333 845 2464 895 nata
2572 842 2982 900 Antiochenam
3110 845 3415 905 formulam

2330 931 2729 998 comprobant:
2766 933 3019 1002 Spiritus
3044 935 3230 991 Sancti
3272 939 3418 992 Divi-

2331 1019 2564 1073 nitatem
2602 1030 2913 1088 respuunt:
2956 1025 3190 1094 Legatos
3210 1027 3276 1080 ad
3317 1026 3418 1080 Li—

2332 1105 2553 1162 berium
2589 1110 2841 1178 mitaunt,
2870 1119 2932 1167 ut
2964 1113 3126 1168 illius
3148 1116 3414 1170 auctori-

2333 1200 2445 1250 tate
2476 1199 2710 1252 sedibus
2750 1201 2876 1254 suis
2907 1203 3072 1256 restit
3116 1209 3288 1258 antur
3313 1207 3415 1274 qui

2332 1285 2496 1354 ejecti
2555 1284 2780 1342 fuerant
2811 1290 3074 1360 Episcopi
3121 1292 3416 1348 Catholica

2334 1371 2686 1440 professione
2716 1375 2988 1431 admissa.
3019 1379 3226 1448 Pagius
3254 1380 3316 1434 h.
3356 1395 3408 1436 a.

2335 1459 2452 1513 haec
2478 1468 2634 1531 gesta
2664 1465 2976 1533 contendit,
3010 1465 3145 1522 licet
3174 1466 3244 1522 ab
3278 1468 3415 1524 aliis

2332 1548 2402 1603 ad
2465 1557 2793 1619 sequentem
2843 1553 3203 1612 differantur.
3263 1557 3403 1613 Vide

2334 1639 2446 1711 Pag
2463 1641 2532 1695 ad
2560 1653 2673 1694 ann
2699 1638 2823 1695 363.
2855 1656 2911 1696 n.
2970 1656 3025 1696 IV

2401 2012 2614 2068 Liberii
2651 2010 2716 2068 l2
2744 2019 2798 2068 et
2826 2010 2907 2068 43.

2390 2101 2471 2157 Ad
2519 2107 2669 2157 hunc
2695 2116 2906 2157 annum
2942 2101 3110 2158 refert
3135 2117 3262 2159 cum
3299 2105 3412 2158 Ba-

2330 2193 2493 2247 ronio
2546 2194 2707 2247 Petav
2754 2205 2816 2246 ea
2863 2206 2988 2262 qua:
3028 2192 3097 2246 de
3147 2192 3412 2245 Macedo-

2326 2281 2518 2336 nianis
2565 2282 2622 2336 in
2657 2281 2916 2350 proximo
2967 2279 3255 2346 superiori
3304 2280 3416 2333 Pa-

2327 2550 2688 2618 propinquus
2760 2545 3259 2615 Constantinopoli
3319 2550 3415 2615 ty—

2220 2651 2223 2655 '
2328 2637 2624 2691 rannidem
2667 2637 2877 2705 arripit
2933 2648 3003 2688 IV.
3052 2635 3151 2688 Kal
3184 2634 3415 2689 Octobr.

2325 2725 2570 2780 Idacius.
2599 2726 2882 2785 Ammian.
2914 2722 3001 2779 26.
3043 2724 3303 2779 Zosimus
3349 2720 3402 2777 4.

2396 2815 2739 2870 Terraemotu
2835 2829 3113 2870 concussa
3213 2825 3415 2884 magna

2328 2910 2486 2972 parte
2536 2903 2708 2958 Orbis
2740 2905 2973 2958 Romani
3026 2916 3178 2957 mare
3238 2901 3408 2956 littus

2327 2993 2640 3063 egreditur,
2662 2994 2800 3048 etin
2838 2992 3043 3047 Sicilia
3078 2991 3271 3045 multa:
3307 3004 3413 3045 ur-

2327 3081 2426 3137 bes
2455 3083 2882 3152 Opprimuntur.
2928 3083 3158 3137 Hieron.
3193 3079 3410 3134 Chron.

2398 3413 2610 3470 Liberii
2641 3409 2708 3468 43
2735 3417 2791 3467 et
2823 3409 2888 3466 44
2913 3419 2970 3468 et
2999 3413 3255 3464 DAMAS“.
3486 3405 3596 3465 366

2394 3506 2659 3561 Liberius
2715 3503 2864 3558 obiit
2923 3502 3012 3554 his
3042 3500 3179 3554 Coss
3221 3499 3316 3554 die
3343 3495 3416 3553 24

2311 3596 2445 3665 Sept
2490 3602 2554 3650 ut
2604 3609 2672 3649 ex
2721 3593 2918 3648 libello
2975 3603 3206 3662 precum
3263 3590 3414 3644 Fau-

2317 3685 2458 3739 stini
2534 3690 2590 3739 et
2642 3682 2982 3738 Marcellini.
3055 3679 3191 3734 Vide
3259 3685 3422 3733 notas

2333 3788 2442 3846 pag
2489 3771 2556 3828 45
2603 3781 2660 3828 et
2687 3771 2810 3826 Prol
2851 3767 2978 3823 T.2
3024 3768 3098 3823 fol
3145 3779 3249 3825 CVI.
3305 3768 3423 3819 DA-

2332 3877 2530 3931 msus,
2557 3863 2774 3917 electus
2827 3872 3142 3924 sucozessor,
3177 3856 3421 3911 ordina—

2336 3961 2433 4009 tur
2491 3953 2802 4021 EpiscOpus
2863 3947 3131 4003 Kalendis
3184 3945 3414 4001 Octobr.

2337 4042 2586 4097 schisma
2612 4041 2895 4095 inducunt
2912 4039 2924 4091 i
2939 4045 3135 4092 ntruso
3156 4037 3422 4088 Urcisino.

2337 4133 2430 4187 Fit
2457 4132 2640 4187 caades
2688 4131 2746 4184 in
2809 4125 3053 4182 Basilica
3104 4123 3420 4178 Siciniana.

2340 4222 2482 4277 Vide
2515 4225 2694 4275 notas.
3400 4285 3410 4290 ᾗ

2415 4310 2726 4378 Procopius
2779 4315 3056 4378 tyrannus
3123 4316 3154 4358 a
3198 4301 3431 4357 Valente

2344 4400 2729 4470 Opprimitur;
2780 4404 2836 4452 et
2888 4400 3014 4465 post
3067 4406 3197 4449 eum
3271 4393 3431 4445 Mar-

2345 4489 2546 4544 cellus.
2607 4486 2868 4540 Ammian
2904 4483 2985 4536 lib
3035 4479 3127 4544 27,
3159 4480 3345 4534 Zosim
3395 4474 3430 4531 4

2346 4584 2402 4632 et
2424 4577 2476 4630 8.
2514 4574 2714 4629 Valens
2758 4572 2828 4626 ab
2855 4570 3111 4625 Eudoxio
3140 4568 3434 4621 Adriano-

2349 4678 2475 4719 rum
2533 4662 2813 4730 Episcopo
2843 4657 3164 4726 baptizatus
3206 4661 3433 4708 nostros

2351 4751 2738 4823 persequitur,
2766 4748 2974 4802 Hieron
3017 4744 3217 4799 chron.

2415 5120 2641 5178 Damasi
2677 5115 2698 5173 4
2735 5123 2790 5173 et
2818 5114 2873 5172 2.
3523 5105 3628 5167 367

2425 5211 2686 5283 Synodus
2733 5210 2917 5263 Roma:
2979 5202 3175 5258 habita
3226 5203 3436 5258 adver-

2355 5318 2457 5359 sus
2513 5300 2864 5355 Ursicinum.
2938 5292 3076 5348 Vide
3145 5299 3308 5347 notas
3363 5290 3435 5344 ad

2356 5395 2682 5452 Damasum,
2732 5386 2900 5442 infra.

2428 5482 2528 5534 His
2558 5494 2654 5532 cos
2682 5473 3176 5543 Constantinopoli
3220 5469 3436 5540 grando

2359 5571 2560 5640 ingens
2585 5567 2798 5622 cecidit
2832 5567 2909 5640 _in
2961 5563 3184 5640 modum
3213 5563 3434 5640 Apetra-_-

2362 5633 2487 5695 ru'm
2550 5651 2604 5693 IV
2649 5641 2771 5692 Non
2821 5637 2913 5691 Jul
2960 5640 3018 5688 et
3082 5633 3302 5687 levatus
3347 5637 3436 5686 est
