3982 6166
341 315 450 374 639
512 296 514 298 ’
1163 319 1256 373 AD
1295 319 1730 376 ANASTASIUM
1771 315 2283 376 PROLEGOMENA
2318 316 2492 374 amr.
2535 311 2961 371 ROM.-VATIC.
3656 296 3766 357 640

408 437 566 525 anni
639 440 1019 510 Imperatores,
1039 441 1294 495 Consules
1314 443 1697 512 Romanorum,
1778 439 1934 525 [inriti
2014 438 2072 498 A
2172 439 2327 525 ᾼξιηὶ
2425 428 3500 525 σῆνὶεεὶαηρωηῇ

430 509 551 562 Per.
717 499 738 510 “
787 527 873 565 res
916 499 1101 580 gesta,
1150 519 1201 568 et
1244 515 1582 568 documenta.
1687 499 1696 512 ’
1791 513 1853 564 U.
1879 511 1936 565 C.
2173 509 2386 579 Olymp.
2521 523 2731 562 τηοτατη
2783 499 3133 577 Ροβαίονωην
3177 504 3491 580 Pomm“?!
3541 499 3706 580 3E"?

439 581 550 634 Jul.
916 567 942 580 ν
1084 567 1100 575 ’
1747 589 1872 636 ante
1923 585 1973 636 et
2239 567 2262 577 ν
2327 567 2346 579 ⁵
2508 581 2694 646 Reges,
2742 567 2827 633 res
2859 567 3026 645 'gesta
3075 567 3126 630 et
3155 567 3490 629 documenta.
3534 567 3751 624 Christi

380 654 431 704 et
470 651 598 705 Ind.
1681 653 1975 725 postPalil.

698 792 949 861 Inscript
983 790 1190 846 Reines
1213 806 1266 861 p.
1298 790 1404 848 906
1431 797 1487 848 et
1515 793 1709 850 Mabil-
2388 775 2704 876 Gratianus.
2743 775 2881 876 sua.
2927 770 3459 876 in‘GalliisAana‘cl

630 882 724 938 lon
745 859 1007 950 supplem
1043 881 1120 935 rei
1154 859 1370 950 diiplom
1404 897 1527 954 pag.
1571 881 1633 939 45
1656 890 1712 939 et
2387 863 2749 966 έῐιξίξιῐξῼεβη
2785 859 3129 966 ῐνξριιηδξξ-ξὶ
3161 867 3318 966 gallie
3338 871 3470 966 τξιξο

629 971 780 1041 leges
821 948 1051 1039 plures
1116 948 1264 1038 apud
1333 948 1601 1028 Gotolred
1656 980 1710 1028 et
2391 953 2797 1054 Valentiniano
2818 953 2914 1008 die
2938 965 2994 1006 Ix
3016 950 3136 1005 Kal.
3167 948 3472 1054 'S‘ep‘tjldg-

628 1039 840 1112 Reland
879 1063 941 1112 ut
997 1059 1032 1112 ι.
1065 1055 1118 1126 3,
1173 1072 1222 1112 c.
1274 1058 1474 1114 Th.de
1515 1061 1706 1115 Indul.
2391 1043 2540 1099 cius-
2593 1042 2809 1141 Bellum
2853 1039 3470 1141 gupque‘BIjtaarii—

626 1147 770 1202 crim
811 1153 919 1201 etc.
2395 1145 2524 1188 cum
2575 1135 2774 1186 contra
2853 1130 3040 1184 Pictos
3093 1131 3149 1183 et
3223 1126 3471 1226 Saxones

695 1236 925 1289 Dicitur
965 1235 1136 1288 etiam
1202 1234 1297 1289 hic
1354 1249 1542 1291 annus
1587 1239 1714 1293 Post
2393 1233 2492 1290 per
2514 1219 2896 1274 Theodosium
2927 1214 3462 1287 prospereconﬁcit.

621 1324 971 1380 Consulatum
1001 1322 1257 1376 Gratiani
1286 1327 1352 1380 N.
1397 1327 1457 1378 P.
1514 1331 1566 1380 et
1591 1329 1713 1382 Βα-
2387 1313 2443 1364 et
2471 1308 2540 1363 de
2592 1307 2963 1377 Imperatoris
3023 1304 3254 1361 nomine
3299 1301 3470 1357 Vale-

624 1413 778 1480 glaifi
835 1411 870 1466 ι.
907 1408 994 1477 46,
1075 1425 1122 1466 c.
1168 1411 1268 1467 Th.
1317 1413 1388 1468 de
1434 1427 1625 1470 annon
1655 1421 1712 1471 et
2389 1399 2532 1496 riam
2575 1396 2932 1496 Pfgvincjam
2977 1394 3278 1496 γίξίξλξ-Ᾰξι
3329 1392 3473 1447 Αω-

625 1500 810 1586 tribut
837 1504 892 1554 et
923 1500 981 1554 in
1043 1500 1218 1569 lapid.
1251 1501 1548 1559 Fleetvood
1582 1518 1707 1577 pag,
2720 1485 3002 1586 Eydiatet
3031 1481 3276 1586 Μξίξὶίξὺο

630 1585 756 1658 504,
792 1589 941 1658 apud
974 1589 1209 1644 Reland.
1583 1571 1596 1574 ’
1657 1571 1703 1577 Γ
2457 1575 3058 1676 Hilarius-Episcopus
3092 1571 3460 1676 PictavnhZa.

700 1679 788 1732 Pr.
819 1676 954 1731 Urbi
983 1679 1192 1732 Vettius
1223 1679 1603 1744 Prateaitatus,
1642 1685 1707 1738 ut
2027 1758 2059 1762 _
2145 1753 2147 1758 ι

2391 1665 2658 1720 moritur.
2685 1664 2897 1719 Hieron
2929 1663 3130 1717 chron.
3162 1661 3267 1716 Sed
3299 1661 3464 1760 Peta-

625 1781 692 1822 ex
719 1773 825 1821 vet.
855 1767 1122 1835 Inscript.
1160 1768 1347 1822 Romae
1375 1770 1524 1838 apud
1562 1773 1712 1826 Pan—
2025 1758 2079 1819 B
2145 1753 2147 1758 ’
2388 1751 3162 1847 νὶιξεάίσξὲΐθηάυῐῐξβξηῖηδά
3180 1750 3500 1847 menum-mi

625 1857 721 1911 vin
753 1860 808 1911 et
845 1855 1109 1912 Contelor
1161 1861 1217 1911 et
1245 1870 1314 1912 ex
1351 1837 1672 1916 Ammiano.
2455 1841 2813 1909 RescriDium
2864 1839 2933 1894 ab
2959 1841 3305 1908 Ῑηιρθτὲῑοτθ
3339 1837 3470 1892 Θαί-

2384 1935 2528 2000 tum,
2573 1931 2656 1986 uti
2703 1930 2775 1985 ob
2804 1930 2956 1986 diem
3011 1928 3237 1982 Pascha:
3289 1925 3464 1980 vincti

2388 2018 2775 2074 liberarentur
2825 2017 3078 2088 exceptis
3141 2009 3258 2071 reis
3287 2016 3469 2085 maje—

2386 2108 2575 2176 statis,
2625 2106 2930 2175 adulteris,
2965 2105 3294 2172 homicidis,
3341 2116 3468 2158 ma—

2386 2195 2588 2262 leﬁcis,
2613 2200 2726 2250 etc.
2779 2209 2830 2250 c.
2880 2194 2934 2260 3,
2958 2208 3008 2249 c.
3040 2195 3110 2250 de
3152 2192 3375 2265 Indulg.

412 2280 547 2339 508i
700 2286 820 2352 Imp
839 2284 976 2340 Ctes.
1001 2285 1443 2344 Valentinianus
1467 2288 1610 2361 Aug.
1634 2295 1708 2345 tr.
1787 2287 1926 2347 4420

2211 2298 2274 2340 ιιι
2455 2285 2682 2339 Damasi
2711 2281 2748 2339 2
2771 2289 2828 2339 et
2850 2281 2884 2339 3
3563 2277 3666 2336 368

378 2373 450 2444 ﬁ)
519 2368 586 2426 43
625 2386 679 2440 p.
713 2369 746 2424 4
789 2378 844 2426 et
872 2371 926 2438 5,
987 2387 1082 2430 cos
1144 2375 1227 2429 44.
1280 2379 1348 2432 Et
1402 2379 1716 2435 Gratianus
1790 2377 1919 2436 4424
2213 2388 2267 2430 ιν
2459 2373 2853 2430 Sectatoribus
2883 2372 3135 2428 Ursicini
3167 2371 3460 2428 interdici-

377 2458 450 2529 θ
553 2457 591 2514 8
625 2461 812 2514 Caesar
832 2461 1406 2531 Augustusetiamtr.
1440 2483 1720 2538 p.p.con-
2390 2467 2486 2519 tur
2523 2475 2790 2518 accessus
2847 2462 2932 2518 vel
2990 2475 3147 2517 mora
3204 2463 3262 2515 in
3315 2459 3463 2515 Urbe

426 2547 542 2601 ΒΕ
629 2561 787 2603 cessa
811 2561 886 2602 lx.
932 2548 1056 2603 Kal.
1101 2550 1251 2618 Sept.
2390 2552 2586 2620 Roma,
2619 2550 2762 2605 alibi
2799 2563 2930 2606 vero
2951 2550 3154 2622 degere
3181 2548 3460 2620 permitti-

386 2633 571 2688 Indict
689 2637 830 2704 Imp.
884 2636 1070 2691 Caesar
1125 2637 1328 2694 Valens
1357 2641 1499 2713 Aug.
1536 2647 1608 2700 tr.
1661 2662 1716 2717 p.
2392 2645 2506 2695 tur.
2529 2639 2671 2695 Vide
2701 2645 2887 2695 notas.

452 2733 511 2774 χι
641 2718 756 2775 let
785 2721 839 2776 5.
2461 2727 2666 2783 Valens
2715 2728 3034 2784 Gothorum
3083 2740 3250 2800 agros
3300 2726 3469 2782 inva-

398 2811 450 2860 et
475 2821 554 2862 xu
687 2809 827 2865 Coss
1007 2812 1450 2874 Valentinianus
1488 2819 1632 2894 Aug.
1673 2837 1712 2878 ιι
2387 2816 2528 2872 dens
2547 2829 2645 2872 eos
2671 2817 2743 2873 de
2763 2829 2895 2887 pace
2916 2829 3082 2888 agere
3103 2816 3278 2888 cogit.

629 2896 804 2954 iidem
835 2899 930 2955 AA
1006 2901 1210 2958 Valens
1230 2904 1383 2978 Aug.
1414 2922 1475 2963 ιι.
2458 2907 2757 2961 Persarum
2785 2907 2900 2962 Rex
2925 2907 3194 2962 Armenia
3232 2904 3466 2960 subacta

697 2989 831 3044 Cod.
893 2989 995 3056 Th,
1055 2991 1138 3050 lib
1199 2991 1252 3064 9,
1297 3001 1338 3049 t.
1389 2995 1459 3052 36
1516 2998 1607 3069 leg
1647 2997 1715 3054 49
2387 2995 2659 3049 Romanis
2707 2994 2922 3051 bellum
2985 2993 3196 3050 inferre
3270 3001 3456 3063 parat.

630 3077 781 3146 apud
813 3077 1082 3136 Gotofred
1109 3087 1166 3137 et
1195 3083 1324 3137 alia;
1366 3086 1537 3140 etiam
1559 3088 1710 3155 apud
2023 3093 2074 3160 ο
2385 3083 2649 3138 Ammian
2677 3079 2768 3139 27.

626 3165 838 3221 Reland
891 3167 1020 3223 vtl.
1075 3167 1230 3225 29et
1257 3170 1346 3242 30,
1391 3187 1440 3227 c.
1497 3173 1707 3246 Theod,

624 3253 693 3310 de
712 3268 886 3310 cursu
918 3257 1054 3326 publ
1085 3265 1192 3314 etc.

697 3345 962 3414 Inscript.
1013 3346 1260 3403 Fabrett.
1296 3363 1404 3420 pag
1438 3348 1564 3405 584.

697 3433 794 3487 Pr.
857 3433 995 3488 Urbi
1050 3435 1108 3500 Ο.
1139 3435 1359 3490 Clodius
1407 3440 1708 3506 Hermoge—

621 3522 826 3576 m’anus
885 3522 1163 3591 Olybrius.
1224 3524 1399 3581 Vetus
1461 3527 1709 3598 inscript

622 3609 772 3677 apud
831 3612 1096 3668 Contelor
1123 3620 1179 3670 et
1227 3615 1376 3687 leges
1406 3617 1508 3672 cod
1541 3616 1612 3673 ab
1642 3631 1708 3673 eo

621 3703 677 3751 et
703 3699 1060 3756 Almeloveen
1096 3705 1382 3760 indicata.

408 3798 551 3856 5082
693 3803 835 3869 Imp.
947 3803 1147 3873 Casss,
1261 3809 1702 3870 Valentinianus
1779 3816 1910 3876 4424

2203 3819 2257 3861 ιν
2452 3807 2682 3862 Damasi
2729 3804 2765 3863 3
2813 3810 2870 3863 et
2911 3804 2964 3863 4.
3544 3805 3615 3866 3f

378 3894 450 3962 ᾗ)
499 3887 566 3944 44
614 3887 762 3959 Aug.
798 3895 866 3944 tr.
906 3904 958 3958 p.
989 3888 1024 3944 5
1052 3898 1105 3946 et
1132 3892 1185 3955 6,
1213 3908 1312 3950 cos
1338 3910 1399 3950 ιι.
1776 3905 1914 3964 4422

1891 3907 1914 3964 g
2151 3892 2305 3962 Otym
2449 3896 2726 3951 Damasus
2822 3901 3023 3952 contra
3110 3895 3463 3953 Auxentium

371 3977 444 4048 θ
533 3976 568 4032 9
689 3979 758 4031 Et
813 3977 1015 4033 Valens
1062 3983 1204 4052 Aug.
1255 3992 1326 4039 tr.
1361 3983 1518 4055 p0t5
1567 3995 1624 4044 et
1665 3987 1700 4043 6

2163 3979 2269 4037 286
2384 3982 2672 4052 Synodum
2725 3984 2881 4055 cogit
2910 3985 3322 4056 Episcoporum
3366 3984 3457 4056 90,

461 4068 508 4118 D
617 4079 762 4121 coss.
800 4081 861 4122 ιι.
2164 4075 2215 4124 et
2239 4070 2303 4125 Ol
2376 4071 2437 4125 in
2487 4085 2598 4141 qua
2644 4076 2702 4126 et
2747 4073 2845 4127 ille
2893 4075 3196 4131 damnatus
3256 4083 3360 4146 est,
3405 4082 3462 4132 et

374 4154 573 4209 Indict.
705 4156 774 4210 Et
802 4157 1116 4215 Gratianus
1144 4161 1287 4233 Aug.
1327 4169 1398 4219 tr.
1434 4173 1531 4235 pot
1560 4165 1609 4234 l,
1644 4167 1695 4242 2,

2161 4156 2268 4215 287
2375 4160 2762 4216 Ariminensis
2809 4163 2968 4219 Fidei
3014 4163 3260 4220 formula
3311 4167 3460 4235 reje-

446 4255 529 4298 ιιι
623 4257 740 4299 cos.
2195 4265 2214 4303 ι
2384 4255 2507 4306 cta:
2562 4250 2774 4306 iterum
2835 4252 3146 4309 damnatur
3203 4255 3456 4312 Ursicini

377 4336 428 4386 et
475 4345 579 4387 xui
619 4368 758 4426 COSS
834 4336 1276 4425 Valentinianus
1356 4344 1468 4399 nob
1536 4361 1694 4416 puer.

834 4410 966 4464 bext
990 4409 1165 4466 Aurel
1196 4414 1405 4470 Victor.

2371 4338 2623 4395 schisma
2644 4353 2773 4395 cum
2819 4348 3124 4398 assertore.
3183 4344 3319 4400 Vide
3341 4358 3452 4401 no—

1995 4441 2050 4483 n
2375 4434 2460 4483 tas
2491 4428 2559 4483 ad
2587 4431 2915 4483 Damasum.

873 4421 966 4464 ext
990 4421 1165 4466 Aurel
1199 4421 1405 4470 Victor.
1995 4441 2050 4486 n
2375 4434 2460 4483 tas
2491 4428 2559 4483 ad
2587 4431 2915 4486 Damasum.

834 4441 966 4464 se...
990 4441 1165 4466 nunc!
1205 4441 1222 4466 i
1242 4441 1405 4470 mur.
1995 4441 2050 4502 D
2375 4441 2460 4483 ias
2491 4441 2559 4483 aa
2587 4441 2915 4486 Damasum.

689 4497 863 4553 Vetus
895 4498 1158 4570 inscript.
1188 4503 1414 4561 Fabrett
1436 4520 1560 4579 pag.
1593 4505 1700 4566 449
2448 4517 2651 4574 Valens
2691 4518 3104 4576 Athanaricum
3135 4522 3453 4580 Gothorum

617 4590 674 4686 et
714 4586 938 4686 leges‘a
986 4590 1238 4686 ljelando
1292 4595 1583 4686 productae
1636 4605 1701 4655 ut
2378 4606 2592 4686 Regem
2627 4606 2788 4681 fugat
2816 4609 2911 4664 cui
2957 4623 3087 4666 mox
3118 4625 3307 4682 pacem
3339 4613 3458 4668 tri-

617 4675 658 4732 ι.
729 4674 814 4733 40.
866 4678 925 4733 C.
987 4680 1196 4736 Theod.
1273 4684 1345 4739 de
1395 4687 1697 4760 veteranis,

1395 4687 1697 4760 veteranis,
2377 4674 2508 4752 buit
2536 4674 2798 4753 Ammian
2829 4696 2919 4756 27.

614 4765 667 4821 al
677 4766 859 4858 itaque
883 4767 986 4858 ibi.
2372 4783 2528 4855 Agon
2547 4791 2673 4855 post
2686 4799 2867 4842 annos
2884 4802 3025 4858 xvu,
3046 4789 3352 4847 restitutus
3367 4796 3456 4848 est

690 4855 850 4912 Praef.
894 4857 1031 4914 Urbi
1062 4861 1531 4930 Hermogenianus
1563 4864 1701 4936 Oty-
2378 4874 2676 4930 aValente.
2697 4855 3232 4947 ldatius,etHieron
3257 4881 3460 4937 chron.

619 4945 770 5037 brius
811 4960 873 5001 ιι.
2445 4962 2734 5020 Cedrenus
2759 4967 2843 5020 ait
2876 4940 3063 5037 ipsum
3119 4969 3453 5025 Gentilibus

365 5036 438 5123 ξιξ)
613 5121 625 5123 _
687 5035 932 5091 Anicius
958 5037 1174 5094 Probus
1196 5041 1698 5100 Praef.Praat.Am-
2373 5051 2652 5107 sacrificia
2722 5031 3075 5123 permisisse.
3125 5060 3418 5115 Petavius.

363 5120 437 5190 θ
488 5119 554 5177 lo
611 5121 808 5176 brosio
861 5123 1278 5182 Consularibus
1361 5131 1695 5202 insignibus
2445 5140 2499 5194 s.
2521 5119 2772 5198 Basilius
2805 5151 3029 5202 mortuo
3053 5147 3300 5204 Eusebio
3323 5149 3450 5203 Cae-

400 5267 405 5303 :
612 5209 852 5303 praedito
925 5211 1272 5285 Insubriam,
1376 5219 1691 5291 Liguriam,
2371 5241 2545 5284 sarem
2594 5228 2657 5284 ﬁt
2724 5231 3030 5303 episcopus
3082 5231 3150 5288 48
3200 5235 3303 5290 Kal
3351 5235 3444 5293 Jul

377 5298 552 5352 Indict
606 5297 1242 5394 {Emillam-regendam
1295 5306 1493 5360 tradit.
1542 5309 1694 5365 Pau-
2370 5318 2518 5388 Greg
2541 5319 2652 5372 Naz
2672 5297 2822 5388 epist
2847 5297 3004 5376 xx'et
3029 5335 3127 5394 seq
3156 5330 3214 5379 et
3246 5325 3304 5379 in
3340 5338 3451 5380 en—

414 5399 518 5440 xm
610 5386 768 5442 linus
798 5386 854 5440 in
897 5385 1185 5446 Ambrosii
1221 5394 1364 5448 Vita.
2368 5385 2553 5462 comio
2602 5385 2800 5462 Basilii
2859 5409 2970 5465 ibi.

452 5478 501 5526 et
615 5566 629 5577 ι
680 5477 1076 5577 Impppcaisss
1108 5480 1543 5544 Valentinianus
1566 5489 1693 5563 Aug
1767 5491 1905 5549 4422
2208 5509 2224 5551 ι
2437 5496 2663 5553 Damasi
2693 5495 2725 5552 4
2755 5505 2810 5554 et
2837 5497 2888 5554 5.
3547 5509 3694 5577 370

423 5571 520 5615 xxv
612 5566 687 5620 tr.
718 5579 772 5634 p.
803 5564 839 5622 6
865 5563 990 5639 et7,
1012 5567 1120 5624 Cos
1150 5582 1233 5625 ιιι.
1769 5579 1907 5640 4423
2213 5598 2253 5639 ιι
2439 5585 2671 5642 Valente
2724 5587 3086 5648 Antiochiam
3162 5590 3442 5662 profecto,
