3946 6146
149 290 240 349 649
1050 314 1391 378 CHRONOL.
1436 323 1483 380 A
1518 326 1574 382 S.
1615 328 2003 396 SYLVESTRO
2047 345 2139 400 AD
2176 349 2230 403 S.
2272 350 2479 411 GREG.
2522 362 2594 414 Μ.

200 420 340 474 Anni
411 422 786 493 Imperatores,
859 437 1112 492 Consules
1153 444 1431 500 Romano—
1545 452 1694 505 Anni
1790 459 1850 519 A
1939 465 2096 521 Anni

200 490 405 588 ’ξπ
497 508 622 549 rum
650 513 735 553 res
754 508 934 573 gestae,
955 512 1006 562 et
1042 509 1379 573 documenta.
1535 522 1598 576 U.
1635 525 1691 578 ϐ.
1921 536 2096 588 olumn

1921 549 2118 608 orymp.

299 490 405 616 131.
494 490 622 549 rum
650 513 735 553 res
754 490 934 573 gestae,
955 512 1006 562 et

204 576 229 616 e
286 577 321 616 n

204 576 318 616 ειιη

397 798 539 924 cogit
565 800 923 867 Theodosius
951 810 1078 885 Aug
1131 820 1201 872 tr.
1227 832 1281 889 p.
1314 815 1365 891 4,
1419 819 1476 888 2,

397 991 555 1050 ‘Coss
604 960 926 1053 ἓῖθθίξίηιέε
953 972 1081 1053 Αμῧ
1107 990 1158 1030 ν·

604 1034 961 1098 Theodosius
980 1034 1122 1117 Auvg.

460 1123 707 1213 ’Boldett
738 1127 985 1200 inscript
1025 1102 1225 1191 enimet
1271 1153 1325 1208 p.
1379 1102 1511 1213 85,]

389 1214 531 1267 etc.
563 1212 668 1268 Th.
691 1214 777 1271 lib
795 1214 848 1280 3.
871 1218 942 1274 tit
973 1222 1037 1292 5;
1070 1221 1108 1278 1.
1137 1222 1190 1296 6,
1222 1212 1474 1299 aliaeque

390 1301 541 1369 apud
567 1301 804 1360 Reland.

459 1389 815 1461 Theophilus
862 1396 1292 1462 Alexandrinus
1350 1412 1471 1465 tum

387 1475 666 1551 Clericus,
696 1489 888 1552 postea
913 1489 1218 1560 episcopus
1238 1501 1467 1552 centum

389 1577 669 1625 annorum
738 1583 1066 1644 computum
1137 1581 1464 1641 Paschalem

388 1652 459 1708 ab
516 1656 623 1712 hoc
693 1674 844 1718 anno
909 1667 1155 1724 orditur.
1236 1673 1344 1728 Leo
1388 1675 1462 1728 M.

385 1743 537 1812 epist
564 1743 649 1801 64.
687 1749 826 1805 Vide
856 1753 1167 1812 Petavium.

460 1832 775 1893 Gratianus
811 1848 1012 1898 contra
1038 1843 1258 1903 Gothos
1286 1851 1467 1907 mittit

389 1921 777 1989 peritissimos
834 1930 1037 2000 Duces,
1114 1938 1171 1990 et
1239 1939 1463 1995 eosdem

382 2009 735 2083 Macedonia,
772 2022 829 2070 et
859 2016 1155 2076 Pannonia
1198 2028 1466 2084 excedere

383 2099 558 2169 cogit,
592 2115 721 2158 mox
753 2119 944 2174 pacem
976 2122 1104 2165 cum
1130 2111 1276 2182 ipsis
1327 2128 1468 2172 san-

384 2184 483 2240 cit.
514 2188 594 2242 Ex
621 2189 915 2261 Prospero.

452 2275 682 2333 Justina
711 2280 1102 2341 Valentiniani
1129 2288 1239 2344 Jun
1286 2292 1465 2348 Mater

383 2361 596 2420 Ariana
648 2366 859 2426 femina
906 2372 1165 2431 hatresim
1226 2393 1462 2447 promo-

387 2464 513 2508 vere
539 2456 736 2512 studet
762 2476 776 2512 :
810 2460 906 2515 cui
933 2464 1209 2521 acerrime
1239 2469 1464 2525 resistit

383 2539 743 2601 Ambrosius.
778 2547 981 2605 Paulin
1011 2551 1071 2607 in
1096 2554 1222 2623 ejus
1275 2557 1424 2614 Vita.

183 3084 308 3145 5094
443 3095 604 3166 lmpp
626 3096 807 3154 Caesss
858 3101 1173 3159 Gratianus
1224 3104 1350 3178 Aug
1379 3113 1449 3163 tr.
1529 3108 1668 3169 4433
1770 3104 1819 3167 C
1935 3115 2044 3175 289

183 3172 212 3247 ι
245 3177 311 3236 26
371 3196 423 3252 p.
455 3180 522 3240 42
547 3191 603 3240 et
630 3184 718 3254 43,
749 3201 878 3245 coss
910 3204 961 3243 v.
1529 3197 1668 3257 4434
1956 3221 2013 3257 1v

154 3172 212 3247 ο
245 3177 311 3236 26
371 3196 423 3252 p.
455 3180 522 3240 42
547 3191 603 3240 et
630 3184 718 3254 43,
749 3201 878 3245 coss
910 3204 961 3243 v.

153 3268 211 3340 θ
256 3266 290 3324 2
444 3273 511 3328 Et
538 3275 979 3336 Valentinianus
1042 3283 1150 3338 Jun
1206 3282 1335 3357 Aug
1376 3291 1448 3342 tr.

226 3356 262 3411 C
372 3375 424 3430 p.
456 3361 508 3430 6,
534 3360 590 3424 7.
620 3378 750 3423 coss
780 3381 842 3422 ιι.

162 3462 319 3520 India:
436 3471 504 3526 Et
522 3473 898 3547 Theodosius,
932 3476 1060 3550 Aug
1097 3487 1167 3535 tr.
1190 3478 1318 3551 p-Q-
1345 3478 1399 3552 3,

202 3564 250 3607 ix
358 3570 500 3615 COaS.

189 3646 232 3696 et
258 3658 292 3699 x
357 3683 496 3741 COSS
541 3654 947 3741 ....§yagrius.

649 3725 986 3785 Eucherius.

418 3809 527 3867 Vet
578 3812 1443 3885 inscriptexSchedisGudianis

359 3899 510 3968 apud
561 3900 883 3960 Relandum
913 3907 1144 3979 etleges
1178 3913 1241 3963 ut
1294 3908 1333 3963 l.
1383 3908 1437 3978 6,

355 4001 405 4043 c.
434 3988 625 4047 Theod
656 3993 728 4048 de
757 3994 948 4052 divers
977 3998 1222 4068 rescript
1273 3998 1441 4054 aliaa—

360 4090 470 4147 que
500 4078 605 4135 ibi.

422 4168 513 4221 Pr.
573 4169 709 4226 Urbi
760 4174 842 4227 Fl.
899 4175 1049 4232 Ann.
1126 4179 1435 4235 Eucharius

367 4257 731 4328 Epiphanius.
764 4264 979 4321 Panvin
1032 4272 1088 4322 et
1117 4266 1402 4326 Contelor.

419 4345 745 4407 Concilium
820 4353 1190 4424 Aquileiense
1250 4360 1429 4415 Nonis

345 4432 492 4506 Sept.
524 4438 874 4497 celebratum
900 4444 957 4498 in
976 4460 1090 4516 quo
1106 4446 1421 4517 Palladius,

335 4531 390 4580 et
442 4526 844 4588 Secundianus
907 4534 1108 4590 Ariani
1167 4536 1422 4607 episcopi

341 4613 766 4674 damnatisunt.
798 4623 861 4677 In
884 4622 1162 4694 Hispania
1193 4639 1421 4697 quoque

286 4742 293 4747 .
337 4701 781 4779 Caesaraugusta
814 4711 873 4766 in
925 4714 1150 4797 Synodo
1176 4715 1421 4772 Priscil—

337 4791 588 4851 lianistaa
608 4797 955 4857 damnantur
970 4791 1100 4859 cum
1130 4804 1255 4874 ipso
1285 4806 1418 4861 Pri-

323 4882 592 4941 scilliano
619 4886 766 4944 laico
790 4908 803 4943 :
830 4904 997 4960 quem
1021 4892 1272 4948 haeretici
1300 4895 1417 4963 epi-

328 4973 489 5042 scopi
519 4974 847 5034 Abilensem
875 4981 1240 5038 constituunt
1270 5002 1282 5037 :
1314 4985 1410 5039 sed

326 5058 378 5114 is
401 5064 711 5132 agentibus
730 5067 941 5136 Idacio,
975 5074 1031 5124 et
1058 5071 1273 5127 Ithacio
1297 5071 1409 5127 Ca-

336 5149 575 5209 tholicis
589 5155 880 5227 episcopis
900 5159 1128 5215 decreto
1140 5161 1403 5218 Gratiani

318 5239 654 5309 expellitur.
706 5246 895 5303 Romae
938 5261 970 5303 a
1015 5249 1279 5320 Damaso,
1349 5258 1406 5308 et

315 5327 627 5387 Mediolani
683 5334 756 5390 ab
825 5337 1130 5394 Ambrosio
1203 5342 1399 5410 rejecti

314 5416 781 5481 Priscillianistaa
805 5427 1008 5485 turbas
1029 5429 1089 5485 in
1130 5432 1403 5500 Hispania

310 5506 487 5579 cient,
551 5527 666 5583 quo
715 5512 944 5572 fuerant
1010 5520 1223 5575 reversi
1298 5533 1398 5589 per

306 5595 469 5653 aliud
504 5602 852 5673 rescriptum
878 5608 1138 5679 Magistri
1170 5607 1399 5666 ofﬁcio-

310 5711 549 5770 PATROL.
586 5716 855 5777 CXXVII.

3416 382 3522 443 650

2162 473 2615 557 Christianorum,
2669 488 2980 566 {udazorum
3026 501 3077 549 et
3116 501 3242 566 ﬁni-
3306 501 3463 559 Anni

2234 548 2488 639 ulnarum
2523 559 2871 639 populorum,
2912 548 3223 639 Pontiﬁces,

2264 620 2451 694 Reges,
2482 620 2567 679 res
2592 620 2757 695 :qestae
2796 620 2870 688 et,
2888 620 3227 696 documento:
3262 620 3480 702 Christi.

2151 859 2202 941 (ξ.
2349 853 2487 910 Tum
2536 857 2712 930 legem
2761 866 2960 924 condit
3002 884 3083 941 χι,
3127 874 3232 930 cod

2149 935 2219 991 de
2246 938 2353 997 ﬁde
2380 943 2671 1006 Catholica
2694 950 2729 1007 3
2756 954 2858 1010 Kal
2886 958 3029 1014 Mart
3049 935 3233 1017 Thes-

2150 1026 2418 1087 salonicae
2468 1041 2532 1091 ut
2581 1038 2868 1100 damnatis
2913 1045 3231 1107 haeresibus

2149 1114 2269 1170 sola
2332 1118 2627 1181 Catholica
2691 1128 2857 1188 Fides
2921 1135 3252 1211 obtineret,

2149 1216 2318 1272 quam
2370 1210 2593 1271 scilicet
2643 1230 2676 1273 a
2726 1220 2889 1279 Petro
2939 1210 3226 1297 acceptam

2146 1292 2397 1353 Romana
2475 1302 2749 1375 Ecclesia,
2826 1317 2882 1367 et
2950 1292 3228 1376 Damasus

2149 1387 2380 1456 teneret,
2433 1395 2488 1445 et.
2532 1393 2733 1452 Petrus
2779 1398 3226 1463 Alexandrinus.

2144 1469 2285 1527 Vide
2330 1475 2561 1549 Pagium
2606 1485 2713 1541 Sen
2756 1487 2813 1542 h.
2860 1504 2913 1546 a.
2963 1506 3019 1548 η.
3064 1509 3128 1551 lii
3176 1504 3233 1553 et

2142 1572 2259 1630 seq.

2214 1650 2377 1709 Petro
2469 1658 2859 1723 Alexandrino
2960 1674 3228 1745 episcopo

2144 1746 2388 1811 mortuo,
2431 1747 2707 1807 suﬁ‘ectus
2757 1765 2844 1811 est
2890 1759 3229 1822 Timotheus

2141 1825 2265 1893 ejus
2297 1827 2473 1887 frater
2497 1837 2733 1910 Niceph.
2769 1846 2970 1903 chron.

2210 1914 2374 1974 Circa
2407 1920 2513 1978 hoc
2543 1932 2768 1999 tempus
2799 1935 3090 2005 Illyricum
3122 1942 3224 1996 di—

2141 2003 2330 2061 visum
2379 2015 2466 2066 est
2506 2013 2563 2069 in
2603 2003 2913 2092 Orientale,
2957 2034 3012 2083 et
3051 2030 3227 2085 Occi—

2142 2090 2385 2152 dentale.
2458 2101 2644 2171 Quare
2705 2090 3063 2172 Theodosius
3125 2121 3221 2174 cui

2140 2179 2455 2244 Orientalis
2496 2193 2725 2262 imperii
2757 2201 2907 2259 ditio
2937 2204 3225 2277 obtigerat

2140 2271 2313 2328 etiam
2362 2276 2652 2341 Orientale
2708 2288 3005 2360 Illyricum
3060 2271 3225 2350 tene-

2140 2357 2254 2416 bat.
2303 2366 2444 2423 Vide
2486 2371 2720 2443 Pagium
2769 2357 2897 2435 Sen.
2943 2382 3012 2436 ad
3060 2383 3117 2437 h.
3167 2398 3219 2440 a.

2209 2451 2564 2515 Theodosius
2585 2476 2688 2518 vm
2720 2465 2821 2522 Kal
2847 2469 2959 2524 Dec
2991 2470 3223 2543 ingres-

2140 2551 2242 2595 sus
2264 2541 2818 2622 ConstantinOpolim
2849 2541 3089 2615 Arianis
3106 2562 3174 2617 ad
3185 2563 3227 2617 i-

2144 2626 2250 2682 mit
2287 2633 2582 2709 ecclesias,
2624 2656 2770 2711 quas
2816 2647 2987 2702 annis
3030 2645 3099 2705 40
3128 2656 3224 2706 te—

2144 2724 2405 2775 nuerant.
2438 2723 2814 2796 Demophilus
2843 2732 2992 2790 Urbe
3021 2737 3215 2793 cessit.

2139 2801 2290 2878 Greg
2342 2810 2587 2870 Nazianz
2642 2817 2701 2873 in
2752 2822 3065 2881 Ecclesiam
3122 2827 3223 2883 in—

2140 2894 2469 2956 troducitur
2497 2916 2552 2958 vr
2580 2904 2684 2961 Kal
2712 2910 2821 2964 Dec
2851 2912 3034 2969 Petav.

2205 3128 2430 3188 Damasi
2467 3132 2532 3191 45
2560 3144 2617 3193 et
2649 3137 2733 3195 46.

1956 3221 2013 3263 1v
2193 3214 2827 3292 Constantinopolitana
2847 3232 3109 3299 Synodus
3134 3250 3220 3290 ce-

1954 3302 2006 3351 et
2114 3299 2371 3360 lebratur
2446 3312 2746 3367 occasione
2826 3319 3217 3378 ordinationis

1934 3382 2043 3441 290
2134 3390 2391 3464 Maximi,
2440 3402 2496 3451 et
2540 3398 2819 3456 haireseos
2866 3407 3210 3477 Macedonii,

1979 3488 1996 3529 ι
2130 3493 2300 3549 quam
2406 3486 2692 3556 Synodum
2802 3496 3213 3556 aacumenicam

2132 3577 2323 3635 postea
2357 3575 2609 3631 reddidit
2637 3590 2953 3639 consensus
2995 3586 3211 3643 Dama-

2127 3656 2200 3724 si,
2233 3660 2333 3727 qui
2366 3662 2551 3717 Romaa
2594 3666 2886 3726 indixerat
2917 3673 3206 3743 Synodum

2123 3750 2534 3806 mcumenicam
2586 3755 3003 3817 celebrandam.
3064 3764 3208 3822 Vide

2123 3841 2285 3892 notas
2358 3838 2528 3895 infra.
2602 3845 2741 3913 Ejus
2813 3848 3024 3919 Synodi
3101 3853 3209 3909 de-

2120 3930 2273 3982 creta
2338 3929 2408 3984 de
2466 3931 2575 3986 ﬁde
2640 3936 2833 3993 omnia
2877 3953 2909 3994 a
2964 3939 3207 3999 Damaso

2118 4014 2496 4073 conﬁrmata:
2549 4022 2645 4077 sed
2692 4037 2760 4079 ex
2811 4025 2905 4081 his
2958 4043 3085 4099 qua:
3131 4033 3200 4088 ad

2115 4103 2487 4174 disciplinam
2544 4112 2925 4184 pertinebant,
2982 4126 3045 4174 ut
3094 4120 3202 4176 Se—

2117 4191 2211 4247 dis
2262 4194 2914 4270 Constautinopolttana:
2960 4208 3202 4277 iurisdi-

2128 4282 2245 4338 ctio
2279 4294 2390 4339 non
2424 4288 2660 4355 perinde
2701 4293 3056 4352 conﬁrmata.
3091 4299 3198 4355 Vi—

2113 4370 2183 4425 de
2216 4377 2380 4428 notas
2404 4376 2473 4430 ad
2506 4378 2831 4437 Damasum.

2178 4460 2536 4520 Theodbsius
2575 4464 2609 4521 3
2652 4468 2754 4523 Kal
2793 4471 2920 4543 Aug
2954 4475 3022 4529 ad
3066 4475 3194 4532 Au—

2101 4550 2339 4604 xonium
2384 4552 2590 4607 Procos
2619 4555 2771 4611 Asiae
2803 4562 3090 4632 rescribit,
3126 4572 3190 4621 ut

2089 4636 2404 4695 Catholicis
2467 4641 2847 4701 Antistitibus
2912 4649 3182 4708 Ecclesia:

2098 4727 2416 4783 tradantur.
2466 4730 2763 4802 Reliquias
2801 4749 3020 4809 eorum,
3073 4742 3174 4811 qui

2098 4818 2246 4884 passi
2276 4817 2348 4872 ab
2375 4818 2609 4876 Arianis
2640 4820 2886 4897 fuerant,
2922 4828 2979 4883 in
3006 4830 3113 4886 Bas
3136 4832 3172 4887 S

2095 4905 2255 4959 Pauli
2289 4906 2785 4980 Constantinopoli
2829 4915 3166 4975 introducit.

2092 4992 2377 5049 Adversus
2420 4996 2683 5067 Arianos,
2715 5006 2771 5053 et
2799 5002 3164 5079 Manichzeos,

2088 5080 2351 5151 aliosque
2400 5085 2604 5153 sancit,
2655 5101 2781 5157 qua:
2829 5090 2912 5147 lib
2961 5108 3054 5152 xvr
3110 5114 3160 5154 c.

2080 5167 2267 5224 Theod
2320 5171 2392 5226 tit
2435 5170 2488 5243 3,
2547 5176 2934 5237 continentur.
2988 5186 3159 5245 Peta-

2079 5274 2226 5314 ViUS.

3058 5750 3123 5809 21

3309 3149 3408 3206 384
