3982 6166
464 349 562 410 651

1265 340 1359 395 ΑΙ)
1395 333 1830 392 ANASTASIUM
1867 329 2383 390 PROLEGOMENA
2418 329 2597 386 EDIT.
2640 326 2809 385 ROM.
2822 326 3069 384 ~VATIC.

460 552 583 606 Per.
627 548 738 602 Jul.
816 539 958 608 rum,
1014 558 1099 598 res
1146 546 1310 617 gestae
1359 545 1407 594 et
1457 539 1794 592 documenta.

535 624 584 675 et
612 619 739 675 Ind.

532 1028 675 1088 5096

750 864 875 906 rum
909 848 1093 919 pretio
1124 844 1402 915 corrupti.
1435 844 1569 899 Serv
1610 839 1752 908 Sulp
1786 840 1828 893 Ι.

747 938 802 997 2.
836 940 976 994 Vide
1006 943 1172 992 notas
1212 932 1358 989 infra
1402 933 1469 988 ad
1504 934 1827 987 Damasum.

819 1031 1015 1097 Imppp
1044 1026 1225 1080 Ctesss
1252 1023 1566 1079 Gratianus
1593 1019 1720 1090 Aug
1754 1023 1825 1072 tr.
1905 1008 2043 1068 4434

834 1115 901 1157 ia
932 1122 987 1157 at
1020 1113 1086 1157 η
1149 1128 1244 1157 ρης
1273 1130 1325 1157 ν-
1730 1116 1741 1124 ·
1906 1099 2045 1157 4435

501 1123 574 1197 ﬁ
606 1116 676 1175 27
744 1134 797 1189 p.
834 1115 901 1172 43
932 1122 987 1172 et
1020 1113 1104 1181 44,
1149 1128 1244 1169 008
1273 1130 1326 1168 v.

495 1206 666 1281 a3

580 1298 625 1351 B

517 1388 702 1444 Indict

584 1493 623 1534 Χ

531 1555 582 1605 et
607 1563 667 1606 χι

744 1512 882 1568 Coss

808 1207 877 1261 Et
925 1204 1365 1261 Valentinianus
1408 1202 1519 1256 Jun
1571 1198 1698 1269 Aug
1750 1201 1822 1251 tr.

736 1311 807 1366 ιι).
838 1292 874 1350 7
904 1300 959 1350 et
986 1292 1041 1364 8,
1076 1307 1205 1350 coss
1237 1306 1295 1347 ιι.

816 1384 1251 1442 EtTheodosius
1266 1386 1392 1452 Aug
1407 1384 1479 1436 tr.
1497 1394 1553 1450 p.
1572 1376 1627 1447 3,
1641 1375 1694 1448 4,
1708 1389 1826 1432 008.

1043 1474 1387 1530 Antoninus.

1040 1545 1332 1618 Syagrius.

698 1696 709 1699 _
778 1640 881 1695 Vet
911 1638 1158 1708 inscript
1197 1637 1258 1691 in
1287 1636 1343 1691 S.
1388 1633 1626 1706 Agnetis
1665 1635 1826 1687 extra

545 4480 687 4544 5097

512 4569 671 4651 Q1

515 4660 685 4738 εἴ)

517 4754 627 4811 GF

520 4844 722 4900 Indict.

579 4966 665 5008 XII

520 5030 571 5082 et
615 5037 721 5080 xm

750 3434 889 3489 Coss

746 1744 962 1801 muros,
1022 1735 1077 1785 et
1136 1728 1287 1799 leges
1340 1725 1647 1794 utriusque
1695 1720 1821 1777 cod.

742 1822 915 1891 apud.
949 1818 1162 1874 Reland
1198 1822 1261 1872 ut
1290 1831 1341 1871 c.
1378 1814 1568 1869 Theod
1599 1812 1635 1867 l.
1670 1808 1723 1879 6,
1757 1810 1828 1864 de

745 1912 842 1969 div
870 1924 1022 1966 rescr
1052 1912 1107 1963 et
1135 1907 1194 1962 in
1219 1904 1464 1976 epistola
1493 1898 1826 1957 Paschasini

744 2002 813 2057 ad
848 2003 992 2056 Leon
1023 1999 1099 2056 Μ.

812 2092 1090 2146 Mamimus
1126 2088 1186 2143 in
1220 2083 1520 2141 Britannia
1560 2076 1828 2151 tyranni—

742 2181 871 2236 dem
911 2178 1183 2248 arripuit,
1228 2176 1327 2246 qui
1369 2173 1519 2244 apud
1563 2169 1828 2225 Treviros

742 2269 883 2325 Sede
942 2268 1258 2323 constituta
1317 2266 1586 2320 Victorem
1637 2258 1825 2315 ﬁlium

743 2361 1064 2414 consortem
1090 2355 1320 2424 imperii
1342 2353 1617 2410 nominat.
1640 2348 1827 2405 Zosim

744 2443 797 2518 4,
828 2447 1047 2502 Socrat.
1078 2452 1135 2501 et
1161 2445 1377 2501 Victor.

815 2768 1015 2836 Imppp
1044 2765 1223 2819 Ctesss
1253 2759 1570 2817 Gratianus
1597 2756 1724 2827 Aug
1753 2759 1825 2811 tr.
1907 2751 2045 2810 4435

747 2873 799 2928 p.
847 2852 913 2910 44
942 2861 998 2910 et
1039 2851 1124 2922 45,
1166 2866 1265 2908 008
1294 2867 1345 2921 v,
1393 2849 1490 2922 qui
1539 2846 1830 2904 occiditur
1906 2839 2045 2899 4436

747 2946 784 3003 8
809 2946 909 3001 Kal
942 2946 1093 3015 Sept.

761 3044 779 3053 '
828 3038 896 3091 Et
926 3033 1363 3091 Valentinianus
1399 3032 1543 3102 Aug.
1579 3033 1649 3084 tr.
1688 3042 1741 3098 p.
1772 3023 1828 3095 8,

752 3123 806 3197 9,
842 3139 968 3181 coss
1000 3138 1063 3178 ιι.

817 3217 885 3271 Et
925 3212 1282 3270 Theodosius
1325 3213 1452 3282 Aug
1490 3213 1565 3265 tr.
1599 3223 1650 3278 p.
1688 3200 1740 3277 4,
1772 3202 1826 3276 5,

745 3320 864 3362 COS.

1073 3392 1444 3450 Merobaudes
1474 3404 1536 3445 ιι.

1078 3464 1447 3520 Saturninus.

816 3559 919 3613 Vet
940 3555 1085 3625 lapis
1126 3555 1184 3609 in
1219 3558 1267 3606 ἢ.
1296 3550 1531 3608 Martini
1575 3549 1633 3603 in
1667 3549 1835 3604 Mon—

750 3647 909 3704 tibus
937 3660 969 3702 a
994 3647 1048 3701 S.
1078 3646 1317 3700 Damaso
1347 3644 1489 3710 Papa
1519 3636 1835 3704 inscriptus

750 3737 844 3792 his
882 3751 1009 3791 coss
1039 3741 1094 3789 et
1124 3733 1351 3787 Fabrett
1394 3746 1447 3799 p.
1480 3726 1585 3783 659
1610 3734 1665 3782 et
1707 3722 1831 3791 666,

749 3832 816 3881 et
884 3824 922 3878 l.
994 3835 1091 3876 un.
1153 3836 1201 3873 0.
1262 3819 1471 3873 Theod.
1534 3818 1604 3871 de
1664 3812 1831 3869 mand

749 3911 982 3979 Princip
1014 3908 1258 3976 aliaeque
1288 3904 1437 3973 apud
1486 3903 1722 3957 Reland.

782 4002 1069 4058 Maximus
1115 4004 1396 4066 tyrannus
1456 4005 1552 4061 per
1602 3990 1835 4045 Andra-

755 4093 973 4164 gatium
1015 4089 1224 4142 Ducem
1271 4082 1611 4140 Gratianum
1644 4081 1769 4151 Aug
1802 4092 1836 4133 a

755 4181 883 4236 suis
920 4179 1209 4232 desertum
1254 4171 1470 4227 occidit
1510 4169 1774 4239 Lugduni
1800 4164 1836 4222 8

759 4266 863 4322 Kal
902 4267 1034 4334 Sept
1080 4260 1394 4318 Marcellin.
1454 4259 1587 4314 Com
1646 4257 1842 4312 Socrat

759 4355 800 4411 l.
830 4352 886 4425 5,
917 4368 966 4408 0.
1003 4366 1083 4407 xi.

832 4482 1030 4549 Imppp
1056 4477 1240 4532 Caesss
1267 4472 1707 4531 Valentinianus
1733 4472 1842 4527 Jun
1921 4465 2059 4525 4436
2159 4480 2212 4542 D

832 4584 889 4614 m
913 4577 984 4614 tr-
1022 4584 1074 4614 η-
1111 4565 1218 4614 904
1249 4562 1334 4614 40.
1362 4577 1461 4614 008
1496 4577 1557 4614 ιι.
1924 4553 2062 4614 4437

760 4571 889 4641 Aug
913 4577 984 4624 tr.
1022 4584 1074 4638 p.
1111 4565 1146 4622 9
1166 4573 1219 4622 et
1249 4562 1334 4625 40,
1362 4577 1461 4619 008
1495 4577 1557 4618 ιι.

832 4664 897 4716 Et
929 4657 1285 4715 Theodosius
1330 4654 1456 4726 Aug
1498 4658 1573 4723 tr,
1627 4667 1682 4722 p.
1713 4648 1750 4706 5
1792 4653 1849 4705 et

769 4751 823 4821 6,
852 4764 971 4808 cos.

848 4841 917 4895 Et
936 4837 1218 4894 Arcadius
1241 4835 1368 4907 Aug
1397 4840 1469 4890 tr.
1505 4848 1558 4905 p.
1590 4829 1613 4887 4
1639 4835 1698 4887 et
1718 4828 1774 4899 2,

982 4946 1066 5002 Fl.
1096 4946 1372 5002 Recimer.

980 5020 1061 5075 Fl.
1089 5019 1418 5075 Clearchus.

838 5113 859 5135 ’
886 5112 1061 5167 Vetus
1102 5109 1348 5178 inscript
1390 5106 1610 5161 Boldett
1650 5105 1851 5158 cremet

774 5216 827 5271 p.
860 5198 948 5259 82.
977 5206 1034 5254 et
1060 5199 1253 5254 Musaei
1284 5195 1510 5271 Albani,
1543 5200 1598 5247 et
1624 5191 1849 5245 Fabrett

776 5268 831 5362 ᾖ).
871 5287 996 5356 270,
1033 5287 1279 5353 inscript
1317 5268 1374 5338 ἀι
1404 5280 1699 5335 Fleetvood
1744 5292 1852 5349 pag

772 5377 896 5447 442,
929 5389 1142 5431 necnon
1170 5375 1321 5444 leges
1349 5372 1653 5439 utriusque
1679 5368 1851 5423 codi-

773 5470 860 5527 cis
897 5465 1046 5535 apud
1084 5462 1293 5517 [teland
1327 5465 1391 5516 ut
1416 5459 1454 5515 l.
1494 5458 1549 5532 3,
1573 5458 1634 5514 C.
1660 5456 1847 5513 Theod

771 5550 1195 5716 hbSyfrintiocglius
1243 5637 1548 5696 Praefectus
1588 5634 1727 5693 Urbi
1776 5636 1846 5692 de

764 4951 786 4975 ’
804 4985 942 5042 Coss

760 5100 767 5107 ο

1900 534 1963 588 U.
1984 531 2043 585 Ο.

1901 607 2028 657 ante

1847 679 1897 729 et
1919 677 2044 744 post

1858 746 2023 801 Palil.

2221 525 2429 605 Olymp.

2334 2833 2397 2875 Ill

2350 4476 2416 4519 HI

2569 990 2798 1045 Damasi
2837 986 2898 1044 46
2926 993 2983 1044 et
3013 984 3098 1042 47.

2584 1081 2685 1135 His
2711 1080 2847 1136 Coss
2887 1080 3127 1146 Prosper
3150 1074 3451 1143 consignat
3475 1070 3586 1126 ad-

2510 1175 2736 1225 ventum
2764 1166 3099 1224 Athanarici
3121 1164 3437 1221 Gothorum
3470 1162 3587 1216 Re-

2508 1260 2598 1331 gis
2612 1255 3190 1327 Conslantinopolim,
3209 1254 3446 1323 ejusque
3466 1250 3588 1307 obi-

2508 1352 2630 1404 tum
2680 1361 2869 1403 mense
2910 1346 3205 1414 Januario,
3259 1355 3425 1413 quem
3478 1339 3585 1395 alii

2507 1436 2808 1493 conferunt
2831 1438 2889 1492 in
2915 1450 3130 1492 annum
3156 1433 3579 1504 praecedentem.

2506 1528 2727 1598 Lydiat.
2778 1528 3096 1584 Gothorum
3139 1538 3275 1597 gens
3321 1522 3587 1578 universa

2505 1617 2758 1673 Romano
2799 1616 3044 1687 imperio
3092 1627 3153 1672 se
3190 1612 3353 1670 dedit
3396 1622 3586 1666 mense

2507 1706 2739 1762 Octobri
2771 1705 3056 1761 Macellin.
3088 1706 3221 1760 Com
3258 1701 3341 1757 ibi
3371 1705 3427 1756 et
3454 1700 3591 1755 Ida—

2513 1795 2653 1851 tius.

2577 1885 2958 1955 Hieronymus
2995 1884 3163 1953 juxta
3205 1882 3373 1936 Petav
3417 1877 3473 1932 h.
3530 1890 3583 1932 a.

2506 1974 2696 2029 Roma:
2716 1975 2863 2043 apud
2890 1975 3187 2028 Damasum
3212 1968 3502 2033 subsistit,
3530 1968 3584 2020 et

2507 2062 2715 2118 scribit
2743 2063 3016 2118 adversus
3048 2059 3391 2128 Helvidium,
3424 2055 3589 2110 Jovi-

2507 2154 2766 2217 nianum,
2795 2160 2851 2208 et
2869 2150 3284 2208 [ιιι-440τὶ0008.
3311 2148 3449 2204 Vide
3471 2160 3583 2201 no—

2506 2249 2595 2300 tas
2623 2245 2693 2300 ad
2726 2245 3051 2299 Damasum.

2576 2334 2807 2389 Romam
2841 2346 3070 2403 quoque
3095 2330 3407 2387 adveniunt
3432 2328 3587 2382 Pau-

2508 2424 2667 2480 linus
2684 2422 3094 2491 Antiochenus,
3120 2419 3479 2490 Epiphanius
3492 2417 3592 2487 Cy-

2509 2515 2621 2585 pri,
2675 2512 2954 2569 Acholius
2977 2509 3213 2566 Thessal
3239 2514 3297 2565 et
3336 2506 3589 2564 Ambro-

2509 2617 2654 2659 SlllS.

2571 2728 2798 2785 Damasi
2831 2723 2899 2782 47
2926 2730 2982 2783 et
3008 2725 3095 2783 48.

2510 2819 2703 2890 Legati
2734 2834 2764 2875 a
2794 2820 3038 2874 Maximo
3081 2818 3150 2873 ad
3196 2812 3582 2871 Theodosium

2514 2910 2676 2965 missi
2715 2927 2728 2962 :
2773 2913 2830 2964 et
2872 2906 3210 2963 Ambrosius
3245 2919 3278 2960 a
3328 2901 3591 2958 Valenti—

2509 2999 2683 3053 niano
2707 2998 2774 3053 ad
2811 2998 3117 3052 Maximum
3152 2996 3374 3063 legatus
3404 2993 3593 3047 desti—

2511 3095 2702 3142 natur.
2743 3086 3101 3142 Theodosius
3128 3082 3417 3155 Synodum
3452 3080 3591 3135 Con-

2509 3176 2885 3246 stantinopoli
2946 3174 3140 3229 haberi
3195 3177 3362 3228 curat
3414 3182 3601 3225 mense

2507 3267 2702 3337 Junio,
2729 3273 2793 3321 ut
2814 3267 3042 3321 Decreta
3067 3270 3267 3320 contra
3294 3261 3594 3317 hmreticos

2509 3356 2865 3411 exsecutioni
2892 3354 3315 3409 mandarentur.
3346 3349 3596 3406 Theodo-

2511 3444 2637 3500 sius
2668 3450 2866 3500 contra
2905 3449 3271 3499 contum:ces
3313 3453 3484 3496 novas
3520 3438 3595 3493 le-

2512 3547 2610 3607 ges
2653 3534 2816 3589 addit
2859 3548 2908 3587 0.
2937 3533 3125 3588 Theod
3171 3532 3241 3587 de
3274 3531 3445 3586 heret
3485 3527 3505 3583 l
3560 3523 3596 3581 9

2512 3628 2617 3678 etc.
2658 3622 2794 3677 Vide
2827 3623 3061 3693 Pagium
3092 3622 3194 3676 Sen
3233 3620 3287 3674 h.
3321 3633 3374 3680 a,

2584 3712 2860 3766 ABCADIUS
2886 3726 2917 3766 a
2948 3709 3267 3766 Theodosio
3301 3710 3462 3762 Patre
3484 3705 3595 3762 Au-

2515 3810 2721 3874 gustus
2789 3801 3011 3857 dicitur
3078 3797 3144 3854 49
3199 3796 3460 3853 Januarii
3515 3795 3585 3851 ad

2516 3906 2682 3962 quem
2712 3889 3134 3947 instituendum
3167 3887 3419 3942 mittitur
3439 3899 3472 3941 a
3497 3885 3602 3939 Da-

2516 3994 2673 4037 maso
2709 3994 2849 4051 papa
2896 3979 3195 4035 Arsenius.
3237 3979 3321 4033 Ex
3348 3976 3471 4032 vita
3500 3973 3601 4030 Ar-

2517 4071 2665 4127 senii
2699 4070 2963 4127 Petavius

2598 4461 2826 4517 Damasi
2876 4457 2943 4515 48
2970 4464 3027 4516 et
3068 4456 3155 4514 49.

2573 4551 2629 4606 S.
2668 4552 2946 4606 Damasus
2975 4563 3104 4605 cum
3143 4546 3599 4603 sedissetannos

2530 4639 2616 4710 48,
2664 4654 2882 4697 menses
2918 4636 2974 4708 2,
3027 4638 3155 4694 dies
3204 4633 3288 4706 40,
3340 4634 3491 4692 obiit
3539 4631 3602 4689 44

2526 4730 2818 4787 Decembr.
2878 4728 3019 4784 Vide
3081 4733 3248 4783 notas
3293 4725 3363 4781 ad
3408 4726 3612 4780 Dama-

2528 4834 2675 4877 sum.

2599 4909 2788 4980 Legati
2842 4911 3141 4965 Persarum
3189 4904 3614 4962 Constantino—

2528 4998 2703 5070 polim
2729 4997 2965 5054 veniunt
2993 5011 3181 5068 pacem
3220 5009 3251 5050 a
3286 4994 3613 5051 Theodosio

2526 5086 2879 5158 postulantes
2921 5104 2935 5141 :
2993 5086 3088 5142 cui
3134 5084 3393 5140 nascitur
3449 5083 3616 5138 ﬁlius

2524 5178 2797 5232 Honorius
2840 5192 2871 5232 v
2909 5176 2961 5232 ld
3002 5176 3136 5243 Sept
3183 5174 3425 5244 ldacius,
3469 5173 3617 5227 Mar-

2526 5266 2720 5322 cellin.
2771 5267 3116 5323 Artaxerxes
3160 5266 3461 5339 Persarum
3506 5275 3615 5317 rex

2526 5368 2654 5411 cum
2698 5362 2988 5427 regnasset
3024 5367 3207 5411 annos
3232 5351 3283 5420 4,
3330 5352 3611 5408 moritur.

2525 5444 2790 5501 Succedit
2833 5444 2992 5501 ﬁlius
3033 5447 3261 5514 Sapores
3299 5456 3331 5497 a
3359 5454 3473 5513 quo
3518 5439 3619 5496 le—

2529 5535 2646 5608 gati
2688 5535 2759 5592 ad
2805 5533 3188 5592 Theodosium
3234 5532 3418 5589 missi.
3467 5530 3620 5603 Aga-

2531 5625 2706 5683 thias.

3749 314 3843 374 652

526 477 684 532 Anm’
749 476 1126 543 Imperatores,
1209 468 1495 543 Consules_
1540 468 1817 543 1407ηο00-
1887 460 2041 543 Anni
2136 458 2191 516 A
2225 458 2438 543 mAnni
2497 456 2949 540 Christianorum,
2998 450 3319 543 'Judaeorunm
3358 448 3433 543 etc
3448 444 3572 513 ﬁni-
3637 440 3792 543 ﬁrmi

2544 530 2796 583 time
2837 514 3185 594 populorum,
3240 520 3542 594 Pontiﬁces,
3620 514 3763 594 {Erae

2539 603 2726 670 Reges,
2784 585 2871 651 res
2907 585 3089 663 -gestae
3134 597 3185 647 et
3235 592 3573 646 documenta.
3616 585 3807 640 Christi

3695 4449 3799 4510 384
