3982 6166
112 263 197 325 657
1031 265 1370 325 CHRONOL.
1409 268 1458 326 Α
1492 270 1551 328 S.
1589 270 1977 332 SYLVESTRO
2015 275 2107 331 AD
2144 275 2200 332 S.
2253 276 2459 333 GREG.
2504 278 2579 332 M.

161 390 295 447 Anni
353 390 731 461 Imperatores,
774 389 1030 449 Consules
1069 397 1428 454 Romanorum
1475 399 1651 470 Anni,
1753 403 1811 461 A

161 479 210 516 ιτ.
233 461 337 515 Jul.
552 476 640 516 res
671 466 837 528 gestae
885 469 938 520 et
993 466 1328 524 documenta.
1520 473 1582 526 U.
1619 474 1676 528 C.

1528 548 1656 597 ante

1479 618 1531 668 et
1560 619 1689 683 post

1494 686 1661 739 Palil.

114 466 210 587 Pe;
552 476 640 516 res
671 466 837 529 gestae
885 469 938 520 et
993 466 1328 524 documenta.

354 836 424 894 ad
452 835 544 908 leg
564 835 658 892 Jul
678 836 750 893 de
781 840 843 894 vI
868 838 1005 909 pubi
1044 845 1151 897 etc.
1196 843 1256 898 C.
1289 844 1439 915 apud

358 924 625 982 Coutelor
646 932 704 981 et
722 925 870 982 Alm.

422 1013 724 1071 Obeliscus
774 1016 835 1071 in
898 1017 1056 1075 circo
1143 1022 1369 1091 positus
1413 1035 1447 1078 a

356 1103 697 1173 Theodosio,
727 1109 784 1159 et
811 1105 1003 1175 ipsius
1032 1112 1223 1166 statua
1250 1125 1448 1183 argen-

355 1196 442 1248 tea
469 1205 644 1260 supra
674 1193 1000 1251 columnam
1048 1205 1235 1254 erecta
1270 1214 1444 1270 pr0pe

353 1280 666 1336 Ecclesiam
714 1282 1235 1357 Constantinopoli.
1303 1287 1436 1344 Am-

358 1369 513 1423 miau
540 1369 859 1426 Marcellin.

164 1471 280 1531 5404
426 1476 622 1545 Imppp
643 1475 825 1532 Caesss
852 1478 1291 1539 Valentinianus
1329 1485 1437 1541 Jun

164 1561 272 1635 38
343 1563 470 1634 Aug
494 1569 562 1617 tr.
613 1579 665 1633 p.
693 1561 780 1631 45,
825 1564 910 1633 16,
945 1581 1042 1624 cos
1072 1583 1149 1624 IV.

174 1658 229 1725 Θ
257 1648 321 1707 42
429 1653 498 1707 Et
514 1652 875 1711 Theodosius
893 1656 1020 1729 Aug
1041 1664 1111 1713 tr.
1144 1674 1198 1731 p,
1226 1658 1311 1728 42,
1347 1659 1434 1732 43,

168 1751 207 1804 Β
359 1764 459 1806 cos
481 1764 543 1806 ιι.

424 1840 493 1897 Et
510 1837 942 1928 Arcadi'usAug
964 1850 1036 1900 tr.
1067 1861 1124 1916 p.
1150 1845 1205 1917 8,
1230 1846 1286 1903 9.
1317 1862 1436 1905 cos.

203 1923 247 1964 iv
352 1947 492 2003 COSS
534 1950 549 1964 .
592 1953 606 1965 .
652 1954 666 1967 .
707 1914 1005 1971 Tatianus.
1070 1914 1085 1916 “

194 1985 280 2037 etv
534 2022 547 2035 .
589 2024 601 2037 .
651 2026 665 2039 .
712 1985 1111 2057 Symmachus.

419 2073 643 2131 Boldett
693 2076 941 2147 inscript
969 2086 1171 2137 clamet
1217 2096 1270 2151 p.
1309 2079 1434 2153 545,

349 2161 477 2218 alia:
504 2163 755 2235 inscript
782 2165 1058 2223 exhibent
1093 2169 1156 2223 T.
1198 2169 1437 2226 Fabium

349 2250 648 2307 Tatiauum
683 2254 789 2321 Cos
814 2256 913 2310 0rd
958 2262 1024 2311 ut
1050 2258 1200 2326 apud
1227 2257 1440 2314 Conte—

352 2336 439 2393 lor
463 2354 517 2409 p.
543 2337 617 2396 55
645 2346 701 2396 et
738 2340 887 2414 leges
920 2345 1229 2416 utriusque
1267 2346 1437 2401 codi-

346 2427 433 2483 cis
456 2430 606 2498 apud
631 2430 948 2487 Relaudum
998 2432 1207 2488 habent
1239 2436 1439 2488 Tatia-

357 2532 483 2570 num
504 2524 559 2572 et
591 2518 977 2586 Symmachum
998 2522 1037 2575 Ι.
1079 2519 1131 2587 6,
1158 2522 1219 2586 C,
1249 2522 1435 2578 Theod

349 2606 418 2661 de
445 2608 687 2663 contrah
718 2614 874 2679 empt
906 2614 963 2665 et
1003 2613 1047 2666 Ι.
1092 2607 1146 2681 4,
1185 2611 1256 2667 de
1287 2624 1439 2668 nau-

342 2693 468 2766 frag
488 2701 597 2751 etc.

416 2785 567 2841 Praef
612 2786 728 2842 Urb
777 2788 1035 2842 Proculus
1087 2788 1190 2843 (ΖΡ.
1252 2788 1436 2845 Almel

336 2872 530 2928 Romae
553 2874 698 2945 Alyp
723 2874 864 2930 Falt.
912 2876 1138 2930 Probus.
1166 2875 1272 2931 Ibi.

170 2971 278 3033 5405
414 2982 812 3051 ImpppCaasss
838 2981 1277 3039 Valentinianus
1322 2985 1434 3041 Jun

169 3061 223 3134 0
244 3063 272 3120 9
364 3070 494 3141 Aug
527 3076 597 3125 tr.
635 3086 685 3140 p.
715 3070 800 3137 46,
833 3085 932 3127 cos
958 3084 1013 3126 ιν
1044 3066 1170 3143 [qui
1203 3073 1433 3129 occisus

172 3157 226 3227 ξι)
256 3158 312 3217 43
342 3167 429 3217 est
453 3159 657 3214 Idibus
693 3156 877 3234 nni].

172 3252 209 3303 D
236 3254 267 3307 C
399 3251 465 3305 Et
492 3247 854 3304 Theodosius
882 3248 1010 3319 Aug
1039 3254 1113 3304 tr.
1148 3264 1203 3319 p.
1234 3246 1323 3323 43,
1366 3247 1434 3306 44

151 3338 301 3392 Indict.
338 3353 433 3395 cos
472 3352 535 3393 ιι.
1160 3379 1168 3383 -

214 3440 241 3479 v
408 3428 474 3484 Et
518 3425 808 3482 Arcadius
835 3425 966 3497 Aug
1003 3430 1076 3482 tr.
1135 3441 1189 3497 p.
1242 3425 1296 3499 9,
1342 3426 1428 3500 40,

176 3518 283 3570 etv:
344 3530 524 3572 cosu.

341 3640 474 3697 ρο..
516 3602 804 3697 55233998
832 3603 961 3675 Αυε

512 3674 779 3730 Ruﬁnus.

411 3768 472 3821 L.
504 3763 541 3819 2
567 3770 623 3819 et
654 3760 707 3833 3,
740 3763 844 3819 cod
883 3762 1072 3819 Theod
1119 3763 1190 3819 de
1232 3764 1431 3822 defeus

341 3856 481 3911 civit
507 3853 591 3909 lib
613 3867 653 3922 ι,
690 3853 762 3907 tit
790 3867 826 3908 x
870 3857 926 3907 et
948 3852 1079 3908 alia:
1108 3854 1260 3923 apud
1314 3856 1432 3910 Re-

341 3943 493 4000 land.

406 4034 855 4090 Valentinianus
908 4034 1043 4089 Jun.
1126 4034 1427 4090 catechum

339 4121 649 4178 Mediolani
672 4122 972 4191 sepelitur.
1022 4121 1078 4177 S.
1100 4121 1344 4180 Ambros
1359 4123 1429 4179 de

340 4214 464 4283 ejus
490 4210 597 4268 fuu
624 4216 680 4266 et
707 4212 855 4281 epist
879 4208 968 4267 34.

172 4400 281 4463 5406
410 4412 612 4480 Imppp
667 4409 847 4465 Caesss
886 4409 1246 4467 TheodOsius
1299 4410 1428 4484 Aug

147 4488 199 4560 θ
225 4492 279 4551 40
333 4504 401 4555 tr.
434 4516 489 4571 p.
536 4496 603 4554 44
641 4504 698 4554 et
720 4495 806 4568 45,
840 4513 936 4555 cos
967 4514 1057 4554 Ill.

174 4584 307 4655 ΘΗ
406 4592 474 4645 Et
501 4589 789 4645 Arcadius
818 4590 944 4661 Aug
971 4596 1041 4645 tr.
1089 4592 1146 4645 P.
1204 4589 1288 4661 40,
1333 4588 1420 4660 44,

207 4682 243 4734 Β
358 4702 453 4743 cos
478 4703 541 4743 ιι.

207 4702 242 4734 n
527 4729 541 4742 .

154 4767 304 4828 Indict.
358 4702 820 4834 coiirllonorius
852 4779 955 4851 qui
994 4779 1291 4851 Augustus
1322 4778 1422 4834 di—

203 4872 248 4915 ιι
370 4866 528 4923 citur
558 4881 613 4921 ιν
649 4868 726 4923 ld.
756 4869 990 4925 Januar.

164 4952 275 5008 dm
338 4990 478 5048 coss
525 4954 897 5048 Theodosius
911 4957 1162 5048 Augurii.

517 5068 530 5082 .
578 5068 590 5082 .
639 5068 654 5082 .
695 5028 1124 5084 Abundantius.

400 5117 667 5188 Synodus
692 5117 914 5188 Hippon
950 5117 1043 5172 his
1092 5130 1221 5173 coss
1265 5118 1422 5174 cele-

341 5203 507 5261 brata
556 5220 659 5261 vm
716 5208 799 5262 Id.
847 5204 1060 5261 Octobr
1105 5206 1257 5277 leges
1314 5208 1416 5263 cod

327 5293 517 5349 Theod
576 5294 658 5349 lib
716 5310 755 5365 ι,
828 5300 864 5350 t.
929 5295 971 5361 l,
1035 5292 1087 5365 4,
1168 5295 1413 5365 aliaeque

326 5380 480 5451 apud
514 5383 752 5440 Reland.

395 5471 711 5529 Reinesius
770 5474 829 5528 in
898 5473 1117 5545 appcnd
1174 5473 1421 5543 inscript

326 5573 439 5631 pag
472 5557 632 5633 4024,
662 5575 721 5618 ιι.
744 5561 891 5633 XVI,
913 5563 1143 5620 exhibet
1174 5563 1420 5631 inscript

1516 1482 1654 1541 4443

1510 1569 1652 1628 4444
1974 1575 2039 1616 ιη

1510 2982 1647 3041 4444

1512 3071 1649 3131 ms
1744 3045 1794 3111 δ

1935 2996 2000 3039 ΙΙΙ

1941 3084 1998 3127 ιν

1910 4501 2019 4560 292

1927 4605 1982 4646 1v
2092 4593 2249 4649 citur
2277 4595 2572 4660 Augustus
2604 4607 2659 4649 ιν
2689 4595 2772 4649 Id.
2816 4597 2918 4651 Jan
2952 4604 3016 4652 ut
3054 4613 3185 4654 cum

1936 4685 1989 4734 et

1903 4766 2011 4825 293
2105 4784 2162 4826 n.
2236 4768 2321 4839 44,
2400 4777 2456 4826 et
2523 4771 2806 4827 Socratem
2886 4774 3185 4844 deceptum

3371 285 3481 347 658

1901 418 2059 474 Anni
2124 422 2576 489 Christianorum,
2626 425 2934 479 Judmorum
2980 431 3031 481 ct
3071 429 3207 497 ﬁni—
3264 429 3419 484 Anni

1878 489 2069 544 Olumn
2222 496 2477 544 timorum
2515 496 2861 544 nonulorum-
2903 498 3201 544 Pontiﬁces-
3279 502 3410 544 Erae

1938 506 2069 562 ’ymP

2222 496 2477 555 timorum
2515 496 2861 565 pepulerum,
2898 498 3202 568 Pontiﬁces,
3268 502 3410 555 Era

2224 568 2413 632 Reges,
2444 582 2531 621 res
2544 572 2707 634 gesta
2731 572 2782 621 et
2819 569 3157 624 documenta.
3222 570 3446 626 Christi.

2190 833 2791 891 Thessalonicensium
2825 836 3005 894 caedes
3030 840 3202 908 jussu

2118 922 2423 979 Theodosii
2481 930 2697 993 patrata
2752 943 2764 979 :
2808 927 2976 995 cujus
3032 941 3206 984 causa

2123 1010 2437 1081 Imperator
2475 1011 2546 1067 ab
2594 1012 2902 1070 Ambrosio
2926 1016 3201 1074 exclusus

2126 1098 2200 1155 ab
2253 1100 2521 1156 Ecclesiae
2554 1100 2779 1158 foribus
2809 1104 3206 1172 paenitentiam

2120 1188 2262 1259 agit.
2298 1188 2525 1245 Ruﬁni.
2568 1187 2621 1257 2,
2664 1205 2713 1245 c.
2763 1187 2848 1246 48.
2906 1194 3102 1249 Sozom
3158 1194 3197 1250 l.

2120 1273 2176 1345 7,
2227 1292 2275 1331 c.
2332 1275 2421 1333 24.
2503 1280 2821 1336 Theodoret
2898 1281 2981 1337 lib
3030 1283 3086 1354 5,
3150 1298 3201 1339 c.

2122 1363 2208 1421 47.
2242 1366 2400 1422 Paul.
2437 1367 2496 1422 in
2527 1368 2644 1423 vita
2668 1369 2725 1423 S.
2763 1370 2926 1426 Amb.

2205 1473 2405 1529 Siricii
2430 1471 2485 1529 7.
3289 1479 3388 1538 394

2184 1563 2287 1618 His
2316 1577 2445 1619 coss
2472 1564 2827 1622 Theodosius
2877 1567 2997 1638 imp
3038 1570 3206 1627 Italia

2117 1651 2396 1707 decedens
2436 1652 2992 1724 Constantinopolim
3036 1658 3204 1713 redit.

2117 1739 2465 1810 Arbogastes
2518 1746 2710 1796 autem
2783 1744 2842 1797 in
2900 1742 3207 1802 Occidente

2120 1833 2320 1883 contra
2371 1828 2837 1887 Valentinianum
2897 1845 2989 1888 res
3033 1847 3206 1890 novas

2124 1915 2364 1972 molitus
2393 1922 2481 1972 est
2508 1918 2677 1987 cujus
2699 1917 2890 1975 favore
2918 1920 3206 1980 subnixus

2122 2005 2420 2077 Eugenius
2450 2007 2755 2077 imperium
2789 2007 2900 2063 sibi
2936 2016 3200 2081 usurpat.

2118 2094 2381 2164 Prosper,
2411 2101 2467 2151 et
2485 2098 2749 2153 Zosimus
2779 2097 2862 2154 lib
2883 2097 2936 2154 4.

2185 2183 2288 2238 His
2328 2198 2456 2241 coss
2501 2185 2631 2241 data
2678 2192 2765 2242 est
2814 2187 2904 2243 lex
2954 2202 3036 2255 ιι,
3090 2190 3204 2246 Cod

2118 2271 2307 2328 Theod
2332 2272 2415 2327 lib
2458 2288 2577 2343 xvu,
2601 2275 2672 2330 tit
2700 2287 2754 2344 x,
2782 2275 2854 2330 de
2896 2275 3207 2332 interdicto

2122 2374 2233 2416 usu
2276 2362 2696 2419 sacrificiorum
2754 2364 2995 2435 Evagrio
3066 2362 3215 2419 Praef

2114 2449 2243 2521 Aug
2272 2456 2329 2506 et
2352 2450 2483 2506 Com
2516 2465 2617 2521 per
2638 2452 2966 2523 Egyptum.
2990 2451 3204 2523 Pagius

2117 2551 2248 2594 cum
2286 2538 2508 2597 Gotofr.

2181 2983 2383 3039 Siricii
2406 2981 2467 3038 8.
3275 2985 3383 3045 392

2172 3072 2619 3129 Valentinianus
2644 3072 2755 3130 Jun
2785 3074 2857 3131 ab
2885 3074 3201 3149 Arbogaste

2113 3160 2322 3216 comite
2344 3160 2573 3215 occisus
2618 3163 2928 3224 occumbit.
2958 3166 3204 3231 Eugenio

2116 3249 2425 3315 imperium
2450 3256 2786 3316 usurpante.
2822 3250 3008 3302 Zosim
3035 3251 3118 3303 lib
3143 3249 3196 3319 4,

2112 3349 2163 3390 c.
2210 3332 2281 3391 54
2324 3340 2523 3391 contra
2590 3347 2758 3404 quem
2838 3335 3196 3394 Theodosius

2112 3423 2531 3494 expeditionem
2565 3429 2745 3495 parat.

2179 3514 2333 3567 Inter
2396 3513 2667 3567 Joannem
2730 3512 3039 3584 Jerosolym
3103 3528 3190 3585 ep.

2110 3592 2529 3671 Oregenistam,
2571 3606 2627 3656 et
2659 3600 3042 3671 lipiphanium
3068 3611 3195 3660 orta

2108 3689 2419 3744 dissensio.
2450 3688 2505 3743 S.
2533 3688 2838 3759 Hieronym
2871 3703 2960 3759 ep.
3001 3689 3089 3748 60.

2180 3777 2243 3832 S.
2302 3776 2681 3847 Hieronymus
2745 3777 2801 3831 h.
2869 3792 2922 3833 a.
2980 3779 3194 3837 librum

2109 3865 2354 3935 complet
2392 3866 2462 3920 de
2491 3866 2879 3933 scriptoribus
2916 3867 3198 3925 ecclesia-

2107 3954 2297 4023 sticis,
2326 3960 2388 4011 ut
2417 3966 2485 4008 ex
2517 3955 2643 4024 ejus
2670 3955 2815 4024 praef
2833 3956 2903 4011 ad
2926 3956 3191 4015 dextrum

2094 4042 2186 4096 Pr.
2219 4043 2307 4098 Pr.

2178 4132 2280 4187 His
2345 4146 2475 4189 coss
2529 4131 2897 4203 profanorum
2962 4135 3193 4192 sacrit]-

2102 4221 2327 4276 ciorum
2356 4235 2497 4277 usus
2534 4221 2750 4292 ubique
2778 4222 3043 4281 sublatus
3070 4225 3192 4298 lege

2106 4322 2187 4364 xu
2218 4312 2321 4366 cod
2344 4310 2532 4367 Theod
2563 4311 2634 4367 de
2655 4312 2918 4383 Pagauis.

1501 4409 1641 4469 4445
1738 4391 1795 4454 D
1855 4414 2052 4485 Olymp
2160 4417 2360 4472 Siricii
2387 4416 2441 4473 9.
3294 4420 3400 4481 393

1501 4498 1639 4558 4446
1910 4501 2019 4558 292
2163 4507 2451 4558 Honorius
2482 4520 2513 4558 a
2544 4512 2701 4558 uatre
2737 4508 3058 4558 Theodosia
3086 4512 3188 4558 di-

2163 4507 2451 4562 Honorius
2482 4520 2514 4561 a
2542 4512 2701 4576 patre
2737 4508 3058 4567 Theodosio
3086 4512 3188 4567 di-

2112 4683 2340 4737 Petavio
2385 4683 2740 4743 demonstrat
2766 4684 2976 4755 Pagius
2999 4685 3053 4740 h.
3087 4699 3165 4757 a.,

2087 4858 2463 4930 docet:quod
2516 4859 2621 4915 hoc
2693 4874 2845 4916 anno
2936 4876 3011 4916 xx
3080 4866 3200 4920 Nov

1916 4947 1989 5021 {3)
2093 4949 2331 5020 eclipsis
2380 4947 2524 5002 solis
2568 4947 2765 5017 fuerit,
2819 4950 2914 5004 sed
2950 4964 3061 5006 non
3114 4965 3181 5007 ea

2095 5042 2191 5096 die
2218 5050 2328 5109 qua
2359 5035 2553 5091 dictus
2582 5040 2669 5091 est
2715 5038 3012 5106 Augustus
3065 5041 3184 5096 Ho-

2099 5142 2323 5186 nonus.

2158 5290 2353 5360 Eclips
2402 5287 2546 5346 solis
2596 5288 2698 5359 dig
2744 5286 2859 5344 fere
2888 5302 2969 5359 χι,
3026 5290 3183 5348 Con-

2098 5379 2475 5448 stantinopoli
2524 5392 2600 5434 xx
2645 5380 2782 5434 Nov.
2837 5378 3078 5451 Prosper
3126 5389 3182 5439 et

2097 5467 2486 5526 Marcellinus.
2524 5466 2661 5524 Vide
2694 5469 2878 5525 Petav.

2156 5557 2365 5613 Forum
2408 5554 2867 5615 Theodosianum
2940 5557 3180 5615 dedica—
