3946 6146
463 272 570 330 659
1284 275 1376 329 AD
1413 274 1844 333 ANASTASIUM
1883 278 2396 338 PROLEGOMENA
2437 283 2617 339 EDIT.
2671 281 3082 339 ROM.-VATIC.

536 419 694 474 Anni
766 423 1141 492 Imperatores,
1174 422 1445 490 Consules,
1477 426 1762 478 Romano—
1856 429 2009 479 Anni

501 492 623 564 Per.
647 493 756 564 Jul.
856 508 999 564 rum,
1032 509 1117 547 res
1149 499 1330 560 gestae,
1350 500 1399 548 et
1429 495 1766 550 documenta.
1875 498 2010 551 U.C.

1887 573 2014 623 ante

1853 645 1905 694 et
1942 645 2064 708 post

1882 712 2044 765 Palzl.

504 567 555 616 et
583 563 709 617 1nd.

755 815 892 869 Rom
951 813 1128 868 Theod
1178 814 1306 881 Aug
1362 815 1459 882 ΙΙΙ,
1512 821 1562 869 et
1606 818 1728 884 Eug
1765 820 1830 872 D.

751 905 819 959 N.
851 917 936 956 cos
969 901 1027 956 in
1070 915 1238 972 quam
1269 902 1503 959 adnotat
1551 903 1837 962 Occiden-

754 991 921 1046 talem
966 991 1257 1046 consulem
1312 1005 1372 1047 se
1420 994 1664 1063 gessisse
1719 997 1838 1050 Eu-

756 1082 1010 1154 genium,
1065 1081 1160 1136 sed
1215 1095 1284 1136 ex
1335 1082 1642 1138 subsecuta
1715 1084 1836 1156 lege

755 1176 885 1240 post
914 1170 1042 1238 ejus
1089 1170 1295 1225 caedem
1343 1185 1493 1227 anno
1522 1169 1647 1241 395,
1711 1188 1838 1243 qua}

755 1259 999 1316 habetur
1027 1260 1128 1315 cod
1161 1261 1352 1316 Thood
1392 1260 1474 1315 lib
1508 1259 1591 1327 45,
1645 1263 1718 1317 tit
1773 1260 1839 1318 44

753 1350 824 1404 de
855 1349 1101 1403 inﬁrmis
1135 1363 1261 1419 quae
1283 1349 1391 1404 sub
1434 1350 1695 1419 tyrannis
1723 1364 1776 1405 ιι.
1802 1347 1837 1405 9

754 1444 875 1494 tum
925 1440 1070 1509 ejus,
1131 1445 1248 1494 tum
1305 1439 1548 1494 aliorum
1607 1440 1838 1495 nomina

756 1542 1063 1598 suppressa
1114 1534 1170 1584 et
1237 1529 1617 1584 Orientalium
1687 1544 1835 1585 coss.

757 1619 1097 1675 substituta.

540 1724 681 1784 5407
825 1729 1023 1796 Imppp
1069 1726 1250 1782 Caesss
1307 1726 1662 1782 Theodosius
1713 1727 1838 1799 Aug

561 1816 700 1893 {ait
747 1824 819 1874 tr.
856 1815 1269 1888 p.15,16,cos
1304 1831 1388 1872 Ill.

537 1918 611 1991 θ
644 1916 710 1974 45
819 1920 887 1974 Et
912 1919 1194 1974 Arcadius
1245 1917 1373 1988 Aug
1414 1923 1484 1972 tr.
1523 1933 1575 1988 p.
1627 1915 1711 1985 44,
1751 1916 1836 1988 42,

595 2010 646 2063 A
757 2023 853 2063 cos
887 2023 967 2062 III.

506 2098 704 2152 Indict.
823 2100 889 2152 Et
941 2098 1228 2153 Honorius
1267 2098 1392 2170 Aug
1444 2103 1516 2153 tr.
1570 2113 1622 2168 p.
1687 2094 1738 2169 4,
1791 2095 1845 2168 2,

587 2199 667 2238 VII
759 2200 856 2241 COS
888 2201 925 2240 Il
942 2227 954 2240 .

511 2285 559 2331 ⁸³
588 2291 693 2334 VI"
758 2318 896 2372 Coss
932 2277 1216 2372 ﬁf‘i‘i‘iiili
1243 2279 1477 2372 Q9521."

934 2353 1220 2405 Honorius
1252 2354 1376 2421 Aug
1399 2366 1461 2406 ll.

830 2443 940 2511 Leg
958 2441 1060 2494 cod
1086 2442 1392 2511 utriusque
1437 2442 1587 2510 apud
1640 2440 1736 2494 Rel
1783 2443 1844 2495 ut

760 2531 862 2586 cod
907 2529 1095 2583 Theod
1165 2529 1236 2582 de
1285 2543 1344 2583 re
1424 2530 1579 2584 milit
1635 2529 1674 2583 l.
1751 2525 1837 2597 44,

761 2626 868 2676 etc.

831 2711 887 2763 S.
914 2708 1195 2763 Paulinus
1221 2721 1349 2762 cum
1375 2707 1649 2761 Therasia
1697 2719 1844 2761 con—

757 2799 894 2869 juge
938 2797 1148 2853 saeculo
1179 2796 1518 2852 renuntians
1551 2796 1608 2850 in
1665 2795 1844 2850 Nola—

764 2901 900 2943 num
941 2900 1226 2943 secessum
1252 2885 1393 2941 abit.
1424 2886 1551 2954 Aug
1597 2886 1745 2954 epist
1772 2883 1832 2939 34

765 2973 915 3031 θὶ34

569 4151 713 4210 5408
857 4153 1054 4223 Imppp
1095 4151 1274 4206 Ctesss
1333 4151 1689 4208 Theodosius
1741 4153 1868 4224 Aug
1940 4151 2077 4211 4446

576 4245 647 4318 ξι)
693 4241 761 4299 42
790 4248 868 4298 tr.
903 4258 955 4311 p.
993 4239 1076 4311 46,
1110 4254 1206 4295 cos
1243 4253 1302 4310 ιι,
1339 4241 1438 4310 qui
1485 4239 1609 4295 obit
1654 4238 1719 4296 47
1765 4245 1865 4297 Ja-

571 4338 644 4411 θ
675 4334 743 4391 46
795 4333 1006 4388 nuarii.

613 4428 658 4484 G
868 4423 936 4477 Et
959 4419 1240 4476 Arcadius
1261 4419 1388 4489 Aug
1418 4424 1490 4474 tr.
1546 4435 1600 4490 p.
1642 4419 1726 4491 43,
1777 4417 1861 4491 43,

535 4517 718 4572 Indict
771 4527 868 4568 cos
900 4525 984 4566 ιιι.

571 4621 672 4662 vm
856 4603 924 4657 Et
964 4599 1250 4656 Honorius
1299 4599 1426 4669 Aug
1472 4604 1542 4655 tr.
1600 4616 1654 4671 p.
1701 4599 1754 4673 2,
1808 4600 1860 4671 3,

573 4701 621 4751 et
642 4710 700 4751 IX
773 4707 870 4749 COS
898 4706 958 4748 Ii.

962 4855 1068 4909 Sex
1089 4851 1331 4908 Anicius
1359 4851 1652 4924 Olybrius.

897 4908 924 4947 ⁵
961 4908 1067 4982 Sex
1094 4926 1338 4982 Anicius
1367 4908 1649 4981 Probinus
1679 4939 1721 4979 ιι

831 5038 1043 5092 Gruter
1100 5034 1345 5103 inscript
1398 5031 1520 5103 359.,
1568 5031 1621 5101 5,
1681 5033 1732 5101 6,
1810 5040 1865 5090 et

767 5122 891 5188 350,
943 5122 998 5191 ‘2,
1049 5121 1101 5188 3,
1160 5137 1283 5192 qua:
1355 5123 1411 5176 in
1467 5137 1678 5177 musaeo
1731 5125 1861 5179 card

772 5212 999 5266 Albani.
1050 5213 1187 5264 Item
1269 5209 1420 5278 leges
1446 5211 1505 5263 C.
1545 5211 1732 5266 Theod
1787 5212 1870 5266 lib

782 5313 854 5358 vx,
884 5301 957 5352 tit
983 5297 1052 5352 ﬁt
1093 5300 1162 5352 de
1211 5299 1431 5352 domest
1476 5304 1529 5351 et
1571 5306 1785 5366 protect
1816 5301 1855 5357 ι.

780 5388 834 5451 6,
866 5387 1108 5456 alizeque
1136 5387 1286 5456 apud
1314 5386 1543 5443 Reland.

853 5478 946 5531 Pr.
1006 5473 1138 5530 Urbi
1224 5477 1408 5531 Romae
1472 5477 1729 5544 Basilius,
1809 5485 1864 5535 et

783 5566 950 5635 paulo
1011 5569 1138 5634 post
1216 5564 1654 5637 Andromachus,
1735 5576 1853 5623 tum

785 4894 892 4948 Cos

2262 481 2472 552 Olymp.

1911 1725 2049 1783 4446
2148 1733 2199 1793 Β

1913 1814 2050 1873 4447

3757 285 3836 344 660

2140 415 2193 468 Λ
2297 411 2453 464 Anni
2527 411 2980 476 Christianorum,
3010 411 3320 465 Judaeorum
3356 414 3405 464 et
3451 412 3591 480 ﬁni—
3651 411 3790 467 Anni

2584 487 2835 536 timorum
2870 483 3197 552 populorum
3271 484 3573 551 Pontiﬁces,
3649 485 3777 538 Erae

2579 557 2766 626 Reges,
2794 570 2878 608 res
2908 560 3067 622 gestae
3116 560 3164 608 et
3191 554 3532 608 documenta.
3617 556 3815 613 Christi.

2511 793 2626 844 tur.
2657 787 2843 842 Chron
2868 785 3026 841 Alex.

2580 877 2938 946 Hipponense
2966 874 3276 931 concilium
3305 875 3377 931 de
3421 876 3596 932 disci-

2516 966 2675 1036 plina
2723 965 3088 1021 celebratur:
3137 965 3307 1033 cujus
3351 979 3595 1021 canones

2506 1056 2668 1111 docte
2733 1055 2966 1124 exponit
3011 1053 3294 1108 Schelestr
3357 1055 3428 1109 de
3475 1055 3600 1110 Eccl

2511 1144 2668 1200 Afric
2698 1145 2820 1200 diss
2850 1142 2904 1214 3,
2936 1158 2984 1198 c.
3020 1142 3054 1198 6
3075 1143 3303 1215 Pagius.

2586 1232 3077 1302 Quindecennalia
3097 1245 3128 1287 a
3155 1232 3476 1289 Theodosio
3499 1247 3598 1288 ce-

2518 1322 2751 1377 lebrata.
2787 1321 2888 1376 lbi.

2586 1412 2672 1464 Pr.
2719 1410 2858 1474 Urbi
2903 1410 3010 1464 CP.
3068 1410 3427 1468 Aurelianus.
3472 1411 3598 1466 Alm

2513 1514 2580 1556 ex
2613 1506 2858 1570 utroque
2883 1500 3097 1556 codice.

2373 1732 2391 1773 ι
2573 1715 2770 1772 Siricii
2802 1713 2886 1770 40.

2358 1821 2400 1862 ιι
2581 1805 2937 1861 Theodosius
2976 1810 3271 1873 assumpto
3312 1805 3436 1861 ﬁlio
3481 1807 3597 1862 Ho—

2521 1895 2688 1950 norio
2714 1901 2913 1949 contra
2948 1893 3316 1964 Arbogastem
3377 1903 3431 1951 et
3488 1897 3606 1950 Eu-

2517 1983 2749 2055 genium
2786 1983 3100 2037 contendit.
3138 1984 3326 2038 Primo
3375 1983 3471 2039 die
3501 1985 3599 2054 qui

2517 2072 2744 2127 videtur
2787 2085 2908 2126 esse
2936 2073 3069 2142 Sept
3101 2071 3136 2127 5
3160 2074 3404 2128 victoria
3441 2087 3603 2142 penes

2518 2169 2821 2232 tyrannum
2845 2160 2978 2216 fuit.
3003 2161 3072 2216 At
3097 2169 3259 2216 nocte
3283 2168 3602 2231 prostratus

2521 2253 2578 2306 in
2616 2265 2825 2320 preces,
2855 2257 2910 2304 et
2953 2251 3021 2305 ab
3066 2251 3344 2320 apostolis
3395 2254 3605 2308 certior

2517 2340 2726 2402 factus,
2790 2343 2899 2395 Deo
2956 2354 3056 2409 pro
3121 2341 3245 2409 ipso
3316 2348 3600 2411 pugnante

2517 2435 2820 2500 tyrannum
2853 2430 3198 2499 proﬂigavit,
3233 2432 3334 2500 qui
3371 2438 3568 2500 captus

2517 2527 2602 2574 est
2632 2525 2688 2573 et
2713 2517 3058 2573 enterfectus
3079 2517 3114 2573 6
3142 2521 3296 2588 Sept.
3344 2520 3602 2591 Arboga—

2519 2615 2635 2664 stes
2666 2621 2769 2663 sua
2823 2622 2884 2663 se
2938 2621 3107 2663 manu
3165 2608 3435 2665 confecit.
3502 2611 3610 2664 Pe—

2509 2700 2701 2754 tavius
2769 2711 2836 2752 ex
2908 2699 3183 2766 Prospero
3249 2703 3305 2753 et
3349 2699 3608 2769 .Marcel-

2519 2788 2661 2850 lino.

2590 2877 2844 2931 Thermaa
2895 2876 3229 2932 Arcadianze
3255 2891 3323 2932 ex
3382 2879 3610 2934 nomine

2514 2965 2834 3022 conditoris
2859 2965 3043 3019 dictae.
3082 2965 3184 3020 lbi.

2591 3055 2904 3110 Donatista:
2938 3055 2994 3108 in
3027 3056 3276 3110 Numida
3304 3057 3610 3127 Bagajense

2523 3144 2836 3199 concilium
2887 3143 3178 3198 celebrant
3207 3145 3609 3214 episcOporum

2525 3246 2673 3301 cccx,
2723 3233 2872 3303 quod
2959 3239 3182 3288 mortuo
3244 3234 3616 3292 Parmeniano

2524 3322 2956 3378 Donatistarum
3001 3322 3270 3390 episcopo
3316 3323 3486 3377 Carth
3563 3330 3616 3379 et

2528 3411 2821 3466 Primiano
2858 3410 3095 3466 suffecto
3137 3410 3211 3465 ab
3259 3411 3393 3466 aliis
3448 3412 3618 3468 ordi—

2533 3505 2703 3556 natus
2796 3506 2945 3556 esset
3032 3501 3437 3570 Maximianus,
3519 3503 3617 3572 qui

2531 3589 2836 3644 damnatus
2859 3587 2992 3658 fuit,
3023 3589 3131 3659 Ibi,
3164 3597 3221 3645 et
3242 3590 3368 3660 Aug
3392 3603 3480 3660 ep.
3516 3588 3621 3646 255

2529 3683 2585 3732 et
2615 3675 2738 3734 26⁸5.

2604 3767 2734 3822 Alia
2805 3768 3057 3838 synodus
3120 3767 3613 3841 Constantinopoli

2533 3871 2705 3927 super
2725 3857 3033 3912 schismate
3055 3858 3240 3912 simili
3263 3858 3320 3913 in
3342 3858 3619 3916 electione

2533 3949 2895 4016 episcopatus
2971 3947 3312 4002 Bostrensis.
3389 3947 3474 4002 lbi
3555 3961 3619 4003 ex

2539 4037 2897 4092 Balsamone.

2379 4158 2420 4200 Il
2601 4143 2797 4198 Siricii
2829 4141 2912 4198 44.

2378 4244 2440 4286 ιιι
2609 4232 2964 4289 Theodosius
3043 4235 3337 4304 complens
3405 4249 3614 4291 annum

2541 4322 2770 4389 imperii
2848 4321 2911 4378 46
2980 4325 3226 4380 moritur
3292 4325 3618 4390 Mediolani,

2541 4413 2764 4468 relictis
2778 4413 3003 4468 duobus
3020 4415 3160 4468 ﬁliis
3180 4417 3252 4468 lm
3265 4415 3621 4485 peratoribus

2544 4504 2641 4573 qui
2676 4510 2982 4573 utrumque
3015 4505 3321 4572 imperium
3355 4519 3619 4560 commu—

2542 4594 2693 4648 niter
2719 4600 2995 4664 regerent,
3029 4593 3241 4648 divisis
3272 4599 3496 4649 tantum
3529 4607 3624 4649 se—

2538 4682 2731 4738 dibus.
2784 4682 3064 4738 Arcadius
3098 4682 3156 4737 in
3207 4682 3466 4752 Oriente,
3506 4684 3622 4738 Ho—

2540 4773 2741 4826 norius
2818 4771 2874 4825 in
2959 4772 3265 4828 Occidente
3348 4775 3620 4829 resident.

2537 4862 2778 4917 Ruﬁnus
2810 4861 2984 4916 ﬁliam
3016 4877 3177 4918 suam
3203 4863 3454 4919 Arcadio
3499 4872 3622 4918 tra-

2536 4953 2668 5006 dere
2684 4952 2922 5020 cupiens
2943 4951 3076 5022 (nisi
3111 4953 3455 5008 conciliator
3472 4953 3626 5009 alia—

2538 5054 2662 5094 rum
2714 5042 3048 5108 nuptiarum
3117 5043 3434 5111 EutrOpius
3494 5056 3622 5097 eum

2539 5129 2922 5200 prmvenisset)
2955 5130 3299 5185 Stilichonis
3344 5132 3624 5200 indigna-

2535 5217 2744 5272 tionem
2791 5219 2848 5272 in
2892 5234 2951 5274 se
3000 5225 3214 5274 excntat
3256 5239 3268 5273 :
3306 5222 3407 5290 qui
3466 5229 3626 5275 tutor

2533 5305 2918 5363 Occidentalis
2935 5308 3311 5378 imperii(imo
3329 5316 3385 5364 et
3407 5309 3630 5364 utrius-

2535 5409 2644 5466 que
2682 5404 2737 5451 et
2775 5398 3098 5466 principum
3140 5412 3169 5452 a
3226 5404 3382 5468 patre
3433 5397 3634 5467 datus)

2537 5487 2726 5541 Ruﬁni
2781 5487 2943 5542 dolos
2967 5487 3202 5557 detexit,
3251 5497 3306 5542 et
3353 5487 3625 5543 inﬁdeli—

2533 5583 2702 5630 tatem
2733 5580 2911 5630 morte
2942 5576 3187 5645 punivit.
3219 5578 3357 5631 Nam
3411 5581 3624 5632 contra

3700 1713 3792 1772 394

3707 4101 3798 4199 395
