3946 6146
227 177 329 237 665
1120 190 1466 252 CHRONOL.
1511 200 1560 256 A
1594 201 1658 257 S.
1705 204 2095 266 SYLVESTRO
2130 211 2226 266 AD
2261 213 2323 269 S.
2369 214 2586 274 GREG.
2632 219 2705 273 M.
3263 251 3268 256 ε
3525 235 3634 296 666

277 311 456 428 ’ίηῗίι
497 314 894 428 Ῑ⁷⁷¹Ρξνξξ⁰νθ⁸ιρ
964 320 1239 428 θθζῖδαῖθξι
1260 399 1295 428 Α
1323 330 1601 400 Romam.)-
1661 337 1818 428 κέηξὶ
1894 338 1952 397 Α
2060 341 2216 396 Anni
2275 346 2724 420 Christianorum,
2775 355 3090 428 .Iudxorum
3129 363 3178 412 et
3205 363 3340 428 ﬁni—
3411 363 3568 420 Anm’

277 399 337 428 η’-
359 421 372 428 -
398 400 431 428 u
464 427 471 428 ,
645 403 679 428 η
810 406 866 428 φο
945 409 1034 428 hoc
1066 411 1105 428 oo
1174 413 1197 428 η
1299 410 1572 428 Ληιιηημι..
2017 411 2075 428 Λι
2353 421 2387 428 ..

222 384 473 502 Palu
612 402 754 457 rum,
810 405 894 445 res
943 401 1105 460 gestae
1172 384 1234 452 et
1258 384 1591 460 documenta.
1661 384 1814 462 Ili-CI
1894 384 1952 397 ﬂ
3411 384 3568 492 Ἑζζὲ

269 469 315 502 e.
377 471 414 502 n
1665 483 1785 502 *μυ
2342 492 2377 502 ’⁵
2768 500 2774 502 ”

744 455 750 457 ν
945 455 966 460 ν
1673 455 1698 461 -
1718 455 1730 460 -
1759 455 1814 462 --
2014 455 2220 485 νηυσσιμσ
2344 455 2486 473 "mw
2507 455 2594 474 um
2631 455 2852 492 μυμιιιυι
2871 455 2979 487 αυι.
3033 455 3332 502 .rwmnces,
3428 455 3568 492 αυτ-ω

269 458 316 508 et
344 455 457 510 Ind
1659 483 1785 564 ante
1819 555 1831 564 Ι
2333 492 2521 564 Reges,
2548 507 2634 546 res
2661 500 2820 563 gesta:
2857 501 2908 552 et
2955 497 3293 557 decumenta.
3371 505 3588 563 Christi.

1521 561 1525 565 '
1628 554 1833 676 etpgzslt

283 699 474 798 5H3_
572 706 942 798 ImpprCaass
996 714 1278 776 Arcadius
1325 719 1453 792 Aug
1510 729 1582 779 tr.
1661 722 1800 782 4452

2084 732 2150 774 ιιι
2333 722 2624 781 Anastasii
2654 724 2677 782 4
2713 732 2768 783 et
2790 725 2846 784 2.
3434 736 3539 798 400

256 795 327 866 g
405 789 474 849 47
505 810 558 865 ρ.
595 793 682 860 47,
719 797 806 871 48,
840 815 938 857 cos
973 817 1056 859 ιν.
1423 789 1445 792 ⁷
1660 813 1799 874 4453

1785 817 1799 873 ι
2095 820 2150 861 1v
2330 812 2546 868 Gainas
2558 815 2657 885 qui
2683 829 2833 873 anno
2851 821 3142 888 superiori
3168 823 3343 882 rebel-

249 889 319 962 θ
433 889 472 947 2
569 895 640 949 Et
689 895 978 964 honorius
1034 901 1162 976 Aug
1199 910 1271 962 tr.
1322 923 1378 978 p.
1418 907 1474 983 7,
1527 909 1580 984 8,
2262 899 2494 972 laverat,
2527 907 2584 958 et
2612 905 2951 976 Eutropium
2999 911 3186 968 occidi
3223 914 3341 970 im-

497 981 622 1038 Cos.
659 962 715 1038 Iv
1127 962 1160 976 υ
1323 962 1348 978 τ
1430 962 1474 983 Ἴ
1533 962 1580 984 ⁷⁷
2260 962 2576 1058 ρθιιεινθίειι
2603 991 2658 1047 h.
2686 1006 2745 1049 a.
2788 962 3105 1066 prapotens
3132 1001 3340 1059 Satur-

286 1068 442 1160 44)ςὶ
490 1107 652 1160 ηοω
823 1075 1087 1160 Stilicho.
2260 1077 2462 1134 ninum
2489 1080 2856 1140 Consularem
2905 1092 2962 1141 et
2994 1089 3337 1160 Eutropium

286 1113 330 1124 ω
375 1113 409 1124 ν.
516 1113 528 1126 η
823 1113 1087 1135 “unum.
2260 1113 2462 1134 uluulu
2489 1113 2856 1140 υυιωιιιιιι-σιιι
2905 1113 2962 1141 CI.
2994 1113 3337 1160 nuu‘upllllll

263 1139 442 1194 Indict
490 1113 652 1163 “033‘
823 1147 1193 1208 Aurelianus.
2271 1164 2571 1224 Consulem
2617 1171 2732 1226 sibi
2786 1173 2918 1230 dedi
2977 1175 3047 1232 ab
3090 1177 3338 1238 Arcadio

301 1242 405 1283 xm
565 1232 688 1286 Vet.
714 1234 978 1305 inscript.
1002 1238 1130 1294 duae
1159 1244 1578 1306 MuszeiAlbani
2257 1253 2533 1311 obtinuit.
2568 1258 2802 1315 Arianis
2828 1267 3014 1320 tamen
3055 1232 3338 1326 Ecclesias

326 1319 374 1370 ei
487 1324 544 1374 et
591 1319 843 1377 Fabrett.
899 1338 1010 1396 pag
1059 1326 1185 1398 552,
1244 1338 1301 1387 et
1349 1330 1476 1405 739,
1524 1342 1580 1393 et
2253 1343 2671 1418 ConstantinOp
2699 1350 2960 1408 obtinere
2985 1319 3333 1430 nonpotuit,

293 1419 390 1462 xw
487 1407 790 1466 Gudiana:
826 1417 880 1467 et
910 1413 1066 1486 leges
1094 1419 1399 1491 utriusque
1436 1425 1572 1482 Cod.

273 2384 407 2443 5444
559 2389 718 2461 Impp
789 2408 928 2450 caess
973 2395 1259 2455 Arcadius
1307 2403 1436 2476 Aug
1485 2411 1558 2462 tr.
1639 2407 1777 2467 4453

246 2480 308 2550 Θ
381 2476 452 2534 48
484 2494 538 2549 p.
588 2476 673 2548 48,
712 2487 767 2538 et
825 2479 911 2554 49,
960 2497 1028 2540 ex
1065 2485 1162 2543 die
1207 2487 1273 2545 46
1315 2493 1418 2547 Jan
1463 2509 1561 2552 cos
1637 2497 1776 2556 4454

243 2574 306 2648 ο
409 2575 550 2633 31v.

314 2669 359 2760 ξ
549 2668 933 2760 Etyonorius
974 2673 1103 2746 Aug
1130 2678 1203 2731 tr.
1237 2691 1288 2747 p.
1324 2675 1382 2749 8,
1412 2683 1468 2738 et
1503 2681 1557 2755 6,
1589 2745 1608 2760 ,

243 2746 416 2801 Indict
468 2760 556 2802 ex.
596 2745 663 2803 47
685 2749 786 2804 Jan
814 2764 912 2808 cos
948 2767 1022 2807 ιν.
1076 2745 1083 2746 “
1238 2745 1253 2747 “
1370 2745 1377 2749 ’
1545 2745 1608 2770 ’³

287 2849 374 2889 xiv
471 2872 626 2930 COSS.
908 2842 1261 2925 Viacentius.

266 2911 390 2961 etxv
900 2913 1172 2970 Fravntta.

251 4684 387 4745 5445

225 4782 289 4850 Θ
362 4777 429 4835 49
461 4778 544 4845 49,
576 4790 632 4839 et
672 4781 764 4854 20,
791 4800 890 4843 cos
921 4801 976 4842 v.
1006 4792 1105 4861 qui
1153 4792 1338 4850 ﬁlium
1368 4795 1540 4852 Theo-
1616 4796 1754 4857 4455

215 4873 282 4946 θ
350 4875 384 4933 4
445 4880 673 4938 dosium
721 4884 1048 4958 Augustum
1107 4891 1254 4949 dicit
1316 4890 1382 4949 47
1436 4895 1538 4951 Ja—
1613 4895 1752 4955 4454

299 4967 348 5020 Ε

491 1498 643 1567 apud
697 1499 908 1557 Reland
946 1509 1009 1558 ut
1048 1504 1090 1559 Ἰ.
1140 1505 1228 1575 59,
1263 1508 1352 1580 60,
1382 1509 1470 1580 64,
1514 1514 1572 1570 C.

489 1586 592 1641 Th.
629 1589 700 1643 de
731 1603 865 1646 curs
896 1591 1056 1663 publ,
1084 1602 1191 1651 etc.

560 1677 648 1730 Pr.
685 1677 823 1734 Urbi
856 1681 1045 1737 Romae
1075 1685 1375 1743 Flavianus
1419 1691 1559 1748 Cod.

483 1765 672 1821 Tbeod
698 1766 782 1822 lib
812 1781 892 1823 χι.
930 1775 970 1824 ι.
996 1769 1050 1840 5,
1082 1773 1121 1828 l.
1153 1772 1245 1831 29.

556 1855 849 1925 Sulpitius
883 1860 1123 1918 Severus
1151 1864 1234 1920 lib
1263 1881 1321 1936 ιι,
1353 1882 1386 1924 a
1418 1870 1570 1927 Cru-

482 1943 756 2000 ciﬂxione
797 1948 861 2001 D.
910 1951 975 2004 N.
1018 1952 1065 2004 J.
1096 1953 1154 2008 C.
1191 1955 1300 2010 sub
1341 1958 1568 2016 duobus

480 2032 744 2089 Geminis
791 2049 920 2093 coss
967 2054 1149 2112 usque
1196 2045 1254 2100 in
1301 2046 1570 2105 Stilicho-

489 2134 614 2176 nem
691 2126 985 2182 consulem
1050 2140 1316 2190 numerat
1385 2149 1568 2194 annos

479 2222 748 2282 CCCLXXII,
793 2230 920 2285 quae
949 2233 1169 2276 summa
1212 2236 1340 2279 cum
1370 2233 1566 2285 nostra

481 2299 865 2375 Chronologia
905 2309 1141 2365 omnino
1167 2316 1476 2371 consentit.

579 2999 696 3054 Vel.
731 2999 997 3071 inscript.
1022 3004 1269 3062 Fabrett.
1298 3022 1408 3082 pag
1425 3008 1550 3082 574,

473 3091 530 3142 et
572 3087 722 3160 leges
774 3091 1081 3162 utriusque
1126 3095 1354 3153 Codicis
1399 3104 1552 3171 apud

473 3175 698 3232 Gotofr.
756 3185 813 3234 et
857 3179 1093 3235 Reland.
1141 3196 1340 3254 nempe
1371 3186 1408 3242 Ι.
1459 3187 1550 3260 63,

472 3278 526 3318 c.
552 3265 738 3322 Tbeod
765 3268 836 3322 de
853 3281 1028 3324 cursu
1056 3270 1193 3340 pubi
1221 3272 1304 3328 lib
1325 3288 1450 3346 Vlll,
1479 3279 1554 3334 tit

470 3350 522 3421 5,
545 3353 740 3409 Concil
771 3355 944 3411 Carth
975 3355 1031 3412 5.

539 3440 690 3498 Praef
726 3444 865 3499 Urbi
897 3446 1086 3502 Romae
1131 3449 1551 3511 Andromachus

467 3529 523 3585 c:
589 3531 691 3585 Th.
753 3532 838 3588 lib
891 3548 974 3604 XI,
1032 3541 1072 3591 t.
1119 3535 1208 3606 28,
1252 3538 1290 3594 1.
1338 3538 1392 3611 3,
1431 3543 1540 3598 cr.

470 3620 756 3676 Clearchus
799 3622 864 3677 C.
904 3624 1094 3681 Tbeod
1138 3625 1224 3682 lib
1256 3642 1332 3699 VI,
1365 3637 1406 3686 t.
1453 3629 1548 3702 26,

539 3797 730 3855 Prima
796 3802 945 3871 epist
1011 3804 1306 3862 Paschalis
1375 3809 1548 3867 Theo.

469 3885 616 3955 phili
653 3888 1028 3947 Alexandrini
1075 3908 1186 3964 qua
1223 3897 1435 3953 Pascha
1481 3900 1538 3954 h.

468 3988 518 4030 a.
540 3976 826 4034 indicitur
848 3981 1326 4040 x1x.Pharmuthi
1350 4001 1451 4043 seu
1473 3986 1540 4044 44

462 4065 700 4134 Aprilis.
754 4069 896 4124 Vide
949 4069 1100 4127 inira
1157 4074 1215 4130 in
1261 4078 1416 4134 notis
1466 4080 1536 4134 ad

467 4155 681 4227 innoc.,
732 4163 788 4213 et
812 4160 983 4216 Noris
1025 4161 1143 4218 hist
1171 4165 1340 4238 Pelag
1384 4168 1534 4225 libi.

461 4259 508 4299 c.
543 4243 596 4300 2.
623 4251 681 4301 et
710 4249 824 4319 Pag
849 4249 901 4304 h.
935 4263 985 4305 a.
1025 4266 1160 4309 num
1179 4252 1233 4311 2.

530 4333 701 4391 Uldes
729 4337 1065 4396 Hunnorum
1097 4343 1369 4417 Princeps
1410 4349 1541 4405 Gai-

462 4437 590 4479 nam
665 4426 870 4483 Danub
933 4433 1184 4488 transire
1239 4442 1535 4494 conantem

459 4512 762 4571 obtruncat
783 4518 1022 4590 ejusque
1046 4523 1335 4592 caputCP.
1359 4529 1540 4582 trans-

459 4604 656 4660 mittit.
688 4605 873 4662 Zosim
909 4609 948 4664 l.
976 4625 1028 4665 ν.
1057 4625 1107 4666 c.
1136 4609 1228 4668 22.

529 4693 686 4764 Impp
714 4695 867 4752 Caess
894 4697 1182 4759 Arcadius
1212 4703 1337 4777 Aug
1375 4710 1445 4761 tr.
1477 4722 1531 4778 p.

457 4984 615 5027 nuar.

232 5054 407 5112 Indict
521 5063 590 5116 Et
609 5064 900 5122 Honorius
917 5069 1047 5142 Aug
1076 5077 1145 5126 tr.
1177 5088 1239 5143 p.
1275 5072 1330 5145 9,
1362 5079 1418 5130 et
1445 5072 1530 5147 40,

280 5158 349 5198 XV

458 5162 552 5204 COS
583 5164 636 5204 ν.

271 5230 358 5281 eli
444 5263 602 5321 COSS.
690 5234 979 5321 Arcadius
1000 5239 1127 5321 Aug
1153 5256 1203 5295 v.

701 5307 994 5365 Honorius
1017 5307 1143 5383 Au'g
1170 5327 1222 5367 v.

523 5391 698 5464 Leges
742 5396 858 5452 Cod
889 5397 1075 5454 Tbeod
1119 5400 1270 5470 apud
1318 5402 1529 5461 Reland

460 5479 576 5536 utl.
597 5480 685 5547 l5,
706 5485 778 5541 de
796 5485 1107 5546 Tironibus
1128 5489 1212 5546 lib
1231 5504 1330 5561 vu,
1347 5492 1420 5547 tit
1439 5490 1528 5563 43,

2016 2414 2174 2484 Olym
2302 2417 2594 2476 Anastasii
2649 2421 2807 2491 Papae
2848 2419 2902 2476 2.
2949 2427 3006 2478 et
3043 2436 3112 2478 ex
3155 2423 3252 2480 die
3279 2423 3316 2481 9

2044 2501 2152 2560 294
2237 2505 2449 2562 Octobr
2492 2505 2546 2563 2.
2596 2511 2650 2564 Is
2691 2509 2816 2566 obit
2854 2510 2950 2567 die
3005 2509 3041 2568 3
3077 2513 3197 2569 Nov
3234 2528 3325 2572 va-

2077 2608 2134 2649 ιν
2243 2600 2337 2650 cat
2363 2596 2532 2653 Sedes
2551 2599 2680 2654 dies
2706 2595 2797 2655 20.

2071 2689 2122 2739 et
2309 2689 2672 2742 Innocsnrws
2742 2689 2959 2752 electus
3024 2707 3320 2752 successor

2039 2770 2150 2831 295
2235 2775 2542 2832 ordinatur
2586 2777 2684 2832 die
2711 2778 3011 2837 Dominica
3067 2779 3139 2838 24
3181 2785 3320 2842 Nov.

2254 1433 2556 1490 resistente
2573 1437 2628 1491 S.
2651 1439 2732 1492 Jo.
2763 1439 3186 1511 Chrysostomo.

2321 1522 2422 1578 His
2459 1524 2618 1580 Coss.
2660 1529 2920 1586 Eudoxia
2967 1531 3190 1590 dicitur
3227 1535 3338 1592 Au-

2252 1617 2440 1682 gusta,
2482 1619 2537 1668 et
2564 1615 2806 1672 Arcadia
2842 1622 3103 1676 nascitur
3144 1621 3180 1678 3
3227 1626 3335 1681 No-

2251 1700 2346 1755 nis
2369 1700 2532 1771 April
2553 1710 2609 1758 et
2630 1706 2939 1778 conﬂagrat
2954 1710 3207 1768 Ecclesia
3223 1713 3326 1770 Go-

2248 1789 2478 1846 thorum
2506 1805 2562 1846 1v
2586 1793 2669 1848 Id.
2699 1795 2790 1850 Jul
2821 1796 2936 1852 Chr
2957 1799 3155 1856 Pasch.

2318 1879 2587 1938 Alaricus
2628 1882 2946 1941 Gothorum
2980 1889 3091 1944 Rex
3125 1891 3182 1945 in
3222 1893 3328 1949 Ita-

2250 1966 2384 2024 liam
2424 1969 2722 2029 descendit
2761 1989 2860 2044 per
2903 1977 3074 2047 Alpes
3119 1979 3323 2037 Julias.

2245 2058 2415 2115 Noris
2447 2060 2564 2117 hist
2592 2062 2760 2135 Pelag
2782 2078 2888 2136 cap
2915 2063 2952 2121 2
2979 2079 3089 2139 pag
3129 2066 3214 2125 42.

2302 2417 2594 2476 Anastasii
2649 2421 2807 2491 Papae
2848 2419 2902 2476 2.
2949 2427 3006 2478 et
3043 2436 3112 2478 ex
3155 2423 3252 2480 die
3279 2423 3316 2481 9

2309 2687 2672 2742 Innocsmws
2742 2689 2959 2752 electus
3024 2707 3325 2752 successor

2229 2865 2371 2921 Vide
2396 2872 2562 2920 notas
2585 2866 2653 2920 ad
2677 2865 3066 2924 Anastasium.

2302 2953 2562 3008 Concilia
2581 2952 2852 3012 Africana
2867 2956 2983 3014 duo
3008 2958 3131 3015 h.a.
3159 2960 3319 3018 habi-

2233 3046 2309 3108 ta,
2345 3056 2523 3098 unum
2554 3055 2611 3097 ιν
2638 3043 2741 3098 Kal
2769 3045 2955 3103 Julias
2979 3048 3034 3102 P.
3067 3049 3124 3103 C.
3159 3050 3317 3106 Stili-

2232 3129 2459 3196 chonis,
2481 3129 2728 3186 alterum
2755 3134 2900 3188 Idib.
2924 3136 3058 3204 Sept
3085 3137 3320 3195 Cartha-

2233 3219 2364 3286 gine
2417 3217 2718 3272 Vincentio
2778 3226 2834 3273 et
2884 3223 3136 3276 Fravitta
3185 3237 3313 3281 coss

2223 3303 2390 3372 juxta
2427 3303 2568 3358 edit.
2607 3303 2761 3358 Binii
2789 3305 2944 3362 dicta
2970 3309 3158 3377 11,111,
3201 3311 3310 3366 sub

2227 3391 2553 3461 Anastasio,
2605 3406 2851 3464 quorum
2910 3395 2970 3449 in
3023 3402 3310 3466 postremo

2229 3481 2480 3536 recitatae
2539 3487 2678 3536 sunt
2741 3481 2948 3537 littera;
3012 3485 3307 3544 Anastain

2228 3569 2410 3637 Papae,
2456 3573 2514 3623 et
2536 3569 2605 3623 ad
2652 3582 2781 3624 eum
2813 3569 3040 3628 decreta
3072 3572 3308 3645 legatio.

2223 3656 2366 3712 Vide
2405 3656 2518 3712 Cod
2568 3657 2862 3714 Canonum
2911 3661 3044 3716 Eccl
3086 3660 3189 3716 Afr
3235 3677 3306 3720 ex

2222 3743 2476 3800 Bibliolh
2505 3744 2756 3813 Justelli,
2795 3748 2966 3816 cujus
3000 3750 3304 3820 antiquis-

2221 3833 2430 3889 simum
2463 3833 2753 3902 exemplar
2794 3843 3148 3893 asservatum
3186 3838 3334 3896 vidi-

2222 3936 2350 3977 mus
2381 3921 2442 3977 in
2473 3921 2729 3978 Biblioth
2755 3924 3076 3994 Bodlejana.

2288 4011 2472 4081 Caput
2512 4011 2709 4068 Gainae
2749 4013 2952 4070 hastili
3003 4016 3299 4086 praeﬁxum

2214 4101 2774 4173 Constantinopolim
2795 4104 3032 4161 allatum
3061 4104 3177 4162 fuit
3195 4110 3302 4164 No-

2218 4191 2313 4246 nis
2350 4191 2613 4248 Januarii
2657 4193 2954 4250 Marcellin
3002 4199 3060 4250 et
3111 4195 3298 4254 Chron

2215 4281 2416 4336 Pasch.

2285 4371 2644 4428 Theodosius
2672 4373 2881 4430 Arcadi
2915 4374 3074 4432 illius
3100 4377 3299 4433 nasci-

2217 4465 2312 4520 tur
2338 4475 2394 4517 ιν
2426 4464 2514 4517 Id.
2545 4464 2685 4533 Apr.
2730 4463 2837 4517 Ibi.
3232 4478 3254 4490 ‘

2277 4691 2569 4748 Anastasii
2600 4690 2650 4762 4,
2679 4700 2736 4749 et
2761 4691 2816 4749 2.

2274 4781 2598 4838 Concilium
2670 4783 3069 4842 Milevitanum
3126 4787 3171 4854 1,
3231 4786 3291 4842 ln

2210 4870 2404 4927 Africa
2429 4871 2798 4942 celebratum,
2827 4873 2926 4928 ubi
2945 4875 3015 4929 de
3038 4875 3292 4943 primatu

2212 4959 2501 5014 Numidiae
2530 4961 2678 5013 inter
2695 4961 3049 5030 Xantippum
3081 4968 3136 5018 et
3167 4962 3292 5018 Vic-

2211 5047 2469 5103 torinum
2499 5059 2671 5102 causa
2711 5047 2975 5105 discussa
3025 5057 3083 5107 et
3111 5052 3290 5122 adju-

2209 5135 2404 5192 dicata
2433 5136 2727 5208 Xantippo
2757 5134 2892 5193 fuit.
2926 5139 3068 5197 Vide
3113 5143 3288 5199 Noris

2210 5225 2331 5281 hist
2354 5225 2522 5298 Pelag
2543 5225 2624 5281 lib
2658 5220 2718 5296 ιἰ,
2745 5239 2848 5298 cap
2876 5226 2930 5299 2,
2963 5237 3019 5286 et
3048 5231 3286 5303 Pagium

2210 5315 2265 5371 h.
2301 5329 2352 5370 a.
2388 5329 2448 5370 ιι.
2478 5329 2575 5371 xxi
2603 5321 2660 5372 et
2683 5331 2800 5388 sep.

2279 5405 2334 5458 S.
2381 5405 2759 5478 Hieronymus
2805 5408 3142 5481 Apologiam
3189 5421 3290 5464 se-

2209 5494 2453 5553 cundam
2478 5494 2750 5554 adversus
2774 5497 3043 5556 Rufinum
3076 5495 3287 5555 scribit

3409 2423 3508 2484 404

3384 4695 3492 4753 402
