3946 6146
209 300 313 359 669

232 427 388 502 Anni
431 427 829 502 Imperatores,
932 428 1183 485 Consules
1285 434 1558 487 Romano—
1622 431 1778 486 Anni
1882 432 1940 490 A
2014 432 2171 487 Anni
2239 432 2696 502 Christianorum,
2746 431 3057 487 Judaorum
3103 437 3154 487 et
3198 435 3333 501 ﬁni—
3380 389 3539 487 Anni

210 498 464 575 l’er._.lu_l.
575 514 718 563 rum,
745 515 831 554 res
854 510 1017 567 gesta
1044 502 1439 559 etdocumenta.
1625 505 1691 559 U.
1720 503 1775 558 C.
2016 503 2226 575 Olymp.
2320 506 2581 558 timorum
2636 498 2983 574 populorum,
3057 498 3525 575 PontiﬁcesLEI-a

242 575 293 625 et
317 569 437 626 Ind.

276 1654 420 1714 5448

302 4358 441 4417 5449
584 4361 782 4429 Imppp
825 4369 1005 4412 Lasss
1035 4358 1093 4410 A1

302 4459 372 4531 Θ
402 4460 473 4521 23
521 4475 576 4531 p.
606 4454 676 4512 23
702 4462 758 4511 et
781 4451 872 4523 24,
899 4468 997 4509 cos
1019 4467 1093 4507 v1.

295 4550 445 4625 .8

341 4641 389 4697 G

288 4730 465 4785 Indict
534 4730 537 4731 ⁷
587 4729 658 4783 Et
708 4722 1068 4780 Theodosius
1112 4722 1223 4776 Jun
1277 4718 1406 4791 Aug
1430 4723 1503 4773 tr.
1538 4732 1594 4788 p.

275 4832 327 4877 ιγ
346 4826 462 4877 etv
523 4815 576 4891 4,
599 4816 659 4887 5,
694 4831 811 4874 cos.

1109 301 1447 360 CHRONOL.
1487 303 1534 359 A
1568 304 1632 360 S.
1679 303 2068 362 SYLVESTRO
2106 302 2198 360 AD
2237 303 2299 359 S.
2344 302 2560 359 GREG.
2608 304 2688 357 M.

575 514 718 563 rum,
745 515 831 554 res
854 510 1017 567 gesta
1044 506 1095 556 et
1106 502 1439 559 documenta.

491 833 660 892 cadio
692 834 923 890 reniens
964 834 1324 907 triumphum
1349 840 1472 912 agit
1494 840 1566 897 de

491 923 750 981 Alarico.
781 923 1080 980 Claudian.

558 1013 703 1069 Ludi
758 1012 1070 1070 Gladitorii
1118 1014 1223 1072 hoc
1274 1030 1423 1075 anno
1473 1034 1572 1090 per

490 1101 807 1158 Honorium
848 1100 1064 1172 ubique
1089 1106 1325 1161 omnino
1350 1107 1565 1165 sublati

492 1187 653 1265 [Vide
704 1190 936 1260 Pagium
990 1204 1125 1246 num
1160 1190 1245 1266 ιιι]
1287 1208 1415 1250 cum
1457 1209 1571 1251 an-

493 1284 581 1336 tea
600 1292 634 1334 a
657 1278 1033 1335 Constantino
1053 1279 1305 1351 aliisque
1338 1283 1571 1339 Princi-

492 1369 664 1440 pibus
692 1368 853 1424 vetiti
887 1369 1140 1439 quidem,
1164 1371 1259 1426 sed
1295 1384 1407 1428 non
1429 1371 1572 1428 ubi—

495 1473 605 1530 que
634 1455 885 1514 fuissent
912 1457 1139 1514 aboliti.

562 1657 722 1726 Impp
750 1655 900 1711 Cass
927 1648 1209 1712 Arcadius
1250 1656 1377 1730 Aug
1399 1660 1473 1713 tr.
1511 1673 1566 1729 p.
1645 1656 1784 1716 4457

282 1756 454 1830 Θ22
490 1750 971 1822 22θι23,οοεν.

291 1845 423 1924 θἿ

314 1940 364 1994 Α

220 2029 393 2085 Indict
431 2040 495 2082 nl
573 2025 641 2079 Et
682 2021 1039 2078 Theodosius
1094 2024 1203 2079 Jun
1251 2024 1378 2097 Aug
1408 2029 1479 2080 tr.
1517 2040 1569 2095 p.

280 2122 404 2173 ettv
495 2112 549 2183 3,
583 2109 615 2168 4
649 2117 706 2168 et
743 2126 861 2181 cos,

566 1845 636 1899 Et
666 1842 951 1899 Honorius
1006 1843 1134 1915 Aug
1163 1846 1235 1900 tr.
1279 1860 1334 1915 p.
1370 1842 1459 1918 42,
1506 1842 1573 1902 43

498 1949 597 1991 (⁸05
616 1947 672 1987 Vl
688 1973 700 1987 .

494 2242 646 2298 Coss.
725 2202 804 2298 ΕΞ·
839 2201 1174 2298 ξίΞΞἚΡΒε¹.Ξ;

728 2273 809 2328 Fl.
842 2273 1208 2329 Anthemius.

566 2363 735 2433 Lapis
788 2363 954 2432 antiq
1002 2362 1197 2417 Musai
1247 2361 1476 2429 Albani,
1517 2367 1575 2419 et

498 2452 649 2508 alius
685 2448 789 2519 ap."
820 2449 1048 2505 Fabrett
1074 2451 1317 2520 inscript
1365 2450 1440 2506 fol
1469 2448 1577 2507 734

500 2547 555 2598 et
598 2540 753 2595 alius
806 2538 944 2593 olim
1002 2540 1062 2594 in
1108 2539 1163 2594 S.
1225 2540 1457 2595 Martini
1509 2541 1580 2596 de

500 2628 790 2686 Montibus
817 2628 1032 2684 relatus
1060 2641 1093 2684 a
1121 2629 1443 2684 Martinello
1466 2630 1575 2685 Ro-

502 2733 606 2776 ma
634 2731 729 2775 sac
762 2731 868 2790 pag
889 2715 996 2773 256
1020 2724 1077 2773 et
1103 2732 1135 2774 a
1165 2719 1378 2774 Gruter
1417 2716 1576 2785 4053,

500 2809 533 2865 4
565 2810 623 2864 in
654 2821 766 2878 quo
801 2820 939 2876 puer
968 2807 1162 2863 Helias
1198 2807 1579 2879 Argentarius

511 2900 612 2969 dep
662 2899 885 2968 septimo
914 2897 1023 2950 Kal
1048 2898 1168 2968 ,Nov
1215 2897 1305 2950 die
1362 2898 1582 2952 Veneris

505 2990 639 3043 hora
667 2992 887 3057 quarta.
942 2986 1153 3041 Littera
1206 2986 1585 3041 Dominicalis

503 3078 551 3133 A
578 3077 673 3132 die
720 3073 792 3132 26
841 3075 946 3130 Oct
1000 3074 1253 3129 ostendit
1285 3074 1389 3129 Fer
1413 3088 1468 3146 v,
1514 3074 1585 3130 de

504 3180 616 3238 qua
640 3165 770 3220 vide
804 3163 1003 3234 Lydiat
1032 3164 1101 3218 ad
1139 3163 1193 3217 h.
1225 3175 1278 3217 a.

569 3254 689 3310 Alii
724 3266 952 3324 quoque
1001 3251 1221 3322 lapides
1246 3252 1395 3319 apud
1436 3252 1584 3309 Grut

506 3342 661 3411 4054,
704 3340 740 3399 5
784 3347 840 3397 et
902 3340 1188 3411 Boissard,
1263 3346 1319 3395 et
1362 3340 1512 3411 leges
1554 3354 1588 3397 a

503 3431 754 3490 Relando
810 3429 1076 3485 indicata
1132 3433 1191 3484 ut
1242 3428 1282 3484 1.
1324 3443 1494 3502 xvm,
1535 3444 1586 3486 c.

503 3520 689 3578 Theod
724 3521 793 3574 de
822 3518 981 3573 Palat
1012 3531 1107 3572 sae
1136 3517 1275 3588 larg.
1303 3524 1414 3573 etc.

576 3611 667 3664 Pr.
713 3607 853 3663 Urbi
881 3606 943 3660 Β.
985 3605 1259 3660 Gracchus
1306 3607 1365 3660 (Ξ.
1398 3604 1585 3661 Theod

504 3698 592 3755 lib
626 3708 750 3762 vm,
788 3700 836 3749 t.
894 3691 946 3766 7,
998 3693 1037 3748 l.
1088 3691 1158 3749 20
1203 3700 1260 3749 et
1281 3693 1383 3748 CP.
1416 3694 1588 3748 Ursus

507 3788 568 3842 Ο.
598 3785 790 3841 Theod
819 3783 899 3838 lib
920 3796 1001 3853 vi,
1026 3790 1068 3838 t.
1093 3780 1250 3845 23,1.
1282 3779 1331 3837 4.

580 3875 939 3946 Rhadagisus
956 3874 1012 3929 in
1025 3872 1234 3928 Tuscia
1252 3871 1450 3927 multis
1466 3871 1592 3927 mil-

508 3965 663 4023 libus
738 3963 1059 4020 Gothorum
1109 3961 1275 4017 casis
1342 3961 1588 4016 ducente

507 4054 820 4112 exercitum
904 4050 1217 4106 s‘tilichone
1284 4054 1591 4118 superatus

509 4150 567 4200 et
592 4151 795 4213 captus
819 4147 923 4197 est.
962 4142 1202 4209 Prosper
1246 4144 1303 4194 et
1324 4137 1585 4194 Orosius.

512 4234 652 4289 Vide
677 4233 856 4287 Baron
879 4236 935 4286 et
966 4230 1225 4300 Pagium.

584 4361 782 4429 Imppp
825 4369 1005 4412 LiBSSS
1035 4354 1316 4410 Arcadius
1342 4353 1481 4425 Aug.
1516 4357 1588 4407 tr.
1669 4347 1807 4407 4458

1670 4445 1809 4505 4459
1907 4455 1961 4514 D

586 4549 655 4603 Et
702 4544 990 4600 Honorius
1033 4544 1159 4613 Aug
1206 4545 1277 4594 tr.
1316 4555 1366 4609 p.
1414 4536 1501 4610 43,
1531 4535 1597 4594 44

512 4653 610 4695 COS
640 4650 719 4690 Vl.

518 4946 657 5001 COSS
750 4905 1037 4962 Arcadius
1063 4902 1183 4973 Aug
1202 4915 1283 4956 v1.

662 4984 676 4996 ο
766 4978 786 5001 Δ
806 4979 996 5001 ...ζηζ--η
1030 4975 1242 5001 Πηηιιηο

752 4978 1000 5033 Anicius
1030 4975 1265 5029 Probus.

592 5071 766 5141 Leges
814 5067 1123 5135 utriusque
1175 5060 1396 5118 codicis
1448 5059 1600 5129 apud

520 5158 733 5215 Reland
788 5163 851 5212 ut
899 5156 1001 5211 cod
1048 5153 1232 5207 Theod
1274 5152 1344 5206 de
1374 5151 1605 5205 denun—

523 5248 630 5304 tiat
658 5261 713 5301 v.
741 5246 864 5301 edit
895 5241 1067 5311 refor,
1094 5241 1131 5296 Ι.
1161 5253 1253 5309 xv,
1286 5246 1396 5294 etc.

592 5338 681 5393 Pr.
747 5334 882 5390 Urbi
917 5334 1047 5387 H....
1103 5325 1603 5396 Constantinopoli

519 5427 849 5482 Emilianus
895 5421 1000 5477 cod
1040 5418 1142 5474 Th.
1196 5417 1277 5472 lib
1325 5429 1421 5486 xv,
1469 5422 1511 5470 t.
1547 5412 1600 5484 4,

522 5513 566 5569 1.
597 5510 844 5658 tltndali
866 5602 922 5654 et
944 5597 1112 5653 Alani
1145 5594 1382 5664 trajecta
1404 5590 1601 5646 Rheno

1625 505 1691 559 U.
1720 503 1775 558 C.

1638 579 1766 628 ante

1607 650 1658 700 et
1688 648 1814 714 post

1624 717 1789 772 Palil.

2046 1663 2155 1723 295

2077 1769 2130 1810 IV

2075 1849 2126 1898 et

2059 1930 2167 1990 296

1648 1753 1788 1814 4458
1889 1759 1941 1819 Β

3499 302 3691 387 670‘

2309 578 2495 647 Reges,
2518 592 2603 630 res
2644 573 2805 643 gesta
2873 581 2923 630 et
2969 575 3305 629 documenta.
3345 573 3565 629 Christi.

2253 844 2459 901 scribit
2507 846 2572 898 ut
2612 843 2873 912 Synodus
2918 844 3225 899 haberetur
3260 858 3327 900 ea

2242 934 2313 990 de
2362 947 2420 988 re
2470 932 2701 988 Thessal
2738 940 2968 1003 propter
2998 932 3321 1002 periculum

2246 1023 2472 1080 scilicet
2517 1023 2870 1079 schismatis.
2911 1023 3051 1079 Vide
3078 1023 3317 1094 Pagium

2249 1113 2356 1168 Jun
2391 1126 2447 1167 ιι.
2479 1109 2541 1167 9.
2592 1176 2607 1187 ι

2316 1200 2649 1257 Celebratur
2677 1202 2849 1257 etiam
2867 1201 3036 1256 Carth
3058 1201 3321 1272 Synodus

2244 1290 2315 1346 de
2387 1290 2681 1346 coercend.
2762 1290 3105 1345 Donatistis.
3162 1289 3324 1344 Felix

2251 1378 2601 1435 Manichaus
2638 1378 2708 1434 ab
2766 1380 3092 1450 Augustino
3117 1378 3324 1434 convi-

2247 1475 2377 1524 ctus
2398 1469 2656 1524 haresim
2678 1469 2928 1524 damnat.
2950 1468 3108 1538 Disp.
3131 1467 3184 1522 S.
3204 1467 3332 1539 Aug

2252 1567 2453 1615 contra
2484 1558 2599 1614 Fel.

2318 1665 2609 1719 Innocenti
2661 1662 2694 1718 4
2743 1669 2798 1718 et
2821 1662 2875 1719 5.
2903 1641 3158 1719 Secunda
3209 1664 3326 1718 De—
3417 1659 3524 1720 405

2254 1754 2487 1809 cretalis
2535 1754 2825 1809 Innocenti
2856 1754 2926 1808 ad
2958 1752 3328 1823 Exuperium.

2254 1844 2395 1898 Vide
2427 1849 2543 1898 not.

2330 1933 2519 1987 Roma
2568 1931 2895 2003 congregati
2944 1931 3121 1986 Italia
3196 1930 3329 1999 epi-

2253 2024 2410 2092 scopi
2436 2023 2553 2090 lmp
2583 2022 2896 2076 Ilonorium
2923 2025 3141 2092 rogant,
3178 2024 3237 2074 ut
3257 2019 3326 2074 ad

2247 2111 2558 2167 Arcadium
2599 2110 2836 2180 scribat,
2896 2110 2983 2165 uti
3026 2107 3336 2164 Thessalo—

2253 2202 2397 2258 nica
2421 2200 2706 2271 Synodum
2745 2200 2867 2253 ﬁeri
2895 2198 3111 2268 jubeat.
3146 2195 3335 2267 Legati

2253 2291 2504 2360 acceptis
2557 2290 2626 2345 ah
2656 2303 2722 2345 eo
2748 2288 2962 2344 litteris
2991 2299 3205 2341 necnon
3238 2286 3340 2338 In—
3366 2338 3373 2344 ,

2251 2380 2504 2437 nocentii
2565 2393 2720 2449 papa
2775 2372 3334 2443 ConstantinOpolim

2255 2469 2514 2539 profecti.
2542 2469 2707 2522 Petav
2737 2480 2804 2520 ex
2834 2464 3025 2518 Pallad
3060 2462 3202 2517 dial.

2326 2557 2613 2612 Honorius
2660 2553 2847 2610 varias
2896 2559 3094 2608 contra
3141 2552 3336 2606 Dona—

2257 2648 2423 2702 tistas
2477 2646 2807 2700 sanctiones
2859 2642 3064 2708 edidit,
3118 2639 3333 2711 quibus

2257 2736 2440 2808 pressi
2489 2734 2747 2804 plerique
2788 2733 2857 2787 ad
2903 2730 3210 2786 Ecclesiam
3246 2742 3343 2784 re-

2255 2827 2453 2882 deunt.
2501 2823 2613 2878 Cod
2667 2821 2857 2877 Theod
2913 2819 2996 2876 lib
3044 2833 3163 2889 xvr,
3195 2822 3234 2873 t.
3276 2816 3335 2890 6,

2256 2916 2479 2985 August
2517 2912 2670 2980 epist
2699 2908 2786 2963 48.

2330 3002 2601 3059 Arsacius
2652 3000 2899 3055 moritur
2940 3000 3059 3054 Nov
3098 3010 3178 3066 χι,
3209 3010 3341 3052 cum

2260 3094 2503 3149 sedisset
2562 3104 2719 3145 mens
2758 3086 2841 3144 44.
2904 3090 3071 3143 Petav
3117 3100 3185 3141 ex
3232 3086 3344 3141 So—

2261 3188 2415 3237 crate
2466 3180 2545 3233 lib
2593 3192 2672 3248 v1,
2704 3192 2752 3232 c.
2804 3174 2869 3230 l8
2896 3182 2953 3231 et
3002 3189 3069 3229 ex
3094 3174 3341 3243 Georgio

2263 3271 2323 3323 in
2358 3269 2483 3321 Vita
2508 3264 2916 3332 Chrysostomi.
3278 3307 3289 3314 .

2333 3354 2386 3409 S.
2434 3353 2874 3422 Chrysostomus
2906 3347 3097 3418 rigore
3127 3347 3340 3402 hiemis

2261 3441 2592 3513 asperrima
2622 3451 2759 3509 pene
2787 3433 3080 3491 confectus
3125 3434 3339 3489 Cucusi

2263 3547 2393 3590 cum
2426 3529 2653 3599 fuisset,
2709 3528 2767 3582 in
2796 3523 3119 3580 Armeniam
3148 3529 3347 3578 trans—

2266 3621 2468 3677 fertur.
2496 3618 2577 3672 lbi
2604 3630 2673 3672 ex
2720 3613 2962 3669 Palladii
2995 3612 3238 3682 epistola
3268 3626 3345 3670 ιν.

2342 3707 2523 3764 Isauri
2602 3719 2699 3776 per
2777 3706 3019 3759 Montem
3094 3703 3345 3757 Taurum

2263 3800 2657 3856 discursantes
2712 3794 2914 3863 ingens
2970 3791 3343 3862 dispendium

2264 3885 2617 3956 Reipublica
2648 3882 2981 3952 important.
3028 3880 3228 3951 Lydiat
3275 3891 3347 3934 ex

2267 3976 2491 4033 Zozimo
2521 3972 2603 4029 lib
2642 3986 2699 4043 v,
2731 3985 2836 4041 cap
2863 3967 2955 4027 25.

2348 4332 2667 4391 Innocentii
2697 4329 2733 4387 5
2770 4336 2827 4387 et
2850 4329 2904 4387 6.

2357 4425 2545 4496 Legati
2568 4421 2639 4477 ab
2662 4420 2991 4477 Innocentio
3032 4416 3198 4473 missi
3229 4430 3359 4472 cum

2274 4515 2489 4571 litteris
2535 4512 2767 4566 Honorii
2798 4517 2854 4563 et
2883 4509 3008 4563 suis
3062 4512 3117 4561 in
3149 4507 3357 4560 itinere

2278 4604 2522 4674 pessime
2546 4600 2730 4654 affecti
2762 4601 3145 4650 revertuntur.
3177 4594 3357 4647 Theo-

2273 4693 2453 4748 dorus
2468 4688 2617 4758 apud
2641 4684 2959 4739 Palladium
2979 4688 3035 4736 et
3054 4678 3355 4749 Georgius.

2352 4781 2567 4849 Quarto
2649 4779 2775 4845 past
2831 4770 3054 4827 obitum
3130 4766 3356 4823 Arsacii

2278 4880 2468 4925 mense
2498 4864 2723 4920 Atticus
2772 4875 2839 4916 ex
2871 4858 3147 4913 monacho
3188 4854 3358 4909 ordi-

2279 4966 2449 5013 natur
2493 4954 2797 5021 episcopus
2821 4941 3362 5012 Constantinopoli—

2280 5042 2688 5100 tanus.Socrat
2714 5037 2795 5092 lib
2839 5049 2917 5105 v1,
2962 5048 3010 5088 c.
3046 5030 3129 5087 48.
3162 5033 3359 5087 Sozom

2280 5133 2364 5188 lib
2396 5145 2520 5199 vm,
2554 5143 2605 5182 c.
2640 5124 2724 5182 47.

2350 5218 2656 5276 Theodosii
2707 5213 2967 5271 iunioris
3014 5212 3362 5282 Quinquen—

2283 5313 2456 5369 nalia.
2513 5308 2721 5364 Delata
2763 5312 2899 5360 sunt
2940 5302 3358 5357 Constantino—

2284 5401 2459 5471 polim
2513 5396 2775 5467 reliquia
2814 5394 2869 5449 S.
2909 5393 3192 5448 Samuelis
3219 5391 3363 5444 Pro-

2284 5490 2462 5560 pheta
2518 5488 2613 5542 die
2646 5484 2711 5541 49
2769 5483 2902 5551 Maii
2954 5493 3211 5553 pompam
3242 5478 3365 5536 du-

2232 5572 2243 5581 ’
2283 5574 2548 5634 centibus
2593 5573 2840 5631 Arcadio
2889 5572 3017 5642 Aug
3055 5567 3361 5625 Anthemio

3444 4322 3550 4382 406
