3946 6146
219 280 323 340 673
1152 293 1492 352 CHRONOL.
1535 295 1581 352 A
1626 296 1682 352 S.
1723 297 2113 358 SYLVESTRO
2147 301 2240 358 AD
2277 305 2332 360 S.
2374 306 2583 363 GREG.
2619 310 2695 364 M.

276 405 465 505 ﬁngi,
501 407 872 505 Imperatores,
897 412 1221 505 Consules
1270 489 1286 505 τ
1317 420 1590 505 Βογηαγιθ-
1647 418 1818 505 Alma
1903 423 1964 482 A
2011 423 2180 505 Anni
2231 425 2696 505 Christianorum,
2738 432 3049 505 Iudaeorum
3115 440 3165 489 et
3218 438 3337 505 ﬁni—
3400 437 3557 492 Anui

219 475 482 556 Per._Jz{l.
574 475 718 551 rum,
764 497 850 536 res
887 491 1066 556 gesta,
1128 493 1178 542 et
1249 489 1584 544 documenta.
1675 492 1738 545 U.
1779 490 1838 546 C.

1678 566 1805 616 ante

1641 638 1694 688 et
1715 637 1841 702 post

1636 705 1803 760 Pam.

253 552 302 602 et
329 547 460 602 Ind.

507 828 645 870 num
685 814 834 872 Cons
875 817 1204 890 Theodosii,
1260 837 1424 894 quem
1480 826 1592 882 ha—

507 905 602 961 bet
640 919 692 959 v.
743 901 882 978 [nisi
931 908 1009 964 sit
1060 912 1299 968 Honorii
1344 929 1426 985 ιιι,
1488 917 1586 987 qui

509 1001 662 1052 recte
689 996 960 1066 jungitur
993 1012 1119 1054 cum
1174 1002 1481 1060 Theodosii
1532 1019 1588 1076 ν,

511 1083 659 1139 infra
689 1097 840 1140 anno
870 1083 1013 1156 444.]
1045 1087 1196 1144 Idem
1237 1092 1385 1148 Grut
1430 1091 1587 1162 4052,

506 1171 560 1244 6,
627 1173 861 1230 exhibet
915 1176 1274 1248 epitaphium
1335 1183 1589 1238 Treviris

499 1263 752 1334 jungens
785 1264 1025 1320 Honorii
1052 1267 1426 1326 Consulatum
1456 1285 1583 1342 vm,

506 1366 636 1409 cum
672 1354 856 1422 primo
894 1353 1257 1413 Constantini
1290 1355 1438 1431 [ejus
1462 1361 1588 1417 sci-

507 1442 645 1498 licet
697 1445 927 1515 tyranni
964 1461 1031 1501 ex
1062 1448 1358 1504 Britannia
1399 1449 1498 1520 qui
1529 1449 1586 1504 h.

511 1545 562 1586 a.
627 1532 854 1589 Arelate
916 1534 1270 1610 consederat]
1347 1537 1418 1592 de
1475 1552 1588 1608 quo

506 1621 633 1676 vide
662 1623 833 1679 Noris
858 1621 1034 1694 'epoch
1074 1626 1408 1696 Syromaced
1460 1628 1584 1683 diss

506 1709 558 1779 4,
591 1725 641 1766 c.
668 1709 718 1781 4,
752 1713 905 1768 circa
956 1713 1144 1769 tinem.
1184 1715 1380 1770 Eidem
1439 1718 1593 1771 Pur-

511 1814 709 1870 puram
781 1803 963 1857 mittit
1019 1805 1325 1860 Honorius.
1387 1804 1590 1874 Olymp

503 1889 652 1958 apud
690 1890 976 1948 Photium.
1003 1893 1179 1947 Iidem
1213 1908 1341 1949 coss
1387 1894 1588 1949 Hono—

506 1979 632 2034 rius
660 1993 764 2033 vm
797 1985 852 2034 et
879 1981 1067 2036 Theod
1112 1996 1196 2049 ιιι,
1228 1982 1500 2053 leguntur
1527 1982 1587 2037 in

507 2068 811 2138 utriusque
857 2069 1088 2125 Codicis
1150 2070 1378 2140 legibus
1433 2071 1584 2139 apud

505 2156 717 2212 Reland
769 2163 832 2214 ut
873 2158 984 2214 Cod
1031 2159 1218 2215 Theod
1261 2160 1330 2215 de
1381 2162 1586 2215 Decur.

507 2245 620 2300 Urb
652 2246 840 2302 Roma:
868 2247 904 2302 l.
939 2246 991 2317 6,
1019 2248 1100 2302 lib
1123 2262 1241 2319 xxv,
1269 2249 1360 2304 tit.
1397 2246 1446 2320 4,
1479 2255 1584 2304 etc.

574 2336 664 2389 Pr.
717 2335 855 2390 Urbi
913 2336 1101 2391 Roma:
1129 2339 1470 2392 Bonosianus
1502 2337 1584 2392 ibi

508 2427 565 2477 et
612 2423 842 2477 Attalus
892 2437 960 2478 ex
1015 2426 1259 2481 Zosimo.
1321 2426 1423 2480 CP.
1458 2427 1587 2481 Mo-

504 2514 705 2567 namius
759 2511 872 2567 Cod
927 2512 1115 2569 Theod
1148 2514 1232 2569 lib
1286 2527 1380 2585 xv,
1435 2520 1473 2570 t.
1529 2510 1579 2584 4,

507 2599 546 2655 l.
570 2597 656 2670 47,
680 2607 786 2656 etc.

579 2689 766 2756 Alani,
792 2697 849 2746 et
870 2691 1133 2762 Vandali,
1167 2697 1222 2748 et
1245 2693 1412 2748 Saevi
1445 2693 1585 2748 His—

508 2780 708 2850 panias
749 2781 1181 2853 ingrediuntur.
1228 2781 1468 2852 Idatius,
1529 2786 1586 2837 et

507 2869 765 2926 Orosius.
802 2872 1057 2926 Mittitur
1106 2883 1236 2925 vero
1281 2871 1340 2925 in
1383 2871 1588 2941 Hispa-

510 2959 661 3014 niam
685 2962 948 3016 Constans
971 2959 1336 3016 Constantini
1365 2961 1588 3031 Tyran-

511 3047 570 3102 ni
604 3047 759 3103 ﬁlius
791 3053 916 3118 post
955 3062 1145 3118 pacem
1168 3062 1297 3103 cum
1337 3050 1586 3104 Honorio

511 3136 736 3191 initam.
769 3138 955 3192 Zosim
989 3138 1073 3192 lib
1113 3152 1192 3208 vi,
1237 3151 1340 3208 cap
1369 3135 1420 3192 4.
1479 3139 1582 3194 Sed

508 3225 793 3281 Maximus
824 3227 883 3281 in
915 3226 1192 3296 Hispania
1225 3226 1585 3298 tyrannidem

507 3320 747 3369 exercet.

298 3417 436 3476 5423
575 3423 735 3491 Impp
789 3419 941 3477 Caass
982 3422 1272 3478 Honorius
1329 3423 1453 3493 Aug
1512 3426 1586 3477 tr.

187 3534 200 3543 -
273 3512 338 3582 περ)
397 3505 469 3566 27
507 3507 675 3581 p.47,
711 3506 796 3564 48.
827 3511 936 3565 Cos
965 3524 1089 3566 vm.

267 3596 333 3668 θ
401 3595 468 3653 42
574 3600 644 3654 Ει
726 3598 1084 3654 Theodosius
1143 3599 1250 3669 jun
1330 3599 1458 3671 Aug
1517 3603 1593 3654 tr.

341 3689 383 3742 B
517 3703 570 3757 p.
604 3687 657 3753 8,
691 3685 744 3741 9.
769 3687 875 3744 Cos
917 3703 1002 3744 ιιι.

284 3777 464 3832 Indict
589 3776 695 3833 Cos
744 3778 824 3830 Pl.
886 3780 1135 3833 Varanes
1185 3778 1400 3834 solus:
1466 3791 1593 3832 nam

317 3881 418 3922 vm
516 3865 812 3922 Tertullus
854 3867 924 3922 ab
968 3867 1158 3923 Attalo
1189 3873 1418 3923 creatus
1462 3881 1600 3922 um—

296 3961 342 4010 et
395 3970 454 4011 1x
521 3954 755 4011 bratilis
784 3955 995 4012 Consul
1039 3956 1302 4034 habetur.
1352 3956 1598 4012 Orosius

511 4041 666 4112 lib7,
696 4059 801 4115 cap
828 4043 915 4100 42.

585 4134 698 4190 Cod
737 4136 924 4192 Theod
969 4135 1138 4192 habet
1177 4136 1454 4192 Varanem
1497 4149 1599 4190 so—

517 4223 636 4279 lum
668 4224 752 4280 lib
789 4238 869 4294 Ix,
910 4231 951 4280 t.
983 4223 1072 4293 28,
1118 4226 1154 4281 l.
1203 4222 1290 4297 44,
1327 4224 1411 4295 42,
1460 4231 1597 4290 etc;

517 4313 667 4383 apud
694 4314 902 4370 Reland
928 4319 984 4370 et
1013 4315 1096 4370 lib
1118 4329 1218 4383 vu,
1244 4323 1284 4371 t.
1316 4313 1402 4384 43,
1435 4315 1471 4370 l.
1506 4311 1597 4383 20,

520 4417 645 4473 quae
669 4404 982 4460 ostendunt
1011 4405 1393 4474 direptionem
1427 4403 1602 4459 Urbis

522 4505 672 4549 anno
710 4495 997 4564 superiori
1024 4495 1358 4565 contigisse.

593 4584 911 4638 Marcianus
973 4581 1281 4639 Praefectus
1332 4583 1468 4639 Urbi
1534 4583 1606 4640 ab

522 4672 714 4728 Attalo
744 4674 1121 4730 constitutus.
1169 4673 1354 4729 Zosim
1399 4673 1483 4728 lib
1524 4687 1604 4744 vr,

527 4774 632 4831 cap
660 4757 716 4816 7.

316 4879 453 4940 5424
601 4887 759 4959 Impp
815 4890 967 4946 Caess
1009 4890 1299 4947 Honorius
1357 4889 1482 4960 Aug
1535 4893 1606 4944 tr.
1687 4885 1827 4944 4463

316 4976 354 5033 ἓ)
418 4972 491 5030 28
531 4994 585 5033 ι).
624 4976 712 5033 48.
746 4976 832 5033 49.
871 4980 976 5033 Cos
1001 4993 1127 5033 vm.
1689 4975 1829 5033 4464

284 4976 354 5048 (ᾖ
418 4972 491 5030 28
531 4994 585 5049 ρ.
624 4976 712 5048 48,
746 4976 832 5034 49.
871 4980 976 5036 Cos
1001 4993 1127 5034 VIIt.

282 5069 354 5142 θ
419 5068 486 5127 43
595 5070 663 5124 Et
717 5070 1077 5128 Theodosius
1122 5072 1231 5127 Jun
1280 5072 1407 5142 Aug
1449 5074 1520 5126 tr.
1558 5084 1608 5140 p.

366 5163 416 5216 A
526 5159 584 5227 9,
632 5157 716 5215 40.
752 5161 862 5216 Cos
895 5175 972 5216 tv.

302 5251 480 5306 Indict
614 5249 830 5307 Consul
858 5250 1222 5307 Theodosius
1243 5251 1353 5307 Jun
1384 5252 1512 5324 Aug
1538 5265 1614 5321 IV,

360 5355 414 5396 ιιι
527 5340 654 5396 sine
699 5340 917 5412 collega
967 5341 1057 5413 leg
1086 5338 1174 5396 48.
1206 5341 1264 5396 C.
1315 5341 1504 5398 Theod
1549 5341 1619 5397 de

337 5436 385 5485 et
409 5446 441 5486 ιι
539 5429 817 5500 Operibus
846 5429 1100 5500 publicis
1130 5432 1261 5487 data
1315 5432 1371 5485 P.
1409 5432 1467 5484 C.
1500 5432 1618 5486 Va—

539 5534 691 5575 ranae
716 5525 772 5574 et
802 5519 886 5574 lib
904 5516 960 5585 7,
987 5521 1241 5590 ejusdem
1271 5519 1382 5575 Cod
1418 5521 1490 5574 tit
1531 5515 1617 5582 47,

540 5609 578 5665 ι.
619 5609 795 5667 unica
823 5610 896 5666 de
938 5609 1181 5668 lusoriis
1225 5608 1472 5665 Danuvii
1506 5626 1518 5662 :
1553 5609 1623 5665 de

1666 3418 1805 3476 4462

1668 3507 1806 3566 4463

2003 493 2210 566 Olymp.

3513 315 3621 374 674

2320 502 2572 575 timorum
2625 503 2971 574 papulorum,
3024 502 3326 575 Pantiﬁces,
3413 511 3553 563 Era:

2335 573 2522 644 Reges,
2572 588 2658 627 res
2727 578 2891 642 gesta
2915 581 2966 630 et
2993 573 3332 633 documenta.
3377 579 3580 634 Christi

2271 838 2423 894 rium
2457 839 2743 909 profectus
2765 845 3014 902 suaserit
3040 844 3191 918 leges
3213 846 3352 916 plu-

2270 942 2359 983 res
2397 942 2429 984 a
2481 931 2741 1001 principe
2802 933 2909 990 hoc
2956 948 3107 990 anno
3163 936 3353 991 editas

2266 1024 2465 1073 contra
2503 1021 2691 1076 varias
2712 1024 3175 1092 superstitiones.
3209 1025 3353 1081 Vide

2266 1106 2448 1163 Baron
2494 1109 2681 1180 Petav,
2732 1112 2844 1184 Pag
2883 1117 2938 1168 et
2980 1127 3047 1168 ex
3079 1112 3344 1183 antiquis

2264 1195 2556 1253 Orosium.

2340 1286 2486 1342 Urbs
2528 1289 2703 1346 Roma
2742 1305 2894 1348 anno
2939 1293 3226 1362 superiori
3278 1293 3350 1349 ab

2264 1375 2495 1432 Alarico
2526 1378 2776 1452 obsessa,
2811 1389 2868 1437 et
2915 1388 3044 1452 post
3071 1384 3196 1452 ejus
3254 1397 3354 1438 re-

2268 1479 2490 1521 cessum
2525 1466 2581 1522 h.
2614 1482 2666 1524 a.
2703 1470 2910 1525 iterum
2947 1472 3145 1528 invasa
3186 1471 3356 1541 capi-

2267 1559 2362 1610 tur
2400 1560 2456 1610 et
2491 1557 2778 1628 diripitur
2821 1575 2920 1629 per
2962 1561 3088 1616 dies
3136 1565 3349 1630 septem

2267 1656 2335 1698 ex
2368 1657 2472 1698 VIII
2524 1647 2624 1701 Kal
2663 1649 2798 1716 Sept
2855 1650 3169 1717 asportatis
3217 1649 3348 1704 auri

2267 1731 2440 1787 libris
2479 1739 2564 1788 ter
2596 1735 2880 1796 millibus.
2915 1738 3136 1808 argenti
3183 1751 3342 1808 xxx;

2257 1821 2331 1875 M.
2390 1829 2592 1890 praeter
2631 1823 2778 1878 alias
2820 1825 3038 1893 species
3068 1839 3100 1880 a
3140 1826 3350 1882 Senatu

2269 1915 2462 1979 pactas
2501 1929 2514 1965 :
2566 1913 2775 1982 Zosim,
2822 1913 2964 1968 libv
3004 1915 3345 1983 Marcellin.,

2263 1999 2424 2055 Oros.
2461 2006 2569 2056 etc.
2625 2001 2766 2057 Vide
2812 2003 3048 2075 Pagium
3081 2004 3150 2058 ad
3188 2003 3243 2057 h.
3287 2017 3342 2058 a.

2266 2090 2366 2158 qui
2399 2091 2656 2146 ostendit
2683 2106 2975 2162 perperam
3020 2092 3259 2148 dilatam
3292 2107 3345 2147 a.

2265 2179 2610 2249 quibusdam
2629 2179 2943 2253 chronolog
2961 2186 3017 2236 et
3033 2182 3152 2235 hist
3175 2181 3348 2235 etiam

2258 2271 2522 2340 antiquis
2572 2270 2718 2327 hanc
2757 2272 2929 2327 Urbis
2957 2272 3347 2340 direptionem

2261 2360 2334 2415 ad
2383 2373 2598 2416 annum
2642 2361 2729 2416 vel
2791 2361 3093 2416 biennium
3141 2359 3347 2429 proxi—

2265 2461 2419 2504 mum
2460 2465 2473 2501 :
2523 2449 2664 2505 Vide
2706 2448 3056 2521 Philostorg,
3107 2448 3192 2503 lib
3237 2461 3347 2518 xu,

2266 2550 2371 2607 cap
2400 2535 2453 2592 3.

2337 2625 2567 2682 Attalus
2605 2627 2777 2696 jussu
2828 2627 3043 2683 Alarici
3092 2628 3348 2698 impera-

2268 2718 2358 2770 tor
2387 2715 2612 2770 dicitur
2642 2716 2743 2786 qui
2766 2722 2888 2772 erat
2911 2718 3002 2771 Pr.
3026 2715 3188 2772 Urbi.

2336 2802 2591 2860 Placidia
2610 2805 2979 2874 Imperatoris
3000 2819 3164 2862 soror
3186 2811 3352 2877 capta

2263 2890 2972 2961 nubitAtaulphoAlarici
2999 2894 3344 2964 propinquo.

2336 2980 2391 3035 S.
2452 2982 2778 3036 Honoratus
2853 2981 3118 3037 lustratis
3173 2981 3353 3037 Italiae

2270 3069 2554 3126 coenobiis
2581 3071 2736 3125 circa
2759 3070 2912 3126 hunc
2941 3083 3154 3125 annum
3185 3070 3355 3125 Leri-

2271 3172 2442 3212 nense
2474 3160 2884 3213 monasterium
2925 3159 3126 3212 condit
3167 3158 3353 3224 primo

2265 3245 2374 3298 sub
2427 3245 2623 3314 regula
2669 3245 2725 3296 S.
2770 3244 3108 3298 Pachomiii.
3159 3245 3350 3312 Noris,

2270 3330 2392 3386 hist
2410 3331 2598 3402 Pelag.
2629 3329 2710 3384 lib
2737 3343 2799 3391 Il,
2829 3344 2936 3401 pag
2977 3326 3099 3400 473,
3131 3326 3253 3384 476.

2118 3453 2132 3494 ι
2334 3437 2657 3493 Innocentii
2683 3434 2718 3491 9
2741 3442 2798 3492 et
2826 3434 2914 3492 40.

2115 3543 2160 3584 ιι
2338 3526 2571 3581 Attalus
2601 3526 2673 3580 ab
2703 3525 2932 3580 Alarico
2976 3523 3254 3580 suadetur
3293 3528 3358 3580 ut

2270 3623 2470 3673 contra
2499 3615 2900 3671 Heraclianum
2927 3621 3115 3684 partes
3158 3615 3359 3670 Hono—

2273 3705 2348 3760 rii
2401 3704 2461 3760 in
2526 3702 2720 3759 Africa
2779 3707 3086 3758 sectantem
3155 3702 3355 3772 copias

2275 3795 2488 3850 mittat.
2532 3793 2798 3864 Neglecto
2844 3792 3062 3847 Alarici
3109 3791 3360 3848 consilio

2274 3890 2474 3940 contra
2504 3882 2818 3948 Honorium
2851 3882 3129 3936 Ravennae
3171 3894 3360 3952 agen-

2276 3979 2388 4030 tem
2440 3977 2639 4028 movet.
2715 3971 2918 4026 .lovius
2978 3968 3358 4025 difﬁdentiam

2279 4065 2431 4120 inter
2463 4061 2754 4117 Alaricum
2788 4064 2846 4115 et
2883 4058 3136 4114 Attalum
3181 4059 3364 4114 indu-

2276 4153 2378 4209 cit.
2417 4150 2717 4220 Spoliatur
2764 4147 2993 4203 Attalus
3022 4147 3264 4216 imperio
3286 4146 3356 4201 ab

2276 4241 2507 4298 Alarico
2541 4238 2745 4310 (Zosim
2782 4236 2866 4292 lib
2890 4236 2984 4308 γι),
3017 4243 3072 4292 et
3100 4235 3356 4291 traditur

2276 4331 2551 4400 Honorio,
2589 4342 2719 4385 cum
2762 4342 2876 4398 quo
2923 4341 3111 4397 pacem
3167 4325 3368 4383 Alari-

2281 4437 2383 4478 cus
2423 4420 2575 4476 init:
2617 4417 2888 4472 Alaricus
2919 4418 3268 4486 trajecturus
3298 4421 3358 4472 in

2279 4509 2529 4566 Africam
2553 4507 2696 4562 obit.
2719 4505 3147 4560 SucceditAtha
3193 4505 3367 4574 lphus

2281 4595 2617 4664 Jornandes,
2646 4606 2752 4663 cap
2785 4591 2876 4649 30.

2127 4904 2168 4944 ιι
2351 4884 2668 4942 Innocentii
2699 4879 2765 4938 40
2789 4887 2846 4938 et
2873 4879 2958 4936 44.

2112 4991 2177 5033 ιιι
2357 4973 2603 5029 Collatio
2674 4970 2872 5026 habita
2921 4968 3115 5022 Carth.
3161 4967 3370 5025 catho—

2292 5063 2440 5118 licos
2515 5059 2665 5114 inter
2746 5063 2802 5114 et
2876 5055 3227 5128 Donatistas,
3307 5058 3367 5114 in

2292 5167 2401 5223 qua
2464 5147 2777 5206 Donatistae
2851 5146 3083 5217 penitus
3155 5147 3364 5203 eversi.

2292 5242 2434 5299 Vide
2461 5239 2632 5297 Noris
2658 5237 2777 5294 hist
2797 5237 2987 5308 Pelag,
3042 5236 3125 5292 lib
3173 5250 3211 5308 1,
3265 5251 3368 5306 cap

2291 5333 2327 5389 3
2361 5339 2418 5389 et
2447 5331 2530 5386 lib
2553 5344 2612 5397 ιι,
2658 5325 2904 5400 υιις222.
3128 5375 3144 5382 -

2365 5420 2714 5476 Antiochius
2745 5421 2910 5476 Persa
2959 5417 3031 5475 ab
3072 5416 3370 5485 Isdegerde

2295 5508 2554 5577 (Arcadii
2583 5514 2920 5566 testamento
2945 5513 3104 5562 tutor
3131 5505 3230 5560 hic
3259 5506 3372 5561 da-

2296 5607 2390 5658 tus
2440 5597 2626 5656 fuerat
2662 5594 2996 5668 Theodosio)
3047 5595 3264 5652 missus
3299 5595 3369 5652 ad

3441 3431 3546 3490 440

3465 4875 3561 4934 444
