3968 6164
288 244 397 304 675

1094 234 1187 290 AD
1223 232 1659 289 ANASTASIUM
1698 231 2210 289 PROLEGOMENA
2247 233 2423 289 EDIT.
2466 231 2893 289 ROM.—VATIC.

3584 219 3712 280 676

338 370 497 424 Anni
582 368 963 436 Imperatores,
1041 362 1295 416 Consules
1355 364 1643 436 _Romano_—-
1708 360 1879 436 Anim;
1969 358 2028 419 A
2117 358 2275 436 Anni
2313 360 2765 436 Christianorum,
2811 352 3406 436 Judazoruznhetnﬁnni-
3470 348 3632 436 Αῖξηὶ

466 439 581 566 ι,Ξαι
663 432 821 508 rum,
872 450 957 489 res
999 443 1184 501 gestae,
1243 438 1292 487 ct
1331 432 1652 487 documenta

317 528 344 568 e
425 527 462 566 η
510 552 524 566 .

317 527 368 568 ει
399 527 524 568 ma.

1782 428 1880 484 UC

1727 504 1853 555 ante
1868 560 1871 563 _

1598 582 1607 587 ‘
1692 577 1743 627 et
1779 576 1902 641 post

577 772 689 829 qua
714 755 856 811 Vide
873 751 1141 810 Gotofred
1167 751 1448 823 signanda
1485 751 1661 803 Theo-

574 847 725 901 dosio
755 845 851 913 IV,
886 847 935 897 et
1002 844 1099 911 qui
1155 843 1324 909 fuerit
1371 841 1660 893 nuntiatus

575 936 744 1007 (mate
809 934 1077 1004 signatur
1143 929 1231 999 V.)
1304 929 1661 983 Theodosius

576 1026 684 1080 Jun
735 1021 1097 1089 Decennalia,
1143 1019 1430 1074 Honorius
1473 1018 1663 1072 Romae

574 1112 910 1169 Vicennalia
932 1109 1112 1166 dedit.
1132 1108 1425 1163 Marcellin
1447 1108 1657 1161 Chron.

652 1203 886 1258 Barbari
914 1201 1012 1269 qui
1040 1213 1100 1254 se
1126 1196 1414 1267 Hispania?
1443 1195 1662 1251 infude-

581 1297 713 1347 rant
741 1289 1066 1359 provincias
1100 1288 1249 1342 inter
1280 1301 1340 1341 se
1368 1286 1659 1340 dividunt.

578 1379 904 1436 Gallteciam
947 1375 1216 1433 Wandali
1260 1378 1561 1444 occupant,
1608 1376 1665 1427 et

579 1470 749 1525 Suevi
789 1467 955 1522 Alani
996 1464 1371 1530 Lusitaniam,
1422 1470 1476 1518 et
1532 1474 1666 1515 car-

578 1559 716 1630 thag
749 1556 1109 1627 provincias:
1149 1552 1417 1609 Wandali
1449 1551 1660 1622 Silingi

578 1648 863 1703 Baeticam.
915 1645 1059 1700 Idat.

655 1738 745 1791 Pr.
816 1735 951 1789 Urbi
1033 1735 1097 1803 R,
1184 1733 1524 1787 Bonosianus
1606 1728 1664 1784 C.

582 1827 792 1883 Theod.
845 1825 928 1880 lib
975 1838 1069 1882 xv.
1126 1831 1168 1877 t.
1224 1819 1349 1888 4,1.
1389 1819 1665 1875 48etCP.

580 1918 847 1972 Isidorus.
885 1913 1098 1969 Reland
1130 1916 1186 1967 et
1215 1910 1414 1968 Gotofr
1430 1925 1499 1967 ex
1522 1909 1673 1964 notit

582 2007 745 2077 dign.

366 2111 511 2169 5425
657 2115 817 2182 Impp
854 2113 1003 2167 Caess
1033 2111 1321 2167 Honorius
1363 2108 1490 2179 Aug
1510 2110 1583 2161 tr.
1613 2119 1667 2175 p.

343 2207 413 2278 ξε)
482 2199 504 2255 4
591 2198 678 2267 49,
709 2198 801 2266 20,
834 2214 950 2256 cos.
989 2214 1068 2255 ιιι.

341 2289 414 2362 θ
481 2285 548 2342 44
658 2289 727 2341 Et
769 2288 1126 2344 Theodosius
1172 2290 1299 2360 Aug
1353 2292 1424 2342 tr.
1483 2300 1537 2355 p.
1582 2281 1671 2354 40,

374 2379 418 2435 G
471 2378 516 2433 F
587 2373 802 2447 44,cos
832 2389 885 2428 v.

354 2466 535 2522 Indict
586 2500 726 2556 COSS
774 2465 1064 2520 Honorius
1091 2463 1217 2534 Aug
1258 2478 1316 2518 ιχ

420 2551 451 2561 ς.
765 2536 1118 2561 ΨμΑλιιι-ηέηη
1163 2536 1278 2561 An...
1306 2548 1316 2561 ς

420 2551 457 2592 x
587 2536 726 2556 W”
765 2536 1121 2591 Theodosius
1152 2536 1278 2603 Aug
1306 2547 1359 2587 v.

385 2629 436 2681 et
467 2639 524 2681 ιιι
674 2627 847 2697 Leges
876 2625 1183 2693 utriusque
1206 2621 1320 2676 Cod
1376 2622 1525 2690 apud
1559 2621 1679 2674 Re—

594 2714 726 2769 land
781 2719 847 2769 ut
894 2714 996 2768 cod
1044 2712 1231 2767 Theod
1283 2710 1355 2765 de
1392 2724 1458 2765 co
1486 2714 1675 2764 tortat.

593 2802 831 2872 Princip
885 2802 1082 2858 cornic
1126 2801 1165 2855 l.
1214 2798 1305 2865 22,
1336 2797 1425 2869 23,
1458 2796 1549 2866 24,
1581 2795 1673 2864 25,

591 2898 697 2947 etc.
725 2892 827 2946 His
849 2905 976 2947 coss
1001 2890 1179 2947 occisi
1208 2895 1344 2944 sunt
1364 2888 1602 2943 Jovinus
1623 2893 1678 2941 et

590 2980 964 3037 Sebastianus
1025 2978 1230 3034 fratres
1271 2979 1330 3032 in
1383 2977 1572 3033 Gallia
1623 2981 1678 3030 et

597 3069 873 3139 Hispania
937 3069 1295 3140 tyrannidem
1350 3072 1679 3121 exercentes

592 3158 907 3214 Marcellin.
939 3158 1148 3213 Chron.

671 3246 962 3302 Honorius
983 3245 1315 3301 Donatistas
1344 3247 1471 3314 post
1499 3241 1683 3298 colla-

598 3335 812 3392 tionem
869 3335 1194 3405 pervicaces
1219 3332 1468 3388 diversis
1496 3331 1683 3401 pomis

596 3426 854 3495 mulctat,
889 3425 1175 3480 Ecclesias
1195 3435 1509 3492 earumque
1535 3421 1683 3476 bona

599 3514 915 3570 Catholicis
950 3514 1180 3569 restitui
1204 3511 1368 3583 jubet
1397 3511 1434 3566 l.
1476 3508 1547 3565 52
1568 3509 1680 3565 Cod

601 3603 788 3659 Theod
844 3606 914 3659 tle
980 3602 1287 3659 haereticis.
1348 3600 1686 3667 .lovmianus

600 3691 908 3747 haereticus
930 3692 989 3746 in
1020 3693 1269 3747 insulam
1299 3691 1465 3744 Boam
1493 3688 1565 3743 ab
1594 3701 1687 3743 eo-

597 3780 724 3835 dem
776 3780 1044 3846 Principe
1073 3778 1377 3847 relegatur.
1428 3777 1544 3832 Cod
1574 3776 1678 3830 Th.

598 3868 702 3923 eod
730 3867 804 3922 tit
830 3866 866 3920 Ι.
889 3862 952 3919 54
969 3904 982 3917 .

388 4256 531 4316 5426
676 4259 836 4325 Impp
856 4268 997 4309 cazss
1027 4253 1317 4309 Honorius
1340 4253 1468 4326 Aug
1510 4257 1585 4309 tr.
1621 4268 1675 4322 p.

365 4354 429 4421 (si)
520 4344 557 4402 2
602 4343 689 4401 40.
712 4342 802 4412 24,
828 4357 928 4399 cos
960 4356 1038 4401 Ix.

352 4435 425 4508 θ
486 4432 554 4490 45
661 4435 730 4488 Et
757 4430 1130 4487 Theodosius.
1161 4429 1439 4504 l.unAug
1464 4426 1675 4502 tr.p.44

436 4526 484 4579 E
610 4522 695 4592 43,
729 4535 858 4577 coss
887 4535 942 4574 v.

367 4614 550 4671 Indict
674 4613 780 4669 Cos
822 4612 1030 4667 Lucius
1074 4610 1253 4681 solus,
1281 4625 1409 4667 nam
1458 4626 1688 4682 expun-

440 4719 506 4761 χι
616 4709 744 4759 ctus
773 4700 887 4757 fuit
905 4715 935 4756 e
958 4702 1141 4757 Fastis
1160 4703 1523 4757 Heraclianus
1541 4702 1686 4758 Afri-

393 4799 445 4851 et
466 4807 551 4849 x11
599 4806 677 4848 ca:
706 4805 916 4860 comes,
943 4791 1041 4861 qui
1060 4790 1285 4863 Collega
1307 4792 1476 4847 datus
1500 4791 1683 4848 fuerat

607 4882 784 4938 Lucio
816 4881 873 4935 in
898 4880 1231 4944 Consulatu,
1267 4887 1330 4936 ut
1356 4880 1413 4935 in
1439 4881 1551 4938 Cod
1578 4882 1681 4938 Th.

606 4971 689 5028 lib
716 4983 811 5039 xv,
858 4977 897 5025 t.
935 4967 1020 5035 44,
1070 4970 1108 5025 1.
1167 4967 1232 5025 43
1259 4975 1315 5026 et
1342 4972 1599 5043 Prosper,
1629 4979 1685 5029 et

605 5060 902 5117 Marcellin
926 5059 984 5114 in
1010 5060 1219 5116 Chron.

675 5150 989 5219 Signantur
1017 5149 1214 5220 itaque
1239 5150 1553 5206 Consulatu
1584 5167 1687 5208 so-

610 5239 730 5295 lius
751 5238 913 5293 Lucii
945 5238 1094 5310 leges
1122 5238 1236 5293 Cod
1263 5239 1590 5309 utriusque,
1622 5245 1685 5295 ut

606 5329 666 5384 C.
720 5327 823 5381 Th.
882 5327 920 5381 Ι.
968 5342 1063 5382 ιιη.
1113 5327 1184 5381 de
1228 5324 1406 5379 comit
1457 5332 1512 5381 et
1566 5328 1684 5383 trib

606 5416 788 5474 schol.
820 5422 909 5470 etc
937 5415 1087 5482 apud
1122 5412 1355 5467 Reland.

676 5504 944 5575 Pelagius
988 5500 1144 5555 Brito
1173 5500 1378 5571 dogma
1427 5507 1683 5564 nominis

1704 643 1870 698 Palil.

1748 2100 1884 2158 4464

1749 2190 1886 2248 4465

1756 4252 1896 4310 4465

1757 4341 1896 4400 4466
1993 4358 2049 4420 D

2172 2124 2236 2162 III

2190 2208 2244 2250 ιν

2203 4366 2257 4409 IV

2198 4448 2249 4499 et

2163 4530 2272 4590 298

2118 430 2309 502 Oymp.
2388 434 2640 486 timorum
2699 429 3043 499 populorum,
3071 497 3086 502 _
3124 422 3646 502 P0ntiﬁ_ces.mlira?

2411 505 2594 571 Reges,
2647 491 2733 556 res
2773 491 2940 569 'gestw
2973 503 3022 552 et
3051 497 3387 551 documenta.
3429 491 3663 549 Christi.

2340 751 2575 809 tutelam
2649 748 2953 807 Theodosii
3023 748 3082 802 in
3155 744 3415 801 ordinem

2340 841 2650 913 redigitur,
2701 849 2750 895 et
2799 835 3101 895 Pulcheria
3158 833 3416 905 Augusta

2341 929 2460 984 sola
2491 929 2797 1000 imperium
2829 926 3214 983 administrat.
3244 922 3418 977 Theo-

2342 1019 2575 1089 phanes.

2406 1109 2769 1165 Constantini
2792 1114 2963 1177 caput
2985 1105 3044 1161 in
3074 1108 3241 1161 conto
3259 1101 3418 1158 atter-

2341 1201 2437 1253 tur
2468 1198 2716 1253 Honorio
2749 1210 2842 1252 XIV
2877 1195 2978 1251 Kal
3024 1194 3148 1250 Oct.
3180 1191 3420 1247 Idatius.

2340 1286 2618 1342 Constans
2634 1300 2860 1357 quoque
2881 1281 3421 1353 interﬁciturVienn

2342 1391 2442 1446 per
2513 1377 2873 1442 Gerontium,
2961 1374 3279 1430 substituto
3365 1369 3419 1425 ei

2341 1468 2580 1521 Maximo
2611 1465 2748 1536 :qui
2796 1464 3153 1535 postmodum
3213 1464 3425 1516 exutus

2348 1563 2625 1626 purpurat
2658 1555 2801 1609 vivit
2831 1552 3113 1625 ignobilis
3147 1553 3203 1605 in
3228 1549 3427 1619 Hispa-

2348 1644 2465 1699 nia.
2494 1643 2754 1698 Zosimus
2785 1657 2857 1695 v1.
2885 1648 2943 1696 et
2975 1638 3365 1695 Marcellinus.

2416 1734 2688 1803 Synesius
2708 1732 2959 1787 concilio
2986 1735 3183 1785 coacto
3212 1727 3430 1783 Andro-

2348 1823 2539 1878 nicum
2554 1822 3029 1890 PentapolitPrnv
3047 1818 3230 1874 Prtefa
3249 1829 3430 1873 comm

2350 1917 2628 1982 segregat,
2668 1911 2769 1981 qui
2821 1910 3103 1980 pmnitens
3149 1907 3430 1976 recipitur

2346 2000 2415 2055 ad
2446 2000 2686 2055 veniam.
2715 2000 2891 2070 Synes
2918 1999 3070 2069 epist
3096 1996 3186 2054 58.

2416 2109 2737 2164 Innocentii
2792 2105 2848 2163 14
2887 2115 2941 2165 et
2966 2106 3051 2162 42.

2425 2199 2651 2253 Mortuo
2679 2197 2996 2266 Theophilo
3042 2194 3431 2250 Alexandrino

2350 2286 2509 2356 episc
2528 2288 2625 2342 die
2662 2285 2723 2343 45
2750 2285 2855 2342 Oct
2878 2286 3135 2342 succedit
3182 2282 3437 2354 Cyrillus

2351 2376 2523 2432 Norts
2552 2376 2669 2431 hist
2694 2376 2857 2448 Pelag
2890 2376 2929 2431 Ι.
2961 2390 3000 2437 ι.
3029 2389 3080 2430 c.
3123 2371 3155 2429 4
3179 2378 3236 2429 et
3279 2372 3317 2426 l.
3369 2384 3431 2441 ιι,

2352 2478 2402 2520 c.
2434 2463 2485 2535 4,
2512 2465 2759 2536 Carthag
2786 2465 2971 2521 concil
2993 2465 3226 2520 damnat
3247 2460 3435 2517 Cele—

2352 2554 2553 2621 stium,
2579 2555 2679 2625 qui
2707 2556 2773 2609 ad
2802 2557 3111 2610 Romanam
3134 2553 3320 2609 sedem
3341 2563 3435 2619 ap-

2356 2643 2548 2712 pellat.
2584 2645 2880 2700 Mercator.

2424 2732 2479 2787 S.
2514 2732 2878 2803 Augustinus
2907 2734 2961 2789 h.
2995 2747 3046 2801 a,
3080 2730 3331 2788 scribere
3356 2729 3443 2784 in-

2354 2822 2500 2892 cipit
2529 2830 2725 2878 contra
2754 2823 3104 2895 Pelagianos.
3142 2821 3226 2876 Ibi
3258 2818 3361 2876 lib.
3396 2830 3436 2887 ι,

2356 2926 2406 2966 c.
2439 2908 2493 2971 4.
2516 2919 2573 2967 et
2604 2912 2688 2967 lib
2719 2927 2783 2981 ll,
2810 2928 2860 2968 c.
2888 2929 2945 2977 x,
2978 2928 3035 2982 p;
3061 2910 3186 2967 238.

2429 3002 2739 3058 Cassianus
2768 3010 3098 3058 constructo
3122 3001 3269 3070 apud
3304 3000 3444 3053 Mas-

2357 3089 2553 3146 siliam
2612 3094 2957 3148 monasterio
3036 3089 3282 3146 celebris
3326 3088 3439 3142 Ca—

2357 3179 2502 3234 stori
2525 3179 2864 3249 Aptensium
2891 3183 3162 3250 episcopo
3211 3177 3314 3233 abs
3342 3188 3439 3232 se-

2358 3269 2675 3338 postulanti
2708 3270 3101 3341 Egyptiorum
3130 3266 3442 3323 monacho—

2359 3370 2487 3412 rum
2517 3357 2791 3413 instituta
2828 3371 2918 3413 -χιι
2945 3357 3126 3414 libros
3147 3370 3212 3412 eo
3241 3356 3309 3411 de
3332 3368 3434 3408 ar-

2361 3451 2629 3517 gumento
2672 3446 2907 3511 scribit.
2940 3448 2997 3502 in
3030 3446 3244 3518 quibus
3269 3443 3442 3500 Semi-

2362 3534 2723 3607 pelagianum
2755 3536 2962 3608 dogma
2994 3535 3332 3599 introducit,
3360 3546 3443 3588 as-

2362 3636 2557 3679 serens
2582 3626 2850 3680 humanis
2871 3624 3096 3681 viribus
3112 3624 3259 3679 bona
3277 3634 3446 3690 Opera

2361 3725 2527 3781 posse
2556 3713 2839 3780 inchoari,
2873 3714 2968 3770 sed
2991 3717 3119 3769 sine
3139 3712 3323 3785 gratia
3344 3710 3446 3766 di—

2360 3800 2494 3856 vina
2522 3815 2634 3858 non
2694 3802 2910 3872 perﬁci.
2944 3802 3080 3858 Vide
3106 3801 3279 3857 Noris
3324 3800 3442 3855 hist

2358 3890 2527 3962 Pelag
2564 3890 2668 3946 lib.
2697 3905 2739 3945 ιι
2770 3907 2820 3947 c.
2847 3888 2896 3960 4,
2933 3905 3039 3962 pag
3069 3888 3191 3946 462.

2429 3979 2599 4035 Cirtae
2623 3981 2680 4035 in
2709 3979 2983 4035 Numidia
3000 3980 3324 4036 Concilium
3350 3978 3443 4033 ha-

2360 4068 2548 4125 bitum
2576 4081 2766 4124 mense
2783 4070 2959 4125 Junio
2976 4074 3178 4126 contra
3205 4067 3444 4125 Donati-

2360 4164 2501 4214 stas.

2434 4264 2753 4320 Innocentii
2782 4264 2867 4331 42,
2905 4264 2990 4322 43.

2436 4355 2734 4412 Heraclian
2747 4372 2811 4412 us
2836 4355 2909 4412 ob
2932 4360 3192 4412 navatam
3214 4359 3446 4411 strenue

2366 4458 2590 4514 operam
2627 4454 2823 4503 contra
2876 4447 3197 4517 perduelles
3256 4459 3442 4502 comes

2355 4533 2562 4591 Africa:
2591 4544 2647 4592 et
2667 4538 2868 4593 consul
2897 4546 3144 4598 creatus.
3174 4534 3447 4606 perduel—

2358 4623 2434 4679 lis
2460 4624 2582 4693 ipse
2633 4640 2763 4682 cum
2793 4638 2884 4680 occ
2914 4627 3143 4682 navium
3168 4626 3356 4681 classe
3381 4624 3441 4679 in

2361 4712 2586 4768 Italiam
2609 4715 2903 4786 navigans,
2931 4722 2987 4770 et
3014 4722 3212 4771 contra
3237 4714 3440 4770 Urbem

2358 4803 2781 4870 copiasducens
2793 4818 3035 4861 occursu
3053 4804 3258 4860 Marini
3272 4803 3445 4860 comi-

2359 4890 2438 4947 tis
2465 4893 2534 4947 ad
2566 4892 2891 4949 Utriculum
2920 4900 3227 4964 superatus
3261 4894 3320 4949 in
3359 4891 3443 4949 fu-

2360 4994 2487 5052 gam
2515 4982 2780 5049 vertitur,
2810 4989 2865 5038 et
2897 4984 2957 5039 in
2988 4982 3239 5039 Africam
3274 4983 3443 5039 dela-

2363 5076 2458 5126 tus
2488 5070 2719 5140 capitur
2742 5072 3089 5145 Carthagine
3127 5079 3183 5129 et
3228 5071 3443 5129 interli-

2361 5160 2536 5221 citur.
2599 5162 2937 5218 succedente
2967 5162 3188 5219 Marino
3223 5182 3235 5218 :
3271 5163 3441 5232 cujus

2356 5248 2525 5318 jussu
2582 5249 2935 5305 Marcellinus
2965 5251 3280 5317 Tribunus,
3332 5251 3433 5323 qui

2361 5350 2464 5407 pro
2489 5335 2596 5392 ﬁde
2627 5337 2918 5396 Catholica
2950 5339 3179 5397 fortiter
3204 5342 3441 5398 labora—

2357 5432 2534 5489 verat,
2595 5427 3024 5485 Donatistarum
3071 5445 3140 5487 ex
3200 5430 3439 5487 insidiis

2357 5515 2664 5588 occiditur,
2710 5531 2879 5588 quem
2931 5521 3235 5591 Martyrem
3292 5518 3438 5580 colit

3523 2098 3641 2157 442

3542 4258 3656 4319 443
