3946 6146
192 256 304 317 677
872 254 877 255 ί
1145 266 1483 326 CHRONOL.
1522 267 1589 325 A.
1628 268 1687 325 S.
1719 268 2110 327 SYLVESTRO
2145 272 2240 328 AD
2275 274 2331 330 S.
2371 274 2577 332 GREG.
2620 277 2695 331 M.
3494 281 3603 341 678

258 382 422 437 Ληηὸ
497 392 875 456 Imperatores,
954 392 1226 455 Ponsules,
1286 397 1559 449 Romano—
1621 391 1777 445 Anni

258 471 308 508 τ’.
339 454 454 509 λιιι.
551 476 696 517 rum.
723 478 807 517 res
838 468 995 517 uesta?
1010 470 1062 517 et
1104 466 1445 517 documenta-
1643 462 1777 517 U.C.

1645 539 1771 588 ante

1672 610 1796 675 post

1616 676 1781 731 Palil.

185 454 454 582 Piri}
551 454 696 532 rum,
723 478 807 517 res
836 468 995 531 gesta
1010 470 1062 520 et
1104 466 1445 522 documenta.

1522 588 1658 659 Aet

474 757 567 815 sui
599 762 799 813 contra
829 758 1069 829 gratiam
1108 759 1324 817 Christi
1375 763 1562 820 lee—

476 849 591 903 stio
611 854 667 903 et
695 848 926 903 Juliano
946 849 1313 906 auditoribus
1356 855 1557 909 exerit.

470 938 731 1006 Prosper.

546 1026 985 1097 Burgundiones
1006 1026 1325 1087 Germania:
1363 1033 1560 1102 populi

474 1122 689 1186 partem
716 1114 918 1170 Gallia:
941 1116 1137 1174 Rheno
1180 1122 1557 1191 propinquam

471 1203 753 1260 obtinent.
806 1204 1061 1274 Prosper.

543 1293 878 1348 Vicennalia
908 1296 1407 1364 ImperiiHonorii.
1435 1298 1564 1354 Post

470 1380 688 1437 cladem
731 1380 1033 1438 Gothicam
1091 1384 1261 1440 Urbis
1305 1386 1559 1442 solitudo

468 1471 683 1527 sensim
709 1471 962 1527 desinit:
1014 1478 1072 1528 et
1116 1470 1183 1529 45
1232 1476 1418 1530 millia
1470 1477 1564 1532 ci-

472 1561 631 1616 vium
673 1570 1068 1618 numerantur.
1122 1562 1453 1634 Olympiod.

250 1664 393 1726 5427
540 1670 698 1739 Impp
727 1670 876 1725 Caass
904 1670 1190 1727 Honorius
1214 1672 1338 1743 Aug
1380 1680 1451 1728 tr.
1504 1689 1557 1744 p.
1640 1671 1778 1731 4466

1640 1760 1777 1819 4467

252 1763 320 1834 Θ
359 1756 397 1814 3
470 1753 560 1812 24.
609 1754 699 1824 22,
748 1773 874 1814 coss
936 1773 1016 1814 lx.

235 1848 305 1921 θ
334 1846 406 1904 46
537 1848 606 1901 Et
652 1848 1007 1904 Theodosius
1025 1850 1155 1905 Jun.
1189 1849 1314 1923 Aug
1344 1856 1417 1907 tr.
1505 1867 1560 1922 p.

298 1941 344 1993 D
471 1934 559 2006 42,
596 1934 681 1997 43.
712 1951 811 1993 cos
842 1954 891 1993 v.

232 2028 413 2122 re?“
508 2067 654 2122 περ..
691 2026 773 2122 ξε·
796 2027 1188 2122 9938.99?“-

278 2115 360 2157 xu
512 2099 654 2122 “"°°
689 2099 771 2154 ΕΙ.
804 2099 1101 2156 Constans.

297 2195 348 2244 et
547 2192 605 2245 L.
632 2188 703 2245 38
725 2189 796 2243 Κ.
838 2189 942 2244 Th.
974 2190 1044 2245 de
1088 2188 1466 2246 naviculariis
1487 2191 1557 2247 ad

266 2293 375 2334 xm
470 2278 742 2335 Albinum
768 2277 1067 2335 Praat‘Urbi
1111 2285 1168 2333 et
1220 2278 1256 2333 l.
1316 2276 1406 2347 54,
1456 2277 1546 2351 55,

464 2368 534 2423 de
557 2369 733 2423 haeret
760 2368 1003 2438 aliaeque
1029 2370 1177 2438 apud
1248 2368 1459 2424 Reland
1503 2373 1559 2423 et

464 2458 705 2527 epistola
732 2456 804 2513 22
860 2459 1176 2515 Innocentii
1227 2460 1388 2528 Papae
1431 2456 1556 2513 Idib

463 2547 573 2602 Dec
626 2547 961 2607 Constantio
1004 2563 1119 2604 cus.

531 2636 905 2694 Constantius
936 2639 1135 2694 Comes
1152 2639 1303 2708 apud
1347 2637 1553 2693 Arela-

472 2729 591 2781 tum
623 2725 828 2782 Gallize
852 2728 1047 2783 urbem
1081 2728 1404 2783 consistens
1432 2728 1554 2782 Go-

462 2815 594 2871 thos
620 2817 882 2872 Narbona
929 2817 1186 2887 expellit,
1238 2823 1293 2872 et
1342 2817 1399 2871 in
1446 2816 1556 2870 Hi—

464 2906 722 2974 spaniam
744 2905 905 2961 abire
952 2906 1131 2977 cogit.
1189 2904 1556 2974 Athaulphus

463 2993 532 3048 de
548 2995 930 3050 exstinctione
949 2995 1187 3050 Romani
1206 2994 1457 3049 nominis
1472 3006 1565 3049 co-

465 3083 658 3154 gitans
682 3084 949 3140 Placidia:
981 3086 1181 3140 uxoris
1202 3084 1471 3151 consilio,
1503 3085 1559 3138 et

459 3175 848 3242 experimento
868 3174 939 3229 de
991 3188 1227 3231 suorum
1276 3172 1556 3229 indocili—

464 3264 577 3317 tate
622 3263 691 3319 ad
741 3264 1054 3333 parendum
1137 3263 1362 3335 legibus
1406 3260 1556 3317 facto

460 3348 607 3406 bello
628 3352 881 3407 abstinet
900 3360 956 3408 et
978 3354 1219 3424 gloriam
1250 3351 1458 3423 quaerit
1483 3351 1553 3405 de

468 3442 735 3498 restituto
769 3442 1088 3497 Gothorum
1117 3442 1341 3498 viribus
1392 3442 1551 3495 Rom.

469 3530 731 3599 Imperio.
777 3529 1041 3598 Orosius,
1091 3530 1175 3585 lib
1245 3527 1300 3599 7,
1364 3544 1413 3584 c.
1466 3525 1555 3583 43.

253 3632 395 3692 5428
538 3640 699 3707 Impp
722 3640 872 3696 Caess
890 3640 1178 3696 Honorius
1202 3638 1330 3710 Aug
1380 3642 1451 3692 tr.
1501 3651 1552 3706 p,
1634 3615 1771 3689 4467

267 3730 332 3779 Si
364 3723 398 3779 4
467 3723 560 3779 22.
591 3723 684 3779 23.
716 3740 811 3779 cos
834 3742 889 3779 x.
1634 3720 1772 3779 4468

267 3730 332 3799 9
364 3723 398 3780 4
467 3723 560 3794 22,
591 3723 684 3790 23,
716 3740 811 3782 cos
834 3742 889 3782 x.

238 3812 403 3886 Q47
536 3816 604 3871 Et
655 3816 1004 3874 Theodosius
1048 3818 1160 3873 Jun
1212 3817 1339 3887 Aug
1394 3820 1464 3870 tr.
1500 3830 1555 3885 p.

304 3906 344 3959 (ἶ
468 3902 553 3972 43,
592 3903 677 3975 44,
705 3919 801 3961 cos
829 3921 910 3962 γι.

239 3994 420 4050 Indict
471 3997 609 4052 Coss
636 3996 811 4051 iidem
853 3996 1139 4052 Honorius
1177 3994 1303 4068 Aug
1356 4006 1416 4048 x.

271 4097 374 4140 xm
572 4086 737 4157 Augg
810 4085 1168 4142 Theodosius
1272 4084 1399 4154 Aug
1482 4093 1558 4136 Vl.

308 4178 361 4228 et
552 4176 610 4228 L.
644 4172 735 4243 36,
794 4171 882 4243 57,
952 4173 1041 4244 58,
1091 4176 1191 4231 οο‹1
1260 4170 1449 4228 Theod
1493 4170 1563 4225 de

288 4274 385 4317 xxv
471 4263 654 4318 Haeret
698 4263 943 4335 aliaeque
987 4265 1135 4333 apud
1181 4261 1416 4318 Reland.

544 4354 630 4407 Pr.
660 4352 797 4408 Urbi
842 4354 1026 4408 Romae
1085 4352 1386 4407 Gracchus.
1450 4349 1561 4404 Cod

471 4441 657 4498 Theod
706 4442 790 4497 lib
833 4456 956 4510 vm,
1011 4442 1084 4497 tit
1135 4438 1188 4509 7,
1235 4441 1270 4495 l.
1321 4437 1412 4495 20.
1462 4437 1566 4491 CP.

483 4530 669 4585 Ursus.
706 4532 809 4588 cod
832 4532 933 4587 Th.
964 4531 1044 4587 lib
1069 4544 1144 4601 VI,
1179 4535 1218 4585 ι.
1264 4526 1355 4597 23,
1416 4528 1457 4581 Ι.
1518 4524 1566 4580 4.

549 4620 778 4677 Attalus
823 4636 856 4677 a
899 4621 1105 4678 Gothis
1151 4619 1217 4675 ad
1265 4615 1572 4687 Hispanias

482 4711 864 4783 migrantibus
886 4711 1196 4783 neglectus,
1243 4713 1298 4765 et
1356 4707 1565 4777 praesi-

464 4800 560 4858 dio
589 4817 791 4858 carens
847 4802 1101 4872 capitur,
1132 4809 1188 4857 et
1235 4796 1572 4855 Constanti—

483 4904 554 4946 no
579 4892 827 4948 Patricio
848 4894 1016 4947 vivus
1065 4889 1316 4954 offertur,

553 4981 968 5052 Athaulphusa
1034 4980 1274 5051 quodam
1330 4989 1567 5034 suorum

434 5132 437 5133 ν
481 5070 816 5126 vulneratus
835 5071 1054 5139 interit,
1077 5080 1426 5140 regnumque
1446 5067 1573 5135 ejus

487 5160 669 5215 Vallia
696 5160 931 5217 invasit.
960 5161 1224 5228 Prosper.

554 5251 737 5307 Vallia
758 5252 1035 5307 adversus
1060 5249 1269 5304 Alanos
1313 5252 1371 5304 et
1392 5247 1580 5303 Wan—

482 5339 664 5410 dalos,
733 5340 993 5412 Silingos
1037 5338 1249 5395 bellum
1309 5337 1577 5408 capessit.

483 5431 621 5486 idat.

2089 1675 2109 1713 Ῑ

1878 1714 1931 1776 Β

2057 3684 2121 3722 ΙΙΙ

1873 392 1930 451 Α
2027 398 2182 449 Anni
2254 397 2707 459 Christianorum,
2746 400 3059 455 Iudaeorum
3110 407 3160 455 et
3199 406 3324 470 fini-
3387 405 3544 460 Anni

1994 465 2184 520 Olumn
2311 472 2563 520 timorum
2622 472 2962 520 tumulorum-
3028 475 3324 520 Pontiﬁces-
3396 476 3531 520 Erae

2057 484 2184 538 31m?

2311 472 2563 523 timorum
2616 472 2963 540 papulorum,
3024 475 3325 542 Pontiﬁces,
3390 476 3531 531 Erae

2308 542 2492 609 Reges,
2546 558 2630 596 res
2672 549 2834 610 gesta
2891 548 2939 597 et
2982 544 3319 600 documenta.
3352 545 3572 603 Christi.

2236 772 2486 827 Ecclesia
2515 771 2656 828 81d.
2696 774 2826 844 Apr.
2869 778 3030 832 Petav
3065 791 3135 833 ex
3189 778 3318 835 Idac

2237 866 2291 915 et
2317 862 2520 916 Orosm
2546 860 2646 916 lib.
2672 861 2725 931 8,
2760 879 2863 933 cap
2907 862 2996 918 42.

2312 952 2448 1005 Vide
2512 952 2658 1007 Card
2738 954 2909 1010 Noris
2970 954 3088 1010 bist
3152 955 3320 1027 Pelag

2237 1051 2287 1093 C.
2315 1054 2367 1095 ν.

2306 1662 2623 1716 Innocentii
2660 1659 2907 1730 43et44,
2961 1663 3060 1732 qui
3095 1665 3155 1717 in
3210 1665 3343 1735 epi—
3418 1663 3525 1723 444

2228 1750 2372 1806 stola
2402 1748 2492 1809 22.
2519 1752 2650 1806 data
2710 1750 2830 1806 Idib
2874 1753 2980 1806 Dec
3029 1752 3319 1809 Constan—

2240 1840 2321 1896 tio
2342 1856 2438 1895 cos
2470 1848 2589 1896 rata
2635 1840 2803 1896 habet
2839 1842 3071 1899 Decreta
3113 1845 3315 1914 synodi

2234 1931 2601 1986 Macedoniae.

2306 2021 2606 2078 Pulcheria
2643 2024 2948 2081 Theodosii
2988 2038 3153 2081 soror
3192 2024 3319 2079 Au—

2234 2116 2400 2180 gusta
2445 2112 2725 2181 appellata
2799 2121 2885 2170 est
2943 2129 2995 2170 1v
3045 2117 3168 2170 Non
3224 2112 3316 2169 Jul

2231 2201 2464 2256 Marcel.
2502 2208 2558 2257 et
2588 2202 2702 2257 Chr
2728 2205 2881 2260 Alex.

2301 2291 2616 2347 Gothorum
2666 2293 2871 2349 classis
2915 2293 2972 2347 in
3062 2290 3315 2347 Africam

2230 2380 2538 2448 trajectura
2560 2382 2612 2436 vi
2647 2381 3002 2451 tempestatis
3029 2380 3318 2451 demergi—

2232 2472 2328 2522 tur
2376 2469 2433 2523 in
2486 2468 2631 2525 freto
2680 2470 2986 2526 Gaditano.
3052 2469 3313 2525 Orosius.

2302 2557 2593 2613 Honorius
2618 2559 2945 2613 Donatistas
2991 2571 3133 2614 nova
3179 2571 3321 2613 san—

2229 2645 2419 2700 ctione
2443 2647 2755 2716 percellitx
2799 2647 2898 2703 Kal
2938 2648 3029 2703 Jul
3073 2652 3131 2703 et
3176 2660 3320 2703 con-

2238 2732 2427 2790 ﬁrmat
2472 2744 2593 2792 acta
2662 2746 2860 2793 contra
2911 2738 3138 2793 eosdem
3210 2736 3320 2792 sub

2232 2822 2565 2881 Marcellino
2632 2826 2888 2883 Tribuno
2986 2824 3321 2895 spectabilis

2234 2918 2520 2968 memoria:
2551 2915 2778 2969 virolib
2808 2930 2923 2969 xvn.
2972 2915 3083 2970 Cod
3130 2914 3318 2969 Theod

2230 3001 2374 3057 titv.
2402 3002 2472 3058 de
2496 3004 2669 3060 haeret
2715 3005 2756 3059 ι.
2801 3002 2871 3060 54
2911 3010 2967 3060 et
3019 3001 3110 3073 55,
3154 3005 3323 3074 cujus

2232 3093 2654 3149 exsecutionem
2713 3094 3022 3150 demandat
3062 3093 3319 3148 Dulcitio

2230 3181 2368 3234 Trib
2385 3195 2449 3233 ac
2472 3183 2579 3235 Not
2605 3183 2673 3236 ad
2704 3196 2869 3249 quem
2917 3182 2968 3236 S.
3024 3185 3151 3249 Aug
3202 3194 3322 3249 per-

2221 3267 2446 3333 scribit,
2471 3267 2986 3336 proutMarcellino
3010 3267 3326 3335 inscripse-

2227 3362 2315 3412 rat
2335 3354 2518 3411 libros
2536 3356 2606 3411 de
2636 3355 2797 3411 civit.
2833 3355 2934 3411 Dei

2296 3586 2614 3643 Innocentii
2661 3583 2726 3640 44
2750 3593 2805 3642 et
2838 3583 2924 3642 45.
3411 3582 3516 3642 445

2304 3667 2575 3723 Inventio
2595 3667 2971 3737 reliquiarum
3072 3665 3345 3735 Stephani

2233 3747 2677 3816 Protomartyris
2698 3760 2763 3801 ex
2808 3746 3073 3815 epistolis
3116 3745 3167 3801 S.
3221 3747 3323 3801 Lu-

2232 3828 2409 3890 ciani,
2439 3835 2546 3884 etc.
2573 3827 2715 3882 Vide
2764 3826 2942 3882 Baron
2984 3832 3041 3881 et
3080 3827 3212 3898 Pag.

2303 3916 2548 3973 Orosius
2571 3916 2627 3970 in
2659 3915 2882 3984 Synodo
2914 3915 3323 3986 Hierosolymi-

2237 4011 2366 4062 tana
2388 4005 2687 4061 occasione
2701 4005 3092 4060 Enczeniorum
3132 4004 3326 4059 habita

2238 4109 2504 4167 prtesens,
2567 4094 2706 4150 Acta
2781 4099 2978 4151 contra
3032 4093 3323 4165 Pelagium

2239 4183 2537 4253 describit,
2578 4183 2661 4238 ibi
2739 4183 2954 4253 pariter
3010 4183 3322 4252 degentem,

2241 4274 2341 4330 ubi
2364 4274 2681 4329 decernunt
2711 4273 2923 4334 Patres,
2976 4277 3038 4325 ut
3072 4271 3147 4325 ad
3197 4271 3330 4325 bea—

2240 4368 2355 4418 tum
2399 4365 2775 4417 Innocentium
2852 4363 3061 4430 Papam
3123 4362 3327 4415 Roma-

2244 4470 2374 4508 num
2394 4454 2615 4506 Fratres
2641 4457 2690 4505 et
2709 4452 2947 4520 epistola
2986 4452 3333 4504 mitterentur

2248 4543 2490 4597 universi
2514 4540 2660 4608 quod
2677 4541 2767 4592 ille
2812 4539 3121 4591 decerneret
3168 4553 3329 4591 secu—

2247 4632 2377 4685 turi.
2420 4628 2561 4683 Vide
2584 4627 2725 4681 Card
2775 4626 2945 4680 Noris
3002 4625 3120 4679 hiat
3166 4624 3331 4694 Pelag

2246 4716 2376 4775 lib4
2409 4731 2460 4772 c.
2502 4713 2609 4770 7et
2632 4716 2862 4787 Pagium
2907 4714 2975 4769 ad
3002 4726 3052 4768 a.
3082 4710 3119 4766 2
3144 4726 3196 4767 n.
3251 4725 3327 4766 Vl.

2297 4807 2476 4863 Judaei
2574 4804 2917 4860 Alexandria
2995 4802 3223 4873 expulsi
3297 4815 3331 4856 a

2241 4895 2646 4967 Cyrillo,quod
2670 4893 2875 4948 caedem
2908 4892 2965 4946 in
3026 4890 3317 4945 Christia—

2246 4999 2349 5040 nos
2372 4988 2692 5053 patrassent
2713 4987 2902 5036 noctu.
2929 4980 3148 5033 excitos
3177 4976 3318 5033 falso

2254 5085 2480 5129 rumore
2503 5072 2748 5126 incensa!
2784 5067 3072 5124 Ecclesiae.
3128 5066 3324 5123 Socrat

2249 5162 2407 5234 lib8,
2432 5176 2479 5218 c.
2516 5158 2597 5227 13,
2631 5157 2715 5216 ιι.

2326 5253 2651 5327 Isdegerdes
2676 5253 2971 5306 Persarum
2997 5250 3110 5304 Rex
3151 5248 3338 5320 proxi-

2255 5351 2388 5392 mus
2433 5332 2790 5391 conversioni
2837 5330 2907 5385 ad
2950 5330 3335 5386 Christianam

2260 5417 2425 5471 ﬁdem
2449 5413 2520 5470 ob
2537 5411 2790 5483 exempla
2811 5411 3136 5467 sanctitatis
3156 5408 3338 5464 Maru-

2257 5499 2370 5555 thae
2420 5495 2688 5565 Episcopi
2728 5491 3160 5563 MeSOpotamiaa,
3233 5487 3338 5544 hoc

2257 5583 2483 5637 mortuo
2506 5574 2579 5633 ob
2622 5571 3082 5644 intempestivum
3148 5568 3333 5629 zelum
