3946 6146
106 284 190 341 684
1013 308 1351 374 CllRONOL.
1392 324 1437 377 Α
1473 322 1531 379 S.
1570 324 1956 392 SYLVESTRO
1992 339 2085 393 AD
2122 342 2172 397 S.
2218 344 2423 402 GREG.
2466 352 2539 404 Μ.

159 415 300 468 Anni
369 418 749 486 Imperatores,
822 430 1095 503 Consules,
1153 444 1426 500 Romano—
1498 455 1652 507 Anni
1735 458 1796 516 A
1858 460 2016 515 Anni
2102 466 2556 541 Christianorum,

180 484 289 538 Per.
457 506 596 541 rum-
633 511 715 541 )‘r‘s‘
755 508 914 541 {metm
968 512 1015 541 of
1039 510 1351 541 ιιιιητι..η.ηι,-
1484 523 1532 541 ττ
1632 525 1666 541 η.
1902 532 1955 541 Α.

3369 380 3477 440 682

2617 484 2928 565 Ιᾳίιεεονιιγῃ
2956 500 3005 549 et
3054 500 3175 565 ﬁni-
3253 505 3412 559 Anni

454 484 465 486 ν
738 484 743 485 γ
1153 484 1426 500 ..νηηυιυς
1498 484 1652 507 num.
1735 484 1796 516 ,τι
1858 484 2014 515 dum
2102 484 2556 541 cnnsuanorum,
2617 484 2928 544 Judaeorum
2956 500 3005 549 et
3054 500 3175 565 ﬁni-
3253 505 3407 559 Anni

180 484 337 611 {Pfi’tt
457 506 596 553 rum,
633 511 715 549 res
754 508 933 566 gesta},
968 512 1015 560 et
1037 510 1374 577 documenta.
1484 523 1573 635 U.f
1893 532 2045 599 Olym
2216 544 2467 635 timorum
2498 556 2846 635 populorum,
2867 564 3187 635 Pontiﬁces,
3261 579 3407 631 Era:

190 570 219 606 α
244 598 257 615 ι
288 572 312 609 e
1476 608 1547 635 n‘n
1566 611 1602 635 ,ρ
1625 611 1674 635 ρ.
2266 629 2311 635 Ἀ
2338 631 2373 635 ·’

754 556 776 566 ν
894 556 933 564 κ,
974 556 1005 560 -.
1040 556 1374 577 mnum"...
1486 556 1545 576 υ.
1627 556 1682 582 υ.
1893 556 2045 599 mym
2216 556 2467 600 umorum
2498 556 2846 621 populorum,
2885 556 3187 635 Pontifices,
3256 556 3408 631 Eia?

160 556 337 681 et
1425 600 1691 731 pgsritepczl
2213 614 2394 686 Reges,
2433 635 2517 673 res
2556 630 2717 688 gestae
2745 636 2795 683 et
2842 633 3178 695 documenta.
3221 645 3438 703 Christi.

351 825 437 895 25,
463 828 551 897 26,
585 848 683 891 cos
706 854 815 895 xu.

383 919 451 973 Et
500 921 857 987 Theodosius
898 937 1039 1009 Aug.
1097 948 1169 997 tr.
1228 962 1279 1015 p.
1341 948 1426 1013 46,

346 1001 399 1073 7,
433 1022 528 1064 cos
550 1025 675 1071 V’Ilt.

414 1098 572 1155 Coss.
614 1105 901 1168 Honorius
926 1128 1033 1170 xu.

343 1372 443 1418 etc.
504 1372 654 1437 apud
688 1375 897 1434 Reland
930 1389 985 1436 et
1031 1388 1215 1443 concil
1261 1390 1428 1446 Afri-

343 1467 440 1507 can
496 1464 553 1512 et
612 1460 669 1515 in
736 1470 1125 1531 vetustissimo
1193 1480 1420 1536 Justelli

341 1541 544 1600 Codice
578 1549 690 1605 Can
741 1555 1009 1616 Ecclesiae
1056 1563 1214 1622 Afric
1269 1583 1422 1626 nunc

338 1644 621 1693 asservato
674 1642 728 1696 in
768 1646 1019 1706 Biblioth
1067 1653 1406 1715 Oxoniensi.

338 1720 473 1777 Vide
495 1733 658 1784 notas
682 1731 739 1785 in
772 1735 1081 1795 Zosimum.

405 1812 555 1869 Solis
586 1817 831 1878 defectio
861 1826 1012 1899 digit
1040 1846 1121 1901 xx,
1153 1841 1207 1888 et
1238 1839 1414 1894 semis

336 1894 515 1969 [juxta
542 1906 795 1965 calculos
826 1894 1062 1993 Petavii]
1099 1922 1288 1979 Roma:
1317 1927 1413 1983 die

338 1984 401 2042 49
427 1991 697 2068 Augusti,
729 2001 833 2056 Fer
864 2018 940 2069 v1,
991 1984 1058 2063 h:
1077 2008 1131 2079 8,
1176 2015 1246 2069 de
1302 2032 1412 2087 qua

330 2075 512 2135 Chron
542 2084 679 2140 Alex
735 2090 965 2150 ldacius
1012 2104 1066 2152 et
1119 2075 1413 2159 Marcelli-

332 2177 455 2221 nus.
484 2171 625 2229 Vide
663 2184 826 2233 notas
858 2183 955 2237 ubi
1000 2202 1193 2257 supra.

398 2258 835 2323 Valentinianus
862 2272 971 2328 Jun
1003 2276 1279 2335 Ravennae
1303 2295 1415 2356 na:

324 2345 506 2402 scitur
534 2362 600 2405 ex
644 2354 981 2417 Constantio
1030 2370 1087 2418 et
1142 2368 1399 2426 Placidia

333 2446 404 2486 νι.
436 2438 554 2492 Non
586 2441 676 2496 Jul
710 2444 907 2518 Prosp.

404 2524 488 2579 Pr.
519 2526 657 2584 Urbi
708 2532 899 2592 Romae
960 2542 1266 2601 Palladius.
1346 2550 1405 2604 C.

327 2610 424 2666 Th.
462 2614 543 2669 lib
571 2631 652 2678 IV,
683 2626 722 2674 t.
758 2621 811 2693 4,
838 2624 874 2679 ι.
911 2626 963 2682 6.

141 2728 257 2789 5432
393 2739 550 2809 Impp
599 2744 744 2801 Cazss
800 2750 1089 2811 Honorius
1153 2760 1283 2832 Aug
1321 2766 1395 2817 tr.

141 2824 198 2893 θ
234 2820 267 2877 8
310 2840 365 2895 p.
390 2825 479 2893 26,
503 2828 592 2901 27,
625 2849 722 2891 cos
742 2854 842 2894 χιι.

140 2917 197 2989 θ
239 2919 273 2977 2
356 2926 440 3020 _Et
494 2930 846 2996 Theodosius
892 2943 1002 2999 Jun
1044 2946 1171 3019 Aug
1228 2954 1304 3004 tr.
1346 2964 1400 3020 p.

185 3010 224 3063 E
324 3010 408 3082 47,
433 3014 519 3085 48,
545 3034 643 3076 cos
667 3039 786 3081 Vill.

134 3099 280 3156 Indict
338 3140 474 3174 mm
540 3110 861 3174 Monaxius.

538 3185 744 3244 Plinta.

387 3273 598 3332 Gruter
650 3279 1034 3354 inscriptfpag
1080 3282 1239 3355 4050,
1278 3304 1332 3344 n.
1364 3286 1400 3344 7

318 3369 373 3417 et
408 3366 510 3421 cod
558 3368 742 3425 Theod
783 3370 867 3425 lib
918 3388 991 3441 v1,
1023 3380 1062 3428 t.
1105 3374 1195 3447 30,
1224 3378 1263 3433 l.
1309 3379 1398 3450 22,

303 3447 543 3522 alireque
573 3456 723 3525 apud
776 3458 987 3515 Reland
1051 3468 1108 3518 et
1154 3447 1399 3534 epistola

303 3537 522 3595 Aurelii
568 3545 637 3599 ad
672 3559 869 3603 omnes
909 3549 1242 3619 Byzacenos.
1276 3557 1398 3611 No-

316 3626 396 3681 ris
424 3628 545 3684 hist
580 3633 745 3704 Pelag
776 3632 900 3693 445.

378 3716 470 3770 Pr.
531 3718 646 3773 Urb
688 3721 788 3775 CP.
836 3729 1011 3782 Etius
1052 3729 1108 3782 C.
1160 3731 1261 3786 Th.
1310 3734 1393 3788 lib

310 3815 425 3873 le,
466 3811 512 3858 t.
554 3804 607 3873 6,
640 3807 679 3861 Ι.
713 3808 766 3878 5,
803 3812 987 3871 Romae
1010 3818 1386 3891 Symmachus,

311 3899 369 3945 ut
389 3907 458 3947 ex
480 3907 654 3952 causa
677 3900 1010 3960 schismatis
1042 3906 1244 3977 liquet.

377 3983 491 4038 Hoc
552 4000 700 4042 anno
768 3990 979 4048 Pascha
1043 3996 1391 4055 celebratum

308 4076 391 4124 est
417 4084 480 4125 ιιι
509 4073 611 4129 Kal
640 4076 774 4145 Apr.
797 4079 853 4133 S.
880 4085 1007 4153 Aug
1045 4084 1116 4139 de
1143 4081 1179 4139 7
1210 4092 1395 4155 quaest

310 4157 374 4211 ad
425 4160 767 4220 Dulcitium.
814 4168 953 4224 Vide
1008 4172 1177 4227 Noris
1236 4173 1379 4231 hist.

305 4244 469 4319 Pelag
517 4248 600 4303 lib
639 4253 683 4314 Ι,
732 4269 781 4309 c.
845 4252 933 4327 47,
981 4273 1088 4331 pag
1147 4258 1268 4333 407,
1336 4272 1393 4320 et

306 4332 575 4392 Tabulam
645 4341 973 4402 Paschalem
1046 4347 1197 4406 infra
1257 4332 1389 4424 pag

307 4420 428 4479 446.

338 3140 409 3199 Co
420 3160 496 3203 ss.

122 4514 249 4619 5433A
342 4532 529 4619 ‘Impp
550 4536 700 4594 Caess
732 4541 1019 4601 Honorius
1042 4546 1170 4618 Aug
1215 4553 1285 4602 tr.
1322 4564 1373 4619 p.

118 4611 173 4677 Θ
221 4609 253 4666 9
309 4614 372 4672 27
405 4628 461 4675 et
488 4620 577 4692 28,
611 4640 709 4682 cos
739 4644 840 4693 xu,

121 4693 181 4799 ρ
204 4697 235 4755 3
362 4708 429 4762 Et
476 4711 832 4776 Theodosius
868 4723 977 4778 Jun
1027 4726 1152 4798 Aug
1196 4731 1268 4783 tr.
1320 4743 1372 4799 p.

149 4783 183 4837 D
201 4788 235 4842 C
306 4791 385 4859 48,
419 4795 505 4870 49,
532 4814 630 4857 cos
656 4817 735 4860 Ix.

114 4872 256 4932 Ῐηάίστ
301 4916 428 4976 coss
509 4888 871 4955 Theodosius
898 4899 1026 4973 Aug
1051 4916 1130 4957 Ix.

144 4955 194 4995 ιιι
435 4967 447 4977 -
506 4958 882 4995 ρηηο......ε..,
931 4980 1045 4995 .---

163 4957 194 4999 ιι
303 4957 447 4977 υνυσ-
506 4958 885 5026 Constantius
916 4957 1045 5045 Auug
1075 4988 1160 5028 ιιι.

115 5034 217 5088 ετιν
352 5048 462 5106 Cod
516 5052 705 5111 Theod
768 5058 840 5113 de
908 5034 1078 5131 Εριὲο
1133 5065 1262 5121 Eccl
1319 5074 1375 5123 et

288 5132 480 5192 Clerl.
535 5137 622 5196 44.
684 5151 793 5203 etc.
849 5150 998 5218 apud
1053 5152 1370 5210 Relandum

290 5222 385 5279 ubi
437 5228 555 5285 duo
607 5236 831 5292 tantum
903 5239 1017 5293 AA.
1075 5242 1265 5298 Honor
1315 5251 1371 5300 et

286 5311 542 5374 Theodos
568 5327 625 5375 et
647 5323 1021 5385 Constantius
1056 5331 1277 5411 dicitur
1300 5336 1361 5389 V.

284 5400 344 5453 C.
376 5408 471 5462 sed
499 5423 615 5466 non
644 5418 791 5487 Aug.

349 5493 434 5549 Pr.
507 5499 649 5556 Urbi
712 5505 900 5562 Romae
944 5511 1251 5581 Palladius,
1299 5513 1358 5566 C-

281 5580 409 5638 Just
437 5586 523 5643 lib
543 5591 585 5657 ι,
612 5596 653 5645 t.
682 5590 737 5662 3,
764 5594 802 5648 1.
828 5593 912 5650 49.

284 5678 517 5740 PATROL.
551 5687 818 5746 CXXVII.

1483 2763 1614 2821 4474

1482 2850 1624 2911 4472

1456 4549 1596 4609 4472

1455 4637 1594 4698 4473

1699 4466 1754 4527 D

2177 862 2436 923 Zosimus
2493 873 2728 945 Legatos
2800 882 2856 935 in
2930 885 3181 948 Africam

2106 948 2373 1009 mittitad
2418 963 2641 1031 negotia
2680 967 2750 1022 de
2770 972 3185 1040 appellationi—

2105 1035 2212 1093 bus
2278 1051 2693 1110 pertractanda.
2759 1035 2991 1118 Interim
3058 1069 3184 1125 obit

2098 1124 2194 1180 die
2222 1126 2287 1184 43
2308 1133 2654 1196 Decembris.
2678 1144 2983 1207 Successor
3006 1154 3185 1227 eligi—-

2104 1220 2199 1268 tur
2244 1218 2561 1289 Bonifacius
2611 1233 2913 1294 ordinatus
2984 1255 3047 1297 ιιι
3087 1218 3191 1303 Kal

2101 1303 2332 1362 Januar.
2388 1312 2529 1369 Vide
2575 1327 2738 1377 notas
2776 1327 2846 1381 ad
2891 1330 3178 1392 Zosimum

2099 1390 2234 1447 Pars
2263 1398 2379 1455 alia
2406 1402 2556 1461 Cleri
2604 1409 2662 1464 in
2713 1415 3024 1477 schismate
3064 1390 3182 1480 eli;

2100 1480 2185 1549 git
2234 1487 2532 1564 Eulalium,
2581 1499 2676 1554 cui
2718 1500 2866 1560 favet
2915 1509 3181 1579 Symma~

2098 1570 2258 1627 chus.

2166 1660 2486 1725 Concilium
2557 1676 3003 1752 Carthaginense
3067 1690 3175 1750 244

2082 1749 2493 1824 Episcoporum
2527 1749 2906 1832 praesentibus
2947 1780 3174 1853 Legatis

2088 1839 2429 1907 Apostolicae
2452 1848 2614 1908 Sedis
2640 1858 3008 1922 celebratum.
3025 1839 3175 1939 Ub‘jus

2088 1926 2303 1983 decreta
2340 1933 2417 1986 ad
2457 1938 2725 1998 Zosimum
2788 1951 2996 2021 Papam
3024 1926 3171 2027 per—-

2091 2016 2223 2078 lata.
2269 2021 2483 2089 quibus
2531 2032 2808 2108 probatis,
2844 2016 2941 2111 per
2985 2016 3166 2105 totum

2090 2109 2366 2167 mundum
2394 2111 2627 2177 haeresis
2656 2109 2958 2199 Pelagiana
3000 2135 3171 2193 dam-

2089 2200 2219 2251 nata
2247 2207 2352 2256 est.
2379 2205 2639 2278 Prosper.

2157 2285 2510 2361 Telepitense
2546 2298 2870 2362 Concilium
2900 2282 2956 2364 h.
2987 2326 3040 2367 a.
3068 2329 3169 2369 ce—

2088 2368 2368 2433 lebratum
2414 2381 2473 2437 in
2518 2386 2817 2449 Provincia
2865 2396 3160 2466 Byzacens.

1945 2769 1986 2810 ιι
2152 2765 2436 2825 Bonifacii
2470 2772 2493 2826 4
2532 2782 2589 2832 et
2617 2777 2670 2833 2.

1910 2855 1973 2898 ιιι
2151 2852 2411 2916 Schisma
2434 2863 2649 2922 Eulalii
2699 2871 3020 2941 Symmachi
3053 2895 3163 2950 pa-

2084 2942 2332 2999 trocinio
2385 2950 2687 3012 suﬁultum
2744 2965 2967 3020 evocari
3022 2942 3162 3026 facit

2080 3039 2371 3094 promotos
2401 3038 2743 3104 Ravennam.

2148 3117 2413 3180 Eulalius
2428 3141 2601 3186 causa
2623 3136 2832 3195 cadens
2843 3149 2971 3209 post
2987 3146 3152 3203 Festa

2078 3202 2375 3263 Paschalia
2440 3216 2727 3286 relegatur
2789 3202 2860 3278 ἰη-
2913 3228 3188 3299 (Ζιιιιιριισ-Δ

2079 3288 2253 3346 niam.
2284 3296 2426 3352 Vide
2476 3307 2640 3358 notas
2670 3308 2739 3362 ad
2768 3288 3148 3373 Bonifacium.
3178 3328 3181 3335 ‘

2142 3377 2466 3442 Concilium
2540 3391 2986 3468 Carthaginense
3054 3421 3155 3463 vm

2077 3465 2290 3525 Kalend
2345 3474 2482 3530 Maii
2555 3465 2964 3553 Episcoporum
3023 3490 3149 3563 247,

2074 3567 2219 3621 quos
2250 3558 2401 3615 inter
2423 3563 2478 3617 S.
2503 3565 2885 3644 Augustinus,
2932 3583 2988 3633 et
3010 3558 3155 3652 AlyL

2072 3642 2223 3713 pius,
2271 3652 2328 3700 et
2372 3642 2595 3708 iterum,
2626 3670 2677 3711 vr
2715 3659 2818 3715 Kal
2873 3642 2990 3720 'Dec
3040 3642 3153 3740 qua

2062 3734 2216 3796 gesta
2280 3734 2586 3804 Synodalia
2651 3746 2721 3800 ad
2793 3734 3153 3816 Bonifacium

2076 3820 2464 3880 transmittit:
2520 3829 2591 3885 de
2613 3846 2725 3901 qua
2792 3836 2921 3894 vide
2984 3844 3156 3903 Noris

2074 3902 2193 3960 bist
2216 3908 2383 3982 Pelag
2410 3913 2492 3969 lib
2517 3917 2558 3986 ι,
2607 3933 2711 3991 cap
2739 3919 2825 3993 47,
2872 3931 2930 3982 et
2985 3902 3150 3990 notas

2069 3992 2137 4047 ad
2171 3994 2550 4075 Bonifacium,

1889 4549 1952 4591 ιιι
2134 4550 2416 4612 Bonifacii
2444 4552 2481 4610 2
2498 4560 2554 4610 et
2580 4554 2636 4613 3.

1899 4642 1953 4683 IV
2133 4639 2193 4693 In
2247 4641 2478 4700 Perside
2549 4650 2870 4715 persecutio
2910 4652 3147 4712 deszevit

2056 4730 2187 4780 ante
2225 4730 2690 4802 quinquennium
2738 4737 3005 4797 excitata.
3035 4743 3148 4801 So—

2054 4819 2177 4867 crat
2226 4815 2266 4869 l.
2317 4833 2416 4888 vn,
2449 4836 2499 4876 c.
2547 4827 2602 4878 et
2645 4823 2834 4882 Theod
2881 4827 2897 4882 l
2974 4846 3024 4886 v.
3087 4850 3137 4889 c.

2032 4896 2123 4955 89
2142 4907 2198 4958 et
2224 4906 2545 4965 Marcellin.

2122 4991 2361 5048 Romani
2402 4997 2599 5054 Persas
2629 5003 2687 5055 et
2704 5001 2936 5060 Nisibin
2969 5006 3135 5064 obsi-

2048 5077 2187 5134 dent
2237 5099 2249 5134 :

2044 5167 2365 5239 Isdegerdis
2394 5172 2452 5228 ill
2473 5176 2698 5235 adscito
2717 5180 2831 5237 sibi
2858 5184 3126 5245 Alamun-

2042 5255 2183 5313 daro
2232 5260 2510 5320 Saraceno
2568 5269 2801 5327 veniens
2846 5274 3120 5334 vincitur.

2042 5344 2241 5403 Socrat
2281 5350 2365 5405 lib
2404 5368 2501 5423 vn,
2545 5370 2667 5427 cap.
2728 5358 2812 5415 48.
2843 5363 2946 5420 Sed
2992 5367 3122 5424 vide

2042 5435 2154 5507 Pag
2182 5451 2214 5492 a
2240 5453 2297 5493 ιι.
2338 5437 2420 5496 45.

2111 5527 2168 5580 S.
2232 5528 2610 5602 Hieronymus
2652 5541 2900 5598 moritur
2931 5547 3118 5603 {etatis

2037 5627 2188 5672 anno
2213 5614 2299 5674 90.
2346 5621 2603 5695 Prosper,
2651 5627 2750 5696 qui
2780 5628 2949 5686 habet
2974 5640 3120 5691 aeta-

2980 5728 3052 5788 22

2323 5089 2524 5142 contra
2601 5103 2745 5159 quos
2812 5094 3128 5155 Vararanes
3179 5135 3181 5138 ‹

3270 2797 3375 2857 449

3251 4573 3356 4634 420
