3946 6146
127 284 218 342 685

167 411 303 499 {nni
395 414 774 493 Imperatores,
854 429 1109 491 Consules
1166 442 1441 499 Romano-

177 482 280 573 Ρςν.
315 557 336 573 Δ
449 482 596 562 ἠιηι,
623 509 706 549 res
730 482 910 573 gestae,
959 510 1008 559 et
1038 482 1373 572 documento:

177 521 280 535 ι...
450 521 466 543 1
484 521 596 562 um,
623 521 705 549 res
730 521 910 573 gestae,
959 521 1008 559 et
1038 521 1373 572 documenta.
1512 521 1573 574 U.
1603 522 1658 576 ϐ.

153 553 276 649 Jay-1‘.2
285 557 336 607 et
1503 597 1632 647 ante
1653 598 1706 649 et

186 624 276 678 Ιηά
1434 624 1574 730 pos?
1582 624 1709 719 01695.

370 823 619 882 Id.Febr
657 843 900 900 quarum
939 844 1257 915 exemplum
1286 849 1346 906 in
1366 857 1458 911 vet

373 915 474 970 cod
531 919 755 977 Monast
781 926 832 980 S.
867 927 1069 988 Crucis
1093 935 1302 994 Romae.
1336 943 1458 999 Ro-

376 1006 530 1060 mani
566 1007 624 1062 in
649 1010 926 1082 Hispania
951 1021 1059 1077 sub
1078 1023 1311 1084 Castino
1331 1033 1458 1088 Ma-

369 1092 554 1163 gistro
575 1098 831 1158 Militum
855 1118 887 1160 a
920 1108 1191 1169 Vandalis
1211 1116 1458 1176 devicti.‘

365 1182 505 1239 Vide
552 1185 800 1248 Ruinart
831 1193 950 1250 hist
1007 1212 1200 1268 persec
1231 1205 1445 1265 Vandal

364 1283 471 1344 pag
491 1271 548 1343 2,
583 1289 688 1348 cap
711 1275 767 1349 2,
803 1295 855 1336 n.
883 1281 935 1355 3,
970 1290 1026 1342 et
1045 1288 1194 1347 Idac.

425 1361 793 1426 Tricennalia
837 1371 1078 1431 Honorii
1131 1384 1188 1435 et
1234 1383 1444 1440 Vicen—

364 1449 455 1504 nal
480 1452 810 1514 Theodosii.

429 1538 521 1594 Pr.
599 1542 716 1600 Urb
789 1549 892 1610 ΟΡ.
957 1555 1280 1616 Florentius.
1375 1565 1435 1621 C.

358 1627 540 1686 Theod
575 1630 659 1688 lib
688 1648 782 1709 xv,
814 1639 887 1695 tit
914 1640 965 1713 4,
999 1642 1038 1698 l.
1066 1644 1120 1700 8.

166 1796 292 1857 5436

156 1993 222 2066 θ
258 1993 290 2049 6
343 1997 526 2053 Romae
553 2015 742 2059 mense
762 2005 909 2078 Aug.

208 2087 243 2140 G
513 2089 872 2150 Theodosius
892 2097 1002 2154 Jun
1032 2099 1159 2174 Aug
1178 2107 1251 2158 tr.
1275 2119 1331 2175 p.
1359 2102 1420 2162 24

157 2173 317 2229 Indici
350 2180 404 2230 et
427 2173 518 2247 22,
552 2192 649 2235 cos
677 2196 732 2236 x.

190 2276 234 2341 v1
341 2299 474 2341 an“
573 2270 1030 2341 Asclepiodotus.

151 2337 195 2386 et
217 2347 284 2390 vn
343 2337 492 2358 “"°°’
570 2337 856 2401 Marinian
867 2362 951 2402 us.

411 2426 472 2481 C.
503 2428 691 2486 Theod
726 2433 809 2487 lib
837 2448 874 2504 ι,
906 2436 979 2493 tit
1009 2435 1096 2507 44,
1132 2440 1169 2495 l.
1204 2439 1239 2497 3
1262 2443 1416 2500 alim-

346 2529 455 2584 que
481 2520 632 2588 apud
659 2521 876 2579 Reland
907 2533 961 2582 et
996 2526 1245 2602 inscript
1269 2533 1417 2592 Grut

338 2601 459 2677 tot,
489 2606 544 2662 8.

408 2694 547 2753 Obit
577 2700 865 2758 Honorius
887 2705 1198 2776 Imperator
1226 2710 1415 2768 Romae

334 2781 582 2856 Augusti
608 2791 822 2846 mensis
835 2791 932 2847 die
955 2790 1022 2849 46
1045 2795 1131 2850 vel
1156 2794 1246 2851 29.
1275 2798 1415 2855 Vide

337 2879 500 2930 notas
528 2877 596 2932 ad
641 2879 1011 2938 leestinum
1041 2889 1099 2940 et
1123 2887 1202 2942 du
1229 2886 1415 2959 Gange

341 2960 461 3018 hist
492 2965 598 3035 Byz
629 2965 740 3022 iam
773 2983 882 3042 pag
908 2965 998 3027 72.

401 3054 506 3108 His
527 3069 655 3111 coss
683 3058 945 3114 Eudoxia
966 3066 1196 3119 creatur
1216 3064 1407 3138 Augu-

333 3143 420 3197 sta
467 3156 522 3198 ιν
564 3145 756 3201 Nonas
783 3148 998 3204 Ianuar
1023 3150 1211 3208 Chron
1242 3153 1407 3210 Alex.

402 3232 903 3304 Longobardorum
960 3241 1249 3298 secundus
1313 3257 1412 3298 re-

332 3325 465 3388 gnat
486 3321 768 3378 Lamissus
813 3338 927 3380 ann
953 3325 1006 3397 3,
1055 3329 1297 3386 Joannes
1340 3345 1408 3386 ex

329 3406 561 3464 Notario
588 3411 896 3482 imperium
933 3421 1176 3487 usurpat
1202 3419 1262 3473 in
1291 3418 1409 3474 Oc-

331 3495 419 3550 cid
445 3497 641 3555 Socrat
667 3501 704 3556 l.
740 3516 839 3572 vn,
872 3518 928 3559 c.
971 3502 1065 3561 25.

341 2299 492 2358 Coss.

140 3574 262 3634 5437
397 3587 556 3657 Impp
575 3590 725 3646 ϐεδε
759 3593 1120 3652 Theodosius
1141 3597 1250 3654 Jun
1278 3597 1407 3670 Aug

141 3670 195 3737 Θ
227 3673 288 3733 43
330 3685 406 3736 tr.
455 3683 616 3753 p.22
645 3692 701 3742 et
736 3686 825 3759 23,
857 3705 954 3748 cos
980 3707 1042 3748 x.

132 3759 192 3832 θ
229 3763 262 3821 7
397 3771 841 3833 Valentinianus
858 3781 1060 3838 Caesar.

120 3851 278 3980 Igdfct
324 3894 462 3951 C035
540 3862 835 3992 3:15:32.“

158 4022 224 4067 vn
389 4019 455 4074 C.
491 4021 680 4080 Theod
713 4024 798 4080 lib
840 4040 936 4099 xv,
970 4030 1040 4087 tit
1059 4027 1113 4100 5,
1172 4030 1243 4086 de
1271 4046 1409 4103 spe-

123 4101 272 4159 etvm
325 4110 568 4166 ctaculis
592 4112 631 4168 l.
663 4111 716 4184 4,
753 4115 852 4171 ubi
882 4117 1041 4175 solus
1071 4120 1187 4190 imp
1218 4101 1410 4178 Theo—

321 4195 424 4252 dos
445 4213 481 4253 x
511 4200 615 4256 Kal
646 4204 780 4260 Maii
822 4205 1052 4263 Victore
1081 4209 1150 4265 V.
1188 4209 1248 4265 C.
1281 4225 1410 4268 coss

322 4291 379 4340 et
402 4287 484 4343 lib
515 4305 552 4345 x
580 4292 834 4361 ejusdem
884 4297 986 4352 cod
1015 4297 1097 4352 Th
1129 4303 1172 4352 t.
1196 4297 1287 4368 20,
1338 4301 1409 4357 de

319 4375 686 4450 Murilegulis
705 4383 742 4438 1.
769 4380 854 4454 44,
875 4385 1009 4442 data
1022 4399 1140 4442 xvn
1160 4387 1263 4444 Kal
1286 4391 1406 4448 Nov

321 4461 548 4522 Victore
573 4483 672 4527 cos
703 4471 802 4528 ubi
828 4473 1185 4534 Theodosius
1209 4477 1406 4548 Auget

319 4553 762 4617 Valentinianus
789 4562 910 4621 (ἕως
939 4567 1292 4622 nominatur.

388 4645 477 4700 Pr.
521 4648 639 4704 Urb
708 4651 810 4706 ΟΡ.
886 4654 1200 4711 Severinus.
1283 4654 1401 4713 Cod

311 4734 502 4792 Theod
533 4736 620 4793 lib
645 4753 738 4812 xv,
770 4745 812 4798 t.
845 4740 899 4816 4,
930 4743 972 4800 l.
1000 4743 1091 4803 52.

122 5058 242 5160 5l33
376 5073 543 5144 Impp
566 5074 716 5134 Cass
753 5079 1112 5139 Theodosius
1131 5085 1239 5142 Jun
1269 5085 1396 5160 Aug

179 5153 238 5212 44
309 5164 382 5217 tr.
415 5177 480 5232 p.
516 5161 586 5220 23
616 5171 672 5222 et
700 5164 788 5238 24,
825 5184 923 5227 cos
953 5184 1034 5226 xI.

205 5244 239 5302 8
375 5253 449 5308 Et
475 5252 710 5314 Flavius
730 5258 1020 5317 Placidius
1045 5261 1394 5321 Valentinia-

117 5332 156 5384 D
303 5353 414 5398 nus
441 5343 552 5400 Jun
577 5345 697 5403 Caes
730 5361 859 5405 mox
892 5351 1064 5407 etiam
1094 5352 1392 5426 Augustus

104 5419 256 5482 Indici
301 5430 498 5488 dictus
539 5435 598 5490 d.
625 5434 714 5492 23.
745 5437 955 5495 Octobr
982 5440 1061 5497 du
1089 5419 1274 5514 Can'ge
1298 5441 1392 5499 fa—

130 5524 214 5571 vni
304 5520 404 5575 mil
434 5522 542 5592 Byz
572 5537 642 5580 ex
675 5523 1085 5597 Olympiodoro
1115 5536 1169 5587 et
1193 5532 1388 5588 Latere

117 5603 155 5651 et
181 5616 229 5661 lx
298 5609 492 5666 Silvii.

424 1806 584 1880 Impp
612 1813 762 1870 Caess
793 1817 1083 1879 Honorius
1112 1827 1240 1900 Aug
1271 1833 1341 1883 tr.
1375 1845 1428 1901 p.
1509 1831 1647 1894 4475

160 1901 224 1971 ξ)
251 1896 312 1954 42
356 1900 422 1959 30
463 1912 519 1963 et
559 1907 649 1981 34,
685 1929 780 1971 eos
837 1932 968 1989 xm,
1033 1924 1132 1992 qui
1187 1896 1435 1985 moritur
1506 1927 1644 1987 4476

1481 3595 1619 3655 4476

1480 3693 1619 3752 4477

1470 5081 1609 5142 4477

1467 5173 1606 5232 4478

1740 1777 1796 1839 Β

1038 311 1376 374 CHRONOL.
1421 322 1468 378 A
1503 324 1560 380 S.
1600 327 1988 392 SYLVESTRO
2024 338 2116 394 AD
2151 341 2205 396 S.
2247 345 2454 403 GREG.
2495 355 2570 409 M.

1499 449 1655 504 Anm
1773 454 1833 512 A
1930 462 2088 518 Anni

1891 530 2099 607 Olymp.

1952 1852 1992 1895 Il

1931 1939 1994 1981 III

1907 3614 1969 3657 ιιι

1905 3703 1964 3746 ιν

1851 5084 2008 5156 Olym

1873 5172 1980 5233 300

1893 5279 1948 5321 IV

1890 5360 1942 5410 et

1874 5442 1972 5501 304

1910 5548 1928 5590 I

2132 845 2522 910 Narbonensis
2537 859 2669 930 jura
2683 869 3022 939 usurpantls
3037 886 3217 938 ausus

2130 941 2466 1010 comprimit
2492 947 2954 1019 Illyricianorum
2983 961 3212 1022 Praesu-

2129 1022 2249 1084 lum
2281 1043 2479 1092 ausus.
2508 1037 2648 1096 Vide
2676 1050 2841 1102 notas
2867 1050 2938 1107 ad
2971 1052 3212 1113 Bonifa-

2127 1115 2304 1174 cium.

2195 1207 2515 1274 Theodosio
2560 1224 2839 1282 nascitur
2864 1229 2987 1288 lilia
3009 1233 3211 1296 Eudo-

2124 1295 2243 1351 xia.
2301 1303 2529 1364 Marcell
2583 1310 2765 1370 Persae
2830 1331 3024 1389 pacem
3073 1338 3206 1386 cum

2118 1381 2391 1445 Romanis
2419 1394 2648 1454 ineunt.
2676 1402 2786 1459 Ibi.

2189 1476 2479 1539 Maximus
2517 1487 2820 1559 Tyrannus
2864 1503 2923 1558 et
2964 1501 3206 1565 Jovinus

2116 1559 2268 1622 ferro
2308 1569 2446 1626 victi
2491 1574 2931 1646 Tricennalibus
2959 1591 3200 1652 Honorii

2114 1652 2352 1747 adducti
2423 1673 2492 1717 ex
2544 1665 2760 1739 Hispan
2817 1678 2990 1747 atque
3039 1683 3194 1742 cesi.

2109 1739 2218 1795 Ibi.

2189 1847 2484 1912 Coelestini
2514 1855 2538 1914 4
2564 1865 2621 1918 et
2648 1861 2702 1920 2.

2174 1936 2256 1992 Ex
2316 1939 2422 1998 hoc
2472 1959 2624 2004 anno
2698 1967 2798 2022 per
2871 1958 3188 2023 triennium

2105 2035 2464 2098 consequens
2513 2036 2567 2090 S.
2605 2038 2972 2112 Augustinus
3005 2049 3188 2111 libros

3278 1878 3388 1942 423

2101 2199 2203 2301 Rei
2223 2203 2494 2301 absolvit.
2515 2214 2656 2274 Vide
2676 2221 2849 2279 Noris
2873 2224 2996 2282 hist
3012 2229 3186 2301 Pelag

2095 2287 2179 2343 lib
2210 2305 2249 2361 ι,
2283 2309 2388 2366 cap
2405 2297 2493 2370 24,
2529 2317 2639 2376 pag
2663 2305 2785 2368 452.

2165 2380 2420 2443 Placidia
2482 2390 2741 2465 Augusta
2809 2399 2882 2456 ab
2925 2403 3179 2462 Honorio

2095 2466 2271 2528 fratre
2299 2488 2429 2532 cum
2455 2479 2599 2538 ﬁliis
2626 2486 2864 2554 expulsa
2894 2491 2963 2546 ad
2985 2489 3179 2550 Theo-

2090 2556 2321 2617 dosium
2343 2568 2754 2643 proﬁciscitur,
2777 2576 3072 2637 Bonifacio
3088 2597 3177 2640 co-

2091 2645 2230 2702 mite
2253 2660 2521 2723 sumptus
2552 2659 2941 2723 ministrante.
2971 2667 3176 2741 Olym-

2088 2733 2220 2802 piod
2249 2743 2306 2794 et
2326 2740 2585 2814 Prosper.

2156 2823 2504 2920 leestinus
2585 2837 2734 2910 Papa
2831 2845 3171 2920 Pelagianos

2085 2911 2253 2971 Italia
2311 2922 2569 2990 expellit.
2645 2929 2887 3002 Prosper
2967 2911 3169 2997 contra

2085 3003 2416 3064 collatorem
2464 3026 2568 3085 cap
2597 3012 2686 3072 44.
2715 3021 2986 3082 Julianus
3017 3029 3171 3089 inter

2087 3089 2420 3188 hos_libros
2441 3099 2497 3173 8,
2530 3111 2731 3168 contra
2765 3111 2822 3168 S.
2871 3114 3166 3188 Augustin

2085 3181 2292 3238 scribit
2333 3187 2392 3243 in
2415 3191 2644 3266 Cilicia,
2679 3198 2779 3253 ubi
2807 3181 3164 3266 Theodorum

2085 3267 2548 3338 Mopsuestenum
2599 3281 2969 3355 Pelagianum
3015 3291 3162 3350 adit.

2155 3357 2296 3415 Vide
2324 3361 2494 3419 Noris
2538 3366 2658 3424 hist
2682 3370 2852 3444 Pelag
2878 3373 2930 3434 l.
2974 3390 3015 3433 ι.
3037 3391 3095 3434 c.
3132 3376 3176 3434 9

2080 3449 2137 3503 et
2165 3446 2398 3519 Pagium
2422 3453 2492 3510 ad
2525 3453 2590 3512 h.
2615 3469 2670 3515 a.
2706 3472 2762 3516 η.
2800 3457 2887 3521 45.

2150 3607 2444 3668 leestini
2469 3610 2507 3671 2
2534 3619 2591 3671 et
2614 3614 2676 3672 3.

2151 3696 2512 3758 Theodosius
2525 3704 2997 3772 Valentinianum
3013 3714 3166 3776 Ami-

2084 3786 2154 3840 tae
2182 3800 2302 3842 sua:
2332 3788 2518 3847 ﬁlium
2561 3793 2836 3856 Caesarem
2892 3798 3053 3875 facit,
3083 3809 3166 3876 {et

2081 3874 2151 3929 ad
2186 3881 2641 3948 recuperandum
2673 3883 2980 3956 imperium
3023 3874 3171 3951 con-

2082 3965 2172 4018 tra
2199 3964 2471 4024 Joannem
2498 3971 2684 4028 mittit
2707 3991 2722 4030 :
2751 3973 3032 4052 (Prosper)
3064 3985 3166 4058 qui

2080 4048 2380 4123 Augustus
2409 4056 2599 4118 Romae
2639 4067 2869 4122 creatus
2911 4048 3168 4142 est'post

2081 4141 2335 4201 occisum
2369 4146 2641 4206 Joannem
2681 4157 2985 4228 tyrannum
3014 4172 3167 4220 anno

2083 4243 2184 4301 seq
2210 4237 2274 4288 ut
2292 4233 2523 4292 Idacius
2543 4242 2600 4294 et
2626 4240 2997 4305 Marcellinus
3011 4251 3171 4311 sori—

2083 4316 2252 4378 bunt.
2285 4324 2506 4383 Interea
2541 4327 2598 4383 h.
2631 4343 2682 4386 a.
2713 4331 2900 4392 Cmsar
2942 4345 3171 4399 creatus

2080 4408 2400 4470 Eudoxiam
2450 4417 2758 4478 Theodosii
2814 4423 2998 4487 ﬁliam
3043 4430 3166 4489 sibi

2077 4497 2405 4570 desponsat.
2432 4505 2538 4561 Ibi.

2147 4589 2413 4646 Πουπὴί
2449 4594 2818 4653 Adi-anethi
2857 4600 2920 4656 in
2944 4602 3160 4677 Africa,

2075 4675 2147 4731 de
2171 4679 2358 4748 gratia
2373 4683 2429 4735 et
2457 4679 2641 4739 libero
2665 4684 2912 4742 arbitrio
2932 4675 3166 4762 litigans

2077 4769 2182 4837 tes,
2241 4768 2492 4838 acceptis
2519 4768 2592 4828 ab
2631 4772 2956 4846 Augustino
2986 4777 3161 4840 libris

2077 4853 2138 4908 in
2178 4858 2542 4917 concordiam
2585 4870 2952 4925 revocantur.
2986 4870 3158 4928 Noris

2075 4941 2196 5000 hist
2215 4946 2384 5018 Pelag
2410 4948 2495 5005 lib
2524 4962 2564 5020 t,
2595 4966 2701 5023 cap
2723 4950 2820 5011 23.

2146 5089 2439 5148 Coelestini
2466 5090 2501 5148 3
2519 5098 2576 5150 et
2599 5092 2652 5150 4.

2143 5179 2403 5238 Placidia
2446 5183 2703 5257 Augusta
2734 5201 2997 5262 magnam
3044 5210 3152 5271 ge-

2069 5281 2200 5325 rens
2245 5284 2440 5329 curam
2489 5289 2594 5345 pro
2657 5276 2951 5341 Catholica
3000 5286 3147 5348 reli-

2070 5357 2239 5429 gione
2267 5367 2322 5417 et
2348 5362 2645 5437 Ecclesiis,
2677 5367 2829 5440 leges
2871 5377 3143 5448 complu-

2068 5461 2160 5503 res
2182 5448 2275 5504 edi
2307 5458 2471 5509 curat
2510 5461 2712 5515 contra
2755 5459 3058 5525 haereticos
3084 5473 3141 5526 et

2067 5536 2466 5598 schismaticos
2498 5551 2622 5612 post
2639 5548 2909 5610 Joannem
2941 5561 3143 5624 tyran—

2067 5640 2200 5681 num
2249 5628 2371 5683 neci
2437 5634 2734 5693 traditum.
2789 5641 2928 5696 Vide
2972 5643 3144 5702 Noris

3257 3627 3366 3694 424

3233 5107 3343 5171 425
