3968 6164
412 315 517 380 687

1215 307 1306 360 ΑΙ)
1346 301 1780 359 ANASTASIUM
1817 294 2332 367 PROLEGOMENA
2367 296 2542 351 EDIT.
2586 287 3016 348 ROM.-—VAT[C.

3706 264 3796 324 688

475 446 631 502 Anni
737 440 1114 508 Imperatores,
1152 433 1426 508 Consules.
1459 432 1734 486 Romano—
1841 428 1993 480 Anni
2101 421 2162 482 A
2255 422 2412 478 Anni
2501 422 2958 477 Christianorum.
2996 412 3299 508 dudzortgm
3438 402 3576 470 Ῑῖηί-
3613 393 3780 508 έηπί

1629 506 1636 508 _
1874 498 1922 508 -ν
1969 498 1999 508 ,-
2229 493 2286 508 nl
2553 496 2589 508 .-
2848 507 2870 508 η
2895 503 2984 508 η--.
3015 496 3156 508 At...“
3265 494 3338 508 nn-
3365 480 3377 508 ἔ
3419 489 3502 508 nnc
3653 483 3731 508 ,ην

719 493 759 558 ί
786 493 908 564 rum
951 524 1035 563 res
1064 493 1242 574 gestae,
1267 510 1317 556 et
1355 505 1693 557 documenta.
1874 498 1936 574 ΠΤ
1960 498 2037 574 θ’-
2222 493 2432 564 Olymp'

431 569 621 643 Ιιῐιζει
1066 569 1084 574 ⁷
1234 569 1240 573 ⁷
1835 569 2039 643 ante_et

452 636 560 715 Ind
574 636 615 642 ﬂ
1805 643 1931 710 post
1949 636 2067 691 Pal.

917 825 1413 904 I_r_rtp_Theodositts_
1426 825 1534 904 Jun
1555 823 1783 904 Aug)“.

915 893 1019 956 Fl.'
1040 899 1123 954 Pl.
1168 893 1634 952 "Valentinianus
1679 893 1789 946 Jun

987 972 1105 1027 Cass
1136 983 1267 1025 mox
1297 971 1442 1038 Aug.

773 1065 833 1118 C.
866 1063 970 1118 Th.
1004 1061 1089 1116 lib
1131 1073 1212 1129 VI,
1245 1065 1288 1113 t.
1341 1055 1426 1125 40,
1459 1055 1530 1111 de
1579 1051 1793 1107 Primic

703 1160 760 1210 et
810 1158 910 1208 not
953 1151 992 1208 l.
1023 1147 1076 1217 4,
1137 1147 1237 1205 ubi
1281 1145 1542 1200 Theodos
1583 1142 1708 1212 Aug
1738 1145 1794 1193 et

702 1243 908 1299 Valent
934 1241 1054 1296 Cais
1082 1253 1121 1294 x
1151 1237 1256 1292 Kal
1275 1236 1382 1291 Oct
1412 1231 1795 1305 quemadmo—

703 1334 842 1389 dum
894 1335 952 1384 et
996 1328 1126 1384 aliae
1204 1323 1590 1396 praecedentes
1642 1317 1791 1387 apud

705 1420 942 1476 Reland.
994 1417 1159 1472 Circa
1201 1414 1339 1470 anni
1371 1413 1539 1467 finem
1581 1408 1798 1462 Valen-

707 1509 970 1564 tinianus
1000 1503 1293 1575 septennis
1311 1515 1452 1572 puer
1479 1501 1670 1553 Roma:
1696 1496 1798 1549 im-

710 1603 940 1668 perator
963 1593 1266 1666 processit,
1311 1597 1378 1647 ut
1405 1603 1474 1645 ex
1516 1586 1704 1643 Idacio
1743 1587 1800 1637 et

709 1686 1118 1758 Olympiodoro
1160 1688 1298 1739 tunc
1328 1675 1657 1734 viventibus
1682 1685 1807 1758 pro-

713 1746 813 1832 bat
831 1746 1009 1831 ubi-is
1042 1773 1161 1828 hist
1196 1770 1365 1840 Pelag
1394 1766 1478 1822 lib
1500 1780 1539 1830 ι,
1573 1777 1678 1831 cap
1705 1757 1798 1824 at,
2112 1746 2167 1807 B

717 1879 824 1936 pag
865 1861 986 1932 452,
1033 1862 1135 1918 ubi
1177 1859 1349 1914 etiam
1398 1853 1650 1911 ostendit
1675 1851 1800 1905 Au-

717 1954 873 2026 gusti
919 1964 1123 2009 nomen
1155 1945 1421 2018 prazferre
1467 1946 1524 1999 in
1560 1943 1682 2012 lege
1706 1952 1804 1994 se-

719 2025 908 2099 cunda
961 2040 1064 2096 cod
1108 2036 1297 2093 Theod
1327 2033 1411 2088 lib
1443 2046 1498 2100 x,
1540 2031 1613 2085 tit
1639 2025 1710 2082 26
1733 2027 1804 2082 de

723 2127 1175 2186 conductoribus
1202 2127 1335 2182 data
1361 2137 1427 2178 ιιι
1446 2123 1571 2176 Non
1590 2119 1804 2172 Januar

724 2219 863 2272 anni
896 2217 1159 2286 proxime
1188 2209 1594 2282 consequentis
1613 2203 1802 2260 Theod

727 2317 808 2358 xu
840 2312 896 2359 et
918 2305 1325 2360 Valentiniano
1359 2316 1422 2370 ιι,
1448 2313 1597 2355 coss.

801 2447 962 2514 Impp
993 2445 1140 2500 Cass
1180 2443 1538 2500 Theodosius
1578 2440 1703 2508 Aug
1731 2441 1802 2489 tr.
1881 2424 2020 2484 4478

807 2539 880 2580 OL
905 2548 958 2580 of
988 2539 1062 2580 oss
1105 2554 1202 2580 nne
1232 2555 1311 2580 n.
1881 2520 2020 2580 M79

1881 2521 2020 2580 4479

709 871 844 926 Coss

514 2444 658 2504 5439
801 2447 962 2504 Imnn
993 2445 1140 2500 Cass
1180 2443 1538 2500 Theodosius
1578 2440 1703 2504 Aug
1731 2441 1802 2489 tr.
1881 2424 2020 2484 4478
2320 2417 2363 2458 Π

511 2539 587 2612 ﬁ}
619 2541 688 2600 45
725 2557 780 2614 p.
807 2539 880 2599 24
905 2548 964 2596 et
988 2539 1084 2611 25,
1105 2554 1202 2596 cos
1232 2555 1340 2595 xu.

507 2631 582 2704 ο
651 2629 688 2686 9
806 2633 875 2685 Et
921 2627 1367 2684 Valentinianus
1417 2628 1527 2680 Jun
1585 2635 1684 2676 seu
1736 2619 1810 2674 ΙΙΙ

521 2721 561 2778 C
739 2719 866 2790 Aug
886 2726 960 2774 tr.
988 2731 1098 2789 pag
1138 2713 1188 2787 4,
1220 2713 1274 2785 2,
1303 2729 1400 2770 cos
1431 2728 1494 2768 ιι.

507 2811 690 2866 Indict
816 2843 948 2866 μη,
1312 2799 1668 2856 Theodosius
1699 2810 1805 2851 xu.

1311 2871 1750 2927 Valentinianus

1394 2945 1504 2997 Jun
1534 2958 1592 2994 ιι.

815 2843 952 2899 Coss

743 2914 917 2970 iidem
940 2913 1105 2984 Augg

809 3041 918 3093 Lex
950 3035 1087 3126 2
1119 3034 1308 3126 Theod
1348 3043 1520 3101 supra
1560 3027 1816 3126 indicata
2109 3065 2159 3126 ϐ

738 3127 822 3181 lib
849 3141 906 3196 ιιι,
954 3133 996 3180 t.
1020 3122 1110 3194 26,
1139 3123 1382 3190 aliaeque
1425 3119 1576 3188 apud
1599 3113 1812 3170 Reland

739 3220 826 3268 etc
866 3219 922 3266 et
975 3213 1036 3266 in
1065 3209 1466 3279 designatione
1503 3203 1700 3259 Eradii
1745 3201 1816 3254 ad

737 3302 972 3370 episcop
1000 3299 1056 3354 S.
1085 3296 1374 3366 Augustin
1401 3308 1491 3362 ep.
1521 3289 1644 3346 440.

812 3389 885 3442 Pr
929 3386 1066 3442 Urbi
1099 3387 1166 3440 R.
1210 3385 1472 3438 Albinus.
1503 3381 1563 3436 C.
1595 3379 1700 3434 Th.
1733 3377 1816 3432 lib

737 3491 866 3545 Vill,
921 3480 963 3530 t.
993 3470 1030 3530 7
1067 3474 1108 3529 1.
1138 3470 1229 3541 22,
1259 3471 1362 3527 CP.
1391 3471 1564 3538 Cyrus
1601 3467 1662 3522 C.
1691 3467 1820 3521 Just

735 3565 821 3622 lib
872 3579 950 3620 x1.
1001 3569 1044 3618 t.
1085 3559 1140 3629 7,
1174 3561 1212 3616 l.
1239 3559 1294 3630 5,
1323 3564 1514 3630 postea
1567 3557 1814 3608 Hicrius.
1889 3624 1894 3630 η

733 3655 796 3710 C.
851 3655 979 3708 Just
1021 3651 1106 3708 lib
1153 3665 1258 3720 xu,
1313 3655 1354 3704 t.
1385 3645 1476 3717 59,
1526 3645 1568 3700 l.
1597 3641 1652 3698 7.
1680 3643 1823 3698 Vide

735 3741 951 3796 Reland
995 3739 1330 3796 Gunderius
1375 3750 1474 3792 rex
1526 3732 1822 3788 Vandalo—

736 3844 865 3884 rum
895 3834 1062 3895 capto
1082 3826 1326 3893 Hispali,
1361 3837 1491 3879 cum
1521 3823 1579 3876 in
1619 3821 1822 3876 Eccle-

733 3917 880 3970 siam
901 3911 1160 3967 civitatis
1183 3910 1392 3978 impias
1411 3921 1615 3961 manus
1633 3914 1824 3962 exten-

731 4003 912 4058 deret.
941 4015 975 4055 a
999 4000 1261 4054 Daemone
1290 4000 1592 4064 correptus
1627 3995 1817 4048 inter—

737 4090 837 4144 iit.
887 4087 1231 4144 Gensericus
1264 4083 1441 4140 frater
1471 4083 1731 4138 succedit
1757 4081 1818 4134 in

731 4172 1003 4232 Arianam
1029 4174 1323 4243 perﬁdiam
1342 4172 1664 4241 prolapsus.
1693 4169 1815 4224 Ida-

728 4265 860 4320 cius
880 4265 940 4318 in
979 4263 1180 4317 chron.

569 2895 631 2936 IX

535 2957 644 3006 etx

808 4407 985 4475 Impp.
1065 4402 1214 4458 Caass
1281 4355 1636 4454 Theodosius
1706 4399 1816 4454 Jun
1893 4392 2034 4452 4479
2131 4403 2185 4464 D
2332 4409 2372 4450 ιι

737 4495 867 4566 Aug
891 4499 965 4548 tr.
995 4508 1046 4562 p.
1070 4489 1159 4559 25,
1183 4489 1273 4559 26,
1299 4502 1415 4544 cos.
1447 4499 1551 4542 xu.
1893 4483 2032 4542 4480
2319 4495 2385 4538 ιιι

525 4581 668 4641 5440
810 4583 880 4638 Et
937 4580 1376 4636 Valentinianus
1410 4577 1522 4632 Jun
1573 4575 1698 4645 Aug
1745 4581 1818 4628 tr.

517 4677 592 4750 ζῇ
625 4678 694 4738 46
743 4697 795 4752 p.
833 4679 888 4750 2,
916 4678 970 4736 3.
1006 4692 1123 4744 cos,
1159 4693 1223 4733 ιι.

509 4770 593 4862 ρ.
631 4768 698 4826 40
737 4806 875 4862 Coss
947 4767 1235 4862 122235;.

549 4837 593 4896 Β
737 4837 875 4878 “9°”
953 4837 1314 4894 Ardaburius

496 4931 696 4986 Indict.
816 4930 928 4987 Cod
960 4928 1147 4984 Theod
1188 4925 1272 4982 lib
1302 4939 1402 4994 vu,
1429 4931 1472 4982 t.
1515 4923 1570 4992 8,
1602 4924 1642 4978 l.
1669 4919 1736 4978 44
1765 4927 1825 4979 et

585 5033 624 5074 x
752 5019 837 5075 lib
886 5035 966 5088 γι,
997 5023 1042 5074 t.
1068 5015 1157 5085 24,
1213 5015 1250 5071 l.
1284 5013 1371 5086 40,
1403 5013 1644 5084 aliaeque
1668 5011 1818 5082 apud

539 5113 592 5162 et
613 5121 675 5162 ιιι
751 5107 1091 5164 Belandum.

823 5194 1153 5251 Bonifacius
1209 5205 1395 5246 comes
1437 5191 1591 5245 Aetii
1623 5189 1828 5259 prodi—

755 5283 914 5338 tione
939 5283 1264 5338 declaratus
1294 5278 1478 5333 hostis
1516 5278 1677 5332 Rom.
1709 5282 1828 5334 Im—

759 5370 927 5441 perii,
959 5383 1084 5424 cum
1135 5365 1408 5422 Vandalis
1457 5367 1572 5421 icto
1618 5365 1829 5422 foedere

758 5459 1133 5518 Gensericum
1161 5471 1231 5512 ex
1258 5456 1535 5526 Hispania
1575 5457 1635 5512 in
1664 5455 1830 5511 Afri-

761 5565 880 5607 cam
931 5551 1095 5605 vocat
1136 5546 1394 5616 quicum
1449 5543 1518 5600 80
1565 5544 1829 5601 millibus

2836 471 3178 558 populorum,
3220 480 3524 558 Pontiﬁces.
3587 471 3731 558 [443nm

2891 540 3048 628 g‘esta:
3102 557 3148 605 et
3171 540 3532 602 '(Iocuuimtu.
3582 540 3760 596 Christi

2465 777 2586 856 ιιὲι
2609 797 2775 866 Pelag
2812 796 2850 850 1.
2889 809 2923 849 ι.
2961 807 3084 860 cap.
3119 785 3212 857 24,
3249 799 3375 854 pag.

2537 887 2739 941 Lerina
2775 883 2966 938 Insula
3005 882 3063 934 in
3098 873 3368 932 Cmnobio
3412 871 3534 923 Mo-

2467 975 2779 1030 nachorum
2810 987 2905 1041 per
2931 971 2986 1024 S.
3015 969 3363 1022 Honoratum
3391 973 3532 1014 con—

2471 1069 2595 1124 dito
2637 1069 2699 1123 ﬁt
2748 1067 3071 1123 sanctorum
3113 1059 3523 1129 Episcoporum

2467 1158 2860 1212 seminarium:
2909 1154 3010 1210 ubi
3049 1151 3141 1206 SS.
3190 1143 3527 1204 Eucherius,

2469 1246 2769 1312 Maximus,
2803 1243 3080 1308 Hilarius,
3128 1239 3389 1298 Faustus,
3424 1231 3543 1284 Lu-

2471 1351 2577 1404 pus
2597 1334 2700 1389 hac
2723 1337 2884 1389 :etate
2897 1332 3004 1388 sub
3025 1331 3306 1384 Honorato
3330 1326 3549 1376 rectore

2464 1424 2720 1481 Ccenobii
2765 1421 3196 1478 exercebantur.
3227 1413 3314 1468 Ibi
3349 1409 3432 1464 lib
3461 1421 3500 1461 ιι
3527 1447 3542 1466 .

2470 1525 2574 1581 cap
2605 1509 2654 1581 4,
2699 1527 2751 1582 p.
2785 1507 2906 1564 463.
2932 1505 3095 1576 Apud
3127 1503 3259 1558 illos
3299 1504 3544 1552 attamen

2472 1601 2776 1656 Monachos
2825 1597 3040 1666 incipit
3081 1602 3306 1660 serpere
3348 1587 3544 1655 dogma

2475 1688 3083 1758 Semipelagianorum.
3103 1680 3188 1736 Ibi
3209 1677 3312 1733 lib.
3336 1689 3397 1742 ιι,
3426 1687 3474 1727 c.
3493 1668 3546 1724 2.

2548 1777 2902 1833 Theodosius
2947 1771 3172 1828 scholas
3215 1761 3546 1820 Constanti-

2478 1866 2843 1936 nopolitanas
2863 1871 3176 1928 earumque
3202 1853 3549 1925 professores

2481 1961 2542 2013 in
2570 1957 2859 2012 meliorem
2889 1951 3132 2008 formam
3183 1941 3463 2006 restituit,
3498 1944 3552 1992 et

2482 2047 2576 2102 his
2628 2043 2934 2114 privilegia
2987 2035 3264 2102 decernit,
3319 2031 3359 2086 l.

2475 2113 2664 2189 Theod
2704 2133 2774 2187 de
2812 2129 2944 2184 stud
2985 2123 3187 2182 liberal
3237 2127 3292 2176 et
3333 2119 3372 2173 l.
3419 2113 3440 2170 4
3487 2117 3557 2171 de

2482 2218 2922 2293 professoribus.

2553 2309 2848 2368 Ctelestini
2881 2305 2914 2362 4
2941 2313 2998 2363 et
3025 2303 3062 2360 5

2509 2472 2522 2478 _
2557 2403 2780 2456 Mortuo
2809 2397 2996 2453 Attico
3027 2393 3184 2464 episc
3220 2387 3557 2446 Constanti-

2483 2489 2836 2560 n0politano,
2878 2499 2936 2538 vr
2987 2485 3047 2539 Id
3087 2481 3192 2538 Oct
3229 2479 3366 2534 anni
3409 2490 3559 2545 pra:—

2483 2579 2582 2634 ced
2601 2579 2766 2646 juxta
2790 2575 2988 2630 Socrat
3018 2573 3055 2628 l.
3088 2585 3183 2639 vn,
3229 2581 3332 2636 cap
3359 2562 3447 2631 25,
3477 2564 3559 2620 Si-

2485 2667 2717 2722 sinnius
2761 2665 3065 2735 episcopus
3095 2662 3334 2733 eligitur
3373 2657 3561 2726 pridie

2482 2757 2587 2811 Kal
2626 2755 2819 2811 Martii
2861 2755 3059 2810 Socrat
3081 2756 3137 2807 et
3164 2747 3554 2805 Marcellinus.

2483 2846 2742 2902 Patroclo
2783 2843 3103 2899 Arelatensi
3141 2839 3398 2895 succedit
3440 2836 3562 2890 Ho—

2487 2935 2724 2992 noratus
2751 2948 2820 2990 ex
2857 2932 3073 2988 Abbate
3101 2929 3419 2985 Lerinensi.

3644 2380 3738 2438 426

2557 3026 2610 3080 S.
2631 3024 2995 3096 Augustinus
3009 3019 3334 3090 Pelagianis
3352 3016 3565 3084 ubique

2489 3119 2772 3170 terrarum
2844 3110 3146 3182 prostratis
3217 3107 3564 3176 scriptorum

2489 3191 2724 3262 suorum
2759 3215 3058 3258 censuram
3097 3198 3380 3255 adoritur.
3414 3195 3566 3250 Idem

2488 3294 2763 3350 Eradium
2830 3291 3226 3361 Presbyterum
3305 3285 3570 3354 designat

2489 3383 2888 3451 Coadjutorem
2906 3381 3272 3452 episcopatus
3297 3376 3447 3430 Actu
3474 3387 3575 3442 pu-

2491 3473 2641 3528 blice
2669 3471 2894 3542 signato
2925 3469 3021 3526 bis
3039 3482 3186 3524 coss.
3208 3465 3348 3520 Vide
3374 3462 3568 3517 Neris.

2495 3562 2615 3618 hist
2639 3561 2808 3632 Pelag
2830 3559 2915 3615 lib
2946 3572 2962 3613 ι
2997 3571 3106 3628 pag
3145 3550 3247 3609 453
3278 3556 3333 3608 et
3361 3547 3492 3606 455.

2565 4394 2857 4452 ϐωιθεῐίηἱ
2887 4393 2924 4450 5
2946 4401 3002 4450 et
3020 4394 3055 4450 6
3661 4383 3760 4442 427

2563 4484 2859 4540 Sisinnius
2901 4481 3575 4552 ConstantinOpolitanus

2493 4573 2800 4642 episcopus
2829 4572 3076 4628 moritur
3101 4571 3254 4627 circa
3284 4572 3422 4627 anni
3457 4571 3577 4625 hu-

2491 4663 2589 4730 jus
2619 4662 2784 4718 ﬁnem
2839 4658 2911 4717 24
2961 4661 3237 4716 Decembr
3271 4661 3367 4716 cui
3423 4673 3575 4715 anno

2494 4750 2753 4819 proximo
2791 4764 3090 4806 successor
3139 4751 3313 4806 datur
3363 4751 3574 4804 Nesto—

2499 4838 2641 4894 rius.
2684 4839 2819 4894 Socr
2845 4838 2885 4893 1.
2917 4853 3019 4900 vu.
3053 4855 3103 4895 c.
3134 4837 3226 4896 28.

2567 4927 2622 4982 S.
2658 4927 3021 4998 Augustinus
3061 4929 3208 4985 duos
3251 4929 3432 4985 libros
3462 4930 3580 4984 Re—

2501 5017 2908 5072 tractationum
2967 5017 3073 5073 hoc
3115 5031 3266 5073 anno
3306 5019 3572 5088 complet,

2502 5119 2614 5176 quo
2668 5107 2928 5178 Vandali,
2977 5105 3168 5178 Alani,
3200 5115 3257 5164 et
3305 5108 3479 5164 Gothi
3511 5121 3580 5162 ex

2501 5195 2774 5264 Hispania
2824 5196 2884 5252 in
2931 5195 3180 5252 Africam
3223 5198 3576 5268 irrumpunt.

2499 5284 2800 5341 Possidius
2857 5285 2918 5340 in
2979 5287 3097 5342 vita
3137 5287 3194 5342 S.
3239 5287 3577 5360 Augustini.

2500 5371 2642 5426 Vide
2678 5373 2848 5429 Noris
2891 5374 3012 5431 hist
3058 5377 3227 5449 Pelag
3256 5378 3297 5432 1.
3331 5393 3371 5444 ι,
3403 5395 3450 5434 c.
3486 5377 3578 5444 23,

2505 5473 2610 5533 pag
2641 5458 2762 5518 455.

2573 5551 2686 5606 Hoc
2723 5551 2894 5608 etiam
2940 5569 3089 5614 anno
3120 5565 3369 5630 quatuor
3410 5561 3584 5616 volu—
