3946 6146
126 320 218 379 689

147 447 286 500 Αηηί
348 445 730 511 Imperatores,
806 442 1082 508 Consules,
1152 443 1409 496 Romano—
1490 443 1646 496 Anni

1505 515 1567 567 U.
1646 513 1702 567 C.

1510 589 1636 638 ante
1661 589 1711 637 et

1464 661 1582 725 post
1617 655 1740 709 Pal.
1845 684 1853 690 -

188 519 297 571 Per.

173 590 256 640 Jul
281 593 331 641 et

203 658 300 711 Ind

186 1386 304 1445 5444

1045 312 1379 369 CHRONOL.
1424 316 1467 369 Α
1506 316 1561 371 S.
1602 311 1992 369 SYLVESTRO
2023 314 2117 369 AD
2153 315 2210 369 S.
2250 312 2454 369 GREG.
2498 315 2569 367 M.

431 531 571 581 rum,
606 529 691 565 res
716 517 896 579 gestae,
926 520 974 565 et
1027 514 1363 566 documenta.

389 778 456 819 eo
483 777 543 818 se
604 761 880 818 transfert
912 762 972 818 in
1005 763 1318 831 perniciem
1362 778 1476 832 pu-

388 851 603 906 blicam
650 863 843 905 mense
871 851 1021 906 Maio
1048 850 1140 904 his
1177 864 1307 905 coss
1331 850 1475 905 Pro-

394 955 525 1011 sper
549 939 608 993 in
638 939 820 995 chron
855 946 911 994 et
938 940 1130 994 Victor
1156 939 1410 994 Vitensis
1433 938 1472 993 l.

385 1045 506 1091 1,0.
570 1023 620 1080 4.
672 1027 922 1082 Ruinart
968 1025 1088 1091 hist
1110 1025 1267 1081 Vand
1318 1032 1477 1095 parte

381 1118 441 1186 2,
500 1131 605 1186 cap
659 1120 711 1181 3,
768 1129 826 1171 ιι.
872 1116 924 1185 6,
996 1121 1052 1171 et
1104 1117 1165 1170 in
1218 1113 1362 1183 praef
1404 1116 1472 1170 ad

385 1208 508 1263 bist
532 1206 663 1261 Vict
691 1204 788 1260 Vit
819 1216 873 1259 ιι.
919 1202 974 1257 8.

460 1388 619 1455 Impp
638 1385 789 1439 Caess
825 1381 1183 1437 Theodosius
1209 1381 1319 1436 Jun
1343 1379 1470 1449 Aug
1546 1377 1683 1436 4480

1542 1466 1673 1523 4484

164 1482 226 1554 Θ
274 1474 334 1532 47
370 1481 451 1531 tr.
489 1490 541 1544 p.
573 1472 642 1528 26
670 1479 727 1528 et
751 1468 844 1539 27,
887 1484 984 1525 cos
1004 1485 1105 1525 χιι.

155 1564 323 1640 an

441 1566 513 1619 Et
541 1562 984 1619 Valentinianus
1008 1562 1114 1616 Jun
1144 1559 1271 1631 Aug
1299 1567 1371 1615 tr.
1408 1575 1461 1631 p.
1542 1555 1682 1614 4482

190 1658 232 1712 Α
256 1656 296 1712 G
378 1654 438 1725 3,
470 1652 521 1724 4,
554 1667 667 1709 cos.
704 1667 765 1707 ιι.

177 1747 334 1836 Indici
383 1781 530 1836 COSS
567 1742 861 1836 {infelix

220 1832 272 1873 ΣΙ

192 1914 233 1962 et
248 1921 320 1963 xu

199 3104 252 3161 54
259 3104 323 3162 42

568 1816 811 1870 Taurus.

463 1904 631 1973 Lapis
654 1903 713 1958 in
744 1904 807 1957 S.
840 1900 1074 1955 Martini
1095 1900 1164 1955 de
1180 1898 1472 1954 Montibus

382 2004 446 2053 et
474 1995 686 2050 Gruter
733 1988 888 2060 4076,
914 1989 968 2060 2,
1012 1995 1069 2044 et
1110 1985 1468 2057 Reines'998,

382 2091 445 2140 et
474 2083 563 2155 leg
590 2082 649 2136 C.
677 2081 781 2136 Th.
810 2078 866 2149 8,
909 2080 980 2133 de
1009 2076 1263 2147 sponsal,
1313 2083 1398 2131 etc
1433 2117 1469 2146 .,

388 2174 540 2242 apud
568 2173 905 2228 Relandum.

467 2263 553 2317 Pr.
615 2261 731 2316 Urb
778 2262 878 2315 CP.
933 2260 1194 2314 Proculus
1240 2258 1299 2312 C.
1366 2257 1467 2310 Th.

388 2352 475 2408 lib
496 2366 570 2423 vt,
599 2359 641 2407 t.
676 2349 730 2421 2,
762 2352 800 2405 l.
831 2351 936 2406 ult.

460 2444 683 2498 Mortuo
708 2442 855 2510 Rege
904 2438 1290 2495 Pharamundo
1315 2436 1470 2491 circa

390 2532 427 2587 9
497 2534 588 2587 sui
653 2530 817 2601 regni
877 2540 1111 2595 annum,
1180 2524 1467 2580 secundus

389 2624 735 2677 Francorum
839 2631 935 2672 rex
1016 2616 1126 2670 init
1206 2614 1461 2669 Clodius.

388 2712 645 2779 Prosper.

462 2798 630 2855 Suevi
663 2797 772 2852 sub
809 2795 1125 2850 Hennerico
1171 2793 1317 2863 Rege
1344 2790 1470 2845 Gal-

393 2890 612 2946 laeciam
692 2885 1083 2956 depraedantes
1133 2881 1204 2937 ab
1263 2881 1471 2936 incolis

394 2977 512 3034 fusi
543 2989 734 3048 pacem
767 2976 1115 3029 instaurant.
1148 2970 1394 3025 ldacius.

466 3106 644 3174 lmpp.
692 3101 860 3155 Caess.
904 3097 1160 3152 Theodos
1205 3096 1314 3150 Jun
1342 3094 1469 3167 Aug
1543 3092 1673 3151 4484
1780 3107 1829 3169 C
1926 3099 2081 3168 Olym

497 3208 550 3239 η-
582 3189 649 3239 27
679 3196 733 3239 et
751 3187 841 3239 28.
869 3200 997 3239 coss
1022 3199 1086 3239 ιι.
1534 3181 1675 3239 4482
1946 3184 2044 3239 304

171 3198 232 3267 Θ
288 3192 353 3250 48
390 3199 460 3249 tr.
497 3189 649 3263 p.27
679 3187 841 3255 et28,
869 3200 997 3242 coss
1022 3199 1086 3239 ιι.

170 3281 349 3353 θ42

243 3375 283 3427 F

470 3284 539 3338 Et
568 3280 1006 3337 Valentinianus
1032 3278 1139 3332 Jun
1165 3277 1291 3346 Aug
1312 3280 1384 3330 tr.
1412 3290 1467 3344 p.

395 3372 446 3443 4,
472 3371 525 3443 5,
554 3384 681 3428 coss
711 3385 751 3425 ιι

183 3463 340 3555 Iug?“
386 3498 522 3555 Coss

220 3547 290 3589 XII

188 3629 230 3675 ετ
248 3637 340 3679 λιιι

560 3532 889 3602 Dionysius.
1160 3538 1175 3565 ἰ

460 3622 520 3678 C.
548 3620 735 3675 Theod
768 3619 806 3672 l.
846 3614 917 3673 29
974 3617 1044 3671 de
1067 3615 1298 3682 Judmis,
1348 3627 1469 3668 co:-

393 3711 609 3778 licolis,
636 3712 744 3776 etc,
774 3705 921 3775 apud
970 3703 1184 3759 Reland
1239 3708 1294 3757 et
1338 3703 1472 3771 epi-

394 3801 545 3857 stola
564 3795 865 3853 decretalis
891 3795 944 3849 S.
982 3791 1279 3848 leestini
1309 3791 1471 3859 Papae

396 3889 650 3945 univers.
689 3884 971 3954 episcopis
1017 3896 1114 3951 per
1160 3881 1365 3935 Vienn.
1415 3887 1471 3934 et

394 3978 816 4033 Narbonensem
870 3974 1012 4027 Prov
1077 3971 1244 4039 cujus
1292 3981 1474 4023 exem-

395 4066 548 4136 plum
575 4070 737 4119 vetus
794 4063 854 4117 in
912 4059 1037 4114 Bibl
1083 4058 1138 4113 S.
1184 4057 1472 4113 Crucisin

398 4173 497 4228 agr
520 4155 856 4211 Sessoriano
887 4152 1077 4206 Roma:
1106 4149 1238 4203 data
1261 4161 1343 4202 xu
1368 4146 1470 4202 Kal

398 4248 523 4318 Aug
550 4245 642 4298 his
664 4257 813 4299 coss.

466 4337 669 4391 Aetius
691 4333 756 4387 ιιι
778 4331 1049 4403 Magister
1072 4327 1346 4397 Militum,
1373 4326 1474 4396 qui

399 4426 613 4483 Gothos
639 4436 752 4479 non
784 4418 982 4491 procul
1013 4417 1240 4472 Arelate
1263 4415 1477 4470 devicit

402 4516 637 4571 ldatius.

467 4606 521 4661 S.
554 4602 814 4658 Hilarius
842 4616 909 4657 ex
961 4596 1255 4654 Lerinensi
1289 4595 1480 4649 C(BHO-

403 4695 498 4749 bio
526 4692 848 4748 assumitur
878 4690 947 4744 ad
985 4685 1321 4742 Cathedram
1351 4682 1482 4736 Are-

402 4783 697 4839 latensem.
744 4779 886 4834 Vide
924 4777 1097 4832 Noris
1142 4776 1259 4829 hist
1310 4771 1477 4841 Pelag

403 4871 486 4926 lib
523 4885 585 4941 ιι,
637 4886 686 4924 c.
731 4866 786 4925 2.
859 4866 1127 4938 Agricola
1192 4858 1481 4932 Pelagiani

404 4960 659 5030 episcopi
688 4957 852 5013 ﬁlius
880 4954 1168 5011 Ecclesias
1193 4949 1481 5006 Hiberniae

403 5050 538 5104 dum
574 5047 764 5103 inlicit
782 5047 910 5101 suis
928 5041 1314 5114 dogmatibus,
1340 5041 1488 5107 Papa

404 5136 744 5192 Caelestinus
790 5134 859 5188 ad
918 5130 1365 5202 przeservandam
1395 5127 1494 5181 Ca-

407 5226 681 5281 tholicam
756 5223 921 5278 ﬁdem
1008 5221 1064 5275 S.
1146 5220 1491 5274 Germanum

406 5316 943 5371 Antisiodorensem
984 5310 1316 5379 episcopum
1349 5305 1492 5361 illuc

409 5402 760 5459 transmittit
789 5399 1016 5454 civibus
1046 5396 1172 5451 suis
1201 5394 1385 5450 eidem
1406 5393 1497 5448 de-

412 5492 722 5549 mandatis.
751 5492 992 5558 Prosper
1036 5488 1097 5542 in
1142 5486 1254 5541 fine
1302 5482 1494 5537 collat.

414 5582 552 5635 Vide
597 5579 772 5634 Noris
800 5578 917 5631 hist
971 5576 1141 5645 Pelag
1178 5588 1284 5643 pag
1336 5568 1457 5623 402.

1889 513 2099 581 Olymp.

1970 1397 2035 1438 Ill

1983 1485 2038 1525 IV

1946 3184 2044 3243 304

1980 3288 2036 3329 Iv
2146 3272 2458 3328 Ecclesiam
2510 3271 2777 3325 turbante
2826 3276 2883 3325 et
2902 3270 3229 3340 Pelagianis

1985 3367 2037 3416 et
2147 3358 2533 3430 patrocinium
2575 3358 3059 3427 accommodante,
3090 3358 3218 3411 hia-

1944 3447 2053 3508 302
2145 3450 2269 3504 rius
2299 3449 2576 3503 Mercator
2601 3446 3105 3501 commonitorium
3126 3444 3225 3521 ρι’-τ

1780 446 1841 503 Λ
1926 440 2076 494 Anni
2142 442 2592 503 Christianorum,
2642 442 2957 496 Iudaeorum
3008 448 3059 496 et
3097 447 3233 511 ﬁni—

3406 321 3512 379 690

3310 447 3469 501 Anni

2214 515 2469 566 timorum
2512 514 2863 582 populorum,
2916 514 3217 583 Pontiﬁces,
3301 516 3441 570 Em

2218 587 2404 651 Reges,
2450 599 2535 637 res
2573 589 2736 651 gesta:
2779 589 2829 637 et
2882 585 3221 640 documenta.
3264 584 3502 642 Christi.

2156 744 2310 798 mina
2374 744 2619 814 complet
2672 745 2943 801 adversus
3003 752 3230 817 postre-

2157 845 2281 887 mos
2320 831 2538 887 Juliani
2591 832 2790 889 libros.
2848 833 2932 889 lbi
2987 850 3039 905 p.
3105 833 3232 891 204.

2161 919 2522 991 Pelagiorum
2594 927 2758 977 sectae
2814 923 3113 990 Patronus,
3176 931 3235 980 et

2150 1009 2500 1064 Nestorianae
2550 1010 2713 1081 origo
2740 1011 3065 1067 Theodotus
3103 1013 3233 1069 Mo—

2152 1103 2493 1167 psuestenus
2516 1099 2705 1169 Episc.
2752 1100 2907 1155 circa
2937 1101 2994 1156 h.
3025 1113 3078 1156 a.
3101 1102 3227 1158 obit

2145 1187 2314 1255 juxta
2350 1187 2521 1242 Noris
2557 1187 2678 1242 hist
2706 1187 2874 1260 Pelag
2899 1188 2981 1244 lib
3025 1204 3086 1261 ιι,
3127 1204 3231 1261 cap

2150 1273 2202 1344 4,
2229 1277 2323 1331 sed
2362 1276 2597 1333 biennio
2626 1285 2753 1346 post
2774 1278 2940 1345 juxta
2970 1280 3227 1350 Pagium.

2215 1383 2510 1439 Coalestini
2542 1382 2577 1439 6
2597 1388 2654 1440 et
2676 1381 2730 1439 7.

2221 1472 2523 1527 Nestorius
2569 1472 2871 1529 ordinatur
2928 1474 3235 1545 episcopus

2144 1561 2818 1629 Constantinopolitanus
2860 1561 2963 1616 Kal
3007 1562 3125 1631 Apr
3175 1563 3230 1616 h.

2145 1664 2195 1702 a.
2239 1649 2538 1703 Liberatus
2577 1650 2715 1703 Diac
2758 1651 2816 1703 in
2863 1651 3000 1704 Brev
3045 1663 3231 1705 causae

2144 1737 2347 1789 Nestor
2370 1750 2418 1789 c.
2452 1734 2503 1788 4.
2542 1736 2643 1790 Sed
2674 1737 2811 1790 Socr
2835 1735 2918 1790 lib
2955 1750 3031 1803 γι,
3060 1751 3111 1791 c.
3138 1734 3228 1802 24,

2149 1836 2205 1875 tv
2233 1823 2309 1877 Id.
2336 1823 2517 1893 April.

2216 1912 2517 1967 Nestorius
2548 1925 2753 1967 novum
2778 1912 3018 1968 molitur
3043 1914 3230 1969 Eccle-

2151 2000 2259 2054 siis
2297 2013 2545 2055 errorem
2597 2002 2887 2071 inducere,
2932 2006 3040 2057 etc.
3084 2002 3231 2058 Huic

2150 2089 2432 2159 impietati
2459 2090 2744 2159 praecipua
2773 2089 2974 2159 Cyrilli
2992 2090 3233 2145 Alexan-

2147 2178 2305 2232 drini
2332 2179 2585 2247 episcopi
2636 2179 2945 2246 industria,
2985 2186 3044 2233 et
3074 2192 3231 2248 papae

2146 2265 2440 2322 leestini
2525 2274 2808 2335 repugnat
2885 2267 3225 2322 auctoritas.

2150 2355 2326 2425 Prosp
2347 2356 2406 2409 in
2427 2354 2626 2410 chron.
2662 2356 2801 2411 Vide
2833 2354 3004 2409 Noris
3048 2353 3131 2408 lib
3161 2368 3226 2424 ιι,

2149 2442 2269 2498 hist
2292 2444 2460 2514 Pelag
2484 2459 2534 2498 c.
2560 2441 2615 2508 7,
2650 2457 2758 2514 pag
2790 2439 2914 2497 204.
2946 2442 3087 2497 Vide
3120 2455 3232 2496 no-

2147 2541 2234 2586 tas
2290 2533 2441 2603 pagii
2498 2539 2553 2587 et
2602 2531 2883 2587 Sommier
2929 2528 3101 2600 infra,
3153 2531 3223 2585 ad

2141 2619 2505 2675 Caelestinum
2518 2661 2531 2673 .

2213 3097 2512 3155 leestini
2542 3094 2578 3152 7
2608 3104 2665 3154 et
2690 3096 2743 3154 8.

2215 3187 2438 3242 Nestori
2522 3186 2624 3239 CP.
2693 3187 2856 3240 novis
2909 3185 3227 3239 hzeresibus

2146 3536 2257 3592 fert
2289 3535 2607 3591 Theodosio
2631 3534 2759 3605 Aug
2797 3540 2853 3589 et
2881 3534 3043 3591 Clero
3082 3550 3224 3593 con-

2145 3633 2231 3682 tra
2277 3624 2631 3695 Pelagianos.
2691 3623 2833 3679 Vide
2878 3624 3049 3679 Noris
3107 3624 3227 3681 hist

2141 3713 2310 3785 Pelag
2337 3712 2421 3767 lib
2448 3726 2509 3776 11,
2538 3724 2641 3781 cap
2671 3709 2724 3766 6.

2215 3804 2271 3856 S.
2298 3801 2660 3870 Augustinus
2692 3797 2774 3854 lib
2805 3813 2950 3854 xvm
2980 3801 3051 3855 de
3078 3800 3231 3859 Civit

2148 3892 2203 3945 h.
2240 3906 2298 3945 a.
2340 3889 2565 3959 scribit,
2604 3894 2669 3943 ut
2708 3902 2778 3943 ex
2833 3902 2937 3957 cap
2982 3885 3072 3958 54,
3124 3889 3226 3945 ubi

2147 3979 2390 4035 aﬂirmat
2446 3980 2620 4033 ﬂuere
2672 3991 2888 4033 annum
2942 3991 3057 4031 xxx
3103 3984 3233 4046 post

2148 4071 2295 4125 Cons
2327 4068 2527 4123 Manlii
2558 4067 2864 4123 Theodori.
2892 4067 2946 4121 S.
2980 4066 3229 4122 C(elesti-

2152 4174 2263 4214 nus
2283 4157 2616 4214 admonitus
2644 4157 2714 4211 de
2759 4156 2997 4225 scriptis
3018 4157 3232 4211 Nesto-

2154 4249 2229 4303 rii
2265 4261 2364 4317 per
2398 4246 2722 4318 Egyptum,
2777 4244 3039 4314 aliasque
3090 4244 3238 4300 Pro-

2153 4337 2374 4393 vincias
2434 4333 2835 4390 disseminatis
2893 4333 2947 4388 S.
3019 4332 3236 4402 Cyrillo

2158 4427 2415 4493 mandat,
2475 4430 2539 4479 ut
2595 4424 2667 4478 de
2725 4422 2960 4477 illorum
3001 4428 3235 4478 auctore

2152 4516 2463 4586 diligenter
2568 4511 2844 4580 inquirat.
2934 4510 3236 4565 Nestorius

2157 4600 2601 4658 humanissimis
2623 4598 2839 4652 litteris
2860 4595 3063 4664 Cyrilli
3085 4609 3238 4650 arro-

2157 4698 2355 4761 ganter
2386 4685 2706 4757 respondet.
2743 4685 2909 4737 Petav
2956 4694 3024 4735 ex
3074 4681 3235 4736 Actis

2158 4778 2348 4835 Concil
2379 4776 2583 4846 Ephes.

2227 4865 2523 4922 iuvenalis
2557 4859 3082 4930 Hierosolymorum
3116 4860 3232 4927 epi-

2164 4970 2371 5025 scopus
2426 4957 2655 5007 creatur
2726 4953 2951 5003 mortuo
3015 4946 3243 5014 Praylio

2160 5048 2323 5115 juxta
2377 5044 2558 5095 Baron
2600 5044 2657 5093 et
2699 5039 2864 5091 Petav
2898 5035 2994 5090 sed
3033 5034 3244 5105 Pagius

2168 5147 2223 5189 ιι.
2253 5128 2342 5199 27,
2377 5143 2446 5185 ex
2474 5126 2592 5183 vita
2617 5126 2671 5182 S.
2706 5124 2998 5194 Euthymii
3042 5122 3243 5193 probat

3322 1382 3427 1441 428

3321 3091 3428 3149 429

2168 5219 2495 5277 Juvenalem
2540 5230 2661 5273 eam
2688 5213 3000 5272 Ecclesiam
3030 5213 3250 5269 rexisse
3335 5232 3341 5238 ·

2170 5312 2341 5366 etiam
2369 5321 2519 5363 anno
2548 5304 2855 5377 superiori.

2296 5770 2479 5901 Γ
