3946 6146
200 239 302 298 697

1139 248 1456 305 CHRONOL
1491 252 1537 306 A
1574 252 1629 309 S.
1670 253 2057 312 SYLVESTRO
2094 258 2188 312 AD
2223 258 2277 313 S.
2320 259 2528 314 GREG.
2573 261 2641 313 M.

3502 262 3610 321 698

256 369 453 455 Anni"
476 369 852 436 Imperatores,
935 375 1195 455 Consules
1265 377 1539 455 Romqno—
1604 377 1768 455 Alam;
1877 383 1935 437 A
2022 383 2193 455 Anni
2267 387 2721 455 Christianorum,
2762 387 3076 441 Judaorum
3124 393 3176 441 et
3216 390 3340 455 ﬁni-
3417 389 3575 444 Anni

230 439 453 493 Periodi
562 455 702 503 rum,
736 456 819 492 res
849 448 1011 506 gesta?
1060 451 1109 498 et
1157 447 1490 500 documenta.

253 510 348 563 Jul
372 508 425 563 et

291 581 401 633 Ind

262 1132 325 1190 54
334 1132 409 1190 52

235 1219 429 1296 θ28

238 1311 310 1383 θ
384 1308 420 1366 3

334 1401 388 1453 Α

245 1488 432 1542 Indict

290 1572 373 1614 VII

243 1652 292 1701 et
321 1661 425 1703 v11!

262 2465 407 2525 5453

234 2556 375 2625 {:34

246 2642 390 2717 gi

264 2734 384 2790 GF

242 2823 425 2878 Indict

280 2907 384 2950 VIII

265 2988 407 3039 etut

485 760 751 818 Rechilas
782 763 942 820 illius
974 767 1232 822 succedit
1262 768 1322 823 in
1354 770 1561 824 Baetica

484 848 687 905 victor.
718 853 984 908 Petavius
1008 855 1335 927 exlsidoro.

554 1137 713 1206 Impp
741 1136 892 1191 Caess
923 1138 1280 1196 Theodosius
1302 1142 1412 1196 Jun
1443 1143 1567 1214 Aug

480 1229 551 1276 tr.
585 1238 637 1292 p.
671 1220 759 1293 37,
794 1222 882 1279 38.
915 1225 1023 1280 Cos
1050 1240 1193 1281 xvu.

552 1312 619 1366 Et
666 1311 1110 1369 Valentinianus
1161 1316 1267 1370 Jun
1322 1319 1451 1387 Aug
1491 1324 1563 1372 tr.

484 1415 537 1468 p.
572 1397 658 1469 44,
694 1397 780 1469 45,
814 1415 908 1456 008
940 1416 1015 1455 1v.

659 1487 1015 1563 Theodosius
1044 1492 1170 1563 Aug
1200 1506 1321 1547 xvn

658 1560 878 1615 Festus.

560 1651 731 1704 Vetus
805 1650 1111 1721 inscriptio
1181 1654 1239 1707 in
1319 1655 1567 1712 Basilica

481 1739 536 1793 S.
591 1739 754 1793 Pauli
800 1745 855 1794 et
902 1740 990 1796 lex
1036 1739 1125 1795 22.
1174 1743 1232 1797 C.
1285 1744 1354 1798 de
1397 1746 1566 1814 Episc

481 1833 538 1880 et
566 1826 724 1881 Clerc
754 1827 996 1898 aliaeque
1026 1830 1175 1899 apud
1210 1832 1444 1886 Reland.

557 1915 764 1970 Octava
804 1917 1265 1988 quinquennalia
1303 1920 1570 1977 Theodo—

481 2004 558 2059 sii
577 2005 683 2058 Jun
705 2005 851 2075 Aug.
879 2005 1020 2060 Vide
1044 2007 1215 2062 Noris
1238 2008 1309 2063 de
1332 2022 1566 2065 nummo

485 2092 694 2147 Licinii
732 2108 784 2161 p.
817 2091 907 2148 80.

478 1524 617 1580 Coss

563 2470 724 2537 Impp
753 2467 904 2521 Caess
927 2466 1183 2523 Theodos
1206 2470 1315 2524 Jun
1340 2472 1466 2539 Aug
1490 2476 1560 2525 tr.
1642 2468 1783 2529 4492

483 2572 535 2627 p.
569 2554 640 2611 38
669 2563 727 2611 et
754 2552 846 2626 39,
880 2569 1007 2611 coss
1038 2570 1179 2612 xvu.

564 2646 631 2700 Et
676 2643 1126 2700 Valentinianus
1165 2645 1272 2701 Jun
1323 2648 1449 2718 Aug
1490 2654 1560 2703 tr.

482 2749 536 2803 p.
577 2730 663 2804 45,
698 2730 784 2801 46,
819 2746 918 2788 008
945 2746 1000 2785 v.

660 2821 1108 2895 Valentinianus
1138 2824 1266 2895 Aug
1292 2838 1348 2876 v.

479 2858 979 2948 “snam;

554 2983 725 3037 Vetus
765 2981 1076 3050 inscriptio
1106 2983 1168 3037 in
1195 2983 1289 3037 Tit
1321 2984 1376 3039 S.
1408 2985 1567 3040 Mar—

482 3071 595 3126 tini
616 3071 685 3125 de
704 3069 1035 3125 Montibus:
1059 3077 1117 3126 et
1136 3072 1286 3140 apud
1308 3071 1564 3129 Gudium

480 3160 608 3215 duae
638 3171 669 3213 a
694 3158 947 3213 Relando
982 3158 1311 3228 impressae:
1344 3174 1564 3218 necnon

406 3288 413 3293 .
480 3250 631 3320 leges
667 3248 882 3319 plures,
924 3254 987 3303 ut
1023 3245 1078 3319 7,
1119 3249 1177 3303 C.
1212 3249 1283 3305 de
1315 3250 1564 3322 legibus,

265 3478 398 3538 5454

241 3568 385 3645 $2

245 3657 391 3730 θὸ

314 3749 362 3801 Ε

251 3836 430 3891 Indict

307 3940 365 3981 IX

285 4018 399 4070 etx

280 5031 419 5090 5455

252 5120 396 5195 θ3

264 5210 401 5282 θϐ

327 5303 375 5355 D

481 3338 724 3408 aliaeque
752 3337 903 3406 apud
930 3336 1189 3392 eumdem
1220 3338 1560 3395 Relandum.

550 3482 708 3550 Impp
740 3480 893 3535 Caess
915 3479 1272 3536 Theodosius
1301 3482 1410 3537 Jun
1436 3482 1565 3554 Aug

483 3576 557 3624 tr.
590 3584 642 3638 p.
675 3567 746 3623 39
774 3575 832 3623 et
860 3565 947 3637 40,
983 3581 1079 3623 008
1111 3583 1252 3623 xvn.

562 3658 631 3713 Et
675 3657 1116 3712 Valentinianus
1156 3658 1267 3713 Jun
1312 3657 1438 3730 Aug
1488 3663 1561 3714 tr.

488 3762 545 3816 p.
588 3743 675 3815 46,
709 3743 793 3811 47,
828 3760 923 3801 008
950 3759 1005 3799 v.

556 3835 664 3890 Cos
691 3834 868 3904 Cyrus
901 3836 1062 3891 solus
1092 3836 1157 3890 ob
1186 3842 1359 3890 artem
1385 3840 1569 3906 poeti—

479 3941 597 3979 cam
634 3925 887 3978 Eudociae
921 3927 1201 3992 gratiosus
1246 3926 1320 3979 ad
1351 3925 1567 3980 Consu—

488 4014 659 4068 latum
694 4019 995 4084 promotus.
1040 4016 1206 4069 Petav
1255 4028 1324 4069 ex
1365 4014 1562 4070 Suida.

555 4103 866 4171 Inscriptio
910 4108 1073 4158 vetus
1123 4103 1182 4157 in
1221 4103 1275 4157 S.
1330 4102 1568 4157 Martini

482 4193 553 4248 de
578 4192 871 4248 Montibus
903 4191 1073 4247 habet
1104 4192 1165 4245 P.
1208 4192 1267 4247 C.
1298 4193 1408 4247 DD.
1448 4192 1565 4246 NN.

481 4281 875 4337 Valentiniani
926 4288 981 4336 et
1021 4281 1277 4336 Anatolii
1317 4295 1431 4359 cos‘
1456 4281 1569 4351 Cy-

486 4385 614 4426 rum
656 4370 893 4426 exhibet
930 4370 967 4424 l.
1022 4367 1107 4425 40.
1153 4370 1215 4424 C.
1262 4370 1333 4425 de
1372 4369 1570 4426 defens

486 4461 628 4516 civit
656 4459 902 4529 aliaeque
931 4460 1083 4528 apud
1115 4459 1353 4515 Reland.

556 4550 622 4603 Η.
645 4563 699 4604 a.
727 4548 1048 4604 celebratur
1069 4549 1266 4605 Concil
1292 4549 1535 4603 Arausic
1555 4561 1571 4601 ι

488 4651 556 4693 ex
604 4636 961 4692 Narbonensi
1007 4644 1081 4693 et.
1112 4636 1373 4707 Lugdun.
1429 4637 1573 4690 Pro-

487 4728 722 4782 vinciis.
757 4728 942 4781 Petav.

562 5125 719 5192 Impp
746 5123 898 5177 Caess
922 5119 1281 5175 Theodosius
1310 5120 1418 5173 Jun
1454 5117 1578 5186 Aug
1652 5111 1791 5170 4494

562 5253 572 5259 .
606 5227 659 5259 ιι-
694 5210 781 5259 40-
818 5208 904 5259 44-
940 5226 1038 5259 cos
1074 5222 1214 5259 xVII.
1653 5200 1792 5259 4495

498 5218 572 5265 tr.
606 5227 659 5280 p.
694 5210 781 5267 40,
818 5208 904 5271 44,
940 5226 1038 5265 cos
1074 5222 1214 5262 xvu.

571 5302 641 5356 Et
685 5301 1124 5355 Valentinianus
1170 5298 1276 5351 Jun
1325 5298 1450 5365 Aug
1503 5302 1574 5348 tr.

268 5391 441 5445 Indici
502 5408 554 5460 p.
591 5387 678 5459 47,
713 5387 801 5459 48,
835 5403 932 5443 cos
962 5403 1015 5441 ν.

333 5494 368 5535 Χ

285 5558 331 5605 et
370 5566 427 5606 XI

684 5479 1003 5534 Eudoxius.

505 5516 645 5571 Coss
1154 5526 1181 5564 a
1196 5511 1318 5564 'nbo
1357 5509 1576 5563 Orient.

1638 450 1699 501 U.
1729 448 1786 501 C.

1579 524 1703 573 ante
1732 526 1783 572 et

1538 596 1663 660 post
1690 590 1809 645 Pal.

1641 1140 1770 1199 4494

1642 1228 1780 1285 4492

1641 2558 1780 2618 4493

1638 3480 1779 3538 4493

1639 3568 1778 3626 4494

2002 446 2211 523 Olymp.

2326 460 2577 510 timorum
2615 459 2967 526 pOpulorum,
3020 458 3320 528 Pontiﬁces,

3438 461 3581 513 Era

2318 544 2488 594 reges,
2538 543 2623 581 res
2676 534 2838 595 gesta:
2870 534 2921 581 et
2985 529 3321 583 documenta.
3383 528 3603 584 Christi.

2241 767 2278 822 S
2299 768 2470 837 Petri,
2505 781 2748 837 quarum
2777 780 2948 822 unam
2980 768 3327 824 transmittit

2242 856 2475 911 Romam
2506 856 2573 911 ad
2608 856 2945 911 Eudoxiam.
2987 856 3126 911 Vide
3156 857 3328 911 Peta—

2242 944 2400 998 vium
2421 944 2489 999 ad
2519 957 2731 1000 annum
2758 958 2857 1013 seq
2881 950 2938 999 et
2964 949 3190 1001 nostras
3215 958 3325 999 no—

2245 1041 2331 1088 tas
2359 1032 2427 1088 ad
2460 1034 2726 1103 Xystum.

2082 1150 2121 1189 ιι
2316 1138 2483 1207 Xysti
2512 1134 2548 1191 7
2578 1143 2634 1192 et
2659 1136 2713 1191 8.

2069 1239 2129 1278 ιιι
2309 1226 2576 1282 Julianus
2610 1226 2945 1284 Eclanensis
2982 1225 3324 1298 Pelagianus

2244 1328 2276 1369 a
2306 1314 2437 1369 sede
2467 1314 2855 1385 recuperanda
2885 1314 3188 1385 repellitur
3228 1329 3326 1385 per

2246 1403 2305 1456 B.
2335 1404 2581 1473 Xystum
2616 1416 2816 1472 papam
2847 1416 3025 1458 suasu
3057 1403 3093 1457 S
3121 1403 3327 1459 Leonis

2244 1499 2382 1547 tunc
2400 1492 2641 1547 Diaconi
2666 1505 2793 1548 mox
2811 1493 2937 1562 ejus
2955 1493 3325 1548 successoris.

2248 1581 2488 1649 Prosper
2516 1582 2576 1635 in
2609 1581 2807 1635 chron.

2315 1670 2503 1725 Chron
2543 1669 2742 1724 Pasch.
2777 1670 2892 1724 Hoc
2932 1682 3081 1723 anno
3107 1670 3330 1726 Gense—

2244 1759 2403 1813 ricus
2452 1757 2835 1813 Vandalorum
2879 1771 2976 1812 rex
3021 1758 3329 1829 Carthagi-

2244 1861 2368 1901 nem
2423 1847 2718 1917 ingressus
2753 1852 2840 1901 est
2877 1859 3067 1902 mense
3106 1848 3328 1917 Hyper-

2240 1934 2503 2001 beretaeo,
2538 1934 2850 2004 eodemque
2878 1948 3029 1991 anno
3063 1935 3326 1992 Siciliam

2244 2028 2466 2078 vastare
2558 2022 2803 2078 annisus
2894 2028 3049 2079 est:
3117 2024 3330 2080 violata

2246 2126 2381 2182 pace
2454 2111 2858 2183 Carthaginem
2934 2120 3178 2182 occupat
3257 2127 3329 2167 xv

2245 2201 2347 2256 Kal
2377 2199 2672 2255 Novembr.
2707 2201 2849 2256 Vide
2873 2201 3044 2256 Noris
3076 2200 3196 2255 hist
3221 2201 3330 2254 Pe—

2242 2290 2335 2360 lag
2378 2288 2460 2343 lib
2503 2302 2564 2359 ιι,
2601 2302 2705 2358 cap
2731 2286 2822 2359 24,
2851 2302 2920 2342 ex
2959 2289 3236 2355 Prospero
3275 2293 3333 2342 et

2242 2378 2453 2433 Idacio.

2067 2498 2130 2539 ιιι
2312 2484 2366 2539 S.
2400 2485 2619 2554 Xystus
2648 2483 2771 2539 obit
2795 2482 2891 2537 die
2920 2479 2993 2537 22
3015 2480 3130 2538 Jul.
3158 2483 3333 2538 Vacat

2070 2586 2120 2627 iv
2227 2572 2399 2628 Sedes
2442 2570 2511 2625 42
2550 2571 2696 2627 dies.
2741 2570 2996 2641 Eligitur
3032 2570 3069 2625 S
3112 2571 3240 2639 LEO,
3276 2576 3333 2627 et

2244 2662 2549 2717 ordinatur
2626 2660 2900 2716 Kalendis
2982 2659 3331 2731 Septembris

2243 2765 2373 2807 cum
2429 2764 2460 2805 e
2515 2750 2701 2806 Gallis
2771 2750 3040 2806 rediisset
3106 2752 3330 2807 accitus

2246 2840 2552 2911 Legatione
2599 2837 2850 2907 publica.
2893 2838 3037 2894 Vide
3066 2846 3232 2895 notas
3256 2842 3326 2895 ad

2243 2927 2501 2998 Xystum.

2313 3014 2557 3071 Collatio
2606 3029 2707 3072 seu
2753 3016 3060 3072 Processus
3096 3015 3333 3072 habitus

2241 3111 2373 3159 ante
2402 3102 2627 3159 obitum
2655 3103 2692 3158 S
2726 3103 2895 3173 Xysti
2933 3117 3090 3175 papa:
3124 3105 3184 3159 in
3219 3106 3331 3160 Ba-

2240 3192 2410 3247 silica
2461 3192 2771 3246 Heleniana
2823 3192 2943 3245 sive
2993 3193 3330 3248 Sessoriana

2244 3279 2335 3333 his
2360 3291 2504 3333 coss.
2537 3278 2678 3331 Vide
2706 3276 2911 3330 concil.
2946 3277 3102 3331 Binii
3136 3285 3250 3333 tom
3280 3280 3323 3348 Ι,

2242 3374 2368 3437 part
2399 3380 2460 3435 ιι,
2499 3378 2605 3435 pag
2631 3361 2754 3419 488.

2018 3475 2175 3544 Olym
2309 3474 2514 3530 Leonis
2547 3470 2570 3525 4
2608 3478 2666 3527 et
2689 3469 2748 3527 2.

2044 3560 2151 3619 304
2312 3560 2669 3615 Theodosius
2699 3558 2914 3614 bellum
2948 3564 3150 3616 contra
3173 3561 3332 3616 Van-

2065 3664 2121 3706 IV
2231 3648 2393 3705 dalos
2440 3652 2624 3702 movet
2657 3634 3003 3716 Areobinda,
3043 3647 3328 3719 Anavilla,

2064 3746 2115 3795 et
2222 3744 2396 3808 atque
2433 3737 2716 3792 Germano
2756 3735 3006 3791 ducibus
3032 3750 3162 3793 cum
3205 3752 3333 3794 ma-

2041 3826 2147 3885 305
2234 3839 2343 3898 gna
2363 3826 2547 3881 classe
2574 3824 2769 3879 minus
2790 3823 3040 3880 feliciter
3068 3825 3330 3883 directis.

2089 3932 2106 3973 ι
2241 3917 2500 3984 Prosper.
2540 3914 2743 3977 Persas,
2791 3913 3081 3968 Saraceni.
3132 3916 3331 3988 Zanni,

2246 4003 2453 4071 Isauri,
2505 4002 2700 4058 Hunni
2746 4001 3031 4057 Romanas
3084 4003 3336 4059 Provin-

2246 4094 2368 4149 cias
2430 4094 2674 4147 vastant.
2736 4088 2947 4145 Contra
3012 4104 3111 4146 eos
3167 4093 3332 4149 missi

2247 4180 2553 4237 Anatolius
2587 4184 2644 4234 et
2673 4178 2857 4249 Aspar
2884 4192 3078 4249 pacem
3107 4179 3331 4238 ineunt.

2247 4271 2437 4327 Chron
2468 4268 2607 4325 Alex
2636 4274 2692 4324 et
2719 4281 2788 4323 ex
2817 4282 2885 4324 eo
2914 4269 3101 4325 Petav.

2319 4360 2596 4416 Sirmium
2645 4358 2930 4428 dirutum,
2975 4363 3033 4413 et
3085 4358 3339 4428 plurima

2250 4450 2467 4520 Illyrici
2489 4447 2700 4519 oppida
2729 4462 2828 4517 per
2853 4447 3078 4503 Bledam
3102 4452 3158 4503 et
3177 4448 3341 4504 Atti-

2251 4541 2363 4596 lam
2402 4541 2739 4593 Hunnorum
2771 4548 2950 4605 reges.
2980 4537 3062 4590 Ex
3092 4538 3342 4592 Marcel-

2268 4629 2377 4682 lini
2404 4627 2603 4681 chron.
2638 4622 2778 4677 Vide
2806 4623 2977 4677 Noris
3005 4623 3144 4676 hist.
3175 4624 3268 4678 Pel
3296 4624 3332 4679 l.

2258 4730 2293 4785 ι,
2352 4730 2403 4769 0.
2457 4711 2549 4775 20,
2612 4710 2827 4780 quibus
2884 4715 3077 4779 pactas
3134 4710 3342 4769 scribit

2254 4804 2466 4859 Paulus
2501 4802 2643 4857 Diac
2682 4798 2763 4854 lib
2798 4812 2914 4867 xxv,
2956 4812 2989 4853 a
3020 4798 3340 4856 Theodosio

2255 4906 2477 4949 annuas
2504 4890 2633 4946 auri
2657 4886 2837 4943 libras
2865 4886 3041 4942 mille.
3065 4886 3207 4942 Vide
3231 4889 3344 4943 Pe—

2256 4989 2346 5037 tav
2371 4981 2440 5034 ad
2467 4991 2579 5032 ann
2612 4976 2959 5045 proximum.

2100 5105 2117 5144 1
2324 5085 2525 5141 Leonis
2555 5081 2589 5137 2
2608 5089 2664 5138 et
2687 5079 2740 5137 3.

2096 5195 2136 5235 ιι
2328 5174 2651 5232 Concilium
2709 5173 2950 5227 Vasense
3006 5172 3227 5230 dictum
3281 5176 3341 5231 in

2254 5263 2612 5323 Narbonensi
2643 5261 2832 5318 Gallia
2861 5260 3204 5319 celebratur.
3234 5267 3340 5319 Pe-

2255 5365 2363 5412 tav.

2327 5447 2468 5500 Cum
2516 5444 2809 5500 Geiserico
2851 5455 2882 5496 a
2936 5441 3341 5499 Valentiniano

2261 5548 2367 5603 pax
2409 5532 2762 5602 conﬁrmata,
2809 5538 2866 5587 et
2906 5532 3081 5586 certis
3132 5533 3340 5600 spatiis

3412 1136 3519 1194 439

3421 2569 3528 2628 440

3418 3471 3517 3530 444

3433 5080 3539 5142 442
